1904 3314
316 190 400 230 322

854 186 1283 228 SATIRARUM

432 288 520 336 Qui
540 294 684 344 captat
706 288 815 329 risus
835 287 1064 338 hominum,
1087 288 1322 341 famamque
1344 285 1528 335 dicacis;

430 355 614 410 Fingere
633 355 707 409 qui
727 370 811 396 non
830 355 919 396 visa
938 362 1094 409 potest,
1117 355 1338 395 commissa
1358 361 1500 394 tacere

346 423 401 463 85
432 421 520 468 Qui
539 421 711 475 nequit3
743 421 812 462 hic
832 421 952 476 niger
972 429 1052 470 est,
1072 421 1187 462 hunc
1209 428 1268 470 tu,
1291 421 1500 468 Romane,
1522 425 1686 462 caveto.

431 488 557 542 Saepe
579 488 716 528 tribus
735 487 855 528 lectis
877 488 1020 528 videas
1041 502 1210 529 coenare
1231 495 1476 542 quaternos,

430 554 471 595 E
493 555 648 608 quibus
669 554 776 594 imus
797 562 907 594 amet
927 554 1074 607 quavis
1096 554 1356 607 adspergere
1378 559 1571 600 cunctos,

430 621 594 661 Praeter
614 635 711 661 eum
730 620 803 674 qui
822 621 986 674 praebet
1006 634 1179 673 aquam3
1211 627 1310 673 post
1329 619 1443 660 hunc
1464 631 1636 672 quoque
1657 621 1800 671 potus,

431 687 615 728 Condita
635 701 731 727 cum
750 701 880 727 verax
901 687 1038 740 aperit
1059 686 1295 740 praecordia
1318 685 1466 726 Liber.

345 754 401 793 90
433 753 516 795 Hic
537 754 615 793 tibi
636 753 764 794 comis
785 760 828 793 et
849 753 1052 800 urbanus,
1074 751 1267 805 liberque
1287 751 1470 799 videtur,

430 819 592 860 Infesto
614 819 770 873 nigris3
802 833 896 872 ego,
920 819 954 858 si
975 819 1065 866 risi,
1086 819 1203 872 quod
1224 819 1394 872 ineptus

429 886 628 927 Pastillos
650 884 838 926 Rufillus
860 884 958 934 olet,
983 884 1230 938 Gorgonius
1251 884 1431 932 hircum,

430 953 609 993 Lividus
630 959 672 992 et
692 952 870 992 mordax
889 952 1036 992 videor
1057 951 1133 991 tibi
1151 953 1167 991 ’ξ
1227 950 1394 991 Mentio
1415 950 1450 990 si
1470 963 1555 1002 qua

430 1018 500 1059 De
523 1017 751 1072 Capitolini
771 1017 895 1058 furtis
918 1018 1073 1071 injecta
1095 1015 1238 1056 Petilli

344 1085 399 1125 95
428 1084 496 1125 Te
517 1099 657 1125 coram
679 1083 833 1133 fuerit3
866 1083 1087 1131 defendas,
1109 1090 1156 1122 ut
1178 1090 1278 1122 tuus
1301 1088 1367 1122 est
1388 1095 1501 1122 mos:

429 1150 506 1190 Me
528 1148 793 1202 Capitolinus
816 1149 1057 1189 convictore
1079 1163 1182 1189 usus
1204 1148 1424 1202 amicoque

427 1216 469 1257 A
489 1230 624 1270 puero
645 1222 724 1264 est,
747 1229 960 1269 causaque
981 1229 1073 1256 mea
1092 1213 1306 1268 permulta
1327 1220 1515 1268 rogatus¹

427 1283 570 1333 Fecit3
602 1290 644 1323 et
665 1281 883 1323 incolumis
903 1281 1026 1322 laetor
1047 1281 1163 1334 quod
1184 1281 1285 1321 vivit
1306 1281 1350 1321 in
1371 1281 1518 1321 Urbe:

428 1348 516 1389 Sed
538 1355 677 1389 tamen
697 1348 897 1396 admiror,
919 1362 1005 1400 quo
1026 1354 1153 1400 pacto
1168 1347 1378 1400 judicium
1398 1345 1506 1386 illud

319 1416 402 1456 100
430 1414 771 1469 Fugerit.—Hic
792 1415 925 1468 nigrae
948 1427 1100 1454 succus
1120 1412 1330 1467 loliginis:
1361 1411 1454 1454 haec
1475 1418 1542 1453 est

317 1547 395 1584 1313
420 1545 522 1588 Epist.
547 1546 593 1581 iii,
618 1547 700 1584 3583
723 1551 754 1577 et
779 1545 823 1576 sic
847 1545 931 1587 apud
957 1544 1046 1585 Virg.

314 1589 392 1619 AEn.
415 1600 446 1623 x,
473 1589 543 1623 112,
567 1599 621 1630 pro
634 1592 857 1629 jorturzamque
882 1586 1047 1627 legendum

314 1631 439 1661 omnino
455 1630 586 1665 videtur,
593 1630 802 1670 fortunamve.
838 1630 1046 1659 Suave——con-

313 1673 413 1702 clusus
427 1683 435 1706 ,·
459 1672 546 1702 locus
562 1672 656 1707 enim,
672 1672 712 1702 ab
727 1672 811 1702 omni
826 1675 912 1712 parte
933 1670 964 1700 in
979 1670 1047 1700 bal-

314 1714 380 1744 neis
403 1713 538 1751 clausus,
552 1713 621 1743 voci
642 1713 802 1744 recitantis
818 1722 922 1742 versus
944 1711 1047 1742 suavi-

314 1760 370 1791 ter,
387 1760 422 1785 ut
443 1755 515 1785 vani
540 1755 588 1785 isti
611 1755 751 1785 homines
774 1759 895 1796 putant,
917 1758 1049 1784 resonat.

314 1797 423 1832 suave,
454 1807 508 1838 pro
537 1796 684 1832 suaviter,
714 1802 748 1827 ut
778 1796 902 1838 passim.
954 1795 1048 1826 Haud

314 1840 395 1869 illud
420 1846 590 1878 quaerentes,
616 1849 678 1869 non
704 1844 847 1869 curantes
873 1838 916 1872 id,
940 1847 1049 1878 parum

314 1880 439 1911 solliciti
452 1893 460 1918 ;
477 1892 548 1911 num
559 1883 621 1911 sine
631 1891 726 1916 sensu,
737 1886 810 1911 cett.
824 1890 898 1910 num
909 1879 975 1910 sine
987 1879 1049 1921 spi-

315 1922 388 1957 ritu,
406 1932 468 1962 quo
485 1922 559 1952 boni
580 1927 676 1963 poetae
697 1922 873 1962 agitantur3
897 1931 971 1951 num
993 1931 1048 1962 op-

314 1970 446 2005 portuno
461 1968 609 2005 tempore,
626 1962 727 1994 medio
741 1964 772 1994 in
790 1963 855 1993 foro
868 1963 916 1993 vel
932 1963 963 1992 in
981 1963 1048 1993 bal—

315 2005 383 2036 neis
398 2015 504 2036 versus
522 2005 661 2036 recitent.
706 2005 821 2045 Inquit,
841 2014 884 2035 sc.
907 2004 1046 2035 adversa-

314 2047 398 2084 rius;
420 2046 474 2078 alii
493 2047 613 2088 legunt,
629 2047 752 2087 laquis.-
775 2052 941 2087 utrumque
955 2053 1047 2078 recte.

315 2090 424 2120 Studio
443 2100 553 2128 pravus
566 2089 673 2130 fucis:
697 2095 724 2118 et
744 2090 794 2119 hoc
809 2089 910 2129 (quod
930 2088 1048 2128 gaudes

314 2130 444 2171 laedere)
466 2130 563 2172 saciS,
591 2136 627 2161 ut
655 2130 746 2160 homo
770 2130 825 2171 qui
854 2141 965 2169 prauus
989 2135 1046 2164 est,

313 2174 414 2203 studio
431 2172 596 2214 (libidine)
615 2172 770 2207 laedendi;
795 2181 850 2214 pro
869 2171 1000 2212 vulgari,
1016 2178 1047 2202 et

314 2214 373 2245 hoc
389 2215 466 2246 facis
482 2225 575 2256 pravo
591 2213 706 2244 studio.
744 2214 829 2244 Unde
843 2216 967 2252 petitum
984 2214 1046 2251 hoc,

314 2266 361 2287 sc.
392 2256 601 2298 opprobrium.
647 2256 700 2286 Est
726 2262 842 2290 auctor,
875 2260 949 2286 cett.
977 2255 1047 2295 quis

311 2298 436 2329 tandem
451 2309 569 2332 eorum,
585 2297 772 2339 quibuscum
789 2296 863 2331 vixi,
881 2296 975 2338 hujus
991 2307 1046 2338 op-

313 2339 427 2382 probrii
463 2346 510 2372 est
547 2341 679 2370 auctor‘!
715 2339 775 2375 vel,
812 2345 898 2370 estne
934 2338 1046 2379 aliquis

311 2393 430 2418 eorum,
458 2382 644 2424 quibuscum
668 2380 861 2422 vixiphujus
890 2380 1046 2422 opprobrii

314 2426 444 2456 auctor?

356 2467 493 2497 81—85.
516 2466 681 2499 Absentem,
698 2468 770 2495 cett.
790 2463 828 2494 ad
846 2473 958 2494 nexum
975 2474 1042 2495 ora-

313 2507 405 2539 tionis
433 2507 606 2549 supplenda
636 2507 697 2538 sere
726 2507 813 2537 haec:
846 2507 913 2546 Ego
943 2506 1046 2547 potius

311 2549 356 2580 ita
382 2549 481 2581 sentio
505 2554 534 2579 et
565 2554 677 2584 statuo,
708 2550 861 2578 Absentem
891 2550 943 2588 qui
971 2554 1045 2578 cett.

311 2594 406 2627 rodit,
425 2590 530 2622 invido
553 2590 645 2622 dente
668 2591 796 2626 mordet,
817 2589 955 2629 sugillat,
978 2600 1044 2620 car-

312 2633 366 2675 pit.
388 2633 444 2663 inf.
467 2634 534 2663 Sat.
559 2632 581 2667 i,
599 2634 630 2668 6,
647 2634 698 2668 45,
716 2633 807 2666 Quem
823 2634 934 2662 rodunt
951 2643 1047 2662 omnes

313 2677 451 2707 libertino
462 2681 549 2715 patre
563 2682 679 2711 natum,
696 2674 818 2709 cicero,
836 2684 868 2715 p.
883 2673 978 2704 Balb.
992 2674 1044 2709 26,

315 2718 400 2748 Illo-re
426 2718 575 2747 hominum
601 2718 749 2750 invident,
776 2718 808 2745 in
833 2717 974 2746 conviviis
998 2727 1044 2745 ro-

313 2761 405 2795 dunt,
436 2761 470 2790 in
499 2759 620 2789 circulis
650 2760 759 2788 idcirco
789 2758 941 2788 vellicant.
986 2758 1047 2788 Hic

314 2804 402 2843 niger
425 2807 478 2836 est,
502 2799 553 2830 hic
577 2799 746 2840 improbus,
765 2803 797 2829 et
821 2799 910 2830 malae
934 2799 1047 2830 mentis

315 2844 407 2876 homo
429 2849 493 2874 est:
519 2841 601 2884 apud
627 2842 755 2872 Graecos
778 2850 903 2882 quoque
925 2842 1048 2880 improbi

312 2891 462 2917 vocantur
489 2883 639 2925 μέλανες.
685 2883 827 2917 Romane,
855 2893 873 2912 υ
901 2888 947 2916 tu,
973 2883 1043 2923 qui-

313 2938 438 2970 cunque
451 2927 603 2958 Romanae
618 2924 738 2957 virtutis
748 2934 841 2966 sensu
853 2923 988 2955 imbutus
1000 2935 1043 2956 es.

1134 1545 1273 1575 86-89,
1317 1545 1397 1582 Saepe
1418 1544 1514 1574 tribus
1535 1543 1628 1577 lectis,
1648 1541 1824 1574 tricliniari-

1091 1586 1161 1623 bus,
1178 1587 1221 1617 ita
1236 1586 1318 1616 circa
1334 1595 1471 1616 mensam
1488 1585 1592 1615 stratis
1607 1589 1639 1615 et
1653 1584 1826 1622 collocatis,

1092 1632 1128 1658 ut
1150 1633 1260 1669 quarta
1286 1637 1400 1658 mensae
1425 1636 1496 1668 pars
1518 1626 1559 1657 ad
1582 1625 1668 1658 cibos
1693 1636 1712 1657 a
1731 1626 1826 1657 servis

1091 1669 1291 1717 apponendos
1305 1674 1386 1700 esset
1399 1678 1508 1700 vacua.
1534 1668 1723 1706 Quaternos‚-
1745 1668 1825 1699 terni

1091 1721 1175 1742 emm
1199 1712 1247 1742 vel
1272 1711 1415 1752 quaterni
1443 1710 1476 1741 in
1500 1720 1564 1741 uuo
1588 1719 1712 1751 quoque
1743 1709 1825 1741 lecto

1091 1754 1273 1784 accumbere
1295 1754 1444 1784 solebant.
1487 1753 1550 1783 Pro
1566 1762 1646 1783 unus
1667 1761 1738 1782 cum
1761 1751 1826 1783 Fea

1092 1794 1163 1826 dedi
1174 1798 1268 1826 imus.-
1291 1794 1364 1825 hinc
1377 1795 1432 1825 inf.
1442 1794 1543 1836 Epist.
1551 1794 1574 1829 i,
1588 1794 1700 1829 18.10.
1710 1795 1824 1824 {mide-

1091 1839 1168 1868 risor
1185 1839 1264 1873 lecti,
1282 1837 1336 1867 ubi
1350 1836 1412 1867 vid.
1427 1842 1512 1867 not.:
1536 1835 1579 1867 cf.
1599 1835 1640 1866 ad
1653 1837 1719 1867 Sat.
1740 1835 1774 1871 ii,
1790 1836 1824 1873 8,

1092 1880 1146 1909 23.
1190 1882 1286 1915 Amet,
1312 1878 1494 1914 delectetur,
1521 1877 1650 1918 gestiat:
1678 1887 1734 1919 pro
1762 1878 1827 1909 lec-

1093 1920 1176 1952 tione
1199 1927 1262 1951 avet
1288 1920 1410 1962 praetuli
1439 1930 1510 1951 cum
1534 1919 1605 1950 aliis
1630 1925 1718 1957 amet,
1741 1921 1825 1961 quod

1092 1963 1300 2002 grammaticae
1338 1961 1447 1992 rationi
1484 1960 1744 1992 accommodatior
1778 1968 1826 1994 est

1090 2005 1316 2046 conjunctivus.
1361 2004 1475 2038 Quavis
1491 2005 1663 2043 adspergere
1681 2009 1800 2034 euticeo:
1812 2017 1823 2035 .·

1090 2047 1198 2086 quavis
1213 2046 1343 2080 ratione,
1361 2045 1392 2077 h.
1413 2056 1443 2076 e.
1459 2045 1622 2087 quibusvis
1639 2044 1776 2076 dicteriis
1793 2051 1825 2077 et

1091 2088 1168 2119 salse
1184 2089 1277 2119 dictis
1298 2089 1426 2119 obruere
1445 2086 1586 2128 (laedere,
1603 2086 1824 2130 perstringere)

1091 2135 1232 2165 cunctos,
1257 2130 1321 2160 sive
1345 2129 1463 2170 quaevis
1485 2129 1615 2160 dicteria
1635 2129 1668 2160 in
1692 2134 1826 2160 cunctos

1090 2170 1256 2202 effundere.
1301 2173 1497 2212 Adspergere,
1521 2181 1575 2212 pro
1599 2169 1824 2212 perstringere;

1090 2212 1171 2253 apud
1188 2213 1371 2243 Ciceronem
1388 2213 1427 2243 ad
1452 2212 1525 2242 Div.
1539 2212 1580 2248 vi,
1598 2214 1629 2247 6,
1645 2213 1750 2243 leviter
1768 2214 1823 2243 ad-

1088 2265 1202 2294 spersus
1213 2264 1278 2295 pro,
1289 2254 1396 2284 leviter
1409 2253 1586 2295 perstrictus
1598 2266 1605 2284 :
1622 2254 1665 2284 cf.
1678 2254 1823 2286 Lambin.

1093 2296 1208 2326 Praerer
1220 2308 1297 2331 eum,
1311 2297 1362 2336 qui
1373 2298 1479 2335 praebet
1495 2306 1615 2335 aquam,
1625 2301 1735 2337 preter
1746 2306 1823 2327 con-

1089 2337 1256 2368 vivatorem
1272 2350 1278 2367 :
1302 2337 1358 2368 inf.
1381 2339 1447 2368 Sat.
1473 2337 1559 2373 ii,-2,
1575 2338 1632 2374 68,
1650 2338 1704 2372 69,
1719 2348 1823 2378 neque,
1845 2346 1859 2357 ⁸

1088 2381 1166 2410 sicut
1202 2381 1323 2420 simplex
1357 2379 1489 2415 Navius,
1525 2385 1647 2410 unctam
1685 2379 1824 2411 Convivis

1087 2423 1226 2461 pra-bebit
1235 2434 1251 2452 a
1275 2434 1353 2452 uam.
1375 2422 1467 2451 Hunc
1477 2420 1740 2462 (convivatorem)
1750 2433 1822 2462 quo-

1087 2475 1155 2503 que,
1169 2474 1212 2494 sc.
1228 2474 1244 2494 a
1269 2473 1428 2505 spergere:
1453 2464 1573 2494 condita
1583 2465 1759 2504 precordia,
1772 2473 1822 2495 ar·

1088 2515 1167 2535 cana
1184 2505 1215 2535 in
1231 2511 1353 2547 pectore
1369 2504 1504 2536 condita.
1608 2507 1610 2511 '

1129 2548 1268 2578 91—93.
1314 2548 1442 2588 Nigris:
1466 2547 1609 2578 absentes
1631 2546 1835 2579 rodentibus.⁴

1092 2589 1232 2620 Pastillos
1246 2590 1391 2630 Rufillus,
1405 2593 1479 2620 cett.
1494 2601 1500 2619 :
1523 2589 1565 2620 cf.
1581 2599 1651 2631 sup.
1663 2588 1702 2620 ad
1715 2589 1782 2621 Sat.
1797 2588 1822 2625 i,

1089 2632 1123 2667 2,
1139 2632 1195 2661 27.

1132 2673 1271 2704 921-99.
1316 2673 1362 2703 De
1390 2672 1552 2712 Capitolini
1565 2671 1668 2713 furtis
1690 2671 1820 2704 Perilli:

1091 2714 1196 2746 Schol.
1221 2716 1331 2755 Cruq„
1355 2715 1462 2756 Fingit
1487 2725 1516 2745 se
1540 2714 1619 2754 loqui
1639 2725 1706 2744 cum
1729 2716 1822 2745 amico

1090 2758 1190 2797 aliquo
1208 2757 1325 2788 Petillii
1343 2756 1518 2795 Capitolini,
1532 2757 1595 2795 qui,
1607 2766 1675 2786 cnm
1687 2763 1822 2795 preesset

1092 2799 1248 2838 Capitolio,
1266 2800 1347 2829 unde
1369 2798 1555 2838 Capitolinus
1577 2798 1675 2828 dictus
1694 2803 1747 2833 est,
1768 2809 1820 2828 ac-

1089 2847 1209 2871 cusatus
1234 2847 1286 2877 est,
1301 2841 1378 2880 quod
1399 2850 1534 2870 coronam
1551 2838 1634 2870 Jovis
1655 2839 1818 2878 Capitolini

1087 2885 1255 2922 rapuisset3
1278 2892 1370 2922 qnare
1390 2883 1450 2921 ipse
1470 2882 1594 2912 sublate
1613 2891 1724 2911 carano:
1744 2892 1817 2912 cau-

1087 2936 1145 2956 sam
1171 2926 1258 2962 dim,
1281 2930 1308 2954 et
1330 2924 1478 2954 absolutus
1501 2928 1542 2954 est
1567 2934 1585 2954 α
1599 2923 1761 2963 judicibus
1785 2924 1818 2954 in
