1904 3314
646 212 873 256 LIBER
905 212 966 264 11,
1001 213 1036 255 1.

1538 217 1619 259 361

205 319 306 362 Sive
327 319 447 375 quod
468 316 648 374 Appula
668 331 789 373 gens,
812 331 891 358 seu
912 316 1032 371 quod
1055 317 1252 359 Lucania
1271 317 1434 360 bellum

202 388 427 430 Incuteret
447 385 649 428 violenta.
710 384 802 426 Sed
822 383 894 426 hic
917 383 1041 426 stilus
1063 383 1182 426 haud
1202 385 1325 440 p'etet
1347 386 1461 428 ultro

114 457 173 499 40
203 457 466 511 Quenquam
486 453 767 503 animantem3
799 459 844 494 et
865 467 931 494 me
953 452 1091 507 veluti·
1108 454 1327 496 custodiet
1349 455 1464 496 ensis

202 523 378 580 Vagina
398 529 565 572 tectus3
597 535 728 576 quem
749 535 826 562 cur
850 521 1124 576 destringere
1146 536 1279 563 coner

201 593 349 635 Tutus
367 591 424 633 ab
445 589 615 632 infestis
637 589 879 631 latronibus
895 591 912 630 ἲ

972 589 1014 630 Ο
1036 596 1176 644 pater,
1200 597 1244 632 et
1266 605 1345 632 rex

200 660 390 716 Jupiter,
412 665 462 700 ut
481 665 634 714 pereat
652 658 845 714 positum
866 658 1063 713 robigine
1086 657 1233 708 telum,

198 728 298 771 Nec
318 728 548 783 quisquam
568 734 723 769 noceat
744 726 905 782 cupido
926 726 1031 767 mihi
1051 727 1170 782 pacis
1189 728 1198 768 Ξ
1231 734 1274 768 at
1297 725 1382 777 ille,

110 796 169 838 45
199 795 291 844 Qui
311 811 378 838 me
399 795 624 838 commorit
646 794 827 849 (Melius
849 809 935 836 non
957 802 1150 850 tangere,
1175 793 1343 849 clamo),

198 863 357 914 Flebit,
380 872 425 906 et
446 865 628 920 insignis
650 870 742 906 tota
762 863 1011 905 cantabitur
1032 865 1158 906 urbe.

200 933 382 975 Cervius
403 934 539 975 iratus
559 933 680 988 leges
702 932 924 973 minitatur
944 939 988 973 et
1009 947 1186 984 urnam3

79 1050 141 1083 tas,
157 1045 191 1078 in
206 1045 361 1089 plurimus
375 1046 463 1078 librr.
481 1051 512 1078 et
527 1045 617 1078 editt.
633 1045 749 1088 legitur
760 1058 827 1089 ges-

79 1095 184 1127 tent,-
215 1095 350 1132 utraque
377 1090 472 1121 lectio
505 1089 615 1121 eodem
648 1089 749 1121 redit:
788 1090 827 1121 ad

79 1139 208 1164 cesserat
223 1133 436 1176 supplendum
453 1138 512 1168 est.
528 1134 554 1164 ei
571 1134 656 1174 quid,
675 1132 714 1163 ad
729 1143 826 1173 gesse-

80 1182 145 1212 rat,
162 1177 248 1217 qnid.
297 1177 401 1207 Votiva
426 1177 558 1207 tabella.-
584 1175 694 1207 Schol.
713 1176 826 1217 Cruq.,

84 1218 191 1250 Vota'va
207 1219 315 1250 tabula
331 1225 386 1255 est,
401 1231 466 1260 quce
481 1230 516 1250 ex
529 1227 597 1250 voto
616 1221 714 1259 posita
730 1225 772 1250 est
795 1220 828 1250 in

79 1263 190 1301 templo
206 1269 262 1294 aur
284 1264 388 1303 atiquo
412 1264 473 1293 loeo
495 1263 628 1302 publico,
648 1264 679 1293 in
703 1274 763 1303 qua
777 1264 828 1293 (Ie-

77 1307 206 1345 scripta,
226 1305 256 1336 h.
279 1316 305 1336 e.
321 1307 440 1346 depicta
463 1312 505 1336 est
520 1306 658 1347 jbrtuna
682 1307 828 1345 alicujus.

78 1347 132 1378 Ita
155 1348 252 1379 solent
275 1350 426 1390 naufragi
452 1359 541 1378 snum
566 1348 769 1389 viani-trogium
795 1350 828 1379 in

79 1392 191 1422 tabella
207 1391 358 1431 depictum
373 1390 586 1433 circumferre.
613 1391 733 1426 Pateat,
750 1402 826 1422 con·

78 1432 274 1477 spiciendam
291 1444 324 1465 se
339 1434 489 1476 praebeat.
501 1433 680 1473 elegantius
697 1444 763 1475 pro,
777 1437 828 1465 sic.

122 1477 264 1509 34-39.
286 1477 398 1518 Sequor
413 1478 512 1508 hunc:
532 1477 617 1508 hunc
628 1487 744 1519 sequor
754 1487 826 1517 eg0‚

77 1517 172 1551 homo
186 1519 348 1562 ignobilis,
360 1520 454 1562 cujus
469 1520 569 1562 patria
585 1525 691 1550 utrum
703 1520 743 1551 ad
761 1521 826 1551 Lu-

79 1562 205 1594 cuniam
230 1573 272 1594 an
295 1563 334 1594 ad
360 1563 514 1606 Apuliam
534 1563 696 1594 referenda
720 1564 772 1598 sit,
797 1562 830 1594 in

79 1605 232 1646 ambiguo
262 1612 334 1646 est3
366 1616 440 1638 nam
471 1606 604 1637 colonus
633 1606 666 1636 in
695 1608 829 1648 patriam

78 1658 183 1680 meam
201 1649 379 1681 Venusiam
393 1648 549 1681 deductus
560 1649 642 1680 iuter
653 1650 830 1680 Lucaniam

77 1697 111 1724 et
135 1691 290 1734 Apuliam
316 1702 425 1734 agrum
451 1691 529 1723 colit
554 1693 612 1735 (ad
635 1691 719 1732 hoc),
744 1693 827 1730 ideo,

78 1734 243 1776 (sabellis)
268 1736 481 1773 Samnitibus,
498 1741 532 1766 ut
556 1741 647 1766 vetus
672 1735 756 1766 fama
771 1742 832 1771 est,

102 1777 191 1817 unsis,
205 1789 244 1810 eo
259 1778 374 1810 missus
397 1779 485 1821 (Quo
504 1779 573 1819 ne),
592 1789 632 1809 ne
657 1778 756 1810 hostis
779 1789 834 1820 per

78 1788 151 1852 lisca
167 1833 264 1854 vacua
280 1825 363 1864 (non
379 1823 520 1857 obsessa,
541 1831 604 1852 non
627 1821 776 1862 defensa>
799 1821 831 1853 in

81 1863 266 1896 Romanum
298 1875 409 1907 agrum
447 1865 662 1896 incursionem
703 1865 831 1900 faceret,

78 1906 146 1939 sive
160 1907 247 1950 quod
269 1907 339 1950 ipsa
355 1908 488 1950 Apulia,
504 1908 569 1939 sive
585 1907 701 1939 infesta
726 1909 830 1939 Luca-

78 1951 135 1982 nia
167 1951 291 1983 bellum
322 1951 463 1982 inferret.
518 1951 580 1982 Hic
610 1952 722 1982 stilus:
761 1951 830 1983 haec

79 1993 255 2026 carminum
277 1994 318 2025 ad
343 1994 462 2026 Lucilii
484 1994 665 2036 exemplum
689 1994 831 2026 scriben-

78 2035 192 2068 dorum
208 2036 300 2068 ratio.
423 2043 432 2050 ’

122 2081 179 2112 41.
203 2081 265 2112 Pro
281 2082 468 2123 destringere
493 2079 662 2121 legendum
683 2090 751 2111 esse
767 2081 828 2111 dis-

80 2124 218 2164 ningere
246 2129 360 2166 praeter
385 2134 451 2154 rem
480 2124 520 2154 ad
551 2124 581 2154 h.
615 2123 637 2154 1.
666 2123 831 2155 contendit

79 2165 298 2198 Heindorfius.
344 2167 540 2209 Distringere
568 2166 654 2198 enim
683 2172 744 2202 est,
768 2166 830 2198 huc

77 2207 157 2241 illue
175 2209 224 2240 vel
241 2210 274 2241 in
290 2208 429 2241 diversas
451 2215 556 2252 partes
575 2210 698 2241 trahere
714 2222 722 2248 ;
748 2210 831 2241 unde

78 2251 195 2294 aliquis
203 2254 351 2294 distringi
361 2252 488 2290 dicitur,
501 2252 555 2294 qui
572 2263 637 2284 uno
653 2253 828 2294 eodemque

78 2299 218 2338 tempore
230 2295 323 2327 variis
334 2301 367 2327 et
382 2295 526 2338 pluribus
544 2295 678 2337 negotiis
700 2298 827 2327 distine-

79 2343 144 2376 tur,
173 2337 236 2370 huc
258 2338 336 2371 illuc
363 2338 508 2370 trahitur.
556 2339 618 2370 Sed
639 2341 828 2381 destringere

76 2385 137 2419 est,
161 2391 200 2413 ex
227 2382 298 2414 loco
324 2381 432 2424 aliquo
456 2381 578 2424 aliquid
603 2382 756 2423 stringere
779 2383 827 2414 vel

78 2423 213 2457 «ahere.
258 2424 346 2457 Hinc
377 2430 460 2456 recte
491 2436 578 2456 nunc
609 2424 642 2456 in
674 2425 828 2458 Cicerone

79 2466 175 2499 offic.
197 2467 244 2504 iii,
270 2470 310 2500 31
342 2468 468 2510 legitur,
501 2468 657 2510 confestim
685 2471 827 2511 gladium

7 2524 17 2546 χ
75 2511 248 2549 damnarit,
265 2517 298 2543 et
318 2511 351 2542 in
375 2512 466 2543 Orat.
481 2512 563 2553 Tog.
581 2511 698 2550 Cand„
714 2524 827 2544 conan-

0 2566 18 2593 ἓ·
77 2557 141 2584 ίαν
155 2556 190 2586 in
208 2556 425 2594 rempublicam
447 2556 523 2586 sicas
542 2557 741 2597 destringere.
786 2557 826 2587 In

75 2605 174 2639 quam
187 2597 317 2639 quidem
333 2608 398 2630 rem
415 2598 581 2629 Ernestius
594 2597 627 2628 in
646 2599 738 2630 Clav.
751 2598 824 2630 Cic.

0 2629 25 2674 'i-
74 2647 104 2671 ⁸.
119 2649 149 2672 v.
167 2641 366 2683 Desii-ingere
391 2646 481 2672 notat
503 2641 591 2672 haec:
619 2641 719 2673 Hodie
741 2653 825 2673 nemo

76 2683 199 2716 dubitat
223 2686 258 2716 iu
282 2685 328 2716 his
353 2685 463 2716 litteris
489 2686 583 2724 paulo
607 2687 766 2720 rei-satior,
792 2687 825 2716 in

76 2727 225 2764 mnibus,
250 2729 284 2759 in
307 2729 415 2769 quibus
439 2729 622 2758 detrahendi
649 2730 694 2759 vis
723 2731 823 2768 expri-

0 2757 15 2807 K'g
74 2772 185 2802 naida
211 2777 266 2807 est,
295 2773 484 2812 destringere
511 2777 627 2801 rectum
659 2782 728 2808 esse,
765 2783 825 2802 non

0 2812 24 2852 ss}
77 2813 272 2856 distringere.
317 2814 414 2846 Viros
428 2813 550 2849 doctos,
567 2813 645 2855 quid
668 2814 751 2846 idem
767 2815 824 2846 do-

0 2866 15 2885 r
47 2882 52 2886 .
77 2862 224 2895 merum,
241 2856 360 2889 ibidem
375 2857 519 2889 laudavit
539 2856 715 2888 Ernestius.
758 2858 824 2889 Ita-

77 2905 143 2940 que
152 2908 248 2942 supra
259 2910 389 2942 quoque
405 2900 469 2932 Od.
484 2900 529 2937 iii,
548 2899 570 2936 i,
588 2901 626 2930 17
646 2906 730 2932 recte
746 2900 825 2942 legi·

79 2944 143 2979 m,
191 2945 333 2975 esti-ictus
354 2946 432 2975 ensis
453 2945 504 2974 cui
527 2954 616 2983 super
640 2945 732 2983 impia
752 2944 824 2975 Cer-

79 2984 145 3016 viu
165 2987 289 3025 pendet.
336 2986 488 3019 Similiter
511 2986 594 3018 inter
619 2996 653 3017 se
677 2986 827 3018 differunt

79 3026 214 3068 despero
227 3036 258 3062 et
272 3030 419 3070 diripere,
442 3029 524 3061 illud
539 3028 624 3062 enim
647 3029 765 3062 dieitur
786 3032 827 3063 de

873 1046 967 1077 rebus
983 1045 1129 1088 singulis,
1147 1057 1218 1088 quae
1234 1057 1272 1078 ex
1295 1045 1367 1078 loco
1390 1046 1498 1089 aliquo
1520 1047 1624 1080 detra-

873 1089 994 1120 huntur
1021 1095 1053 1121 et
1077 1090 1286 1129 auferuntur;
1311 1089 1386 1121 hinc
1401 1100 1472 1133 sup.
1490 1091 1554 1122 Od.
1576 1091 1623 1129 iii,

872 1134 906 1167 5,
935 1134 964 1170 1,
990 1135 1093 1175 signa,
1122 1133 1251 1164 Punicis
1276 1134 1378 1175 adfira
1405 1135 1552 1171 delubris,
1573 1137 1624 1166 de-

871 1182 961 1215 repta
998 1179 1080 1214 (non
1115 1177 1254 1216 direpta)
1287 1176 1456 1216 dicuntur3
1488 1177 1548 1209 hoc
1583 1178 1623 1210 de

874 1219 968 1250 rebus
986 1219 1144 1262 pluribus,
1159 1230 1231 1261 quae
1248 1230 1263 1250 a
1281 1220 1426 1261 pluribus
1442 1222 1472 1251 in
1489 1222 1624 1253 diuersas

870 1269 972 1301 partes
997 1263 1084 1306 (haec
1109 1262 1193 1293 enim
1222 1262 1307 1293 notio
1332 1262 1413 1295 inest
1443 1264 1566 1295 voculae
1590 1267 1624 1296 di

872 1304 921 1335 vel
936 1307 982 1336 dis
1005 1307 1038 1336 in
1054 1305 1158 1336 verbis
1178 1304 1382 1348 compositis)
1405 1306 1571 1348 rapiuntur
1592 1313 1625 1338 et

871 1347 1066 1383 auferuntur,
1082 1354 1119 1378 ut
1134 1348 1168 1379 in
1182 1348 1268 1379 bello
1284 1349 1391 1384 urbes,
1407 1349 1488 1387 loca,
1505 1355 1623 1389 castra,

872 1397 947 1421 cett.
963 1393 1058 1431 diripi
1074 1391 1178 1422 solent
1193 1401 1212 1422 a
1226 1391 1392 1422 militibus.

916 1434 969 1471 42,
986 1435 1038 1466 43.
1058 1434 1084 1464 Ο
1100 1440 1200 1473 pater,
1218 1441 1246 1464 et
1262 1445 1313 1465 rex
1327 1434 1470 1474 Jupiter.-
1486 1440 1622 1467 tractum

872 1475 945 1511 hoc,
973 1483 1008 1508 ut
1033 1477 1178 1508 observat
1207 1478 1280 1508 Vet.
1306 1477 1415 1509 Schol.
1440 1488 1479 1510 ex
1502 1479 1629 1518 Graeco,

872 1519 996 1551 scilicet
1018 1531 1057 1551 ex
1083 1520 1277 1552 Callimachi
1305 1521 1433 1561 Fragm.
1460 1532 1495 1563 p.
1517 1523 1581 1553 378
1599 1529 1631 1555 et

876 1564 951 1599 581,
967 1563 1044 1594 edit.
1064 1563 1202 1598 Ernesti,
1228 1565 1287 1595 Ζεῦ
1312 1563 1433 1606 πάτερ,
1449 1564 1493 1602 ὡς
1511 1565 1628 1597 Χαλύ-

874 1605 950 1646 βων
968 1608 1034 1639 τᾶν
1048 1606 1214 1639 ἀπόλοιτο
1234 1607 1344 1649 γένος.
1369 1607 1465 1644 Quod
1475 1609 1631 1651 expressit

876 1649 1024 1681 Catullus
1046 1649 1085 1680 de
1108 1659 1200 1681 coma
1225 1651 1396 1682 Berenices
1411 1662 1440 1682 v.
1456 1653 1509 1687 48,
1534 1652 1628 1692 Jupi-

875 1698 930 1730 ter,
948 1700 984 1724 ut
1003 1693 1160 1733 Chalybon
1181 1705 1266 1724 omne
1287 1704 1386 1734 genus
1407 1701 1524 1734 pereat.
1572 1695 1628 1732 Ut,

878 1735 1012 1767 utinam.
1059 1736 1209 1772 Positum,
1229 1736 1422 1779 depositum,
1444 1736 1627 1779 sepositum,

880 1778 928 1810 vel
945 1784 1062 1810 tectum
1079 1779 1206 1820 vagina.

921 1823 975 1853 45.
1001 1823 1053 1853 Me
1078 1823 1244 1858 cmnmdrit,
1274 1832 1321 1853 sc.
1353 1820 1409 1859 ira,
1434 1833 1485 1854 me
1511 1822 1627 1855 iratum

877 1864 1060 1902 reddiderit,
1087 1865 1303 1903 lacessiverit3
1342 1875 1414 1896 nam
1446 1872 1560 1908 poetae,
1592 1873 1629 1899 ut

879 1908 1030 1939 Horatius
1056 1908 1113 1939 inf.
1137 1909 1240 1951 Epist.
1265 1907 1299 1943 ii,
1324 1909 1357 1944 2,
1386 1909 1446 1940 102
1471 1909 1528 1946 ait.
1553 1915 1629 1942 sunt

873 1962 970 1991 genus
988 1952 1162 1988 irritabile;
1187 1951 1262 1982 hinc
1278 1950 1393 1993 passim
1405 1952 1490 1993 apud
1505 1953 1532 1983 T
1535 1963 1627 1984 eren·-

875 1994 966 2030 tium,
984 1994 1041 2037 qui
1056 1994 1102 2025 ira
1120 1995 1230 2030 servet,
1245 2001 1406 2025 commotus
1420 1994 1550 2027 dicitur.

919 2038 973 2068 46.
1006 2038 1118 2075 Flebit,
1141 2037 1290 2079 plorabit,
1320 2036 1508 2080 οἰμώξεται,
1539 2038 1570 2070 h.
1597 2051 1626 2071 e.
1679 2045 1684 2050 “

875 2079 964 2121 gravi
991 2091 1065 2112 cum
1091 2081 1198 2112 dolore
1229 2080 1398 2122 poenitebit
1426 2091 1500 2112 eum
1530 2081 1626 2125 hujus

875 2123 1032 2155 stultitiae.
1078 2124 1169 2155 flere
1179 2135 1245 2166 pro,
1256 2124 1393 2165 graviter
1407 2123 1533 2156 dolere:
1553 2135 1625 2167 sup.

875 2166 978 2208 Epod.
993 2169 1025 2205 5,
1042 2167 1096 2203 74,
1115 2167 1141 2197 Ο
1156 2169 1254 2198 multa
1262 2168 1419 2209 fleturum
1433 2175 1539 2208 caput.
1568 2169 1624 2200 In-

873 2212 981 2251 signis,
997 2210 1163 2251 insigniter
1179 2220 1197 2241 a
1214 2221 1264 2242 me
1280 2216 1419 2242 notatus.

916 2254 1057 2285 47—56.
1080 2253 1134 2284 Ad
1161 2253 1350 2285 senteutiam
1373 2253 1625 2296 exprimendam,

873 2299 964 2327 “sua
990 2307 1150 2338 quemque
1174 2296 1288 2329 habere
1312 2307 1410 2335 arma,
1437 2297 1553 2339 quibus
1569 2307 1625 2330 aut

872 2339 951 2370 alios
966 2346 1065 2382 petat,
1080 2346 1136 2371 aut
1150 2340 1191 2370 ab
1208 2340 1280 2371 aliis
1295 2350 1328 2372 se
1338 2340 1525 2377 defendat,’'
1542 2351 1623 2383 qua-

872 2387 943 2414 tuor
953 2383 1109 2420 homines,
1118 2382 1274 2425 nequitia,
1283 2383 1494 2426 improbitate,
1504 2384 1624 2420 fraude.

872 2432 904 2457 et
929 2425 1022 2457 malis
1048 2426 1169 2458 artibus
1194 2433 1348 2468 tanquam
1370 2426 1478 2464 armis,
1501 2427 1622 2469 quibus

872 2468 979 2500 infesti
997 2469 1168 2501 reddantur
1186 2469 1270 2506 aliis,
1294 2470 1476 2507 instructos,
1501 2470 1533 2501 in
1556 2481 1622 2503 me-

871 2512 959 2543 dium
987 2512 1147 2555 producit.
1194 2513 1340 2545 Cervius:
1374 2513 1484 2545 Schol.
1510 2514 1622 2556 Cruq.,

874 2557 1015 2594 Cervius,
1032 2557 1159 2587 Ascanii
1175 2557 1314 2592 libertus,
1335 2558 1553 2594 calumniator,
1569 2570 1620 2589 ac-

869 2602 986 2631 cusat-it
1016 2599 1074 2630 Cn.
1110 2599 1274 2631 Calvinum
1311 2602 1376 2642 lege
1412 2602 1448 2631 de
1486 2601 1624 2632 Sinai-iis.

874 2642 1005 2677 Uruam.
1023 2642 1241 2684 significanter
1256 2654 1324 2686 pro,
1341 2643 1514 2674 sententias
1533 2643 1621 2686 judi-

871 2695 945 2716 cum
963 2698 972 2725 ;
997 2685 1062 2716 sive
1074 2686 1159 2727 quod
1173 2686 1311 2728 judices.
1323 2686 1505 2717 nominibus
1515 2697 1623 2718 eorum

870 2727 903 2758 in
923 2739 1036 2760 urnam
1053 2729 1219 2771 conjectis,
1240 2729 1403 2761 sortitione
1428 2730 1468 2760 ad
1492 2739 1621 2760 causam

869 2770 1010 2813 aliquam
1019 2772 1260 2814 dijudicandam
1270 2772 1539 2814 designabantur,
1556 2772 1623 2804 sive

870 2815 955 2856 quod
973 2816 1112 2852 tabellae,
1127 2815 1161 2846 in
1184 2815 1303 2858 quibus
1324 2816 1508 2859 perscriptae
1534 2823 1622 2847 erant

870 2858 1036 2890 sententiae
1048 2858 1208 2901 judicum.
1232 2859 1266 2890 in
1289 2870 1370 2891 urna
1391 2859 1620 2895 condebantur,

869 2906 902 2932 et
917 2901 990 2933 inde
1007 2901 1283 2944 depromebantur.
1328 2902 1416 2933 Hinc
1427 2900 1513 2943 apud
1533 2901 1622 2942 Virg.

871 2944 952 2976 AEn.
969 2945 1011 2981 vi,
1029 2947 1105 2983 432,
1123 2946 1274 2980 Quaesitor
1298 2945 1400 2976 Minos
1422 2956 1535 2976 ‘urnam
1559 2955 1621 2974 mo-

871 2998 949 3024 vere,
965 2994 997 3020 et
1013 2989 1097 3031 apud
1119 2989 1264 3031 Propert.
1289 2989 1330 3024 iv,
1351 2990 1404 3024 11,
1432 2989 1484 3023 19,
1506 2986 1619 3017 [ἴοι-ηε

867 3034 964 3072 positu
980 3033 1171 3073 urnajuder
1185 3034 1297 3068 sedere,
1313 3030 1441 3063 dicitur.
1489 3029 1621 3060 Canidia
