1904 3314
645 166 873 209 LIBER
906 167 941 218 I,
972 168 1042 210 20.

1530 171 1616 211 499

96 271 148 314 15
179 271 270 320 Qui
290 271 400 315 male
420 277 643 328 parentem
665 271 707 312 in
730 285 862 325 rupes
885 271 1098 326 protrusit
1120 271 1300 313 asellum

177 339 346 382 Iratus:
379 341 477 396 quis
497 340 610 382 enini
631 339 811 380 invitum
834 353 1007 380 servare
1029 338 1199 381 laboret
1217 342 1234 381 ?

177 407 279 451 Hoc
301 422 475 464 quoque
497 414 539 449 te
561 412 718 456 manet,
742 413 791 447 ut
813 421 974 462 pueros
996 406 1211 449 elementa
1231 409 1461 450 docentem

177 475 382 532 Occupet
401 474 606 517 extremis
628 474 671 515 in
693 474 798 516 vicis
821 473 952 517 balba
975 480 1193 517 senectus.

178 535 329 592 Quum
349 543 428 586 tibi
449 542 515 584 sol
537 543 712 598 tepidus
736 542 884 598 plures
907 543 1149 586 admoverit
1173 560 1317 595 aures,

89 613 148 656 20
178 613 257 656 Me
277 612 480 656 libertino
503 620 654 654 natum
676 621 818 668 patre,
841 620 884 655 et
905 613 947 654 in
971 614 1090 655 tenui
1112 629 1159 656 re

176 681 372 736 Majores
394 696 558 736 pennas
580 682 685 724 nido
706 681 959 724 extendisse
980 681 1197 738 loqueris3

175 749 240 791 Ut
259 756 469 808 quantum
489 750 640 805 generi
662 750 825 800 demas,
849 750 1084 792 virtutibus
1107 751 1270 792 addas:

174 816 252 859 Me
274 817 424 873 primis
445 817 566 859 urbis
589 816 692 859 belli
713 817 932 873 placuisse
955 818 1184 874 domique;

175 884 386 941 Corporis
408 885 571 941 exigui,
596 900 858 940 praecanum,
884 885 1048 927 solibus
1071 893 1235 942 aptum,

67 948 144 995 125
173 951 311 996 Irasci
331 952 533 1002 celerem,
556 960 700 995 tamen
721 959 769 995 ut
790 952 1015 1008 placabilis
1044 969 1199 996 essem.
1224 986 1229 993 .

131 1011 133 1013 ¹
174 1021 309 1064 Forte
329 1036 471 1063 meum
493 1021 529 1063 si
550 1022 649 1077 quis
670 1029 714 1063 te
734 1023 1067 1077 percontabitur
1089 1039 1242 1074 aevum,

60 1162 159 1196 Ovid.
179 1163 243 1207 Ep.
263 1173 303 1196 ex
322 1163 420 1196 Pont.
442 1163 463 1202 i,
482 1165 512 1200 1,
531 1164 585 1200 72,
606 1163 754 1195 Conditus
774 1169 811 1194 ut

57 1207 147 1238 ti'ueae
163 1209 304 1248 carpitur
324 1218 374 1238 ore
397 1208 481 1238 tiber.
527 1208 695 1239 Vocantur
718 1206 811 1238 tineae

57 1250 183 1286 inertes,
210 1249 299 1292 quia,
326 1255 535 1292 praeterquam
566 1249 654 1292 quod
683 1250 811 1285 rodunt,

59 1291 138 1324 nihil
154 1302 174 1324 a
197 1298 276 1331 unt;
299 1298 375 1324 sunt
396 1292 495 1328 enim,
512 1297 547 1323 ut
569 1291 711 1334 loquitur
735 1292 810 1324 Vir-

57 1334 155 1376 gilius
191 1345 209 1367 e
223 1335 319 1374 fucis,
335 1337 481 1378 ignavum
496 1345 587 1375 pecus
598 1346 609 1372 ‚-
635 1334 695 1365 nisi
712 1336 809 1366 tineas

56 1378 169 1410 inertes
194 1377 353 1421 explicare
377 1377 483 1414 malis,
512 1377 633 1408 artibus
663 1377 808 1410 infestas.

57 1421 125 1453 Aut
129 1421 241 1464 fugies
261 1421 394 1457 Uticam,
410 1428 479 1456 aut,
496 1426 573 1452 cett.
590 1425 645 1452 aut
659 1430 699 1452 ex
715 1421 805 1456 urbe,

18 1478 21 1479 ⁷
57 1463 114 1496 ubi
134 1463 360 1500 contemneris,
384 1464 418 1495 in
441 1470 540 1495 terras
564 1463 658 1505 longe
674 1469 809 1495 remotas

58 1505 173 1549 fugies.
219 1508 284 1539 Pro
300 1507 388 1539 terris
403 1507 498 1548 longe
514 1507 640 1538 remotis
663 1505 747 1547 ideo,
771 1512 808 1538 ut

18 1550 19 1554 ’
55 1549 139 1582 hene
164 1550 328 1582 Gesnerus
357 1555 476 1586 monet,
506 1550 626 1580 Uticam
650 1549 807 1592 (nobilem

57 1591 147 1624 illam
162 1593 273 1625 urbem
289 1592 322 1624 in
335 1592 446 1624 Africa
455 1594 612 1632 extrema)
629 1598 660 1623 et
673 1592 807 1623 Ilerdam

58 1635 187 1678 (urbem
205 1636 238 1667 iu
256 1635 432 1678 Hispania)
456 1635 572 1678 posuit,
590 1634 666 1676 quia
683 1641 748 1666 tum
774 1635 807 1666 in

56 1677 108 1710 his
138 1678 218 1711 locis
253 1679 473 1710 Romanarum
507 1678 667 1709 literarum
701 1677 809 1709 studia

56 1721 186 1754 tractari
201 1727 234 1754 et
247 1721 365 1754 fervere
387 1721 596 1764 incipiebant.
641 1721 681 1751 In
706 1721 809 1762 Epist.

58 1764 99 1796 ad
114 1764 183 1797 Pis.
198 1775 229 1797 v.
245 1766 322 1802 345,
338 1766 378 1796 de
389 1765 483 1796 bonae
507 1764 606 1805 frugis
628 1763 720 1799 libro,
747 1764 809 1795 Hic

58 1815 152 1840 neret
165 1819 228 1840 aera
247 1809 324 1839 liber
339 1808 444 1844 Sociis,
463 1808 512 1839 hic
532 1814 560 1838 et
580 1818 664 1838 mare
682 1809 808 1838 transit.

63 1850 202 1887 Vinctus,
219 1861 266 1883 sc.
276 1850 442 1887 funiculis,
453 1850 571 1892 quibus
582 1860 624 1880 nu
630 1860 668 1881 nc
680 1859 808 1892 quoque

10 1913 13 1916 -
56 1893 250 1936 colligantur
260 1899 292 1926 et
307 1893 570 1934 constringuntur
580 1892 652 1923 libri
665 1892 696 1923 in
709 1898 808 1924 terras

15 1938 21 1962 ’ἓ
57 1943 193 1969 remotas
223 1937 382 1969 mittendi.
439 1936 508 1968 Alii
540 1936 652 1976 legunt
679 1942 805 1972 unctus,

12 1987 30 2026 ‚fs
57 1978 92 2012 h.
110 1990 140 2012 ο.
161 1980 251 2012 sorde
282 1980 446 2023 pollutus;
486 1978 543 2010 sed
573 1978 675 2019 magis
704 1979 809 2020 placet

19 2033 29 2058 7,
57 2024 190 2055 vinctus.
249 2023 413 2058 Ceterum,
442 2022 529 2065 quod
566 2021 720 2052 Horatius
756 2022 806 2053 vel

18 2063 29 2102 ,'
56 2065 195 2098 maxime
209 2065 242 2097 in
254 2065 336 2097 votis
348 2065 470 2103 habuit,
483 2064 607 2096 scilicet
619 2070 654 2095 ut
665 2063 806 2096 carmina

11 2117 28 2142 ΐψ
56 2117 116 2141 sua
129 2109 163 2140 in
179 2109 252 2141 loca
265 2108 475 2140 remotissima
498 2112 756 2150 propagarentur,
774 2113 806 2139 et

54 2151 142 2194 quod
156 2152 191 2184 in
213 2151 346 2193 gloriam
362 2161 452 2182 suam
476 2151 616 2182 futurum
641 2160 710 2182 esse
732 2161 804 2192 sup.

56 2194 96 2239 iu·
107 2194 190 2226 Odis
203 2193 286 2238 (vid.
296 2194 431 2235 Argum.
445 2193 542 2236 hujus
557 2192 678 2235 Epist.)
692 2193 803 2224 vatici-

13 2241 17 2246 ’·
55 2242 152 2269 natus
174 2243 235 2274 est,
250 2237 284 2269 id
307 2247 393 2269 nunc
408 2236 448 2268 ad
472 2236 557 2267 mala
579 2246 652 2278 quae
677 2235 756 2267 liber
771 2236 803 2267 in

8 2279 44 2316 1³5*
78 2280 220 2313 ublicum
249 2279 383 2313 emissus
412 2285 597 2322 experturus
626 2278 678 2316 sit,
703 2278 803 2310 simu-

67 2329 157 2356 anter
169 2323 274 2356 refert.

1 2390 15 2403 4,
102 2367 242 2399 14-16.
263 2367 391 2399 Ridebit
402 2367 544 2403 monitor,
561 2369 636 2397 cett.
666 2365 801 2397 Sensus:

16 2411 23 2449 s
54 2413 123 2441 tum
146 2419 206 2452 ego
228 2416 270 2448 te,
294 2408 351 2452 qui
373 2419 437 2440 non
460 2408 619 2441 exaudisti
641 2418 713 2450 quae
736 2418 803 2439 mo-

4 2471 28 2498 3,
57 2451 126 2490 nui,
141 2452 260 2491 ridebo,
276 2452 362 2484 sieut
376 2452 430 2484 ille
444 2452 476 2483 in
497 2451 613 2482 fabulis
629 2450 697 2482 risit
719 2451 804 2482 asel-

17 2526 22 2528 .
55 2492 135 2535 lum,
148 2495 217 2539 qui,
232 2506 307 2528 cum
322 2505 431 2538 parere
446 2494 555 2530 nollet,
572 2494 612 2525 ab
626 2504 664 2525 eo
680 2494 758 2525 irato
774 2493 807 2525 in

52 2546 167 2588 >mpero
181 2544 345 2588 protrusus
356 2548 390 2569 se
399 2537 474 2569 inde
488 2536 682 2580 praecipitem
698 2536 805 2576 dedit;

4 2578 34 2585 ⁴⁵
141 2591 227 2614 emm
243 2586 334 2614 curet
347 2590 471 2613 servare
487 2585 714 2622 repugnantem
727 2581 739 2610 ’Ξ

11 2647 22 2662 s
39 2651 41 2654 .
102 2624 155 2662 17,
185 2625 237 2656 18.
285 2624 352 2656 Hoc
382 2634 508 2665 quoque,
531 2628 606 2654 cett.
663 2622 802 2653 Sensus:

1 2679 2 2682 ¹
11 2686 42 2710 ,w
56 2665 127 2699 hae
143 2677 271 2710 quoque
286 2667 344 2699 tibi
359 2666 516 2699 destinata
526 2670 573 2697 est
587 2675 666 2702 sors,
680 2671 714 2695 ut
730 2675 808 2707 pue-

10 2708 34 2751 fs
56 2718 107 2743 1ο·
129 2709 164 2742 in
188 2709 336 2743 extremis
365 2708 447 2741 vicis
472 2709 630 2740 elementa
664 2706 808 2739 docendo

16 2760 30 2787 j
57 2761 279 2785 mansuescas.
323 2753 408 2785 Cum
430 2757 513 2783 esset
532 2750 618 2794 apud
643 2750 809 2782 Romanos

14 2803 15 2806 ’
34 2792 110 2829 *hio
134 2806 216 2832 mos,
241 2801 277 2828 ut
297 2795 416 2839 pueris,
441 2794 558 2837 quibus
585 2793 616 2824 in
639 2792 736 2830 ludis,
751 2792 808 2834 qui

1 2838 43 2866 12„
52 2843 147 2871 ‘emt
159 2839 194 2871 in
208 2838 359 2871 extremis
376 2837 454 2870 vicis
468 2838 518 2869 vel
533 2836 694 2879 compitis,
707 2835 809 2878 prima

9 2879 214 2914 *el-uentu
226 2881 444 2918 tradebantur,
463 2880 622 2912 nobilium
647 2884 809 2921 poetarum

7 2922 210 2965 emina,
223 2935 297 2967 qum
312 2923 360 2956 illi
376 2923 564 2961 ediscerent,
580 2933 599 2954 a
622 2921 811 2963 ludimagis-

12 2979 30 3013 γ.
40 2997 45 3004 ,
57 2965 113 3000 his
124 2967 323 3000 dictarentur
336 2979 347 3006 ,·
369 2967 438 3008 jam
451 2966 601 2999 Horatius
614 2974 672 2996 sua
685 2974 813 3006 quoque

855 1164 996 1195 carmina
1011 1163 1044 1195 in
1059 1165 1144 1195 ludis
1167 1164 1319 1196 dictatum
1345 1164 1382 1196 iri
1407 1165 1609 1198 vaticinatur.

855 1207 927 1237 Nec
943 1207 995 1239 hic
1013 1207 1189 1238 carminum
1204 1219 1332 1239 suorum
1349 1209 1381 1239 in
1405 1209 1524 1240 scholis
1548 1209 1607 1239 mi-

855 1249 984 1281 noribus
998 1260 1077 1281 usus
1093 1250 1239 1282 dedecori
1254 1262 1322 1283 esse
1337 1251 1441 1293 potuit
1462 1251 1608 1283 Horatio.

856 1292 973 1323 Scribit
989 1293 1114 1334 quidem
1140 1293 1195 1325 ille
1211 1295 1281 1325 Sat.
1299 1294 1321 1330 i,
1343 1295 1393 1332 lO,
1410 1295 1463 1331 75,
1483 1296 1533 1325 An
1550 1301 1607 1326 tua

854 1335 971 1366 demens
990 1335 1110 1367 Vilibus
1125 1339 1156 1367 in
1176 1338 1258 1368 Indis
1268 1339 1383 1368 dictari
1395 1339 1530 1368 carmina
1542 1349 1605 1368 ma-

854 1378 916 1407 lis?
951 1377 1006 1409 sed
1033 1378 1131 1414 idem,
1155 1380 1223 1410 Sat.
1245 1379 1278 1415 ii,
1308 1381 1337 1415 1,
1362 1381 1415 1418 71,
1437 1380 1604 1421 plagosum

855 1420 1013 1452 Orbilium
1029 1421 1244 1464 antiquissimi
1260 1428 1363 1464 poetae
1376 1422 1459 1454 Livii
1479 1423 1606 1454 Andro-

854 1462 918 1494 nici
943 1463 1085 1495 carmina
1111 1464 1173 1495 sibi
1196 1467 1324 1497 dictasse
1352 1465 1409 1496 ait.
1463 1466 1606 1497 Senectus

852 1507 953 1542 balba,
980 1518 1045 1538 non
1069 1518 1139 1538 raro
1163 1508 1249 1540 enim
1275 1519 1335 1540 vox
1363 1509 1604 1549 grandaevorum

853 1549 952 1580 blaesa
965 1556 997 1581 et
1010 1550 1103 1581 balba
1120 1562 1190 1582 esse
1206 1551 1297 1583 solet.
1337 1552 1482 1591 Occupet,
1498 1562 1544 1584 sc.
1560 1558 1604 1588 te,

853 1596 883 1623 te
898 1593 1066 1635 opprimat,
1078 1593 1136 1625 tibi
1151 1595 1301 1637 obrepat:
1327 1605 1400 1636 sup.
1413 1606 1443 1625 v.
1463 1596 1500 1626 10
1511 1594 1605 1632 dixit,

853 1636 946 1666 donec
962 1642 990 1666 te
1005 1638 1117 1667 deseret
1134 1643 1217 1668 ortas.

899 1679 950 1709 19.
974 1680 1024 1709 Sol
1047 1681 1184 1719 tepidus.-
1210 1678 1249 1710 iis
1273 1679 1358 1711 horis
1378 1679 1604 1722 pomeridianis

853 1720 971 1761 quibus
996 1721 1071 1752 solis
1098 1722 1184 1753 calor
1214 1728 1262 1753 est
1293 1722 1419 1760 mitior3
1458 1722 1605 1755 videntur

852 1762 978 1794 scilicet
988 1764 1047 1795 hoc
1061 1770 1200 1807 tempore
1213 1765 1318 1807 (apud
1329 1776 1385 1796 nos
1397 1765 1483 1797 circa
1493 1765 1602 1797 horam

854 1806 949 1837 fenne
966 1807 1100 1847 nonam)
1118 1814 1264 1850 parentes
1281 1808 1330 1839 vel
1347 1808 1402 1839 alii
1418 1807 1511 1839 ludos
1534 1809 1602 1840 adi-

852 1847 924 1886 isse,
943 1855 985 1886 et,
1010 1861 1080 1891 quae
1103 1850 1147 1882 ibi
1171 1850 1361 1882 docerentur
1384 1850 1485 1892 pueri,
1509 1852 1600 1882 audi-

852 1891 943 1923 visse.
990 1893 1076 1925 Hine
1098 1904 1169 1935 sup.
1193 1895 1259 1925 Sat.
1275 1893 1297 1930 i,
1320 1895 1352 1932 6,
1375 1895 1429 1931 82,
1449 1894 1601 1926 Horatius

851 1934 891 1966 de
907 1941 995 1977 patre
1010 1947 1079 1973 suo,
1098 1937 1164 1976 Ipse
1178 1938 1252 1968 mihi
1275 1944 1372 1968 custos
1395 1939 1599 1977 incorruptis-

852 1979 944 2009 simus
959 1990 1057 2010 omnes
1075 1980 1199 2010 Circum
1214 1982 1347 2012 doctores
1369 1982 1489 2012 aderat.
1534 1982 1600 2012 Au—

851 2031 908 2057 res,
926 2021 1096 2054 auditores.

895 2066 949 2095 20.
973 2065 1133 2097 Libertina
1146 2073 1255 2106 patre.-
1281 2064 1323 2097 cf.
1340 2076 1411 2107 sup.
1429 2066 1496 2097 Sat.
1520 2066 1541 2104 i,
1565 2068 1598 2102 6,

849 2108 903 2179 3²5.
936 2107 1009 2138 Fuit
1019 2113 1125 2140 autem
1143 2114 1231 2151 pater
1249 2107 1369 2140 Horatii
1381 2115 1515 2140 coactor:
1532 2109 1598 2141 vid.

866 2172 873 2180 .
892 2150 914 2180 l.
929 2162 960 2181 v.
980 2151 1035 2181 86.

891 2194 946 2224 21.
971 2193 1104 2234 Majores
1129 2205 1242 2234 pennas
1267 2195 1352 2230 nido,
1380 2198 1457 2225 cett.
1480 2205 1542 2231 me,
1565 2195 1598 2226 in

849 2245 880 2266 re
897 2235 986 2267 tenui
1011 2242 1132 2272 natum,
1149 2236 1269 2279 majora
1285 2243 1316 2268 et
1339 2236 1452 2268 altiora
1474 2239 1598 2280 assequi

848 2278 1016 2323 studuisse.
1039 2279 1203 2322 Expressit
1217 2281 1275 2312 hoc
1288 2280 1427 2322 imagine
1440 2280 1480 2311 ab
1492 2282 1599 2312 avium

849 2322 947 2363 pullis
969 2323 1076 2358 ducta.
1109 2323 1166 2365 qui
1192 2323 1327 2365 majores
1355 2333 1477 2366 pennas
1500 2325 1599 2361 nacti,

848 2375 921 2396 cum
931 2365 1098 2396 evolarunt
1108 2376 1125 2397 e
1137 2365 1223 2403 nido,
1237 2366 1276 2397 ad
1290 2366 1404 2397 altiora
1415 2366 1562 2398 tendunt.

893 2409 946 2439 22.
977 2408 1018 2439 Ut
1043 2418 1205 2449 qnantum,
1230 2414 1306 2441 cett.
1330 2409 1375 2440 ita
1398 2409 1539 2451 quidem,
1564 2418 1600 2442 ut

849 2451 952 2491 gentis
976 2461 1054 2482 mem
1076 2452 1308 2493 ignobilitatem
1332 2462 1518 2495 compenses
1539 2455 1599 2484 vir-

851 2498 953 2525 tutum
965 2504 1106 2526 mearum
1119 2494 1294 2527 nobilitate.
1318 2495 1372 2527 Ad
1381 2497 1477 2527 addas
1486 2497 1601 2539 supple

851 2543 985 2573 tantum,
1010 2538 1096 2579 quod
1120 2537 1170 2569 vel
1193 2543 1265 2580 post
1281 2538 1332 2570 vel
1355 2544 1429 2570 ante
1449 2546 1599 2580 quantum

851 2579 966 2622 saepius
998 2579 1099 2612 omitti
1130 2580 1228 2612 solet:
1268 2581 1332 2613 vid.
1365 2582 1531 2613 Drakenb.
1559 2583 1599 2614 ad

856 2621 923 2654 Liv.
939 2622 974 2658 ii,
994 2624 1046 2658 10,
1064 2624 1080 2665 §
1098 2625 1149 2658 12,
1166 2624 1204 2654 T.
1221 2623 1243 2661 i,
1257 2635 1289 2667 p.
1305 2626 1382 2656 281.

894 2666 947 2696 23.
974 2666 1087 2697 Primis
1099 2667 1194 2702 urbis,
1207 2666 1393 2699 nominatim
1409 2667 1599 2699 Maecenati:

852 2718 926 2750 sup.
951 2709 1018 2740 Sat.
1042 2708 1077 2745 ii,
1102 2710 1131 2745 1,
1158 2710 1200 2740 76
1219 2709 1310 2746 dicit,
1334 2717 1434 2742 tamen
1459 2722 1505 2741 me
1525 2711 1602 2742 Cum

852 2753 971 2792 magnis
995 2753 1101 2783 viaisse
1123 2754 1223 2784 invita
1240 2753 1403 2796 fatebitur
1427 2764 1520 2793 usque
1544 2753 1600 2784 In-

853 2795 949 2825 vidia.
995 2794 1096 2826 Belli.-
1119 2795 1270 2827 Horatius
1287 2795 1436 2828 militavit
1455 2795 1602 2827 tribunus

855 2837 954 2868 Bruto
976 2839 1096 2870 militioe.
1119 2839 1208 2875 duce,
1234 2838 1298 2870 Od.
1322 2839 1356 2876 ii,
1379 2841 1410 2877 7,
1431 2839 1464 2873 2,
1483 2838 1550 2874 sed,
1567 2844 1604 2870 ut

854 2879 921 2922 ipse
947 2879 1079 2916 ibidem,
1105 2892 1135 2912 v.
1164 2882 1215 2918 10,
1246 2881 1372 2917 fatetur,
1402 2882 1513 2912 relicta
1542 2893 1603 2912 non

855 2923 927 2954 bene
941 2925 1103 2964 parmula:
1128 2923 1170 2955 cf.
1187 2935 1258 2967 sup.
1274 2925 1341 2957 Sat.
1355 2925 1378 2961 i,
1391 2925 1424 2961 6,
1440 2924 1494 2954 25.

900 2966 955 2998 24.
979 2966 1118 3007 Corporis
1130 2968 1251 3008 exigui:
1276 2967 1428 3010 sup.Sat.
1440 2965 1474 3001 ii,
1489 2966 1518 3001 3,
1529 2967 1606 3004 309,

794 3007 888 3038 xk2
