1884 3288
292 202 376 244 276

894 203 1193 246 EPODON

523 302 674 344 Ureris
696 303 788 358 ipse
808 304 958 355 miser-3
991 305 1106 358 quod
1131 306 1165 346 si
1186 320 1271 347 non
1293 304 1513 360 pulchrior
1532 305 1644 360 ignis

691 369 904 412 Accendit
925 372 1143 412 obsessam
1164 371 1287 419 Ilion,

442 436 492 475 15
523 435 679 477 Gaude
701 444 816 478 sorte
838 443 936 478 tua:
970 453 1034 479 me
1055 437 1266 488 libertina,
1289 453 1427 492 neque
1447 451 1533 478 uno

692 503 916 554 Contenta,
939 504 1113 558 Phryne
1133 512 1331 546 macerat.

844 695 1114 736 CARMEN
1147 695 1250 737 XV.

808 855 893 885 AD
947 855 1291 886 NEAERAM.

524 971 630 1012 Nox
652 979 757 1022 erat,
780 979 823 1013 et
843 972 952 1014 coelo
974 972 1166 1028 fulgebat
1188 974 1314 1014 Luna
1335 988 1485 1015 sereno

694 1038 812 1079 Inter
832 1040 994 1079 minora
1016 1040 1170 1089 sidera,

526 1103 671 1149 Quum
694 1110 753 1153 tu,
774 1119 1025 1158 magnorum
1045 1120 1201 1146 numen
1220 1105 1375 1146 laesura
1394 1104 1602 1153 Deorum,

696 1170 745 1210 In
767 1172 896 1212 verba
910 1172 1088 1225 jurabas
1109 1186 1215 1221 mea,

467 1237 493 1275 5
524 1235 715 1284 Arctius,
737 1244 866 1290 atque
887 1237 1049 1279 hedera
1070 1253 1248 1292 procera
1267 1238 1550 1292 adstringitur
1569 1235 1670 1286 ilex,

695 1302 844 1343 Lentis
867 1304 1090 1345 adhaerens
1114 1305 1324 1345 brachiis:

526 1367 643 1408 Dum
664 1369 808 1422 pecori
826 1369 965 1423 lupus,
989 1377 1031 1410 et
1052 1371 1192 1411 nautis
1215 1371 1396 1412 infestus
1419 1371 1556 1412 Orion

691 1435 910 1477 Turbaret
931 1436 1156 1478 hibernum
1177 1453 1306 1487 mare,

296 1557 409 1589 affectu
425 1557 614 1600 perturbato.
661 1557 748 1591 Quod
763 1557 788 1586 si
802 1568 860 1587 non
874 1559 1029 1596 pulchrior

295 1602 378 1640 ignis
392 1602 534 1630 Accendit
545 1601 680 1629 obsessam
695 1599 784 1632 Ilion,
799 1599 910 1638 quodsi
925 1606 1027 1630 autem

296 1642 403 1683 puella
418 1647 471 1672 tua
487 1651 574 1682 aeque
591 1640 723 1682 pulchra
743 1645 789 1670 est
804 1646 898 1680 atque
917 1641 974 1671 illa
988 1642 1027 1672 ob

298 1693 392 1724 quam
411 1683 505 1723 Troja
526 1684 650 1713 obsessa
668 1688 698 1712 et
718 1691 851 1712 accensa
873 1688 930 1719 est,
950 1683 980 1713 h.
1001 1694 1030 1714 e.

296 1725 409 1766 quodsi
424 1731 526 1755 autem
549 1724 653 1765 puella
674 1729 728 1754 tua
742 1722 801 1764 ipsi
820 1724 948 1755 Helenae
967 1735 1029 1756 non

297 1766 381 1797 cedit
392 1766 636 1809 pulchritudine.
682 1766 787 1806 Ignis:
812 1765 890 1796 alias
906 1776 1030 1814 quoque

298 1809 437 1850 pulchrae
468 1809 594 1856 pueHae,
628 1808 668 1838 ob
701 1817 834 1838 amorem
871 1818 963 1848 quem
999 1820 1030 1840 ιιι

298 1851 469 1882 amantium
482 1850 595 1880 animis
609 1850 797 1883 accendunt,
815 1851 964 1891 appellari
981 1861 1030 1881 so·

298 1892 366 1923 lent
379 1895 473 1934 ignes.
517 1891 708 1923 Notissimus
724 1897 772 1923 est
788 1891 876 1922 locus
895 1893 1032 1924 Terentii

301 1935 449 1965 Eunuch.
472 1934 493 1969 i,
517 1935 549 1969 2,
574 1937 605 1970 5,
630 1935 742 1964 Accede
759 1935 798 1963 ad
826 1936 923 1974 ignem
942 1935 1031 1972 hunc,

290 1978 360 2015 jam
380 1977 500 2007 calesces
513 1977 583 2016 plus
601 1977 695 2012 stitis,·
719 1975 898 2015 Virg.Ec1.
918 1975 962 2011 iii,
979 1978 1031 2013 66,

300 2019 341 2049 At
357 2019 430 2049 mihi
445 2028 502 2048 sese
519 2017 606 2059 offert
625 2018 707 2047 ultro
721 2028 800 2048 meus
818 2019 896 2058 ignis
916 2022 1030 2059 Amyn-

301 2066 358 2091 tas.
403 2059 464 2090 Sed
482 2061 580 2090 multo
601 2058 827 2106 significantius
848 2070 931 2090 nunc
952 2063 1031 2101 ignis

297 2101 411 2133 dicitur
434 2102 568 2136 Helena,
591 2100 706 2142 quippe
731 2112 802 2142 quae
825 2112 887 2131 non
909 2107 1028 2132 tantum

298 2143 422 2175 Paridis
432 2143 570 2174 animum
595 2153 698 2173 amore
724 2153 795 2183 erga
820 2153 852 2173 se
876 2145 1028 2180 accendit,

297 2186 352 2216 sed
370 2196 422 2227 per
437 2186 544 2216 hunc
537 2195 639 2233 ipsum
656 2185 748 2215 simul
770 2195 903 2215 amorem
921 2195 1030 2217 accen-

296 2237 339 2259 sae
364 2238 489 2270 quoque
519 2227 619 2269 Trojae
644 2236 737 2257 causa
770 2226 881 2257 extitit.
929 2228 992 2268 Neq
995 2239 1031 2258 ue

295 2281 358 2300 imo
370 2277 525 2301 contenta.
546 2269 692 2300 Catullus
703 2279 828 2310 quoque
844 2268 943 2304 lxviii,
959 2271 1029 2306 135,

297 2312 336 2343 de
352 2312 451 2342 amica
474 2322 542 2347 sua,
561 2312 633 2346 Quae
650 2318 747 2341 rumen
765 2312 819 2341 etsi
833 2322 894 2341 uno
912 2322 971 2341 non
988 2319 1030 2343 est

296 2360 434 2385 contenta
450 2355 582 2386 Catullo.

516 2437 712 2468 CARMEN
737 2437 811 2467 XV.

340 2481 473 2518 Neaerae,
495 2490 588 2520 quam
611 2479 804 2509 sanctissimo
823 2478 1028 2520 jurejurando

282 2523 400 2557 ,datam
414 2522 473 2553 sibi
489 2522 520 2552 in
536 2531 638 2551 amore
653 2521 744 2551 fidem
764 2521 908 2551 fefellisse
923 2521 1027 2562 queri-

297 2570 358 2602 tur,
371 2564 579 2595 firmissimum
596 2563 691 2593 animi
709 2562 756 2593 sui
778 2562 944 2593 consilium
965 2564 1027 2604 sig-

298 2607 415 2638 nificat.
459 2607 612 2638 Juvenem
635 2610 737 2636 autem
764 2615 781 2634 a
809 2606 921 2636 Neaera
946 2616 1027 2636 nunc

296 2649 356 2680 sibi
385 2648 560 2696 praelatum,
590 2647 732 2688 quamvis
763 2646 815 2677 ille
844 2646 1027 2686 ditissimus,

295 2690 508 2726 doctissimus,
528 2695 559 2721 et
575 2689 813 2720 formosissimus
829 2689 882 2724 sit,
901 2673 1028 2722 eandeni

295 2739 398 2765 tamen
411 2733 494 2775 apud
507 2732 650 2763 Neaeram
647 2730 820 2804 operfidiam
832 2738 1030 2772 experturum

297 2785 377 2812 esse,
393 2775 426 2806 in
441 2773 554 2806 doloris
568 2774 616 2804 sui
631 2783 646 2803 s
679 2778 773 2803 atium
791 2779 970 2814 auguratur.

343 2818 459 2849 1-10.
485 2817 551 2847 Nox
565 2821 641 2851 erat.
657 2820 732 2846 cett.
749 2814 818 2846 vide
834 2825 926 2856 quam
942 2825 1028 2856 egre-

297 2861 345 2902 gie
359 2865 451 2902 poeta
457 2857 651 2890 exornaverit
660 2857 844 2888 sententiam
858 2856 919 2888 sere
929 2857 1026 2888 hanc:

296 2904 388 2934 Luna
409 2901 533 2933 lucebat
554 2901 586 2930 in
608 2899 691 2931 coelo
713 2909 831 2934 sereno,
854 2909 925 2929 cum
948 2899 1028 2931 inter

294 2944 485 2977 arctissimos
527 2941 710 2984 complexus
743 2941 955 2983 jurejurando,
998 2948 1027 2974 te

1072 1564 1191 1596 semper
1210 1564 1258 1585 me
1273 1564 1368 1584 unum
1389 1559 1559 1585 amaturam
1581 1563 1661 1591 esse,
1679 1559 1711 1587 et
1732 1554 1806 1587 deos

1072 1601 1102 1626 et
1116 1607 1165 1626 me
1186 1595 1327 1627 luderes'
1357 1596 1421 1626 Nox
1438 1602 1514 1632 erat,
1531 1603 1559 1628 et
1577 1598 1648 1628 coelo
1657 1597 1806 1645 fulgebat

1073 1637 1162 1668 Luna
1182 1649 1293 1668 sereno.
1337 1639 1482 1674 Noctem,
1502 1639 1638 1674 Lunam,
1656 1645 1688 1671 et
1705 1608 1806 1670 sidera

1073 1690 1155 1721 saepe
1184 1679 1266 1722 apud
1296 1686 1401 1721 poetas
1433 1687 1573 1712 amantes
1607 1681 1721 1713 amoris
1756 1681 1806 1712 sui
1838 1681 1844 1690 '

1072 1722 1198 1753 conscia
1218 1722 1358 1752 faciunt·
1381 1721 1421 1754 cf.
1444 1722 1582 1764 Meleag.
1604 1722 1679 1759 lxxi,
1701 1724 1806 1765 lsqq.

1073 1763 1204 1795 Anthol.
1231 1765 1335 1795 Graec.
1360 1765 1397 1795 Τ.
1422 1765 1444 1801 i,
1469 1775 1501 1806 p.
1527 1766 1581 1800 22,
1604 1770 1635 1796 et
1657 1765 1746 1807 plura
1772 1766 1805 1797 in

1073 1805 1154 1836 hanc
1174 1816 1236 1836 rem
1255 1816 1271 1836 a
1292 1805 1541 1837 Mitscberlichio
1560 1807 1679 1848 prolata
1700 1817 1805 1839 exem-

1074 1847 1138 1888 pla.
1182 1848 1532 1879 Inter-minorasidera:
1555 1858 1626 1890 sup.
1643 1849 1664 1887 i,
1684 1849 1734 1884 12,
1753 1851 1808 1886 47,

1081 1891 1166 1920 Velut
1195 1892 1276 1920 inter
1302 1891 1386 1932 ignes
1415 1891 1508 1921 Luna
1533 1893 1670 1922 minores.
1711 1891 1806 1933 Mag-

1074 1943 1181 1962 norum
1211 1943 1298 1962 nume
1300 1943 1318 1962 n
1342 1934 1476 1968 dem-um,
1500 1942 1548 1963 ma
1554 1932 1694 1964 estatem
1718 1943 1805 1974 mag-

1075 1983 1183 2004 norum
1214 1975 1352 2010 deorum,
1382 1984 1511 2015 magnos
1562 1984 1637 2013 eos;
1666 1974 1806 2016 intellige

1075 2015 1228 2046 Venerem
1245 2022 1276 2047 et
1290 2016 1367 2047 alios
1381 2018 1455 2048 deos
1469 2017 1624 2058 deasque:
1648 2017 1767 2048 Tibull.
1782 2017 1804 2054 i,

1073 2058 1105 2093 2,
1135 2059 1187 2093 79,
1214 2058 1297 2088 Num
1327 2059 1446 2089 Veneris
1472 2070 1585 2100 mugnoe
1611 2060 1720 2090 violavi
1746 2071 1805 2090 rm·

1072 2102 1153 2130 mina
1183 2101 1288 2130 verbo?
1321 2101 1461 2131 Laesura:
1491 2101 1535 2132 sic
1570 2100 1692 2148 Phyllis
1722 2102 1805 2143 apud

1074 2142 1169 2172 Ovid.
1193 2141 1321 2172 Heroid.
1343 2141 1377 2179 ii,
1399 2144 1451 2178 43,
1475 2144 1514 2174 de
1537 2142 1620 2173 laesis
1642 2153 1659 2174 a
1686 2143 1804 2175 Demo-

1075 2183 1208 2224 phoonte
1227 2194 1280 2225 per
1298 2184 1431 2234 perjuria
1454 2184 1648 2220 numinibus,
1663 2185 1696 2216 Si
1711 2186 1747 2216 de
1761 2192 1804 2217 tot

1075 2226 1148 2255 lassis
1158 2236 1212 2255 sua
1223 2228 1347 2255 numina
1356 2228 1482 2275 'quisque
1495 2227 1624 2257 Deorum
1644 2226 1803 2265 Vindicet,

1073 2268 1106 2296 in
1120 2277 1221 2306 poenas
1234 2278 1287 2296 non
1304 2269 1375 2298 satis
1390 2279 1469 2298 unus
1480 2270 1548 2298 erit.
1580 2268 1619 2299 In
1629 2270 1714 2299 rerba
1726 2281 1804 2305 mea,

1072 2308 1104 2339 in
1120 2309 1224 2344 verba,
1241 2319 1310 2349 quae
1326 2309 1390 2351 ipse
1405 2309 1461 2340 tibi
1477 2309 1637 2352 praeibam.
1668 2312 1804 2347 Arc-tius,

1071 2357 1161 2391 atque
1182 2352 1289 2381 hedera
1311 2358 1383 2382 cett.
1406 2351 1516 2392 junge,
1539 2353 1690 2383 adherens
1716 2354 1804 2384 lentis

1071 2393 1199 2423 brachiis
1213 2395 1337 2429 arctius,
1355 2401 1444 2434 atque
1458 2405 1579 2434 procera
1595 2395 1655 2425 ilex
1668 2397 1804 2426 adstrin-

1069 2437 1156 2474 gitur
1180 2435 1424 2476 (circumdatur)
1445 2437 1552 2467 hedera
1576 2437 1634 2478 (ab
1657 2435 1802 2476 hedera),

1073 2477 1103 2507 h.
1119 2487 1145 2507 e
1163 2478 1237 2507 dum
1254 2477 1346 2508 lentis
1364 2477 1426 2508 tuis
1441 2477 1575 2508 brachiis
1590 2477 1706 2509 arctius
1725 2479 1804 2510 meis

1072 2519 1267 2560 amplexibus
1283 2519 1475 2554 adhaerebas,
1467 2525 1583 2592 ,atzjue
1598 2519 1729 2562 (quam)
1748 2521 1804 2552 he-

1071 2560 1143 2591 dera
1159 2561 1223 2591 ilici
1239 2561 1394 2592 adhaerere
1409 2562 1486 2593 solet
1545 2564 1589 2592 les
1598 2564 1804 2603 adstringitur

1071 2603 1188 2639 Ιιεάεια,
1198 2603 1384 2644 exquisitius
1399 2614 1466 2646 pro,
1481 2602 1594 2634 hedera
1603 2603 1804 2645 adstringitur

1073 2645 1124 2683 (h.
1141 2656 1170 2676 e.
1191 2646 1385 2684 annectitur)
1407 2646 1446 2676 ad
1468 2645 1584 2684 ilicem,
1602 2645 1634 2677 h.
1654 2656 1683 2677 e.
1705 2647 1805 2678 ambit

1075 2686 1190 2719 ilicem.
1234 2688 1350 2723 Lentis,
1372 2687 1573 2723 flexibilibus,
1602 2687 1740 2730 apposite
1765 2688 1804 2720 de

1075 2735 1159 2760 arcto
1175 2730 1342 2777 amplexu;
1363 2729 1407 2760 sic
1425 2731 1506 2761 lema
1522 2732 1592 2761 vitis
1608 2730 1692 2772 apud
1714 2729 1803 2771 Virg.

1074 2771 1144 2802 Ecl.
1182 2771 1229 2806 iu,
1270 2773 1322 2808 38,
1362 2772 1460 2803 Lenta
1496 2773 1602 2820 quibus
1644 2741 1803 2813 (poculisg)

1073 2819 1158 2844 torno
1168 2813 1267 2855 facili
1284 2815 1477 2853 superaddita
1500 2815 1587 2845 vilis:
1613 2819 1748 2846 ceterum
1763 2813 1803 2846 de

1070 2855 1163 2886 arctis
1179 2856 1349 2887 amantium
1365 2855 1578 2904 complexibus
1592 2865 1664 2886 cum
1678 2855 1804 2892 hedera,

1070 2897 1232 2928 arboribus
1261 2908 1294 2929 sc
1324 2897 1512 2940 applicante,
1542 2897 1730 2940 comparatis
1759 2898 1804 2929 cf.

1070 2950 1138 2982 sup
1158 2939 1179 2977 i,
1202 2941 1256 2976 36,
1280 2941 1332 2972 20.
1378 2940 1458 2970 Dum
1479 2941 1577 2979 pecori
1601 2941 1707 2980 lupus:
1730 2949 1802 2982 par·
