1884 3288
286 211 372 252 282

863 209 1160 252 EPODON

371 310 426 351 55
456 308 674 363 Pluraque
694 308 837 351 felices
857 309 1129 362 mirabimur3
1161 317 1208 351 ut
1227 325 1367 365 neque
1385 310 1515 367 largis

508 374 715 429 Aquosus
738 375 884 417 Eurus
905 391 1004 418 arva
1024 378 1147 418 radat
1167 378 1388 428 imbribus,

456 442 641 496 Pinguia
661 456 740 483 nec
762 443 883 484 siccis
904 450 1085 484 urantur
1106 445 1264 484 semina
1284 444 1445 499 glebis;

513 508 757 562 Utrumque
778 523 879 563 rege
901 517 1164 563 temperante
1187 510 1400 552 coelitum.

455 574 560 616 Non
579 574 664 615 huc
685 573 834 628 Argoo
854 575 1074 615 contendit
1093 577 1252 630 remige
1273 578 1413 630 pinus,

371 642 429 682 60
514 640 671 694 Neque
693 641 908 694 impudica
930 639 1101 680 Colchis
1122 641 1262 682 intulit
1281 644 1456 696 pedem;

455 707 559 748 Non
579 707 663 748 huc
684 707 850 748 Sidonii
869 714 1086 748 torserunt
1107 721 1264 748 cornua
1285 715 1440 758 nautae,

513 774 754 815 Laboriosa
774 787 853 814 nec
874 773 1026 814 cohors
1050 772 1207 814 Ulixei.

455 840 629 895 Jupiter
644 840 714 880 illa
733 841 813 894 piae
835 841 1015 881 secrevit
1035 839 1159 882 litora
1179 841 1310 895 genti,

514 906 577 947 Ut
597 907 831 960 inquinavit
851 921 936 947 aere
958 914 1125 961 tempus
1146 921 1320 948 aureum
1337 923 1347 957 3

371 973 428 1014 65
458 973 593 1014 AErea
613 972 770 1013 dehinc
790 972 903 1013 ferro
924 973 1093 1014 duravit
1113 972 1279 1022 saecula,
1301 986 1482 1026 quorum

514 1039 602 1080 Piis
624 1041 828 1090 secunda,
850 1047 944 1081 vate
965 1055 1044 1089 me,
1067 1040 1193 1080 datur
1214 1039 1328 1094 fuga.

813 1193 1086 1237 CARMEN
1118 1193 1268 1235 XVII.

754 1319 846 1349 AD
893 1319 1328 1350 CANIDIAM.

945 1424 1182 1453 HORATIUS.

513 1513 607 1554 JAM
625 1514 713 1568 jam
733 1513 894 1554 efficaci
915 1513 971 1554 do
991 1527 1139 1554 manus
1162 1511 1348 1553 scientiae

515 1579 724 1634 Supplex,
746 1586 790 1621 et
810 1594 883 1620 ore
904 1594 1038 1633 regna
1058 1593 1136 1632 per
1158 1578 1443 1631 Proserpinae,

333 1688 474 1718 55—58.
515 1688 567 1724 Ut,
604 1686 739 1728 exempli
780 1696 887 1721 causa,
927 1685 1023 1726 quod.

294 1729 396 1769 Neque
422 1731 518 1770 largis
545 1732 677 1770 Aquosus
708 1729 810 1758 Eurus
833 1740 907 1758 arva
933 1730 1023 1758 radat

289 1773 444 1807 imbribus,
477 1777 551 1802 cett.
581 1782 637 1802 nec
672 1771 788 1801 crebrae
822 1770 936 1812 pluviae
967 1769 1022 1800 hos

291 1823 380 1854 agros
414 1820 538 1849 vexent,
568 1823 626 1844 uec
659 1813 783 1843 siccitas
815 1823 868 1843 eos
902 1818 1022 1849 exurat,

292 1855 324 1885 h.
345 1865 374 1885 e.
397 1855 499 1886 media
519 1855 665 1896 quaedam
687 1855 719 1885 in
741 1855 788 1884 his
811 1853 898 1885 terris
919 1860 1024 1894 regnet

292 1896 372 1927 aeris
395 1897 567 1938 temperies.
612 1897 734 1927 Radat:
759 1897 815 1926 ins.
840 1897 906 1927 Sat.
929 1896 962 1932 ii,
991 1897 1022 1932 6,

291 1940 345 1973 25,
366 1939 433 1969 Sive
451 1940 551 1979 aquilo
570 1940 652 1968 radit
674 1946 779 1975 terras,
801 1938 854 1968 ubi
877 1938 939 1968 vid.
961 1944 1024 1968 not.

293 1980 442 2011 Similiter
465 1981 526 2011 sere
550 1981 588 2011 de
614 1981 733 2022 campis
756 1980 873 2021 Elysiis
898 1981 1023 2010 Homer.

295 2022 410 2063 odyss.
427 2023 469 2056 iv,
485 2023 560 2058 567,
582 2022 628 2052 Οὐ
649 2023 790 2063 νιφετὸς,
809 2021 875 2053 οὔτ’
896 2022 937 2061 ἂρ
957 2034 1023 2063 χει-

291 2063 366 2105 μὼν
383 2065 501 2101 πολὺς,
521 2064 594 2095 οὔτε
611 2064 686 2095 ποτ’
699 2065 838 2106 ὄμβρος,
854 2063 945 2094 Ἀλλ’
962 2064 1023 2095 αἰεὶ

1068 1684 1099 1716 δὲ
1116 1683 1179 1726 δίχ’
1192 1684 1383 1726 ἀνθρώπων
1397 1683 1516 1725 βίοτον
1531 1684 1587 1715 καὶ
1601 1683 1669 1723 ἤθε’
1686 1684 1794 1716 ὀπάσ-

1068 1739 1131 1764 σας
1148 1728 1227 1764 Ζεὺς
1247 1726 1415 1768 Κρονίδης
1430 1725 1613 1758 κατένασσε
1632 1727 1746 1768 πατὴρ
1762 1726 1796 1764 ἐς

1067 1771 1211 1811 πείρατα
1235 1769 1462 1811 γαίης.-Καί
1484 1780 1533 1799 τοι
1559 1769 1619 1809 μὲν
1642 1769 1796 1801 ναίουσιν

1067 1811 1190 1850 ἀκηδέα
1207 1812 1310 1852 Θυμὸν
1327 1811 1464 1852 ἔχοντες
1476 1809 1536 1842 Ἐν
1556 1810 1718 1852 μακάρων
1735 1810 1796 1849 νὴ·

1067 1866 1152 1885 σοισι
1176 1853 1253 1895 πάρ’
1276 1853 1436 1884 Ὠκεανὸν
1449 1851 1653 1893 βαθυδίνην.
1691 1853 1733 1884 Ut
1746 1855 1796 1884 in-

1066 1898 1203 1936 quinavit
1233 1906 1289 1926 (fre
1320 1902 1431 1935 tempus
1461 1906 1598 1930 aureum,
1628 1900 1795 1936 postqum

1067 1938 1192 1980 Jupiter
1203 1943 1327 1968 aetatem
1342 1947 1466 1968 auream
1476 1937 1507 1967 in
1518 1946 1628 1967 aeream
1642 1942 1674 1968 et
1683 1936 1796 1968 deinde
1811 1950 1814 1951 ⁷

1067 1980 1099 2010 in
1123 1981 1250 2011 ferream
1273 1979 1422 2010 mutavit:
1447 1981 1628 2019 inquinavit,
1649 1979 1797 2020 corrupit,

1066 2022 1273 2063 significanter
1287 2032 1352 2062 pro,
1367 2020 1510 2056 mutavit,
1527 2026 1650 2063 tempus
1660 2020 1796 2052 deterius

1066 2064 1148 2095 fecit.
1175 2064 1308 2098 Quorum
1326 2063 1390 2093 Piis
1403 2064 1543 2099 secunda,
1557 2069 1625 2094 vate
1637 2073 1693 2100 me,
1703 2065 1798 2094 datur

292 2106 444 2148 Ζεφύροιο
464 2107 726 2147 λιγυπνεὶοντας
744 2108 852 2144 ἀητας
867 2105 1025 2143 Ὠκεανὸς
1054 2106 1154 2153 Jiaga,
1183 2116 1254 2152 quae
1278 2105 1403 2146 quidem
1426 2105 1524 2136 ferrea
1549 2104 1668 2135 saecula
1689 2104 1796 2146 fugere

293 2149 442 2187 ἀνίησιν,
454 2147 649 2189 ἀναψύχειν
660 2148 873 2189 ἀνθρώπους.
899 2148 1022 2177 Utrum-

289 2201 357 2231 que,
373 2190 544 2231 pluviosam
563 2196 775 2232 tempestatem
792 2196 823 2220 et
837 2190 1021 2219 continuum

290 2232 365 2263 solis
380 2232 529 2262 ardorem.

335 2276 473 2305 59—66.
499 2274 566 2304 Non
587 2275 644 2304 huc
662 2275 770 2314 Argoo,
784 2278 860 2304 cett.
905 2272 970 2309 Qui
989 2272 1021 2303 in

294 2315 343 2346 his
359 2315 470 2347 insulis
490 2315 609 2354 vivunt,
626 2316 745 2346 nullum
764 2326 835 2346 curn
854 2315 1021 2356 peregrinis

293 2357 408 2389 habent
422 2357 653 2392 commercium,
671 2358 808 2397 adeoque
827 2356 968 2398 periculi,
985 2367 1023 2388 ne

294 2399 417 2431 illorum
444 2399 528 2430 vitiis
550 2405 795 2440 corrumpantur,
818 2399 972 2429 immunes
994 2406 1023 2429 et

292 2447 434 2484 expertes
448 2448 530 2472 sunt.
575 2442 623 2472 Ex
638 2441 684 2471 his
700 2446 815 2476 autem,
833 2441 886 2481 qui
901 2440 1022 2480 longin-

291 2485 362 2525 quis
387 2494 441 2526 per
471 2485 633 2514 Oceanum
665 2483 914 2522 navigationibus
942 2483 1023 2514 cele·

293 2526 372 2556 brati
384 2531 468 2563 sunt,
484 2526 691 2566 Argonautas,
707 2526 864 2566 Ulyssem,
875 2530 907 2555 et
922 2525 1020 2556 Plioe-

293 2566 378 2598 uices
401 2568 500 2610 ponit.
547 2568 643 2598 Pinus
667 2569 767 2608 Argoo
789 2569 910 2608 remige,
932 2567 1022 2598 navis

293 2610 400 2650 Argo:
424 2611 574 2650 impudica
595 2610 719 2646 Colchis,
736 2609 862 2643 Medea,
880 2619 950 2639 cum
966 2609 1020 2640 Ja-

293 2661 367 2683 sone
380 2651 536 2683 Graeciam
548 2662 654 2682 versus
664 2652 825 2692 navigans.
859 2651 1021 2682 Torserunt

292 2705 418 2729 cornua,
444 2699 648 2724 antennarum
673 2704 790 2724 cornua
816 2703 843 2724 s,
869 2698 1019 2724 antennas

291 2735 374 2766 litori
389 2737 596 2771 obvenerunt,
612 2735 822 2776 significanter
837 2745 903 2776 pr0,
921 2745 1018 2777 appu-

291 2778 408 2810 lerunt.
462 2778 635 2813 Laboriosa,
663 2778 767 2808 multis
800 2777 957 2807 laboribus
989 2783 1021 2809 et

291 2819 440 2862 periculis
454 2819 486 2850 in
502 2819 579 2850 mari
593 2820 777 2858 exercitata:
799 2819 842 2850 cf.
858 2829 954 2849 carm.
969 2829 1018 2860 sq.

293 2873 322 2893 v.
347 2863 397 2893 16.
421 2862 562 2897 secrevit,
588 2872 606 2892 a
629 2862 739 2893 ceteris
762 2861 849 2892 terris
872 2861 1023 2903 corruptis

292 2902 417 2946 excepit
429 2909 461 2935 et
479 2903 645 2935 destinavit
657 2906 714 2944 piae
725 2905 823 2955 genti.
866 2903 1020 2934 Obversa-

293 2951 343 2977 tus
359 2946 490 2978 Horatio
510 2951 558 2977 est
578 2946 710 2978 Hesiod.
744 2949 828 2987 Εργ.
854 2945 927 2982 167,
947 2946 1022 2983 Τοῖς

1067 2148 1173 2179 licebit
1188 2147 1246 2189 p1is
1261 2158 1310 2178 me
1324 2153 1426 2179 vatem
1440 2146 1652 2188 sequentibus.

1262 2230 1463 2261 CARMEN
1486 2231 1599 2262 XVII.

1107 2272 1252 2308 Canidia,
1279 2282 1372 2313 quam
1398 2271 1548 2302 Horatius
1575 2282 1670 2314 supra
1691 2272 1795 2314 Epod.

1064 2323 1160 2345 carm.
1184 2316 1215 2349 5,
1235 2320 1270 2344 ut
1292 2313 1489 2344 libidinosam
1512 2324 1606 2344 anum
1627 2320 1660 2346 et
1680 2315 1794 2346 venefi-

1066 2366 1135 2387 cam
1148 2355 1344 2386 acerbissime
1356 2355 1508 2391 tractavit,
1520 2356 1606 2388 vario
1615 2356 1709 2388 modo
1717 2357 1796 2388 iram

1066 2408 1154 2428 suam
1170 2399 1210 2428 ob
1227 2398 1305 2428 illud
1321 2407 1444 2428 carmen
1466 2397 1509 2428 ita
1523 2397 1554 2427 in
1575 2404 1696 2440 poetam
1715 2398 1795 2430 effu-

1067 2440 1149 2470 disse
1165 2441 1296 2476 videtur,
1312 2446 1346 2470 ut
1361 2450 1432 2470 eum
1453 2439 1492 2470 de
1507 2441 1626 2482 integro
1639 2446 1748 2472 contra
1761 2450 1797 2472 se

1067 2482 1244 2513 lacessitum
1261 2483 1300 2512 ad
1311 2482 1367 2512 hoc
1380 2482 1510 2512 alterum
1521 2491 1647 2514 carmen
1655 2482 1795 2514 seriben-

1065 2524 1138 2554 dum
1166 2524 1319 2555 incitaret.
1369 2525 1464 2554 Poeta
1493 2523 1598 2564 igitur,
1628 2534 1662 2556 se
1690 2525 1795 2567 ipsum

1066 2565 1207 2598 Canidiae
1219 2566 1335 2596 artibus
1350 2565 1479 2606 magicis
1494 2566 1636 2607 petitum,
1647 2572 1680 2598 et
1688 2565 1796 2598 saevis-

1065 2609 1151 2639 simis
1166 2608 1359 2639 cruciatibus
1373 2608 1413 2639 ab
1430 2617 1468 2638 ea
1482 2607 1627 2639 affectum
1641 2619 1720 2644 esse,
1736 2609 1795 2639 fin-

1065 2661 1153 2691 gem,
1180 2661 1242 2681 non
1267 2651 1334 2681 sine
1357 2659 1471 2690 magna
1493 2649 1644 2686 irrisione,
1671 2657 1708 2681 ut
1734 2650 1795 2682 sibi

1064 2703 1148 2724 nunc
1165 2693 1240 2723 satis
1260 2691 1430 2734 perdomito
1445 2697 1563 2733 parcat,
1577 2692 1710 2734 supplex
1723 2702 1795 2724 eam

1063 2741 1131 2766 orat
1146 2739 1178 2766 et
1194 2735 1345 2766 obsecrat.
1390 2734 1440 2764 Ad
1455 2733 1523 2764 e'us
1535 2734 1674 2767 animum
1689 2740 1795 2766 autem

1064 2776 1252 2818 placandum
1274 2782 1306 2807 et
1328 2775 1455 2816 mitigari
1479 2785 1531 2806 um
1554 2776 1603 2807 his
1624 2776 1724 2807 utitur
1743 2786 1794 2807 ra-

1063 2819 1222 2850 tionibus:
1259 2817 1418 2849 Achillem
1454 2827 1579 2859 quoque
1614 2823 1647 2849 et
1678 2818 1794 2850 Circen

1066 2861 1264 2903 supplicibus
1302 2859 1444 2902 precibus
1474 2859 1579 2890 locum
1618 2859 1793 2902 reliquisse,

1065 2903 1129 2942 ait;
1151 2913 1184 2934 se
1208 2913 1292 2933 nunc
1311 2901 1387 2932 satis
1407 2911 1561 2943 superque
1580 2912 1743 2944 poenarum
1763 2902 1794 2933 ei

1064 2956 1119 2987 pro
1136 2955 1194 2976 sua
1208 2943 1334 2976 dedisse
1354 2943 1539 2986 petulantia,
1557 2950 1600 2983 et,
1616 2950 1736 2986 quanta
1751 2944 1794 2976 sit
