1884 3288
681 205 908 249 LIBER
944 206 979 257 1,
1010 207 1080 249 34.

277 311 304 351 5
336 310 483 365 Cogor
502 307 689 350 relictos.

1588 211 1645 254 67

750 306 954 362 Namque
977 307 1204 363 Diespiter

334 378 432 433 Igni
451 389 633 419 corusco
654 373 803 416 nubila
824 374 1024 416 dividens

389 443 666 498 Plerumque,
687 457 767 497 per
789 457 946 496 purum
974 449 1175 483 tonantes

447 511 554 567 Egit
574 525 711 565 equos
732 509 1038 564 volucremque
1060 525 1258 552 currum:

329 579 433 627 Quo
453 580 584 621 bruta
604 577 747 627 tellus,
770 585 815 619 et
835 592 944 632 vaga
965 577 1158 628 flumina,

248 646 300 687 10
330 645 433 694 Quo
454 645 567 701 Styx
587 653 631 687 et
651 646 778 686 invisi
796 644 974 686 horrida
995 644 1172 686 Taenari

386 713 540 764 Sedes,
562 712 885 767 Atlanteusque
906 712 1004 754 finis

441 781 715 823 Concutitur.

777 779 909 822 Valet
929 781 1013 821 ima
1035 782 1210 822 summis

329 850 521 900 Mutare,
543 857 588 891 et
609 849 821 905 insignem
839 856 1038 891 attenuat
1060 849 1200 900 Deus,

330 918 535 960 Obscura
555 932 772 973 promens,

246 987 298 1028 15

835 916 952 958 Hinc
973 918 1140 972 apicem
1161 933 1298 974 rapax

385 985 578 1028 Fortuna
599 985 700 1028 cum'
718 985 905 1027 stridore
927 993 1058 1027 acuto

445 1054 645 1105 Sustulit,
667 1054 738 1096 hic
759 1054 958 1110 posuisse
979 1055 1157 1109 gaudet.

96 1157 214 1191 usitata
226 1159 360 1200 relegere
374 1168 501 1198 campos,
517 1159 592 1192 vias,
609 1159 680 1193 iter,
694 1158 841 1197 spatium,

95 1212 226 1243 equora,
240 1212 360 1236 cursus,
378 1201 480 1231 multa
493 1201 639 1243 exempla
653 1199 687 1230 in
703 1199 842 1232 medium

97 1244 227 1287 protulit
253 1243 433 1276 Bentleius.
480 1243 583 1274 Recte
607 1242 703 1285 igitur
725 1249 757 1274 et
778 1243 842 1274 ele·

97 1294 210 1329 gunter
218 1286 387 1319 Horatium
398 1293 490 1327 atque
499 1288 612 1316 iterare
624 1297 731 1317 cursus
743 1287 843 1327 Cogor

95 1331 221 1362 retectos
234 1330 370 1363 scribere
386 1329 540 1371 potuisse,
557 1339 662 1363 nemo,
679 1330 734 1370 qui
755 1329 841 1359 Lati-

94 1382 146 1405 πε
174 1372 292 1415 linguae
315 1372 458 1404 indolem·
481 1371 620 1415 penitius
643 1378 840 1414 perspectam

94 1415 202 1454 habet,
215 1416 354 1448 dubitat.

138 1460 238 1491 5-8.
261 1460 428 1499 Diespiter,
449 1457 586 1500 Jupiter,
602 1457 664 1488 diei
687 1457 736 1489 vel
761 1456 843 1488 lucis

139 1507 198 1541 ter,
212 1507 251 1540 ut
277 1503 375 1534 Varro
390 1501 430 1532 de
450 1501 488 1531 L.
506 1501 544 1532 L.
560 1500 604 1536 iv.
624 1502 663 1532 10
686 1500 839 1542 explicat.

127 1548 294 1588 torumque,
304 1555 390 1576 more
403 1543 507 1580 solito,
518 1543 611 1580 alias,
622 1543 731 1585 vulgo.
780 1543 842 1575 Per

92 1599 210 1630 purum
238 1594 376 1620 tonantes
405 1587 481 1627 Egit
510 1597 597 1628 equos
633 1588 842 1627 volucremque

94 1643 227 1664 currum
237 1644 246 1662 .·
268 1630 374 1663 tonuit
386 1629 452 1661 sive
466 1629 566 1660 movit
583 1629 616 1660 in
631 1630 716 1661 coelo
731 1640 842 1660 sereno

94 1674 456 1718 tonitru,quodcurrus.
468 1683 532 1714 quo
548 1683 604 1715 per
618 1682 720 1703 aerem
735 1672 842 1703 invehi

95 1719 268 1761 putabatur
291 1716 420 1759 Jupiter
445 1715 645 1756 Fulgurator,
663 1715 793 1757 strepitu
811 1721 843 1747 et

93 1771 248 1804 equorum
263 1758 494 1803 χαλκοπόδων
507 1757 537 1789 ei
547 1758 733 1800 junctorum
747 1758 840 1800 pulsu

96 1805 215 1836 moveri
230 1803 323 1835 finxit
339 1802 410 1834 sibi·
421 1802 526 1845 prisca
548 1800 734 1843 antiquitas.
782 1801 843 1831 Per

94 1857 222 1888 purum,
238 1857 285 1878 sc.
299 1846 432 1881 coelum,
445 1844 484 1876 δι’
500 1844 654 1886 adeptae:
674 1846 790 1875 tonitru
809 1843 841 1874 in

97 1889 184 1921 coelo
209 1899 319 1922 sereno
345 1888 488 1920 auditum
519 1887 559 1918 ad
591 1897 640 1918 res
671 1897 688 1917 a
720 1892 841 1918 naturae

95 1931 221 1975 legibus
242 1932 424 1964 recedentes
450 1930 516 1962 sive
542 1929 685 1972 prodigia
707 1929 840 1960 relatum

96 1975 207 2014 fuisse,
220 1975 299 2007 satis
313 1979 457 2007 constat:
482 1973 527 2004 cf.
547 1974 692 2004 Lambin.
709 1971 750 2003 ad
773 1972 804 2003 h.
816 1973 840 2004 1,

95 2024 129 2050 et
143 2019 213 2051 Jul.
226 2018 415 2060 Obsequens
429 2027 460 2048 c.
478 2017 532 2052 83.
561 2017 635 2052 107,
661 2016 735 2046 122.
785 2015 839 2063 lfo-

97 2061 224 2099 lum-em,
247 2061 281 2093 h.
306 2071 337 2093 e.
361 2060 498 2098 alatum,
517 2059 558 2090 ad
587 2068 743 2090 summam
770 2068 840 2099 ejus

94 2104 290 2137 celeritatem
315 2102 546 2144 designandam
560 2114 568 2133 z
601 2101 735 2133 laudant
763 2101 840 2132 Pla-

95 2147 181 2179 tonis
196 2148 302 2180 locum
316 2157 356 2179 ex
370 2146 519 2181 Phaedro,
529 2146 566 2176 T.
579 2144 621 2182 ix,
633 2155 663 2187 p.
675 2145 752 2179 321,
766 2144 841 2186 Bip.

93 2188 132 2222 ⁸0
155 2189 264 2235 μέγας
287 2192 377 2228 Ζεὺς,
400 2190 538 2229 πτηνὸν
554 2186 647 2231 ἅρμα
661 2186 838 2219 ὲλαύνων;

93 2233 139 2266 ef.
153 2233 205 2266 Cl.
220 2232 505 2267 Mitscherlicluius.
613 2235 623 2240 '

138 2277 259 2310 9-11.
284 2277 363 2313 Quo,
380 2286 427 2308 sc.
444 2286 551 2310 curru,
574 2274 606 2305 h.
622 2284 652 2305 e.
677 2278 762 2305 moto
786 2283 842 2316 per

93 2329 220 2352 currum
236 2319 367 2352 tonitru.
413 2319 528 2354 Bruta,
554 2318 585 2349 h.
598 2328 628 2348 e.
652 2317 838 2353 immobilis,

94 2363 188 2403 iners,
211 2369 250 2395 ut
274 2362 332 2395 ins.
351 2361 398 2400 iii,
422 2364 454 2399 4,
478 2363 520 2393 45
541 2366 679 2392 vocatur.
725 2361 839 2391 Senec.

95 2405 227 2448 Thyest.
243 2407 340 2442 1020,
357 2405 483 2437 Immota
499 2406 590 2436 tellus
613 2404 730 2442 pondus
747 2405 839 2445 igna-

22 2439 53 2494 {⁴ss
96 2459 167 2480 vum
178 2451 286 2490 jaces?
331 2449 430 2480 Invisi
454 2449 578 2478 horrida
605 2446 724 2477 Taenari
740 2446 839 2482 Sedes,

16 2528 38 2572 ,ἶ-
54 2505 67 2529 ,—
95 2490 320 2567 =bo0iiiinabilis
345 2534 482 2567 Tartari.

95 2577 219 2610 Tartari
241 2577 460 2611 adumbrantia.
482 2575 621 2618 imagine
643 2574 771 2606 duxisse
794 2574 841 2605 vi-

16 2659 21 2666 ,
58 2619 82 2654 -21
95 2619 190 2653 detur
202 2631 243 2654 ex
257 2621 389 2657 Homer.
405 2619 503 2651 Iliad.
518 2620 573 2655 xx',
588 2619 643 2652 64,
667 2618 721 2653 65.
745 2617 842 2649 Οἰκία

209 2491 359 2535 squalida
392 2491 463 2523 loca
498 2490 560 2522 diis
594 2488 841 2537 hominibusque

535 2532 667 2565 Colores
698 2542 732 2562 in
762 2531 840 2563 foedi

97 2661 132 2697 δὲ
147 2663 304 2704 θνητοῖσι
319 2665 377 2698 καὶ
391 2661 594 2696 ἀθανάτοισι
604 2661 724 2703 φανείη
736 2664 840 2704 Σμερ-

97 2705 198 2746 δαλῖ,
209 2707 391 2751 εὐρώεντα,
401 2705 443 2738 τά
454 2717 490 2738 τε
503 2702 680 2747 στυγέουσι
689 2703 756 2736 θεοί
767 2715 842 2747 περ.

88 2749 186 2782 «Hinc
203 2750 294 2793 Virg.
311 2751 392 2782 AEn.
408 2749 477 2784 viii,
493 2750 570 2784 245,
592 2757 688 2790 regna
708 2748 841 2787 pallida,

11 2796 16 2802 '
45 2802 65 2825 ,κ
96 2793 145 2826 δίε
168 2794 278 2826 invisa.
324 2793 466 2824 Toenari:
492 2791 648 2827 Tamarus,
675 2799 788 2832 specus
810 2789 844 2820 in

98 2835 258 2869 Laconica
274 2835 314 2867 ad
329 2836 514 2871 Taenarum,
530 2844 586 2876 per
601 2842 696 2875 quem
709 2832 750 2863 ad
765 2833 845 2864 Tar-

15 2876 58 2908 ΤΖΔ
97 2880 202 2911 hrum
225 2877 378 2911 descendi
403 2887 495 2920 posse
519 2876 709 2908 credebatur
732 2876 845 2917 (virg.

35 2918 54 2934 ⁵
99 2920 182 2954 fleo.
195 2921 240 2958 iv,
256 2922 351 2963 467),
363 2920 431 2963 jam
448 2930 504 2968 prp
518 2919 588 2962 ipso
603 2919 743 2950 Tartaro.
787 2920 845 2949 At-

21 2973 54 3008 s'„
83 2963 221 2997 ‘ea-uu
234 2965 326 3006 finis,
354 2974 408 3006 pro
432 2963 512 2994 locu
536 2969 626 2994 terrae
651 2959 774 2991 ultimis
795 2961 846 3008 vel

28 3002 64 3060 {k
99 3007 339 3048 rmotissimis3
377 3016 451 3038 nam
478 3005 586 3042 Atlas,
613 3013 705 3035 mons
734 3004 789 3036 ille
812 3014 845 3035 in
882 3048 902 3078 2

843 3059 859 3079 r

887 1155 1007 1195 Africa,
1023 1156 1198 1199 antiquitus
1221 1169 1276 1201 pro
1298 1159 1412 1192 ultimo
1435 1166 1526 1192 terrae
1548 1159 1632 1192 occi-

886 1200 1023 1231 dentalis
1035 1201 1172 1231 ‘termino
1186 1201 1374 1234 habebatur.

933 1245 1070 1274 12—16.
1099 1244 1185 1275 Valet
1199 1247 1258 1275 ima
1283 1249 1416 1282 summis,
1440 1251 1516 1278 cett.
1533 1255 1634 1276 nexus

885 1291 917 1316 et
942 1296 1078 1318 sensus:
1115 1288 1172 1318 ho'c
1200 1287 1296 1328 igitur
1323 1289 1464 1331 prodigio
1493 1289 1635 1320 monitus

887 1338 950 1360 non
965 1330 1102 1370 amplius
1115 1330 1155 1361 de
1170 1330 1282 1362 divina
1303 1341 1404 1362 rerum
1423 1333 1633 1363 humanarum

888 1371 1161 1403 administratione
1176 1374 1307 1413 dubit03
1323 1374 1386 1405 imo
1396 1375 1487 1410 deus,
1499 1381 1534 1405 ut
1547 1385 1633 1405 nunc

886 1414 964 1445 mihi
995 1416 1268 1456 persuasissimum
1306 1417 1419 1454 habeo,
1450 1428 1490 1449 ex
1524 1417 1632 1448 infimo

887 1467 1047 1499 quemque
1059 1459 1099 1489 ad
1123 1469 1280 1490 summum
1300 1459 1405 1491 locum
1422 1460 1585 1496 extollere,
1601 1466 1634 1492 et

884 1510 956 1531 eum
984 1501 1039 1542 qui
1064 1512 1224 1532 summum
1249 1503 1354 1533 locum
1378 1509 1475 1541 tenet,
1499 1504 1539 1534 ad
1562 1504 1634 1534 infi-

887 1553 972 1574 mum
987 1545 1154 1576 detrudere
1171 1545 1274 1583 valet3
1301 1556 1372 1576 nam
1386 1546 1435 1578 vis
1451 1546 1505 1577 fati
1522 1553 1632 1589 poten-

885 1586 1006 1617 tissima
1020 1587 1198 1630 imperium,
1223 1589 1308 1630 quod
1331 1588 1404 1621 huic
1423 1589 1552 1632 eripuit,
1577 1600 1633 1631 pro

887 1629 990 1660 lubitu
1021 1630 1061 1660 ad
1092 1631 1191 1662 alium
1222 1631 1388 1663 transferre
1416 1633 1508 1664 solet.
1564 1633 1632 1664 Ima

885 1674 1006 1703 summis
1030 1681 1161 1709 niutan-e,
1178 1673 1321 1706 similiter
1346 1685 1417 1716 sup.
1447 1674 1469 1711 i,
1500 1676 1549 1713 16,
1575 1676 1631 1711 26,

885 1717 1010 1746 mitibus
1026 1723 1146 1747 mutare
1163 1718 1279 1747 tristia.
1325 1717 1492 1759 Insignem,
1507 1729 1555 1749 sc.
1571 1718 1631 1748 im-

886 1757 984 1799 perio,
1006 1758 1202 1797 lionoribus3
1234 1766 1388 1795 attenuat,
1416 1761 1565 1803 deprimit
1591 1762 1631 1792 ad

886 1801 1074 1832 tenuitatem
1099 1802 1149 1834 vel
1175 1802 1422 1841 obscuritatem5
1448 1804 1543 1840 Deus,
1571 1804 1632 1836 Ju-

886 1843 985 1885 piter;
1008 1846 1132 1875 obscura
1146 1855 1343 1885 promens-,ex
1353 1846 1546 1877 ubscuritate
1559 1857 1630 1888 pro-

885 1892 1003 1917 tractos
1019 1887 1126 1928 gloriae
1147 1888 1314 1930 splendore
1337 1888 1521 1920 illustrans:
1546 1889 1632 1921 inso-

884 1929 999 1960 lentior
1016 1939 1167 1970 gener-um
1187 1931 1375 1972 permutatio
1387 1932 1422 1962 in
1446 1933 1518 1968 ima,
1536 1934 1631 1975 insig-

884 1983 962 2009 nem,
1008 1974 1142 2010 obscura,
1185 1974 1340 2015 permovit
1380 1974 1564 2006 Bentleium
1598 1981 1631 2007 et

885 2014 1148 2056 Cunnigamium,
1174 2022 1211 2046 ut
1241 2015 1297 2046 ille
1324 2027 1380 2059 pro
1405 2019 1555 2060 insignem
1585 2017 1630 2050 le·

884 2058 1022 2100 gendum
1047 2069 1115 2090 esse
1142 2065 1295 2093 censeret.
1330 2061 1460 2100 insigne,
1486 2060 1549 2096 hic,
1580 2063 1630 2092 in·

883 2102 1008 2142 signia;
1041 2101 1097 2132 sed
1122 2111 1195 2132 cum
1221 2101 1255 2132 in
1281 2101 1340 2134 hac
1368 2113 1497 2145 quoque
1524 2114 1568 2141 re,
1594 2110 1631 2135 ut

884 2143 1007 2175 erudite
1034 2144 1074 2175 ad
1101 2144 1187 2175 hunc
1214 2144 1319 2176 locum
1345 2146 1456 2177 docuit
1482 2146 1631 2185 Mitsch.‚

884 2192 1014 2218 secutus
1042 2187 1084 2218 sit
1112 2187 1262 2218 Horatius
1287 2189 1467 2231 exemplum
1502 2189 1631 2221 Graeco-

884 2240 965 2264 rum,
988 2230 1091 2262 neutri
1105 2230 1320 2262 emendationi
1339 2232 1427 2262 locus
1448 2232 1630 2274 relinquen-

882 2273 943 2304 dus
958 2273 1094 2304 videtur.
1140 2274 1177 2304 In
1202 2275 1391 2305 sententiam
1416 2275 1549 2306 laudant
1564 2277 1630 2307 He-

883 2315 963 2347 siod.
972 2314 1074 2358 Ἐργ.
1083 2317 1180 2354 5—7,
1189 2315 1281 2348 Ῥεῖα
1290 2318 1353 2360 μὲν
1363 2318 1430 2360 γὰρ
1440 2317 1561 2361 βριάει,
1573 2317 1631 2361 ῥέα

884 2359 917 2392 δὲ
931 2358 1099 2400 βριάοντα
1117 2359 1296 2401 χαλέπτει,
1311 2360 1402 2392 Ῥεῖα
1420 2360 1445 2392 δ’
1467 2362 1632 2404 ἀρίζηλον

883 2401 1015 2445 μινύθει
1039 2403 1209 2444 (insignem
1234 2405 1396 2443 attenuat)
1422 2405 1478 2436 καὶ
1500 2404 1632 2444 ἄδηλον

885 2445 981 2481 ἀέξει,
998 2442 1089 2477 'Petu
1105 2445 1138 2478 δέ
1154 2445 1182 2477 τ’
1198 2445 1302 2478 ἰθύνει
1317 2449 1457 2479 σκολιὸν
1473 2448 1529 2479 καὶ
1545 2448 1632 2490 άγὴ-

885 2500 972 2530 νορα
1002 2488 1117 2532 κάρφει
1146 2491 1227 2527 Ζεὺς
1257 2489 1495 2533 ὑψιβρεμέτης.
1550 2492 1635 2525 Hinc

884 2534 1011 2572 apicem,
1038 2538 1113 2563 cett.
1136 2543 1217 2575 quos
1241 2532 1456 2574 designaverit
1483 2540 1577 2576 poeta
1600 2535 1634 2567 in

885 2575 1145 2606 antecedentibus
1157 2578 1264 2618 (reges
1275 2586 1389 2618 nempe
1401 2582 1434 2608 et
1443 2577 1634 2620 principes),

886 2618 919 2649 in
946 2617 995 2648 his
1021 2617 1158 2660 adjectis
1185 2619 1286 2660 magis
1312 2618 1474 2657 declarat;
1505 2624 1632 2662 apicem,

886 2661 1030 2702 intellige
1058 2661 1182 2698 tiaram,
1210 2661 1276 2693 sive
1300 2662 1416 2703 pileum
1443 2673 1517 2695 cum
1544 2665 1636 2707 apice

884 2704 1057 2746 eminente,
1076 2714 1185 2744 regum
1201 2705 1403 2737 barbarorum
1425 2705 1570 2749 inprimis
1585 2708 1635 2738 in-

886 2747 989 2788 signe,
1002 2746 1071 2788 jam
1086 2748 1140 2788 (ut
1155 2747 1239 2789 apud
1256 2758 1313 2779 nos
1337 2748 1400 2780 fere
1414 2750 1556 2791 eorunm)
1580 2761 1637 2792 pro

887 2790 955 2833 ipso
971 2790 1116 2832 imperio.
1164 2791 1317 2826 forenna.
1329 2791 1400 2828 dea,
1411 2792 1507 2834 cujus
1518 2803 1637 2824 munus

891 2840 1036 2864 versatur
1051 2834 1084 2864 in
1098 2834 1310 2875 exsequendis
1325 2841 1356 2865 et
1371 2835 1571 2877 perficiendis
1586 2836 1637 2873 iis,

889 2886 962 2917 quae
977 2886 1016 2907 ex
1034 2875 1149 2907 summi
1165 2876 1216 2908 dei
1231 2876 1366 2908 consilio
1380 2878 1434 2908 cui
1459 2888 1498 2909 ue
1517 2878 1638 2909 homini

889 2918 1017 2950 decreta
1033 2924 1130 2958 sunt;
1153 2931 1262 2959 rapax,
1286 2920 1366 2952 refer
1386 2921 1427 2952 ad
1473 2920 1547 2962 ujus
1570 2921 1638 2952 deae

891 2960 1086 2992 violentiam.
1130 2963 1211 2992 Cum
1222 2964 1353 2994 stridon-e
1364 2970 1472 2994 uento.-
1487 2963 1639 3005 praeclarn

892 3003 998 3045 imago
1009 3004 1078 3036 deae
1095 3015 1169 3036 cum
1188 3005 1307 3048 impetu
1323 3005 1502 3037 advolantis
1517 3012 1548 3037 et
1570 3006 1638 3037 ala-
