1904 3314
311 172 398 214 324

849 170 1280 212 SATIRARUM

425 273 684 315 Incolumem
702 287 903 328 possum:
937 272 1109 314 simulac
1131 273 1348 314 duraverit
1368 279 1470 313 aetas

314 341 394 382 1520
424 341 621 382 Membra
642 341 908 394 animumque
929 347 1062 388 tuum,
1084 340 1204 380 nabis
1227 339 1315 380 sine
1337 339 1507 380 cortice.

1568 338 1639 380 Sic
1658 353 1724 380 me

423 407 652 448 Formabat
672 422 852 461 puerum
872 407 996 447 dictis
1013 423 1022 455 ;
1053 413 1110 456 et,
1133 407 1219 446 sive
1235 407 1432 460 jubebat,

423 473 487 514 Ut
507 473 691 515 facerem
710 474 828 527 quid,
850 473 1000 514 Habes
1022 480 1250 521 auctorem,
1273 487 1358 526 quo
1379 472 1508 513 facias
1529 471 1627 522 hoc,

425 540 569 582 Unum
589 555 643 581 ex
658 541 878 594 judicibus
901 539 1068 580 selecti's
1090 540 1342 593 objiciebat3

424 607 522 648 Sive
544 608 728 655 vetabat,
750 606 822 647 An
842 606 926 647 hoc
945 605 1217 646 inhonestum
1237 612 1279 646 et
1300 604 1447 645 inutile
1469 603 1600 652 factu,

314 674 393 714 125
422 673 588 723 Necne,
607 674 674 722 sit,
696 673 940 720 addubites,
962 671 1115 725 flagret
1135 685 1304 711 rumore
1325 670 1434 710 malo
1456 684 1585 724 quum

425 740 510 782 Hic
532 747 660 794 atque
680 739 780 780 ille?
813 738 978 779 Avidos
998 738 1179 779 vicinum
1200 737 1327 778 funus
1349 744 1396 778 ut
1417 751 1554 791 aegros

426 806 671 854 Exanimat,
693 805 926 858 mortisque
947 811 1063 844 metu
1085 805 1165 844 sibi
1186 817 1362 858 parcere
1383 804 1520 858 cogit3

425 872 495 914 Sic
519 879 686 913 teneros
709 871 868 912 animos
891 870 1028 911 aliena
1054 871 1284 924 opprobria
1305 885 1418 923 saepe

423 936 685 978 Absterrent
705 937 829 977 vitiis.

891 936 961 976 Ex
982 936 1064 976 hoc
1084 950 1165 989 ego
1188 950 1315 976 sanus
1337 936 1391 976 ab
1412 935 1508 983 illis,

314 1003 394 1044 130
424 1002 661 1043 Perniciem
681 1017 949 1056 quaecunque
971 1001 1139 1050 ferunt;
1170 1002 1470 1051 mediocribus,
1492 1009 1536 1043 et
1556 1002 1676 1056 queis

422 1070 642 1124 Ignoscas,
663 1069 773 1109 vitiis
797 1075 965 1118 teneor3
997 1068 1190 1109 fortassis
1212 1075 1255 1108 et
1278 1068 1435 1109 isthinc

423 1135 624 1189 Largiter
644 1134 868 1176 abstulerit
882 1133 1010 1188 longa
1030 1140 1151 1183 aetas,
1172 1133 1283 1175 liber
1303 1135 1477 1183 amicus,

424 1200 658 1242 Consilium
674 1201 906 1254 proprium.
967 1200 1125 1254 Neque
1147 1201 1257 1241 enim
1277 1214 1373 1241 cum
1392 1199 1574 1242 lectulus
1595 1206 1671 1241 aut
1690 1214 1756 1242 me

423 1267 622 1308 Porticus
643 1267 828 1320 excepit,
852 1267 1004 1308 desum
1023 1266 1148 1307 mihi:
1183 1266 1364 1308 Rectius
1385 1266 1467 1308 hoc
1487 1273 1568 1316 est,

317 1335 396 1375 135
425 1334 525 1375 Hoc
547 1333 705 1375 faciens
726 1334 860 1374 vivam
880 1332 1053 1383 melius;

1086 1333 1146 1373 sic
1167 1332 1303 1374 dulcis
1323 1333 1466 1374 amicis

425 1400 662 1441 Occurram
679 1417 689 1450 3
719 1399 803 1441 hoc
824 1400 997 1453 quidam
1016 1414 1101 1440 non
1123 1398 1250 1449 belle3
1282 1400 1488 1453 numquid
1509 1413 1589 1453 ego
1609 1398 1668 1440 illi

424 1466 680 1520 Imprudens
703 1465 800 1507 olim
821 1466 971 1507 faciam
993 1465 1156 1506 simile?
1188 1465 1297 1506 Haec
1317 1480 1398 1519 ego
1418 1480 1594 1519 mecum,

424 1533 691 1586 Compressis
713 1533 830 1586 agito
850 1532 980 1573 labris
998 1548 1007 1573 z
1039 1532 1114 1572 ubi
1134 1532 1238 1585 quid
1259 1532 1386 1572 datur
1407 1532 1482 1582 oti,

422 1597 563 1640 Illudo
583 1598 768 1640 chartis:
801 1598 882 1640 hoc
904 1605 969 1640 est
994 1598 1282 1639 mediocribus
1302 1598 1382 1639 illis

311 1728 404 1759 nibus
421 1734 450 1760 te
466 1727 591 1760 docebit
605 1727 741 1770 sapiens.
783 1729 844 1759 Pro
858 1729 985 1768 quidque
1001 1727 1045 1758 le-

312 1770 446 1812 gendum
463 1770 590 1801 omnino
603 1770 726 1801 videtur
736 1772 855 1811 quidve,
869 1780 938 1800 nam
950 1772 1047 1800 vitare

311 1819 342 1845 et
357 1819 461 1854 petere
476 1819 550 1843 sunt
567 1813 708 1854 opposita
722 1824 728 1842 :
754 1813 792 1843 de
813 1811 971 1854 particulis
989 1822 1045 1853 que

312 1860 343 1886 et
358 1866 392 1885 ve
407 1854 520 1896 saepius
534 1854 727 1885 librariorum
745 1853 906 1885 oscitantia
923 1864 1047 1895 permu-

313 1896 398 1932 tatis,
413 1896 476 1926 vid.
492 1907 562 1938 sup.
579 1896 617 1926 ad
634 1907 665 1927 v.
683 1897 723 1927 75
737 1909 746 1934 ;
770 1896 876 1927 Bentl.
891 1895 930 1926 ad
948 1896 1047 1938 EPist.

313 1938 336 1973 i,
362 1939 393 1974 8,
420 1940 462 1976 53
485 1943 517 1970 et
540 1938 700 1969 Drakenb.
724 1937 760 1968 ad
787 1939 856 1969 Liv.
882 1937 965 1974 xxiv,
997 1940 1046 1975 10,

358 2022 430 2052 119.
453 2022 633 2056 Durat-erit,
651 2020 898 2052 corroboraverit.

358 2064 431 2094 120.
462 2064 555 2093 Nabis
583 2065 646 2093 sine
675 2066 794 2098 cortice,
823 2073 885 2093 non
913 2063 1045 2104 amplius

313 2105 409 2147 patris
431 2115 507 2136 cura
526 2110 558 2136 et
575 2105 715 2135 custodia
733 2104 850 2145 egebis,
870 2105 962 2135 sicuti
986 2106 1044 2142 illi,

314 2147 370 2189 qui
400 2152 496 2178 artem
525 2146 653 2177 natandi
679 2151 796 2180 tenent,
824 2156 884 2176 non
914 2147 1047 2188 amplius

315 2194 407 2230 egent
420 2188 533 2219 cortice
550 2188 597 2218 vel
616 2189 737 2223 subere,
754 2187 843 2228 cujus
856 2189 954 2218 ventri
971 2199 1044 2230 sup-

315 2230 407 2273 positi
423 2241 480 2272 ope
497 2229 623 2261 natandi
639 2230 695 2261 arti
710 2240 804 2272 opera
816 2229 918 2260 datur.

360 2274 539 2303 121—125.
558 2273 610 2309 Et,
624 2273 824 2312 sivejubebut,
839 2277 912 2301 cett.
927 2276 968 2308 et,
983 2270 1045 2302 sive

315 2315 354 2346 ad
365 2314 484 2355 aliquid
496 2314 673 2345 faciendum
683 2324 733 2344 me
744 2313 934 2355 impellebat,
947 2323 1044 2343 unum

313 2368 351 2388 ex
374 2357 499 2388 selectis
522 2355 682 2397 judicibus
705 2355 859 2396 exemplo,
882 2355 965 2396 quod
987 2365 1045 2395 ego

314 2398 461 2433 imitarer,
477 2397 552 2428 mihi
569 2398 758 2439 proponebat
777 2397 980 2437 (officiebat),
998 2397 1044 2427 di-

314 2451 400 2478 cens,
417 2441 466 2470 En
482 2440 579 2470 habes
594 2445 762 2475 auctorem,
777 2450 839 2480 quo
855 2439 913 2470 hoc
930 2438 1043 2470 facias!

314 2483 377 2514 sive
393 2492 442 2514 me
461 2481 580 2523 aliquid
598 2482 698 2513 facere
718 2482 854 2516 vetabat,
875 2482 940 2518 An,
960 2481 1045 2511 dice-

314 2525 380 2561 bat,
405 2534 476 2555 cum
502 2525 542 2554 ob
567 2523 660 2561 idem,
686 2523 768 2564 quod
797 2528 831 2554 tu
859 2528 970 2560 tentas,
995 2522 1045 2554 hic

315 2572 408 2608 atque
430 2566 484 2597 ille
506 2566 588 2596 male
611 2565 728 2603 audiat,
745 2565 920 2600 addubites,
942 2571 1046 2595 utrum

313 2608 346 2639 id
369 2610 531 2640 honestum
553 2618 592 2638 an
614 2607 822 2642 inhonestum,
842 2612 947 2638 utrum
970 2607 1047 2638 utile

314 2661 355 2682 an
392 2649 502 2681 inutile
534 2649 596 2680 sit!
642 2651 692 2680 Ex
717 2651 877 2688 judicibus
912 2651 1043 2680 selectis:

314 2693 420 2724 Schot,
443 2693 554 2732 Cruq.,
572 2692 742 2732 proferebat
764 2694 796 2722 in
817 2693 978 2731 exemplum
999 2693 1044 2722 vi-

313 2746 385 2767 rum
415 2735 543 2775 aliquem
577 2735 727 2764 illustrem
755 2744 788 2764 ex
822 2735 968 2764 senatorio
999 2735 1045 2764 vel

314 2779 441 2818 equestri
450 2778 567 2811 ordine,
580 2778 631 2816 qui
643 2777 807 2814 aliquando
817 2782 938 2815 propter
952 2778 1044 2816 ‹equi-

316 2826 403 2850 tatem
414 2818 722 2859 etjustitiamjicerat
733 2818 854 2847 selectus
872 2819 1042 2857 injudices.

314 2862 365 2892 De
376 2861 652 2900 selectisjudicibns
664 2858 725 2889 vid.
739 2860 860 2890 Ernest.
872 2859 962 2890 Clav.
976 2859 1044 2891 Cic.

315 2914 341 2935 s.
359 2914 388 2936 ν.
404 2903 544 2934 selectus.
589 2904 635 2932 An
653 2902 716 2937 hoc,
731 2911 797 2943 pro,
814 2906 916 2932 utrum
934 2901 1002 2932 hoc.

1134 1728 1205 1758 126.
1225 1729 1345 1765 Avidos,
1361 1738 1407 1759 sc.
1430 1733 1519 1770 potus
1539 1733 1570 1760 et
1591 1728 1743 1767 ciborum,
1763 1729 1819 1772 qui

1088 1775 1203 1809 aegroto
1219 1775 1353 1808 nocent;
1375 1770 1420 1802 sic
1437 1781 1484 1812 sq.
1497 1772 1562 1802 Sat.
1575 1782 1606 1803 v.
1623 1773 1676 1809 75,
1690 1775 1818 1804 conmvae

1086 1813 1180 1847 avidi,
1196 1812 1308 1843 edendi
1321 1812 1492 1854 cupiditate
1506 1813 1683 1855 flagrantes.

1135 1855 1206 1884 127.
1236 1854 1409 1890 Examinat,
1436 1860 1548 1887 terrore
1569 1856 1714 1898 complet.
1756 1855 1820 1887 Sibi

1087 1906 1221 1934 parcere,
1250 1896 1437 1927 valetudinis
1463 1908 1529 1928 suae
1558 1907 1664 1928 curam
1694 1897 1820 1935 habere,

1090 1947 1151 1967 non
1169 1938 1347 1969 aviditatem
1364 1939 1475 1970 edendi
1493 1939 1542 1970 vel
1556 1939 1683 1970 bibendi
1696 1940 1820 1982 explere

1089 1979 1181 2015 velle,
1198 1979 1252 2011 sed
1274 1981 1428 2012 abstinere
1445 1982 1485 2012 ab
1504 1981 1543 2012 iis
1560 1991 1632 2024 quae
1650 1981 1819 2016 valetudini

1088 2021 1222 2052 obsunt:
1246 2022 1303 2053 inf.
1319 2022 1422 2064 Epist.
1443 2023 1465 2061 i,
1481 2025 1513 2059 7,
1533 2025 1584 2059 11,
1600 2025 1648 2054 Ad
1665 2035 1748 2055 maro
1767 2025 1820 2056 de-

1087 2066 1203 2094 scendet
1218 2071 1298 2096 vates
1313 2072 1393 2100 tuus,
1410 2072 1438 2096 et
1451 2067 1507 2096 sibi
1519 2072 1634 2105 parcet.

1133 2107 1203 2136 129.
1226 2106 1271 2136 Ex
1293 2107 1344 2138 hoc
1365 2118 1418 2148 ego
1438 2118 1528 2138 sunus
1547 2109 1584 2139 ab
1606 2109 1680 2144 illis,
1698 2118 1737 2140 ex
1759 2107 1825 2141 hoc,

1089 2146 1162 2178 inde
1179 2153 1326 2189 tempore,
1343 2158 1405 2189 quo
1421 2154 1506 2190 pater
1520 2160 1568 2181 me
1582 2159 1712 2191 puerum
1727 2149 1820 2181 dictis

1088 2194 1119 2219 et
1147 2189 1298 2230 exemplis
1328 2190 1480 2226 formavit,
1506 2191 1612 2222 firmus
1639 2197 1670 2223 et
1697 2191 1821 2223 validus

1089 2240 1157 2260 sum
1173 2237 1280 2261 contra
1297 2231 1349 2262 illa
1364 2231 1448 2268 vitia,
1464 2231 1537 2269 sive,
1552 2232 1671 2274 integer
1687 2239 1718 2264 et
1733 2238 1820 2265 tutus

1089 2273 1220 2319 sum-ab
1247 2273 1391 2304 omnibus
1412 2273 1475 2304 illis
1500 2273 1595 2311 vitiis,
1617 2285 1689 2316 que
1710 2280 1821 2317 parant

1087 2314 1264 2355 perniciem.

1133 2357 1204 2387 132.
1228 2357 1373 2388 Fortassis
1385 2363 1414 2388 et
1431 2359 1540 2389 isthinc
1554 2358 1701 2400 Largiter
1715 2360 1817 2390 abstu-

1089 2399 1158 2428 lerit
1173 2399 1261 2439 longa
1275 2406 1363 2429 oetus:
1387 2399 1514 2431 fortasse
1528 2400 1622 2431 etiam
1636 2401 1676 2431 de
1689 2400 1738 2432 his
1753 2411 1818 2433 me-

1088 2439 1244 2471 diocribus
1261 2440 1346 2471 vitiis
1363 2447 1438 2471 aetas
1457 2442 1587 2482 longior,
1603 2442 1657 2474 ubi
1670 2442 1820 2484 juvenilis

1090 2481 1187 2512 fervor
1215 2487 1247 2514 et
1276 2482 1470 2514 vehementia
1499 2484 1662 2521 deferbuit,
1687 2484 1820 2516 multum

1089 2523 1268 2555 detraxerit.
1312 2525 1404 2556 Liber
1419 2528 1543 2562 amicus,
1559 2526 1614 2568 qui
1633 2526 1728 2558 libere
1741 2526 1819 2558 ami-

1089 2576 1159 2596 cum
1183 2566 1222 2597 de
1243 2566 1312 2608 ejus
1329 2567 1411 2598 vitiis
1432 2573 1548 2605 monet,
1567 2578 1702 2610 eumque
1721 2568 1761 2600 ab
1783 2567 1820 2599 iis

1088 2607 1278 2640 dehortatur.

1113 2651 1171 2681 134
1181 2661 1250 2692 sqq.
1261 2651 1400 2692 Neque-
1407 2653 1506 2682 desum
1516 2652 1605 2682 mihi.-
1622 2661 1735 2694 neque,
1745 2661 1818 2683 cum

1088 2693 1135 2723 vel
1153 2694 1280 2733 quiesco
1297 2693 1329 2724 in
1348 2693 1473 2729 lectulo,
1487 2693 1535 2725 vel
1554 2693 1680 2725 ambulo
1696 2693 1728 2724 iu
1743 2703 1818 2735 por-

1088 2734 1166 2769 ticu,
1182 2735 1277 2766 animi
1292 2735 1352 2767 mei
1372 2735 1535 2766 excolendi
1553 2735 1712 2767 immemor
1723 2745 1792 2767 sum
1808 2746 1818 2774 ς

1087 2776 1150 2806 imo
1171 2777 1336 2818 diligenter
1357 2787 1428 2809 eum
1448 2776 1572 2808 excutio
1591 2782 1624 2808 et
1642 2776 1734 2808 tacite
1753 2786 1818 2812 me-

1086 2828 1175 2848 cum:
1204 2820 1326 2850 Rectius
1349 2820 1412 2855 hac.
1437 2824 1509 2850 cett.
1531 2819 1816 2860 numquid—simile

1086 2861 1143 2932 {lli
1165 2861 1249 2902 quod
1276 2860 1403 2903 quidam
1431 2873 1489 2892 non
1513 2862 1599 2900 belle,
1624 2860 1656 2893 h.
1681 2871 1710 2894 e.
1734 2861 1818 2894 male

1098 2909 1170 2934 ecit.

1902 318 1904 322 r
1892 184 1904 288 .,-.d.*
1899 164 1904 168 A
