1904 3314
350 211 433 252 298

888 213 1318 258 SATIRARUM

381 312 437 351 85
467 311 609 353 Vicini
631 312 826 362 oderunt,
849 313 951 361 noti,
973 314 1096 367 pueri
1116 320 1244 368 atque
1265 315 1433 369 puellae.

466 377 654 428 Miraris,
676 394 805 433 quum
827 386 874 420 tu
895 386 1072 434 argento
1094 388 1191 434 post
1212 383 1350 422 omnia
1370 397 1518 436 ponas,

465 444 512 484 Si
532 460 654 486 nemo
674 452 864 499 praestet,
887 461 1012 500 quem
1032 461 1116 486 non
1137 448 1351 496 merearis,
1375 451 1590 490 amorem?

465 510 537 551 An
560 512 618 552 sic
639 519 858 566 cognatos,
880 511 995 552 nullo
1018 519 1169 552 natura
1188 512 1334 554 labore

465 575 588 621 Quos
610 576 687 616 tibi
708 577 794 624 dat,
816 577 1000 617 retinere
1021 577 1136 626 velis,
1161 593 1414 632 servareque
1435 580 1620 621 amicost

380 641 438 681 90
467 640 620 681 Infelix
641 656 811 695 operam
833 643 1001 696 perdas,
1024 651 1071 683 ut
1093 644 1127 683 si
1149 644 1243 696 quis
1265 644 1440 685 asellum

465 706 514 746 In
535 721 683 760 campo
704 708 856 748 doceat
875 716 1094 761 parentem
1115 723 1287 750 currere
1309 709 1451 750 fraenis
1469 713 1478 751 l

466 772 666 826 Denique
689 774 741 813 sit
762 774 858 814 finis
881 775 1124 827 quaerendi3
1156 790 1327 828 quoque
1348 775 1508 817 habeas
1531 777 1641 831 plus,

465 837 720 892 Pauperiem
741 847 902 880 metuas
923 841 1073 889 minus,
1095 847 1138 880 et
1158 840 1282 880 finire
1302 841 1490 882 laborem

465 903 662 957 Incipias,
685 913 820 959 parto,
843 907 959 959 quod
982 907 1160 956 avebas3
1193 921 1245 947 ne
1266 907 1410 956 facias,
1432 909 1550 961 quod

375 969 434 1009 95
463 969 717 1020 Ummidius,
739 972 826 1024 qui,
850 980 933 1011 tam
955 972 1055 1024 (non
1074 971 1201 1026 longa
1222 980 1287 1013 est
1307 972 1467 1023 fabula)
1489 974 1623 1022 dives,

462 1034 524 1075 Ut
544 1036 763 1076 metiretur
783 1051 987 1085 nummos,
1010 1038 1069 1077 ita
1090 1039 1303 1087 sordidus,
1325 1045 1373 1078 ut
1395 1052 1440 1078 se

462 1100 566 1140 Non
585 1116 771 1154 unquam
793 1115 914 1142 servo
937 1102 1084 1142 melius
1106 1104 1294 1151 vestiret,
1317 1103 1372 1142 ad
1392 1117 1530 1156 usque

461 1165 715 1219 Supremum
737 1174 919 1220 tempus,
941 1181 994 1208 ne
1016 1182 1060 1208 se
1081 1169 1260 1221 penuria
1280 1168 1416 1208 victus

459 1231 750 1285 Opprimeret,
772 1234 1002 1274 metuebat·

1062 1233 1124 1274 At
1143 1233 1258 1275 hunc
1278 1233 1432 1275 liberta
1453 1235 1592 1276 securi

352 1297 430 1337 100
461 1297 616 1337 Divisit
636 1298 820 1338 medium
841 1298 1069 1339 fortissima
1090 1299 1450 1353 Tyndaridarum.

459 1363 579 1408 Quid
600 1363 656 1402 mi
676 1364 805 1416 igitur
827 1365 994 1414 suades,
1017 1372 1065 1405 ut
1085 1366 1219 1405 vivam
1241 1365 1439 1414 Maenius,
1461 1372 1535 1407 aut
1556 1366 1632 1416 sic,

458 1428 519 1468 Ut
538 1429 867 1470 Nomentanus?
898 1430 1047 1484 Pergis
1069 1433 1304 1485 pugnantia
1325 1446 1470 1473 secum

457 1494 688 1535 Frontibus
710 1497 898 1536 adversis
918 1510 1171 1550 componere
1189 1499 1206 1538 ἲ
1236 1512 1321 1538 non
1343 1512 1437 1551 eg0‚
1460 1512 1631 1538 avarum

385 1616 440 1646 83.
467 1612 644 1651 Tesuscztet,
655 1619 684 1645 te
698 1615 812 1645 reficiat
828 1622 857 1646 et
871 1617 977 1646 morbo
990 1616 1068 1647 libe·
1110 1616 1278 1653 omnibus;
1311 1616 1424 1647 deinde
1453 1617 1558 1652 verba,
1587 1627 1647 1647 non
1681 1619 1770 1660 longa
1802 1625 1844 1650 est

341 1661 399 1687 ret.

345 1699 417 1733 130,
443 1698 586 1728 Insanum
610 1704 636 1728 te
659 1709 753 1728 omnes
774 1702 862 1738 pueri
884 1701 1072 1740 clamantque

338 1741 456 1778 puellae.

384 1783 435 1811 88.
459 1782 507 1811 An
521 1784 584 1812 sic:
607 1782 710 1823 recepi
730 1782 905 1816 lectionem,
920 1792 1014 1822 quam
1031 1782 1068 1813 ad

340 1822 431 1852 fldem
467 1823 684 1854 nonnullorum
726 1824 824 1854 Codd.
868 1824 953 1854 dedit
997 1825 1070 1854 Fen.

341 1864 448 1904 Vulgo
470 1864 628 1904 legebatur
654 1867 697 1895 Ac
723 1868 759 1899 si,
783 1866 831 1896 vel
855 1867 903 1896 An
929 1869 964 1896 si.
1007 1867 1067 1900 Sic,

339 1906 444 1935 omnia
474 1911 599 1944 argento
629 1907 852 1947 postponendo.
898 1907 993 1937 Nullo
1024 1911 1066 1937 la-

337 1948 416 1981 bore,
432 1953 552 1987 sponte.

382 1989 436 2018 90.
460 1989 574 2029 Infelix
590 2000 706 2027 operam
727 1991 853 2028 perdas:
877 1990 1013 2031 profecto
1036 1990 1067 2021 id

339 2040 428 2070 aeque
451 2040 530 2059 vano
549 2037 581 2060 et
598 2031 723 2061 infelice
743 2031 844 2061 studio
866 2039 959 2062 tentes
976 2032 1067 2062 velis-

337 2081 410 2111 que,
433 2081 473 2102 ac
493 2071 518 2100 si
536 2072 618 2112 quis,
636 2078 710 2102 cett.
758 2073 1066 2114 Htw-entem,fraenis,⁸

338 2113 411 2153 equi
426 2113 520 2146 enim,
538 2123 598 2143 non
613 2113 706 2147 asini,
723 2119 831 2153 parent
846 2114 960 2144 fraenis.

380 2155 433 2184 92.
451 2155 620 2188 Qum-endi.
632 2155 866 2195 quaerendarum
878 2155 1065 2186 divitiarum.

339 2195 481 2226 Laborem
496 2196 528 2225 in
541 2196 725 2235 colligendis
739 2196 857 2226 divitiis
871 2198 1018 2238 positum.

379 2238 432 2268 94.
458 2238 561 2270 Porto,
578 2248 622 2267 sc.
637 2248 684 2267 eo.

378 2280 432 2309 95.
458 2278 590 2319 Rejecta
610 2279 726 2319 vulgari
744 2279 877 2310 lectione
899 2279 1066 2310 Ummidius

332 2322 468 2361 ⁴quidam,
484 2321 554 2350 dedi
576 2331 643 2351 eam
666 2331 771 2361 quam,
793 2331 811 2351 a
831 2320 974 2351 Bentleio
995 2332 1065 2363 pro-

337 2362 482 2404 positam.
498 2362 562 2402 jam
587 2363 647 2392 Fea
663 2362 694 2392 in
714 2369 830 2393 textum
854 2363 988 2403 recepit;
1012 2362 1067 2393 sed

337 2404 424 2446 posui
447 2410 515 2446 post
540 2407 602 2443 qui,
625 2404 708 2445 quod
734 2404 925 2434 referendum
954 2411 1001 2434 est
1025 2405 1062 2435 ad

336 2447 493 2479 metuebat,
529 2446 753 2476 distinctionem
788 2446 956 2482 minorem;
1000 2449 1062 2486 qui,

333 2487 476 2528 quamvis
497 2493 556 2517 tam
577 2490 667 2522 clives,
683 2494 718 2517 ut
737 2498 877 2518 nummos
895 2488 1063 2523 metiretur,

335 2535 398 2559 tam
418 2539 539 2562 avarus.
559 2535 594 2559 ut
613 2539 770 2569 nunquam
793 2530 902 2559 melius
925 2540 957 2559 se
976 2540 1062 2560 servo

334 2571 483 2607 vestiret·‚
503 2577 618 2604 tamen,
639 2581 677 2600 ue
697 2571 796 2601 victus
818 2571 943 2612 penuria
962 2571 1064 2612 oppri-

335 2619 479 2647 meretur,
493 2613 531 2642 ad
548 2618 673 2642 mortem
685 2623 784 2653 usque
800 2613 966 2643 metuebat.
1002 2613 1063 2644 Sed

336 2654 532 2685 Heindorfius
547 2655 680 2684 servavit
691 2665 726 2684 ac
739 2654 876 2684 defendit
888 2654 1061 2692 lectionem,

339 2696 506 2726 Ummidius
543 2698 674 2735 quidum,
713 2696 910 2726 distinctione
947 2696 1062 2736 majore

333 2743 401 2779 post
405 2738 517 2779 fabula
534 2744 640 2778 posua.
686 2739 731 2767 At
750 2739 880 2778 primum
903 2738 1059 2772 Horatius,

332 2779 387 2821 qui
404 2789 442 2809 ne
457 2779 494 2808 ad
514 2778 663 2818 ignobilia
681 2779 805 2820 quidem
827 2779 982 2809 hominum
1006 2790 1059 2809 no-

333 2822 418 2851 mina
432 2830 569 2860 unquam
587 2822 728 2862 apposuit
743 2823 875 2861 quidam,
891 2821 988 2851 multo
1003 2821 1059 2850 mi-

332 2873 392 2893 nus
407 2864 527 2902 quidam
548 2862 744 2904 appositurus
765 2863 871 2892 fuisset
886 2862 926 2892 ad
947 2873 1057 2893 nomen

331 2903 476 2937 hominis.
507 2903 574 2944 qui,
602 2914 672 2935 cum
705 2910 766 2934 tam
795 2904 883 2934 dives
906 2909 997 2942 esset,
1024 2910 1058 2934 ut

331 2955 475 2976 nummos
489 2945 688 2983 metireretur,
705 2946 770 2977 sine
786 2945 879 2977 dubio
896 2952 986 2976 notus
1002 2945 1059 2977 suit

448 1656 540 1686 Pueri
561 1663 647 1696 atque
668 1658 794 1694 puellae:
818 1657 872 1688 inf.
896 1660 962 1688 Sat.
985 1659 1016 1691 ii,
1037 1659 1069 1692 3,
1103 1659 1217 1699 sabula
1242 1658 1411 1698 (narratio)
1435 1657 1539 1699 inepte
1567 1658 1750 1690 sententiam
1774 1660 1844 1691 fini-

1114 1706 1190 1737 unt·‚
1218 1699 1363 1740 denique,
1387 1700 1417 1730 si·
1437 1700 1585 1730 Horatius
1608 1706 1667 1730 tam
1690 1701 1845 1732 omisisset

1113 1742 1151 1771 ad
1183 1743 1272 1778 dives,
1296 1742 1376 1771 idem
1409 1742 1544 1782 profecto
1571 1744 1615 1772 ita
1645 1741 1685 1772 ad
1706 1745 1844 1774 sordidus

1113 1783 1283 1813 emissurus
1305 1783 1425 1814 fuisset.
1469 1783 1540 1814 Tam
1563 1785 1734 1820 dives—m,
1757 1789 1794 1816 ut
1814 1795 1845 1816 v.

1113 1826 1166 1859 22,
1182 1827 1370 1866 tamfacilis,
1387 1832 1432 1855 vt.

1155 1867 1206 1896 99.
1233 1866 1366 1902 Liber-ta,
1381 1876 1475 1908 quam
1492 1866 1597 1897 uxoris
1614 1866 1683 1898 loco
1698 1866 1843 1900 habuisse

1114 1907 1233 1938 videtur
1249 1908 1437 1939 Ummidius.

1156 1951 1227 1979 100.
1253 1950 1424 1980 For-tissima
1457 1949 1715 1990 Tyndaridarum,
1743 1951 1842 1982 altera

1112 1991 1349 2030 Clytaemnestra
1364 1992 1466 2032 (quod
1485 1992 1628 2022 maritum
1649 2002 1740 2023 suum
1755 1992 1839 2033 Aga-

1110 2043 1304 2062 memnonem
1333 2033 1477 2071 occidit).
1508 2032 1674 2064 fortissima
1701 2034 1842 2065 omnium

1111 2074 1275 2104 liberorum
1285 2075 1422 2115 Tyndari
1435 2086 1441 2103 z
1462 2075 1720 2114 Tyndaridarum,
1731 2086 1842 2116 genere

1109 2115 1231 2155 quidem
1250 2116 1434 2151 masculino,
1451 2122 1487 2146 ut
1501 2117 1644 2147 observat
1664 2117 1839 2154 Bentleiur„

1109 2157 1162 2186 sed
1189 2157 1348 2197 utriusque
1378 2167 1470 2188 sexus
1506 2158 1631 2193 liber-os,
1663 2165 1725 2190 tam
1759 2159 1840 2190 filias

1109 2207 1202 2238 quam
1221 2198 1308 2234 filios,
1322 2199 1566 2240 complectente:
1588 2201 1692 2230 divisit
1702 2202 1840 2239 medium,

1108 2249 1162 2280 pro
1179 2239 1310 2279 vulgari,
1324 2242 1478 2278 percussit.

1155 2281 1223 2310 101.
1251 2281 1290 2310 Ut
1306 2283 1401 2311 vivam
1419 2282 1557 2316 Maenins.
1573 2289 1627 2312 mm
1641 2284 1696 2318 sic,
1718 2283 1761 2314 Ut
1776 2283 1839 2314 No·

1098 2323 1287 2352 'mentanusl
1312 2323 1464 2353 suadesne
1488 2323 1573 2359 mihi,
1598 2329 1633 2354 nt
1653 2333 1722 2364 ego,
1746 2324 1839 2356 sicuti

1109 2363 1247 2394 Maenius
1275 2370 1330 2394 aut
1362 2365 1575 2395 Nomentanus
1605 2365 1731 2396 vivam‘l
1763 2367 1839 2398 Vita

1107 2405 1266 2435 luxuriosa
1282 2405 1421 2436 homines
1437 2406 1488 2436 isti
1505 2407 1586 2436 bona
1597 2416 1654 2437 sua
1668 2407 1836 2448 abligurie-

1106 2453 1195 2484 rant;
1220 2447 1344 2477 fuerunt
1360 2447 1452 2488 igitur
1467 2454 1606 2489 nepote&
1623 2458 1770 2490 nequam,
1787 2451 1837 2481 vel

1106 2494 1141 2518 ut
1163 2489 1312 2519 Horatius
1333 2499 1385 2519 eos
1408 2499 1437 2519 v.
1463 2490 1534 2524 104,
1557 2490 1703 2531 appellat,
1724 2502 1836 2530 vappae,
1869 2498 1880 2506 ‘

1105 2532 1273 2560 nebulones.
1319 2531 1380 2560 Pro
1409 2531 1536 2561 Moenius
1558 2531 1612 2561 atii
1634 2531 1742 2572 legunt
1765 2533 1834 2564 Νω-

1105 2573 1191 2608 vius3
1216 2571 1269 2602 sed
1285 2572 1357 2612 quis
1371 2572 1403 2602 in
1419 2582 1490 2602 vero
1503 2572 1655 2613 ejusmodi
1674 2573 1834 2605 hominum

1106 2614 1229 2644 nomine
1252 2615 1470 2654 perscrutando
1487 2623 1612 2655 operam
1630 2615 1760 2656 perdat?
1783 2616 1834 2647 De

1106 2655 1216 2685 Maenio
1233 2655 1274 2685 cf.
1295 2657 1360 2685 Sat.
1380 2655 1402 2692 i,
1420 2658 1452 2690 ³,
1470 2657 1511 2693 43
1534 2655 1635 2697 Epist.
1655 2655 1678 2690 i,
1703 2658 1750 2691 15.
1770 2659 1831 2695 263

1103 2696 1141 2726 de
1160 2697 1341 2727 Nomentano
1353 2698 1417 2727 Sat.
1431 2696 1453 2732 i.
1464 2698 1496 2732 8,
1516 2698 1551 2727 ll
1566 2708 1575 2735 ;
1598 2698 1664 2728 Sat.
1679 2697 1712 2734 ii,
1730 2699 1757 2734 l,
1769 2700 1833 2739 223

1104 2739 1170 2768 Sat.
1187 2738 1220 2773 ii,
1238 2740 1268 2773 3,
1285 2740 1360 2770 224.

1149 2781 1220 2810 102.
1246 2781 1350 2821 Pergis
1368 2782 1538 2821 pugnantia
1551 2790 1648 2810 secum
1673 2779 1833 2813 Frontibus

1104 2823 1232 2851 adversis
1247 2821 1556 2863 componere?-pergis
1572 2831 1756 2863 componere
1770 2833 1830 2858 res,

1100 2872 1230 2903 quarum
1251 2863 1347 2894 altera
1366 2863 1453 2894 alteri
1472 2863 1626 2894 contraria
1642 2869 1712 2900 est3
1733 2867 1832 2895 amris

1100 2905 1182 2935 enirn
1198 2904 1331 2946 oppositi
1346 2910 1420 2935 sunt
1432 2907 1564 2946 prodigi.
1602 2905 1764 2936 Frontibus
1776 2907 1831 2937 ad-

1101 2949 1200 2982 versis,
1221 2951 1439 2989 comparantur
1459 2946 1543 2978 avari
1564 2951 1595 2978 et
1617 2946 1737 2989 prodigi
1758 2957 1829 2979 cum
