1904 3314
23 2506 43 2532 ἒ.

14 2789 80 2915 [33

106 2914 184 2991 εἰς.
208 2949 278 2980 Sat.
300 2948 335 2985 ii,
358 2951 391 2985 4,
416 2950 469 2980 40.
514 2948 593 2979 Lem·
609 2947 695 2990 fuit,
718 2951 793 2979 cett.
815 2958 855 2980 en

44 2997 49 3004 '
106 2996 225 3031 paim
238 3003 327 3025 coenae
343 2991 607 3034 (convivatorem‚
629 2990 750 3025 herum,
766 3001 857 3032 paro-

49 3065 51 3068 .
112 3032 227 3076 chum)
251 3045 407 3072 escarum,
433 3044 507 3076 quae
533 3038 750 3076 apponuntur,
778 3044 858 3076 praea

670 217 895 260 LIBER
926 216 987 268 II,
1019 218 1060 259 8.

211 324 285 368 De
304 324 446 368 medio
467 328 620 379 potare
639 321 724 364 die.

1547 220 1633 262 425

786 319 873 370 Sic,
896 325 944 360 ut
965 318 1070 360 mihi
1089 333 1310 373 nunquam

207 391 263 434 In
282 392 370 434 vita
389 391 519 434 fuerit
538 387 704 432 melius.
747 386 854 437 Da,
878 387 915 428 si
935 401 1067 442 grave
1088 401 1176 427 non
1197 393 1281 436 est,

152 459 180 501 5
211 459 326 508 Quae
344 459 482 515 prima
500 458 658 499 iratum
678 462 872 498 ventrem
892 453 1130 509 placaverit
1149 467 1263 495 esca.

210 526 264 568 In
283 527 432 583 primis
454 526 660 568 Lucanus
681 538 787 579 aper
809 522 912 576 (leni
932 521 1015 564 fuit
1035 519 1204 563 Austro

211 595 394 651 Captus,
416 601 465 636 ut
483 594 627 636 aiebat
648 606 785 634 coenae
804 590 972 646 pater);
1005 590 1122 631 acria
1142 590 1303 631 circum

210 663 399 720 Rapula,
420 663 615 714 lactucae,
638 662 822 711 radices,
843 660 988 716 qualia
1008 659 1170 702 lassum

211 731 467 775 Pervellunt
484 730 767 780 stomachum,
790 730 911 780 siser,
933 728 1071 778 halec,
1094 727 1247 770 faecula
1268 728 1376 771 Coa.

129 800 183 842 10
211 799 296 842 His
315 800 394 842 ubi
413 798 594 841 sublatis
614 813 726 854 puer
747 797 833 840 alte
855 798 1023 839 cinctus
1046 811 1248 838 acernam

211 867 421 923 Gausape
441 881 664 923 purpureo
685 881 876 908 mensam
897 866 1118 920 pertersit,
1141 871 1185 906 et
1206 864 1316 907 alter

212 934 415 992 Sublegit
433 936 729 991 quodcunque
745 935 913 990 jaceret
933 932 1098 983 inutile,
1121 933 1329 994 qnodque

211 1003 370 1046 Posset
390 1011 613 1047 coenantes
635 1003 884 1053 offendere3
916 1009 966 1043 ut
987 1000 1138 1043 Attica
1157 1002 1282 1057 virgo

213 1071 323 1114 Cum
344 1073 479 1114 sacris
502 1071 690 1120 Cereris,
712 1070 914 1126 procedit
935 1069 1084 1112 fuscus
1107 1068 1362 1125 Hydaspes,

129 1139 182 1181 15
212 1139 403 1182 Caecuba
422 1141 521 1182 vina
541 1139 701 1189 ferens,
725 1138 868 1180 Alcon
889 1138 1048 1180 Chium
1068 1138 1198 1178 maris
1218 1151 1393 1192 expers.

212 1207 302 1251 Hic
321 1209 482 1251 herus:
515 1207 752 1258 Albanum,
775 1206 1014 1256 Maecenas,
1038 1206 1125 1247 sive
1148 1204 1382 1247 Falernum

211 1277 281 1319 Te
301 1278 438 1334 magis
460 1277 671 1333 appositis
692 1275 908 1318 delectat:
943 1275 1153 1317 habemus
1175 1281 1425 1330 utrumque.

213 1344 418 1399 (Divitias
439 1346 619 1387 miseras
638 1344 665 1398 ἒ)
688 1343 779 1385 Sed
800 1343 898 1398 quis
920 1343 1194 1385 coenantibus
1218 1358 1317 1393 una,

211 1411 428 1464 Fundani,
449 1412 632 1469 pulchre
653 1411 786 1454 fuerit
807 1411 901 1461 tibi,
922 1426 1052 1452 nosse
1072 1410 1238 1452 laboro.

101 1526 263 1566 Fundani,
274 1527 330 1576 qui
344 1538 436 1560 versu
455 1529 494 1559 19
507 1527 635 1559 demum
656 1527 849 1558 nominatur.

101 1570 205 1619 ῌοαιί,
229 1569 350 1608 divitis,
373 1576 410 1602 ut
432 1570 606 1613 saepissime
632 1570 719 1612 apud
747 1571 849 1602 Hora-

99 1618 190 1645 num.

144 1657 178 1693 2,
201 1657 234 1687 3.
274 1655 357 1687 Nam
386 1657 461 1687 mihi
491 1658 651 1697 quaerenti,
677 1659 752 1687 cett.
777 1663 850 1684 nam

99 1698 179 1731 mihi
202 1704 234 1730 te
258 1698 326 1730 heri
350 1699 391 1731 ad
408 1709 534 1730 coenam
558 1699 685 1730 vocanti
709 1704 742 1728 tu
766 1697 852 1739 apud

99 1741 310 1774 Nasidienum
323 1741 363 1774 de
378 1741 483 1774 medio
497 1742 549 1773 die
564 1747 671 1784 potare
686 1740 792 1772 dictus
807 1750 852 1771 es.

100 1785 197 1822 Here,
207 1785 370 1833 antiquius
382 1795 448 1828 pro,
467 1786 545 1817 heri.
582 1785 631 1816 De
647 1786 742 1815 medio
756 1785 816 1819 die,
834 1793 852 1814 a

101 1828 207 1860 medio
221 1833 328 1860 statim
347 1828 410 1866 die,
426 1834 463 1859 ut
477 1830 513 1859 de
535 1835 620 1860 nocte
641 1838 767 1868 surgere
783 1836 850 1868 pro,

101 1871 209 1903 statim
246 1881 266 1902 a
300 1870 405 1903 media
441 1876 545 1907 nocte,
575 1869 663 1913 apud
693 1870 765 1902 Cic.
795 1880 850 1911 pro

102 1914 286 1946 Muren.33
300 1925 308 1944 ε
331 1914 486 1957 ejusmodi
499 1913 655 1951 convivia,
665 1924 736 1955 quae
749 1913 789 1944 de
799 1912 851 1944 die

100 1956 314 1999 incipiebant,
332 1963 364 1988 et
383 1956 418 1988 in
442 1957 575 1988 multam
592 1962 718 1988 noctem
734 1956 848 1998 produ-

101 1999 266 2037 cebantur,
283 2005 437 2032 vocantur
450 2002 642 2040 tempestiva.-
666 1999 708 2031 cf.
726 1999 852 2030 Ernest.

101 2043 136 2074 in
148 2043 242 2075 Clav.
250 2042 323 2075 Cic.
334 2044 395 2075 sub
405 2040 535 2075 vocibus
547 2044 594 2074 De
601 2049 633 2074 et
642 2043 853 2083 Tempestivus.

102 2085 159 2118 An
188 2090 263 2129 post
290 2088 340 2118 die
367 2086 489 2118 eicidit
516 2086 646 2117 fortasse
671 2088 721 2116 es?
766 2085 853 2116 Nam

102 2129 209 2161 finalis
225 2129 327 2160 littera
341 2140 357 2160 e
372 2135 404 2160 et
417 2128 549 2161 initialis
563 2141 576 2160 s
591 2129 687 2160 facile
701 2139 809 2160 vocem
824 2139 853 2159 es

102 2172 271 2204 absorbere
343 2178 457 2204 terant.
502 2173 563 2210 Sic,
601 2182 647 2204 sc.
684 2182 735 2203 me
767 2171 854 2214 juvit

102 2225 198 2248 coeua
214 2213 294 2247 Nasi
319 2215 393 2247 ieni.

148 2259 182 2290 4.
203 2259 269 2295 Da.
298 2268 404 2294 narra,
436 2263 547 2290 notum
572 2263 620 2290 est
646 2257 729 2288 illud
761 2257 853 2299 Virg.

105 2301 179 2334 Eel.
193 2301 216 2338 i,
236 2302 288 2340 19,
303 2301 362 2333 Sed
376 2309 475 2333 tamen
489 2303 544 2332 iste
562 2303 636 2332 deus
652 2303 704 2342 qni
725 2302 775 2339 sit,
799 2303 851 2337 da,

107 2345 226 2387 Tityre,
250 2345 344 2376 nobis.
389 2345 519 2377 Terent.
546 2345 665 2376 Heaut.
689 2343 780 2375 Prol.
802 2345 852 2382 10,

98 2389 208 2429 paucis
234 2389 322 2420 dabo.
378 2388 563 2420 Lectionem
593 2391 633 2419 da
663 2387 853 2419 confirmant

103 2430 231 2474 optime
260 2436 345 2463 notae
376 2430 479 2463 Codd.
502 2430 588 2473 apud
612 2432 729 2468 Feam3
753 2430 853 2462 altera

103 2472 200 2507 lectio
213 2475 264 2506 dic
278 2473 412 2516 glossam
432 2473 527 2516 sapit.

147 2519 182 2550 6.
205 2518 393 2553 placaverit,
413 2516 650 2548 accommodate
675 2515 715 2547 ad
735 2518 853 2547 iratum

39 2581 41 2586 ·
102 2570 173 2637 ἵνα,
196 2560 398 2598 esurientem,
423 2560 476 2591 vel
500 2561 555 2602 (ut
576 2569 648 2602 sup.
673 2560 739 2591 Sat.
761 2559 796 2596 ii,
819 2561 852 2595 2,

130 2602 169 2645 7)
195 2604 382 2642 latrantem;
417 2603 492 2634 hinc
522 2613 595 2645 sup.
622 2603 690 2634 Sat.
714 2602 736 2638 i,
761 2605 794 2639 5,
820 2604 852 2640 8,

30 2678 43 2697 .-
105 2645 270 2683 Horatius.
305 2657 370 2678 non
407 2646 528 2678 habens
572 2646 658 2688 quod
694 2645 780 2683 edat,
822 2656 854 2677 se

106 2692 208 2722 meri
219 2690 333 2722 bellum
348 2691 484 2722 indicere
496 2688 551 2720 ait.

150 2733 184 2766 6.
203 2733 352 2766 Lucanus
371 2744 457 2774 aper,
473 2732 550 2774 quia
567 2730 635 2773 apri
656 2730 690 2761 in
710 2731 855 2763 Lucania

106 2774 149 2808 ob
176 2782 303 2818 putum
332 2777 367 2808 in
395 2776 554 2818 quercetis
579 2779 654 2805 suut
682 2773 855 2806 admodum

106 2817 226 2894 πῶς
248 2818 325 2852 hinc
338 2829 408 2862 sup.
423 2819 492 2850 Sat.
516 2818 551 2855 ii,
576 2818 608 2855 3,
626 2818 703 2854 234,
724 2817 762 2848 In
787 2820 856 2849 nive

162 2873 242 2895 cana
260 2864 372 2894 dormis
388 2869 537 2898 ocreatus,
558 2867 595 2892 ut
610 2871 720 2902 aprum
737 2861 855 2893 Gaenem

230 2906 274 2938 In
301 2905 412 2938 eadem
441 2905 537 2936 laude
564 2909 613 2935 est
641 2915 713 2943 aper
747 2903 856 2936 Umber

891 1525 1039 1557 stantiam
1063 1526 1201 1569 superbo
1227 1526 1317 1558 vultu
1348 1528 1644 1561 commendantem:

892 1569 1029 1601 ridicula
1051 1576 1135 1602 certe
1158 1576 1214 1602 est·
1228 1570 1387 1613 ejusmodi
1411 1571 1645 1604 commendatio

892 1622 932 1643 ex
963 1623 1016 1644 ore
1053 1612 1191 1644 hominis
1224 1613 1311 1644 avari
1350 1613 1503 1655 profecta.
1565 1615 1644 1647 Leni

893 1656 1007 1686 Austro
1036 1663 1144 1696 captus
1153 1669 1164 1693 ,·
1197 1656 1275 1697 quia
1297 1666 1368 1687 caro
1398 1666 1557 1698 aprorum,
1588 1658 1645 1700 qui

894 1698 1016 1729 Austro
1033 1698 1128 1729 nimis
1146 1699 1282 1730 fervente
1304 1699 1486 1741 capiuntur.
1503 1700 1591 1732 brevi
1610 1701 1646 1732 fit

895 1741 1026 1772 rancida
1040 1747 1204 1784 putetque,
1224 1743 1285 1773 leni
1307 1744 1421 1773 Austro
1443 1748 1553 1774 contra
1571 1754 1645 1775 caro

895 1783 930 1814 fit
945 1785 1081 1815 mollior.

941 1828 972 1859 7.
1007 1828 1143 1863 Circum,
1167 1837 1212 1858 sc.
1236 1827 1359 1870 posita:
1393 1827 1426 1858 in
1452 1839 1562 1860 mensa
1585 1829 1645 1861 ali-

894 1869 972 1910 quid
987 1871 1102 1901 catillis
1116 1872 1352 1911 circumponere,
1370 1882 1443 1914 sup.
1468 1873 1536 1903 Sat.
1559 1872 1593 1908 ii,
1611 1875 1643 1911 4,

895 1914 948 1944 75.
996 1914 1100 1950 Acria,
1117 1924 1202 1956 quae,
1218 1919 1254 1944 ut
1269 1924 1342 1945 mox
1357 1914 1510 1956 sequitur,
1533 1916 1645 1948 lassum

896 1956 1130 1998 (languentem,
1147 1956 1236 1988 cibos
1246 1956 1388 1988 fastidire
1404 1957 1643 2000 incipientem),

894 2001 1078 2030 stomachum
1095 2001 1270 2040 pervellunt
1289 2001 1466 2043 (pungunt,
1481 2001 1645 2039 vellicant,

896 2042 1047 2083 acuunt).

941 2087 972 2117 8.
995 2086 1122 2126 Rapnla
1150 2085 1392 2127 (Radieschen),
1418 2086 1460 2118 cf.
1483 2097 1555 2130 sup.
1579 2089 1647 2121 Sat.

896 2127 930 2164 ii,
947 2130 979 2167 2,
995 2130 1035 2160 43
1050 2140 1058 2166 3
1074 2130 1201 2160 lactucae
1213 2129 1389 2171 (Lattich),
1402 2140 1474 2172 sup.
1484 2132 1551 2162 Sat.
1566 2131 1600 2168 ii,
1613 2133 1644 2169 4,

896 2172 961 2210 59;
984 2173 1114 2208 radices,
1127 2171 1259 2213 raphani
1277 2171 1437 2216 (Rettig.)

939 2216 970 2246 9.
1004 2215 1086 2246 Siser
1116 2215 1222 2256 (Sium
1259 2217 1399 2252 sisarum,
1439 2215 1535 2247 Linn.
1575 2228 1645 2256 nos,

897 2258 1157 2298 Zuckerwurzel),
1182 2258 1267 2289 Plin.
1293 2270 1347 2294 xx,
1378 2260 1431 2296 17,
1458 2260 1644 2293 SEser--sto-

895 2302 1034 2332 maehum
1045 2301 1346 2344 excitat,f‹1stidiu<m
1356 2304 1516 2345 abstergit.
1534 2304 1646 2343 Halae,

886 2345 1009 2386 saecula
1027 2345 1107 2375 Coa:
1132 2344 1177 2376 cs.
1194 2355 1268 2387 sup.
1284 2345 1324 2376 ad
1339 2346 1407 2378 Sat.
1422 2346 1456 2384 ii,
1473 2348 1504 2383 4,
1523 2347 1576 2378 73.

941 2389 992 2420 10.
1027 2388 1112 2419 Puer
1135 2389 1198 2419 alte
1223 2390 1353 2425 cinctus,
1379 2389 1503 2421 scilicet
1525 2395 1562 2421 ut
1584 2390 1646 2434 ipsi

894 2431 974 2462 servi
993 2436 1122 2463 externo
1137 2430 1249 2463 habitu
1269 2431 1435 2463 ministerii
1451 2432 1499 2464 sui
1519 2432 1553 2464 in
1570 2445 1647 2466 con-

895 2473 979 2506 vivio
1003 2480 1066 2506 tam
1090 2474 1257 2517 splendido
1276 2474 1463 2516 gravitatem
1481 2476 1530 2508 vel
1551 2478 1646 2509 sedu-

895 2516 1017 2549 litatem
1057 2517 1269 2549 ostenderent.
1323 2519 1495 2550 Acernnm:
1541 2520 1649 2553 Schol.

899 2560 1010 2603 Cruq.,
1035 2561 1076 2592 Et
1100 2562 1150 2592 hoc
1175 2567 1261 2592 notat
1285 2561 1449 2594 Nasidieni
1477 2565 1644 2601 sorditiem,

897 2605 976 2644 qnod
1008 2615 1065 2644 pm
1101 2605 1218 2635 divitiis
1247 2616 1308 2635 non
1344 2606 1485 2637 habuerit
1517 2617 1647 2639 mensam

898 2649 1023 2686 citream
1037 2654 1092 2678 aut
1108 2649 1350 2679 vermiculatam.

946 2691 996 2721 ll.
1020 2690 1163 2730 Gausupe
1171 2702 1336 2731 purpureo.
1361 2691 1516 2732 Gausapa,
1528 2695 1552 2724 is
1563 2699 1595 2725 et
1605 2705 1645 2730 es,

895 2743 1046 2774 gausapa,
1071 2745 1106 2770 ae,
1134 2740 1167 2764 et
1190 2745 1374 2776 gausapum,
1398 2738 1422 2771 i,
1447 2735 1581 2767 linteum
1607 2738 1647 2768 ab

900 2775 999 2807 altera
1028 2782 1116 2818 parte
1141 2776 1311 2817 villosum3
1341 2778 1426 2820 apud
1452 2777 1580 2810 ditiores
1607 2790 1647 2811 ex

900 2818 975 2850 lana
989 2819 1134 2851 molliore
1148 2825 1181 2851 et
1197 2820 1302 2852 colore
1321 2821 1510 2863 splendido;
1535 2832 1598 2864 quo
1614 2822 1647 2854 in

899 2861 959 2893 hoc
978 2862 1049 2894 loco
1064 2873 1173 2895 servus
1189 2864 1229 2896 ad
1244 2874 1385 2895 mensam
1406 2865 1646 2907 pertergendam

898 2905 1020 2980 utillibrzx
1075 2905 1140 2938 vid.
1181 2907 1324 2948 Boettig.
1369 2909 1481 2945 Sabin,
1528 2909 1566 2939 T.
1613 2909 1647 2946 ii,

948 2993 998 3023 12.
1015 2992 1166 3034 Sublegit,
1177 3003 1286 3024 servus
1301 2992 1357 3035 qui
1372 2994 1520 3034 sublegit:
1538 2993 1648 3025 Schol.

901 3035 1015 3077 Cruq.,
1027 3034 1225 3072 ἀνελέξατο,
1237 3038 1562 3078 ᾳιιοάσιιηφιερασρηι
1574 3038 1646 3067 inu-
