1884 3288
363 187 447 228 234

916 193 1309 240 CARMINUM

590 290 823 332 Immunem
843 292 1023 335 meditor
1043 295 1238 350 tinguere
1259 297 1436 351 poculis,

930 358 1064 402 Plena
1083 361 1201 403 dives
1214 366 1270 404 'ut
1290 364 1331 404 in
1353 364 1492 406 domo.

505 425 561 466 25
591 424 752 466 Verum
774 439 884 479 pone
905 441 1043 467 moras
1065 435 1108 468 et
1130 430 1316 470 studium
1336 429 1465 481 lucri3

589 490 911 544 Nigrorumque
932 507 1103 542 memor,
1127 494 1226 534 dum
1247 494 1360 544 licet,
1382 496 1555 550 ignium,

590 556 728 598 Misce
750 557 972 599 stultitiam
993 558 1177 600 consiliis
1199 562 1394 602 brevem:

926 623 1067 666 Dulce
1087 632 1152 666 est
1173 627 1368 682 desipere
1387 628 1430 669 in
1450 628 1557 671 loco.

897 822 1167 864 CARMEN
1200 824 1328 866 XIII.

928 962 1009 993 AD
1055 963 1284 993 LYCEN.

642 1065 899 1115 AumvERE,
923 1065 1056 1119 Lyce,
1080 1065 1142 1106 Di
1161 1081 1253 1107 mea
1274 1074 1384 1117 vota,
1408 1067 1470 1108 Di

642 1133 875 1181 Audivere,
899 1132 1030 1186 Lyce.

358 1253 390 1277 et
413 1247 484 1277 hinc
509 1246 566 1277 inf.
587 1245 687 1287 Epist.
706 1244 727 1279 i,
753 1245 803 1279 15,
824 1243 872 1280 19,
896 1243 1006 1273 Vinum
1019 1253 1086 1273 cum

356 1300 405 1328 spe
427 1291 519 1320 divite
540 1290 572 1318 in
594 1298 682 1318 venas
698 1293 725 1317 et
748 1287 880 1316 animum
903 1295 1023 1315 manare
1039 1284 1086 1314 di-

357 1330 448 1361 citur.
493 1331 604 1360 Amara
619 1340 775 1363 curarum,
793 1327 915 1360 Graece,
932 1327 974 1357 τὰ
986 1327 1087 1367 πικρὰ

359 1376 426 1404 τῶν
449 1374 630 1414 μεριμνῶν,
651 1381 717 1412 pro,
734 1378 854 1400 amaras
873 1378 975 1399 curas.
1019 1369 1087 1398 Non

356 1426 409 1455 ego
425 1417 559 1449 meditor,
575 1413 674 1444 facete
690 1422 755 1454 pro,
773 1422 835 1441 non
858 1410 934 1440 mihi
956 1415 1004 1441 est
1019 1410 1086 1440 aui.

358 1467 444 1487 mus:
470 1467 537 1490 nos.
554 1457 602 1486 ich
618 1457 666 1485 bin
683 1456 765 1484 nicht
786 1453 921 1487 Willens,
946 1454 994 1483 ich
1016 1454 1088 1483 habe

357 1510 414 1540 gar
431 1499 514 1529 nicht
529 1499 615 1528 Lust.
660 1497 836 1530 Immunem,
852 1495 929 1525 nihil
950 1495 1087 1525 muneris

357 1541 546 1574 afferentem,
571 1539 649 1569 nihil
670 1538 708 1568 ad
731 1537 988 1578 computationem
1011 1546 1086 1566 con-

358 1583 518 1613 ferentem.
565 1581 604 1611 Te
637 1582 775 1622 tinguere
802 1581 871 1609 meis
893 1579 1019 1617 poculis,
1055 1583 1086 1608 te

356 1624 428 1654 vino
454 1634 521 1654 meo
546 1623 750 1656 madefacere,
777 1620 912 1660 iri-igere,
943 1618 1085 1661 τέγγειν,

355 1677 411 1707 pro
427 1664 560 1706 vulgari,
576 1663 730 1705 excipere.
778 1663 872 1692 Plena
895 1664 975 1692 dives
998 1668 1033 1692 ut
1055 1664 1086 1691 in

357 1710 451 1742 domo,
468 1706 558 1748 quasi
574 1707 657 1748 apud
673 1715 732 1739 me,
747 1704 841 1735 sicuti
861 1705 891 1734 in
916 1703 1086 1734 beatiorum

356 1751 447 1780 domo
463 1750 580 1790 aliqua,
597 1758 707 1788 magna
723 1757 824 1778 rerum
846 1746 984 1777 omnium
1007 1746 1086 1776 vini-

354 1802 415 1833 que
431 1792 470 1822 sit
484 1790 687 1822 abundantia.

397 1834 537 1864 ‘25-28,
565 1833 672 1863 Verum
693 1843 766 1871 pone
790 1842 885 1861 moras
905 1836 933 1860 et
953 1831 1085 1860 studium

355 1877 456 1912 ἰωή,-
481 1875 535 1905 sed
551 1875 661 1916 posito,
677 1874 728 1904 cui
742 1874 775 1903 in
787 1872 981 1904 commodum
999 1877 1085 1902 tuum

355 1917 493 1948 intentus
514 1927 559 1951 es,
582 1916 695 1951 studio,
718 1915 783 1946 noli
805 1915 932 1946 morari:
956 1914 1020 1944 vid.
1036 1925 1082 1944 ar-

356 1970 441 2000 gum.
486 1957 718 1992 Praetermissis,
735 1967 814 1998 quas
837 1957 939 1998 plures
953 1955 992 1986 ad
1016 1956 1046 1986 h.
1063 1957 1084 1987 l.

354 2000 477 2032 effutire
507 1999 730 2033 sustinuerunt,
762 1999 856 2040 nugis
885 2004 917 2028 et
943 1998 1082 2038 argutiis,

354 2053 462 2074 eorum
485 2047 605 2072 tantum
632 2041 764 2072 breviter
786 2041 936 2080 attingam
959 2045 1083 2070 senten-

355 2086 424 2121 tias,
457 2084 512 2125 qui
540 2085 672 2114 studium
700 2086 791 2118 lucri,
821 2083 904 2124 quod
936 2082 1084 2113 Horatius

356 2126 489 2167 Virgilio
504 2126 623 2162 tribuit,
637 2125 846 2166 explicatione
859 2124 996 2155 emollire
1019 2129 1082 2155 stu-

356 2169 500 2200 duerunt.
544 2169 625 2198 Sunt
640 2167 743 2206 igitur,
760 2167 811 2207 qui
837 2168 915 2196 lucri
937 2168 1082 2202 studium,

354 2212 395 2242 ad
418 2211 526 2241 doctos
553 2208 678 2249 Virgilii
701 2209 832 2243 labores,
858 2208 923 2238 sive
949 2207 988 2237 ad
1014 2207 1084 2248 ejus

354 2252 502 2287 carmina,
519 2252 633 2292 quibus
649 2251 781 2281 multum
804 2250 880 2280 lucri
903 2249 1020 2284 fecerit,
1036 2260 1080 2280 re-

354 2295 464 2326 ferant.
508 2294 569 2324 Sed
585 2293 638 2334 qui
652 2303 689 2323 ex
705 2292 781 2323 lucri
797 2292 899 2322 studio
916 2291 1081 2331 Virgilium

354 2337 386 2368 in
403 2336 573 2367 scribendis
588 2335 727 2366 versibus
742 2334 909 2365 desudasse
932 2333 991 2364 sibi
1015 2344 1081 2374 per-

355 2379 498 2414 suadent,
533 2388 581 2408 nae
611 2377 660 2407 illi
685 2383 792 2418 poetas
821 2382 939 2406 veteres
969 2381 1081 2406 nostrae

353 2421 454 2452 aetatis
495 2420 593 2461 poetis
629 2418 826 2449 mercenariis
863 2417 1084 2459 aequiparantk

352 2463 429 2499 Alii.
458 2467 494 2493 ut
523 2462 574 2493 Cl.
604 2461 799 2500 Boettigerus
825 2466 857 2491 et
887 2459 1079 2490 Mitscherli-

352 2505 456 2540 chius,
486 2503 644 2534 Horatium
673 2513 797 2534 monere
819 2502 953 2533 voluisse
978 2502 1079 2543 Virgi-

351 2547 428 2578 lium
451 2547 648 2583 arbitrantur,
671 2555 709 2576 ne
730 2556 768 2576 ex
791 2547 868 2575 lucri
892 2545 968 2575 forte
982 2547 1080 2575 studio

351 2595 445 2620 antea
458 2593 627 2629 computet,
643 2587 753 2629 quanti
774 2587 944 2618 constitura
958 2586 998 2616 sit
1013 2587 1079 2618 haec

351 2630 560 2673 compotatio;
584 2630 644 2666 vel,
661 2641 697 2660 ne
713 2629 766 2660 diu
781 2629 947 2670 expendat,
963 2634 1030 2660 uter
1049 2629 1081 2660 in

352 2673 410 2704 hac
433 2672 599 2703 collatione
620 2671 739 2712 aliquid
758 2671 866 2702 lucelli
888 2671 1000 2705 saciat,
1022 2671 1076 2702 sed

351 2716 396 2746 sic
415 2714 562 2746 Horatius
578 2714 757 2754 Virgilium,
773 2723 865 2755 quern
888 2712 1077 2743 ditissimum

351 2756 447 2788 fuisse
473 2761 594 2787 constat
617 2756 698 2796 (vid.
725 2756 793 2787 Vit.
823 2755 915 2796 Virg.
942 2755 974 2784 in
1001 2755 1078 2786 edit.

352 2798 469 2840 Heynii
489 2798 532 2833 vi,
556 2809 587 2840 p.
602 2797 682 2839 clx),
698 2803 733 2828 ut
754 2797 909 2828 hominem
932 2797 1077 2828 sordidis-

350 2841 464 2871 simum
494 2845 644 2871 notasset.
687 2838 751 2870 Alii
781 2839 879 2870 aliter.
922 2839 1076 2880 Equidem

351 2894 404 2924 per
431 2884 510 2914 lucri
541 2884 674 2913 studium
705 2881 946 2922 diligentiorem,
981 2891 1076 2922 quam

353 2925 502 2966 Virgilius
522 2924 555 2956 in
578 2925 670 2956 rebus
692 2923 758 2955 suis
780 2923 922 2964 gerendis
943 2923 1077 2954 colloca-

1090 1132 1163 1173 Fis
1185 1148 1306 1183 anus,
1329 1142 1372 1175 et
1392 1143 1531 1175 tamen

1129 1242 1193 1280 bat,
1219 1254 1343 1285 operam
1366 1250 1397 1276 et
1420 1255 1509 1276 curas
1531 1244 1683 1286 designari
1705 1245 1858 1283 existimo,

1130 1285 1285 1327 praecipue
1300 1297 1371 1318 cum
1383 1287 1534 1328 ejusmodi
1544 1286 1706 1328 diligentia
1719 1287 1752 1318 in
1765 1299 1859 1320 sensu

1131 1327 1302 1359 honestiore
1317 1339 1437 1370 semper
1455 1339 1526 1359 cum
1549 1329 1634 1360 lucro
1656 1329 1761 1371 aliquo
1782 1340 1858 1361 con-

1127 1368 1238 1409 juncta
1255 1370 1315 1408 sit3
1338 1370 1382 1401 ita
1397 1375 1431 1401 ut
1448 1371 1515 1412 jam
1536 1383 1610 1411 pone
1629 1374 1762 1402 studium
1779 1373 1859 1403 lucri

1131 1410 1208 1441 nihil
1232 1411 1316 1442 aliud
1338 1412 1378 1442 sit
1398 1422 1493 1453 quam
1516 1413 1600 1454 quod
1621 1423 1690 1460 sup.
1706 1413 1753 1449 iii,
1770 1415 1801 1451 8,
1817 1415 1859 1445 20

1130 1453 1277 1484 Horatius
1307 1454 1346 1484 ad
1378 1455 1586 1485 Maecenatem
1612 1456 1729 1492 scribit,
1758 1457 1859 1496 linque

1129 1505 1252 1532 severa,·
1276 1495 1326 1526 vel
1349 1497 1432 1536 quod
1454 1495 1561 1526 scribit
1582 1496 1640 1527 inf.
1659 1497 1757 1538 Epist.
1778 1497 1800 1533 i,
1824 1500 1856 1535 5,

1130 1537 1183 1571 30,
1208 1538 1247 1567 ad
1268 1538 1471 1577 Torquatum,
1493 1548 1586 1579 quem
1606 1538 1647 1569 ad
1668 1538 1857 1571 coenandum

1129 1578 1212 1619 apud
1226 1589 1258 1610 se
1270 1579 1392 1614 invitat,
1403 1581 1488 1611 rebus
1499 1581 1626 1616 omissis,·
1641 1586 1707 1612 erat
1717 1582 1857 1622 Torqua-

1128 1625 1178 1650 tus
1197 1621 1276 1661 juris
1298 1621 1470 1658 consultus,
1487 1632 1580 1663 quem
1606 1621 1753 1654 Horatius
1771 1623 1858 1665 *apud

1129 1672 1160 1692 se
1175 1663 1321 1694 coenandi
1337 1674 1430 1694 causa
1445 1663 1610 1695 clientibus
1623 1665 1727 1696 deesse
1741 1670 1774 1696 et
1787 1676 1856 1707 per·

1130 1703 1202 1735 inde
1218 1706 1297 1736 lucri
1311 1708 1446 1736 studium
1459 1706 1613 1754 deponere
1631 1706 1733 1747 jubet.
1777 1707 1857 1744 Quis

1128 1747 1210 1776 enim
1225 1748 1386 1778 verborum
1409 1753 1624 1790 proprietatem
1638 1747 1793 1788 urgentia
1808 1749 1856 1787 iis,

1129 1799 1200 1829 quae
1226 1789 1390 1820 familiares
1415 1800 1470 1832 per
1494 1790 1603 1831 jocum
1635 1789 1770 1821 invicem
1797 1790 1856 1822 sibi

1127 1832 1333 1871 exprobrant!
1401 1833 1515 1863 Memor
1542 1833 1700 1874 nigrorum
1727 1834 1855 1874 ignium,

1128 1873 1204 1913 rogi.
1222 1873 1253 1904 h.
1268 1884 1295 1904 e.
1309 1874 1426 1904 mortis.
1469 1874 1521 1905 Sic
1543 1875 1626 1916 ignes
1646 1879 1734 1905 atros·
1745 1874 1785 1904 de
1807 1885 1856 1906 ro.

1128 1914 1174 1954 gis
1195 1926 1273 1956 quos
1297 1915 1383 1946 caesis
1403 1915 1494 1946 struit
1513 1917 1643 1950 AEneas,
1665 1915 1745 1947 dixit
1766 1916 1856 1958 Virg.

1130 1958 1207 1988 AEn.
1231 1957 1273 1993 xi,
1300 1959 1372 1993 185,
1397 1958 1469 1988 Huc
1497 1969 1619 1997 corpora
1644 1960 1764 1999 quisque
1787 1969 1855 1990 suo·

1127 2009 1195 2029 rum
1213 2000 1297 2030 More
1317 2001 1412 2031 tulere
1430 2005 1552 2040 patrum
1562 2011 1573 2037 ,-
1596 2001 1786 2042 subiectisque
1807 2003 1855 2043 ig-

1127 2042 1214 2071 nibus
1239 2044 1314 2072 atris
1345 2042 1493 2073 Conditur
1527 2044 1562 2072 in
1598 2043 1731 2073 tenebras
1757 2043 1854 2078 altum

1128 2085 1258 2124 caligine
1273 2085 1390 2115 coelum.
1439 2085 1530 2115 Misce
1552 2085 1715 2115 stultitiam
1725 2086 1856 2116 consiliis

1127 2126 1254 2160 brevem,
1280 2125 1384 2167 positis
1408 2136 1536 2156 nonuun
1562 2135 1633 2156 uam
1655 2125 1762 2157 studiis
1783 2136 1854 2167 gra-

1127 2166 1262 2197 vioribus
1294 2167 1438 2198 hilaritati
1466 2167 1541 2198 indu
1557 2178 1606 2207 ge,
1635 2178 1660 2199 s.
1683 2167 1853 2200 studiorum

1125 2209 1316 2239 severitatem
1345 2209 1500 2240 hilaritate
1525 2219 1749 2250 nonnunqum
1774 2215 1852 2242 tem-

1124 2260 1215 2290 pera;
1240 2256 1344 2292 aperte
1366 2250 1458 2292 igitur
1479 2251 1547 2282 haec
1561 2251 1714 2282 sententia
1729 2261 1853 2294 respon-

1124 2292 1176 2322 det
1202 2294 1248 2334 τῷ
1277 2295 1356 2323 lucri
1381 2295 1513 2324 studium
1538 2303 1655 2332 ponere.
1699 2293 1852 2334 Desipere,

1124 2333 1249 2365 liberius
1266 2339 1297 2365 et
1319 2334 1462 2365 licentius
1485 2334 1587 2365 Genio
1604 2345 1660 2366 suo
1679 2334 1853 2377 indulgere.

1126 2381 1160 2406 ut
1172 2376 1284 2418 furere
1298 2388 1367 2418 sup.
1385 2377 1417 2412 ii,
1433 2379 1463 2412 7,
1481 2378 1534 2412 28,
1551 2381 1582 2408 et
1595 2379 1747 2419 μανῆναι
1767 2378 1852 2420 apud

1125 2418 1356 2450 Anacreontem
1383 2419 1447 2454 xiii,
1475 2419 1525 2449 12.
1569 2419 1609 2449 In
1634 2420 1705 2454 loco.
1727 2419 1760 2450 h.
1775 2430 1804 2452 e.
1819 2420 1852 2452 in

1125 2465 1270 2502 tempore,
1310 2461 1346 2492 ὲν
1383 2463 1498 2503 καιρῷ,
1535 2466 1572 2492 ut
1606 2461 1689 2502 apud
1725 2461 1852 2494 Terent.

1125 2502 1262 2544 Adelph.
1277 2503 1308 2540 ii,
1331 2504 1362 2540 4,
1385 2505 1416 2538 8,
1438 2505 1595 2543 pecuniam
1616 2506 1648 2534 in
1664 2504 1733 2535 ‘loco
1753 2506 1850 2546 negli-

1120 2556 1209 2586 gere:
1242 2545 1298 2575 inf.
1323 2545 1424 2587 Epist.
1446 2545 1468 2581 i,
1496 2545 1527 2580 7,
1553 2545 1607 2580 57,
1630 2545 1670 2576 Ec
1693 2556 1852 2586 properare

1125 2588 1185 2618 Ioco
1209 2587 1308 2630 (justo
1334 2587 1507 2630 tempore),
1523 2594 1551 2618 et
1571 2598 1694 2623 cessare.
1723 2594 1751 2619 et
1771 2600 1850 2630 «μαε-

1123 2640 1199 2667 rere,
1217 2636 1244 2660 et
1258 2632 1317 2660 uti.

1322 2713 1522 2744 CARMEN
1546 2713 1642 2744 XIII.

1164 2755 1434 2792 Quemadmodum
1478 2754 1627 2785 Horatius
1658 2765 1728 2798 sup.
1755 2756 1778 2791 i,
1806 2757 1849 2788 25

1122 2798 1266 2839 Lydiam,
1287 2804 1319 2828 et
1343 2796 1388 2833 iii,
1415 2798 1452 2828 15
1481 2797 1624 2834 Chlorin,
1654 2796 1700 2828 ita
1725 2797 1758 2828 in
1787 2798 1846 2829 hoe

1121 2839 1257 2871 carmine
1286 2840 1396 2879 Lycen,
1425 2844 1460 2870 ut
1485 2838 1635 2874 vetulam,
1665 2845 1698 2870 et
1721 2839 1849 2882 turpiter

1121 2881 1223 2912 adhuc
1249 2881 1403 2923 juveniles
1428 2890 1546 2911 amores
1571 2886 1754 2918 sectantem,
1778 2888 1848 2912 tan-

1120 2934 1214 2964 quam
1240 2923 1274 2954 in
1298 2923 1403 2954 tabula
1433 2922 1605 2964 depictam,
1629 2923 1766 2956 omnium
1793 2934 1847 2955 ex-
