1904 3314
370 179 455 220 560

685 179 1047 222 EPISTOLA
1092 179 1188 221 AD
1232 180 1552 224 PISONES.

486 278 729 334 Percipiant
749 281 874 321 animi
894 279 1067 330 dociles,
1089 286 1346 334 teneantque
1366 279 1515 322 fideles
1535 297 1545 322 x

487 344 626 386 Omne
649 361 957 400 supervacuum
977 345 1103 400 pleno
1125 346 1179 387 de
1199 353 1373 400 pectore
1395 353 1552 394 manat,

485 411 606 453 Ficta
626 412 854 467 voluptatis
875 427 1003 453 causa
1025 413 1108 452 sint
1127 413 1320 466 proxima
1339 412 1465 460 veris,

484 476 594 526 Nec,
615 479 901 532 quodcunque
921 477 1047 527 volet,
1069 485 1220 532 poscat
1240 478 1322 518 sibi
1341 477 1486 519 fabula
1507 478 1644 528 credi;

371 542 456 583 340
484 542 587 583 Neu
607 558 774 597 pransae
795 544 955 584 Lamiae
976 544 1116 583 vivum
1137 557 1317 597 puerum
1337 543 1534 584 extrahat
1554 543 1661 585 alvo.

486 609 702 650 Centuriae
723 611 934 651 seniorum
955 610 1117 663 agitant
1137 610 1332 663 expertia
1351 609 1486 664 frugis
1503 627 1513 660 3

484 674 599 716 Celsi
619 682 880 730 praetereunt
899 683 1070 717 austera
1089 682 1287 730 poemata
1306 675 1498 716 Ramnes
1515 692 1525 717 ε

485 741 624 782 Omne
646 741 742 783 tulit
761 749 967 796 punctum
987 742 1061 795 qui
1081 742 1248 782 miscuit
1269 740 1372 782 utile
1394 741 1524 791 dulci,

483 807 710 850 Lectorem
730 808 982 849 delectando
1003 809 1248 862 pariterque
1269 808 1494 848 monendo.

368 873 454 914 345
483 874 569 915 Hic
589 882 723 916 meret
744 891 830 916 aera
849 875 958 916 liber
980 875 1114 915 Sosiis
1132 891 1141 924 3
1173 874 1242 914 hic
1264 881 1307 914 et
1327 888 1441 915 mare
1463 873 1630 923 transit,

481 937 542 979 Et
561 937 732 993 longum
753 946 855 980 noto
877 940 1076 993 scriptori
1099 945 1306 992 prorogat
1328 953 1475 979 aevum.

481 1004 592 1045 Sunt
613 1004 769 1046 delicta
790 1012 943 1054 tamen,
965 1006 1120 1059 quibus
1143 1006 1354 1059 ignovisse
1375 1005 1574 1046 velimus:

480 1070 595 1111 Nam
629 1085 768 1124 neque
805 1071 967 1111 chorda
1005 1085 1154 1111 sonum
1188 1070 1331 1111 reddit
1360 1085 1487 1123 quem
1516 1069 1606 1111 vult
1638 1084 1787 1112 manus
1827 1077 1871 1112 et

650 1150 782 1185 mens,

480 1201 768 1256 Poscentique
790 1216 962 1257 gravem
981 1216 1177 1256 persaepe
1197 1202 1373 1243 remittit
1394 1208 1565 1243 acutum
1583 1219 1594 1252 ;

366 1269 451 1310 350
480 1268 576 1309 Nec
598 1283 765 1323 semper
786 1269 908 1310 feriet
928 1269 1216 1323 quodcunque
1237 1269 1465 1311 minabitur
1485 1282 1625 1310 arcus.

367 1415 511 1452 spectant
526 1410 683 1452 praecipue
705 1415 803 1452 poetae
819 1409 1020 1449 dramatici);
1044 1413 1098 1439 aut

367 1452 480 1484 leviora
499 1457 530 1483 et
548 1452 737 1493 jucundiora
750 1454 797 1523 Se.
812 1463 842 1483 c.
859 1463 904 1482 res
919 1451 1096 1489 amatorias)

365 1494 528 1524 tractando
553 1495 701 1525 lectorum
724 1505 761 1525 ve
797 1499 1004 1535 spectatorum
1031 1492 1097 1523 ani-

367 1545 435 1566 mos
449 1536 631 1571 exhilarare,
647 1536 812 1571 delectare,
829 1541 861 1566 et
880 1535 1014 1566 suaviter
1029 1535 1096 1565 affi-

367 1586 436 1608 cere
457 1578 609 1618 cupiuut3
632 1583 687 1608 aut
700 1582 867 1618 utrumque
885 1576 1094 1618 conjungunt.

366 1618 477 1649 Idonea
503 1621 581 1655 vitae,
609 1618 698 1650 utilia
721 1619 860 1660 cognitu,
886 1618 971 1649 haud
985 1619 1098 1660 fingis

365 1663 495 1699 expertia
510 1661 559 1702 (v.
576 1660 669 1699 341).

409 1703 483 1734 335.
508 1703 575 1732 Cito
596 1704 691 1738 dicta,
715 1706 788 1743 apta
808 1701 958 1733 brevitate
986 1711 1097 1744 propo-

366 1743 435 1774 sita.

408 1786 482 1816 336.
508 1785 693 1825 Teneantque
705 1785 824 1825 fideles.
870 1785 985 1816 Fideles
1001 1786 1097 1826 (πισ-

365 1826 435 1866 τοὶ)
463 1826 531 1868 jam
561 1827 709 1857 dicuntur
732 1827 786 1868 qui
811 1826 893 1868 quod
922 1826 1098 1858 didicerunt

365 1867 450 1899 fideli
464 1878 540 1899 cura
553 1868 724 1899 recondunt
740 1868 898 1899 memoria.

415 1911 488 1940 337.
520 1911 613 1940 Omne
640 1921 871 1950 supervacuum,
892 1914 965 1941 cett.
993 1910 1097 1941 omnia

364 1962 435 1992 quae
451 1958 524 1982 sunt
538 1952 694 1993 superflua
709 1962 770 1982 non
789 1953 925 1983 influunt
940 1952 972 1982 in
987 1958 1096 1993 pectus

360 1994 428 2034 jam
450 1994 578 2034 plenum
600 1999 631 2023 et
652 1994 847 2029 exsatiatam,
863 1994 917 2025 sed
941 1995 980 2024 ab
994 2005 1031 2026 eo
1046 2004 1092 2025 re-

363 2041 531 2076 spuuntur.
578 2036 718 2066 Ductum
737 2045 755 2065 a
770 2046 842 2067 vase
855 2037 959 2077 pleno,
971 2036 1002 2066 in
1012 2037 1095 2077 quod

364 2076 443 2107 nihil
459 2076 593 2118 amplius
609 2076 732 2107 infundi
747 2083 855 2118 potest.

407 2120 482 2149 339.
513 2119 588 2155 Nec,
612 2120 805 2158 quodcunque
828 2120 915 2155 volet,
939 2124 1011 2150 cett.
1036 2129 1094 2151 nec

364 2160 478 2191 fabulae
509 2165 616 2190 auctor
641 2160 729 2190 rebus
750 2160 991 2201 quibuscunque
1019 2171 1037 2190 a
1063 2171 1095 2193 se

364 2213 420 2243 pro
436 2201 538 2233 lubitu
555 2201 634 2232 fictis
649 2201 739 2232 fidem
754 2202 859 2232 haberi
874 2207 992 2242 poscat.

406 2245 479 2274 340.
503 2243 572 2274 Neu
590 2254 705 2283 pransa
723 2243 844 2278 Lamiae,
861 2249 935 2274 cett.
952 2253 1011 2273 neu
1035 2244 1094 2273 fin-

363 2291 417 2326 gat
438 2295 578 2326 puerum,
603 2295 621 2315 a
643 2284 749 2315 Lamia
773 2285 966 2321 devoratum,
988 2284 1093 2314 vivum

362 2327 431 2367 ejus
449 2327 519 2357 alvo
540 2332 711 2358 extractum
727 2337 812 2365 esse;
836 2326 906 2368 quis
926 2327 1009 2357 enim
1033 2325 1090 2357 hoc

363 2370 492 2400 credat?
538 2369 685 2403 Pransus,
712 2368 822 2406 active,
853 2368 907 2409 qui
937 2367 1092 2409 prandens

361 2410 466 2441 cibum
485 2409 517 2440 in
535 2415 671 2440 ventrem
686 2409 829 2440 demisit:
854 2420 923 2452 sup.
939 2411 1005 2440 Sat.
1021 2409 1042 2444 i,
1060 2411 1091 2445 6,

363 2453 436 2487 127,
457 2452 592 2483 Pransus
611 2464 669 2482 non
683 2453 780 2482 avide.
827 2453 935 2483 Lamia
951 2452 1092 2493 (Λαμία,

363 2494 501 2536 Μορμὼ·
526 2494 589 2524 vid.
607 2494 720 2525 Valck.
738 2493 778 2524 ad
799 2494 927 2525 Theocr.
941 2493 1092 2523 Adoniaz.

362 2546 393 2577 p.
409 2534 502 2575 348),
518 2542 690 2566 monstrosa
710 2535 831 2572 mulier,
849 2536 899 2566 cui
918 2535 1010 2565 modo
1025 2535 1091 2565 haec

361 2578 452 2609 modo
478 2577 533 2607 illa
554 2577 672 2618 species
694 2577 869 2617 affingitur3
891 2587 959 2608 eam
981 2582 1092 2606 ventu-

362 2630 438 2655 ram,
454 2624 486 2650 et
500 2619 660 2650 obstinatae
683 2619 795 2649 mentis
817 2619 951 2649 infantes
964 2619 1092 2649 devora-

361 2669 461 2694 turam
478 2671 556 2698 esse,
570 2661 691 2692 terroris
710 2660 774 2691 illis
795 2660 966 2692 incutiendi
982 2670 1089 2696 causa,

360 2703 487 2736 aiebant
502 2703 649 2733 nutrices.

403 2746 476 2776 341.
502 2745 651 2775 Centm-iae
677 2745 836 2780 seniorum,
860 2754 915 2785 pro
938 2743 1089 2784 simplice,

358 2787 515 2825 seniores3
544 2788 682 2817 centuria
706 2785 788 2816 enim
814 2785 853 2816 de
878 2785 1090 2816 multitudinis

359 2828 494 2876 alicujus
522 2838 648 2859 numero
680 2827 763 2858 haud
792 2827 891 2858 finito.
946 2829 1085 2867 Agitant,

359 2875 532 2911 exagitant,
545 2869 696 2900 derident.

402 2913 476 2949 342,
494 2912 566 2942 343.
580 2912 723 2948 Ramnes,
742 2910 791 2942 vel
816 2911 1006 2945 Ramnenses,
1023 2920 1086 2940 una

1141 1408 1233 1439 trium
1248 1408 1455 1445 decuriarum,
1471 1409 1505 1440 in
1519 1419 1600 1450 quas
1623 1419 1641 1440 a
1662 1409 1800 1440 Romulo
1815 1409 1868 1441 de-

1140 1450 1246 1492 scripti
1270 1456 1345 1481 sunt
1365 1451 1506 1492 equites:
1538 1451 1609 1482 Liv.
1633 1451 1655 1487 i,
1686 1452 1735 1488 13,
1760 1451 1870 1482 Eodem

1143 1499 1268 1531 tempore
1281 1499 1310 1523 et
1324 1495 1467 1523 centuriae
1484 1499 1542 1523 tres
1553 1495 1684 1533 equitum
1698 1495 1870 1533 conscripta

1139 1540 1221 1569 sunt,
1239 1535 1419 1564 Ramnenses
1437 1536 1474 1564 ab
1490 1535 1632 1570 Romulo,
1648 1536 1685 1565 ab
1703 1534 1769 1565 Tito
1785 1535 1870 1566 Tatio

1143 1576 1319 1612 Tutienses5
1357 1576 1508 1607 Lucerum
1537 1578 1663 1607 nominis
1691 1582 1720 1606 at
1745 1578 1871 1618 originis

1142 1628 1232 1648 causa
1253 1619 1368 1648 incerta
1391 1625 1443 1648 est.
1487 1619 1577 1655 Celsi,
1591 1617 1678 1653 elati,
1692 1623 1796 1649 erecto
1815 1627 1868 1649 ca-

1140 1658 1215 1700 pite,
1228 1660 1350 1690 incessu
1367 1665 1399 1690 et
1412 1664 1475 1691 toto
1488 1659 1623 1702 corporis
1638 1659 1747 1690 habitu
1761 1670 1868 1702 super-

1140 1701 1223 1731 biam
1247 1701 1312 1732 sive
1331 1701 1549 1733 confidentiam
1565 1701 1781 1732 ostendentes:
1805 1701 1870 1734 vid.

1141 1743 1262 1774 Duker.
1292 1744 1332 1774 ad
1360 1743 1429 1774 Liv.
1456 1753 1530 1780 xxx,
1560 1744 1614 1774 32.
1668 1743 1869 1779 Praetereunt,

1141 1783 1219 1814 nihil
1237 1790 1405 1825 morantur,
1421 1784 1499 1815 nihil
1521 1790 1632 1816 curant
1643 1795 1652 1822 3
1673 1785 1812 1826 apposite
1831 1785 1870 1817 de

1140 1827 1235 1863 celsis,
1252 1827 1320 1868 qui,
1335 1836 1415 1868 quos
1429 1826 1563 1858 salutare
1578 1826 1744 1863 debebant,
1759 1832 1869 1868 proete-

1139 1873 1240 1899 reunt.
1283 1869 1424 1903 Austera,
1441 1878 1503 1899 non
1522 1867 1723 1900 delectantia.
1767 1869 1869 1900 Hora-

1139 1909 1202 1940 tius
1216 1910 1286 1941 vult
1303 1909 1417 1946 dicere,
1432 1910 1566 1941 seniores
1587 1910 1727 1940 carmina
1747 1909 1869 1941 ludicra

1139 1958 1170 1982 et
1189 1951 1267 1982 nihil
1286 1951 1430 1982 utilitatis
1452 1951 1633 1993 praebentia,
1647 1951 1788 1993 juniores
1801 1961 1869 1982 car-

1138 1994 1224 2024 mina
1250 1993 1410 2024 severioris
1445 1993 1620 2034 argumenti
1655 1998 1869 2025 contemnunt.

1139 2035 1224 2066 Hinc
1241 2035 1338 2070 addit,
1354 2036 1446 2066 Omne
1461 2037 1534 2066 tulit
1555 2041 1713 2076 punctum,
1729 2035 1868 2066 omnium

1138 2082 1201 2108 tam
1226 2077 1382 2108 seniorum
1407 2087 1502 2118 quam
1522 2077 1683 2118 juniorum
1709 2075 1868 2118 suffragia.

1139 2119 1188 2149 De
1224 2129 1299 2150 voce
1333 2126 1480 2159 punctum
1511 2119 1574 2150 vid.
1603 2129 1676 2160 sup.
1705 2117 1806 2160 Epist.
1835 2118 1868 2155 ii,

1138 2162 1172 2196 2,
1191 2162 1244 2191 99.

1181 2203 1255 2232 345.
1278 2202 1340 2233 Hic
1354 2203 1440 2238 liber,
1456 2202 1510 2243 qui
1523 2207 1554 2233 et
1567 2201 1703 2234 delectat
1716 2207 1748 2233 et
1762 2207 1868 2232 monet

1137 2243 1304 2281 lectorem;
1327 2255 1386 2274 aera
1401 2250 1503 2279 meret,
1515 2244 1648 2274 multum
1664 2243 1741 2274 lucri
1757 2249 1844 2284 parat
1857 2255 1866 2282 ;

1137 2285 1237 2319 Sosiis,
1263 2285 1458 2326 bibliopolis:
1483 2285 1546 2315 vid.
1568 2296 1639 2327 sup.
1659 2285 1699 2316 ad
1722 2284 1821 2326 Epist.
1845 2285 1866 2321 i,

1135 2327 1188 2361 20,
1203 2327 1235 2356 2.
1280 2327 1341 2356 Hic
1365 2333 1393 2356 et
1415 2338 1496 2357 mare
1518 2329 1651 2363 ῑναπεὶίς
1675 2326 1749 2357 hine
1766 2327 1865 2356 Hora-

1135 2367 1209 2403 tius,
1233 2369 1271 2399 de
1293 2378 1349 2398 suo
1371 2367 1468 2408 ipsius
1491 2368 1570 2398 libro
1593 2367 1777 2403 vaticinans,
1796 2377 1867 2409 sup.

1136 2409 1238 2450 Epist.
1262 2409 1283 2445 i,
1307 2410 1360 2444 20,
1381 2410 1430 2444 13,
1447 2411 1511 2440 Aut
1522 2410 1631 2451 fugies
1656 2410 1788 2446 Uticam,
1810 2416 1865 2440 atat

1135 2453 1254 2482 vinctus
1268 2453 1395 2482 mitteris
1412 2451 1557 2482 Ilerdam.

1176 2493 1251 2524 346.
1284 2494 1374 2529 Noto,
1404 2493 1572 2525 celebrato.

1134 2534 1244 2565 tendit.

1178 2577 1252 2606 349.
1278 2577 1408 2606 Gravem
1433 2586 1556 2615 persaepe
1579 2576 1707 2606 remittit
1731 2581 1865 2606 acutum.

1136 2618 1292 2648 Gesnerus
1317 2617 1441 2658 culpam
1467 2617 1536 2647 salsi
1564 2616 1632 2647 soni
1658 2616 1692 2647 in
1716 2617 1863 2648 chordam

1133 2665 1186 2690 aut
1201 2659 1292 2690 nimis
1307 2665 1362 2690 aut
1376 2669 1487 2700 parum
1501 2664 1620 2690 tensam
1637 2658 1767 2690 confert.
1801 2659 1863 2689 Sed

1133 2712 1230 2732 sermo
1252 2707 1300 2732 est
1322 2701 1360 2732 de
1381 2710 1492 2735 errore,
1504 2700 1559 2731 cui
1580 2699 1716 2741 optimus
1729 2699 1864 2741 quisque

1132 2744 1286 2774 obnoxius
1301 2748 1360 2773 est.
1402 2741 1482 2773 Fieri
1500 2742 1582 2773 enim
1607 2746 1716 2783 potest,
1731 2747 1766 2772 ut
1780 2741 1863 2783 opti-

1132 2796 1202 2816 mus
1230 2785 1363 2826 quisque
1390 2783 1580 2814 citharoedus
1608 2782 1725 2814 chorda
1753 2782 1862 2824 aliqua

1130 2838 1342 2867 nonnunquam
1363 2826 1501 2856 oben-et:
1523 2829 1556 2855 at
1577 2825 1627 2864 (v.
1645 2823 1726 2864 356)
1749 2825 1859 2855 chorda

1130 2872 1181 2909 qui
1200 2879 1310 2908 semper
1325 2869 1440 2898 oberrat
1457 2868 1569 2903 eadem,
1586 2867 1732 2897 Ridetar.

1173 2911 1248 2942 350.
1273 2910 1336 2940 Nec
1351 2920 1461 2950 semper
1471 2909 1571 2950 feriet
1589 2910 1781 2950 quodcunque
1801 2911 1857 2939 mi·
1902 2922 1904 2943 :

1623 2493 1786 2532 Prorogat,
1813 2501 1866 2523 ex·
