1904 3314
678 209 927 254 ‘LIBER
958 209 994 260 I,
1025 208 1067 251 3.

1575 205 1663 247 315

186 342 190 344 ἡ
237 314 335 359 Nec
356 322 513 358 natura
532 319 678 371 potest
693 314 816 368 justo
839 325 1068 354 secernere
1088 310 1300 364 iniquum,

238 384 410 426 Dividit
431 390 478 425 ut
498 384 614 425 bona
634 381 832 430 diversis,
855 378 1066 434 fugienda
1085 378 1288 433 petendis
1307 392 1317 418 z

126 453 208 494 115
237 453 337 494 Nec
359 453 500 493 vincet
521 450 632 491 ratio
653 449 752 498 hoc,
777 447 1044 488 tantumdem
1068 453 1115 487 ut
1134 452 1290 501 peccet
1310 445 1530 498 idemque,

239 520 336 567 Qui·
353 526 526 561 teneros
548 515 695 558 caules
717 514 845 556 alieni
866 514 1048 570 fregerit
1068 513 1204 562 horti,

238 588 301 630 Et
321 587 396 642 qui
415 593 656 628 nocturnus
680 598 804 625 sacra
825 581 989 624 Divi'im
1009 581 1187 636 legerit:
1221 580 1338 621 adsit

237 653 427 710 Regula,
448 653 642 709 peccatis
663 666 763 706 quae
783 665 937 705 poenas
959 651 1125 704 irroget
1147 663 1313 703 aequaS‚

237 721 337 764 Nec
357 716 522 763 scutica
543 721 722 775 dignum
742 716 941 760 horribili
963 726 1130 758 sectere
1153 715 1348 772 flagello.

127 790 211 833 120
239 789 356 832 Nam
375 796 424 830 ut
445 787 585 830 ferula
606 787 749 829 caedas
770 786 968 827 meritum
991 785 1154 840 majora
1177 784 1325 825 subire

241 856 456 904 Verbera,
479 871 567 897 non
586 869 754 903 vereor,
778 868 912 908 quum
936 853 1072 901 dicas,
1096 867 1193 893 esse
1215 866 1344 906 pares
1368 865 1439 892 res

240 923 379 966 Furta
398 923 649 973 latrociniis,
671 930 715 964 et
737 922 904 976 magnis
926 936 1060 976 parva
1083 921 1255 962 mineris

240 991 372 1034 Falce
392 992 634 1033 recisurum
656 989 861 1040 similite,
885 990 920 1030 si
942 989 1020 1030 tibi
1042 1004 1228 1044 regnum

243 1057 505 1100 Permittant
523 1057 736 1099 homines.

799 1056 846 1097 Si
869 1057 1006 1106 dives,
1030 1057 1105 1111 qui
1127 1056 1301 1111 sapiens
1323 1062 1406 1104 est,

132 1125 215 1167 125
246 1125 308 1166 Et
330 1132 452 1166 sutor
473 1125 615 1166 bonus
637 1132 683 1166 et
703 1123 820 1166 solus
842 1124 1058 1165 formosus
1080 1131 1124 1165 et
1145 1132 1213 1165 est
1236 1138 1341 1173 rex3

246 1192 339 1234 Cur
359 1199 502 1248 optas,
525 1191 646 1247 quod
666 1191 834 1233 habes?

248 1259 523 1315 Chrysippus
546 1261 676 1302 dicat.

131 1383 263 1416 verbum
278 1390 421 1416 notarent
437 1393 492 1426 per
507 1393 640 1425 zeugma
655 1384 797 1426 proximo
813 1388 883 1414 tan-

133 1432 200 1459 tum
216 1426 336 1458 nomini
352 1427 627 1459 accommodatum
645 1432 703 1457 est.

179 1470 253 1502 105.
277 1470 370 1513 Leges
382 1481 504 1511 ponere,
515 1469 718 1506 constituere,
734 1469 882 1501 condere.

180 1513 254 1544 107.
278 1513 420 1550 Curinus,
443 1512 561 1555 injecta
584 1523 604 1543 a
626 1512 815 1544 mulieribus
846 1513 881 1544 li-

134 1554 231 1587 bido:
256 1555 299 1588 cf.
315 1556 355 1587 ad
373 1557 440 1588 Sat.
456 1555 478 1592 i,
495 1557 528 1590 2,
546 1556 599 1587 35.

182 1600 257 1630 108.
303 1599 461 1630 Mortibus
497 1601 620 1640 ignotis,
661 1598 738 1639 quia
777 1609 883 1629 eorum

137 1641 268 1673 nomina
281 1652 344 1674 non
356 1643 514 1673 memoriae
527 1641 649 1683 prodita
661 1648 736 1671 sunt
753 1651 771 1671 a
785 1642 883 1683 scrip-

137 1685 273 1716 toribus.

186 1729 260 1760 109.
286 1728 367 1763 Quos
393 1729 533 1759 Venerem
557 1729 704 1758 incertam
725 1729 887 1767 rapientes,

137 1781 218 1814 quos
248 1777 375 1802 ruentes
411 1771 452 1802 ad
487 1770 675 1812 explendam
709 1769 886 1804 libidinem,

138 1813 238 1845 nullis
266 1819 334 1845 tum
361 1813 484 1854 legibus
509 1814 716 1848 adstrictam3
748 1813 888 1843 nundum

139 1856 224 1888 enim
245 1862 336 1896 eraut
355 1857 529 1899 conjugia;
553 1856 626 1886 hinc
650 1855 788 1891 additur,
811 1867 890 1886 mure

128 1899 299 1942 serarum.-
337 1899 406 1931 baec
450 1900 548 1930 Venus
587 1901 703 1930 incerta
743 1898 890 1929 Lucretio

139 1941 203 1984 (iv,
223 1941 324 1981 1064)
339 1941 458 1974 dicitur
473 1944 646 1982 volgivaga.
692 1943 840 1972 Ceterum
858 1941 890 1971 in

138 1985 222 2016 hane
247 1985 439 2017 senteutiam
468 1985 636 2016 Lucretius
667 1995 700 2019 v.
733 1985 810 2018 900.
851 1985 891 2014 Et

147 2027 247 2060 Verum
262 2031 293 2060 in
308 2030 554 2070 silvis-jungebat
571 2039 695 2067 corpora
711 2034 890 2063 arnantum,·

142 2071 332 2103 Cmiciliabat
356 2074 436 2103 enim
457 2072 503 2102 vel
533 2078 640 2102 mutua
665 2080 810 2111 quamque
833 2081 888 2101 cu—

137 2115 223 2155 pido.
244 2114 297 2146 Vel
311 2115 443 2146 violenta
458 2115 519 2145 viri
535 2116 592 2145 vis.

190 2158 262 2189 110.
290 2157 332 2189 Ut
352 2160 384 2188 in
405 2168 500 2200 grege
521 2164 641 2192 taurus,
657 2166 702 2188 sc.
723 2154 803 2187 alios
821 2161 893 2186 tau-

142 2209 195 2231 ros
209 2199 330 2232 viribus
345 2199 532 2232 eminentior
547 2199 654 2231 caedit.

190 2244 263 2275 112.
297 2243 459 2285 fastosque
484 2245 603 2278 mundi,
635 2248 668 2274 et
690 2240 836 2277 annales,
860 2239 892 2271 in

143 2285 264 2328 quibus
284 2295 388 2318 rerum
410 2288 443 2318 in
466 2285 587 2317 mundo
610 2284 746 2326 origines
766 2284 891 2325 consig-

144 2334 228 2361 natae
242 2333 329 2360 sunt.

189 2372 371 2404 lla—115.
397 2371 462 2403 Nec
477 2378 591 2402 natura
609 2377 715 2412 potest,
730 2374 804 2402 cett.
821 2379 893 2401 sen-

144 2423 222 2446 sus:
254 2414 520 2458 quemadmodum
547 2421 661 2445 natura
691 2424 747 2456 per
773 2424 807 2444 se
833 2412 894 2443 ini-

145 2467 245 2500 quum
268 2457 394 2500 ajusto
417 2467 578 2489 secernere
602 2458 726 2499 nequit,
751 2455 896 2498 quamvis

146 2499 220 2543 (ut)
241 2500 323 2532 bona
342 2506 375 2532 et
393 2500 490 2536 mala,
514 2500 653 2543 petenda
678 2506 710 2531 et
734 2499 895 2540 fugienda,

146 2545 260 2576 dividit
291 2542 489 2585 (distinguit,
513 2543 679 2585 separatim
706 2543 896 2585 proponit);

146 2585 192 2618 ita
207 2586 385 2618 Stoicorum
400 2585 601 2629 philosophia
616 2585 748 2628 probare
763 2591 795 2616 et
809 2586 897 2616 evin-

146 2639 218 2662 cere
240 2640 305 2661 non
329 2629 442 2672 poterit
472 2629 542 2665 hoc,
566 2634 603 2660 ut
634 2628 662 2658 is
690 2628 746 2669 qui
775 2634 899 2659 teneros

148 2671 259 2704 caules
279 2672 313 2704 in
334 2673 427 2703 hortu
449 2671 555 2702 alieno
576 2671 713 2712 fregerit,
737 2676 769 2702 et
791 2670 818 2700 is
841 2671 898 2712 qui

149 2720 247 2747 noctu
266 2715 467 2757 sacrilegium
492 2714 613 2750 fecerit,
629 2724 727 2744 unum
752 2714 899 2754 idemque

149 2764 316 2800 peccatum
338 2758 550 2796 committant,
566 2757 634 2788 sive
650 2762 686 2788 ut
700 2758 808 2787 onmia
826 2767 899 2799 pec-

147 2806 222 2832 cata
235 2801 325 2844 paria
339 2802 414 2832 sint.

195 2845 271 2880 116,
289 2844 362 2875 117.
387 2844 514 2875 Teneros
534 2843 648 2877 caules,
671 2853 716 2874 sc.
739 2841 901 2879 brassicae,

149 2891 188 2918 ut
208 2887 267 2918 inf.
289 2887 356 2918 Sat.
378 2886 413 2923 ii,
438 2889 470 2923 4,
502 2888 554 2922 15,
580 2887 678 2916 caulis
700 2886 902 2917 suburbanus.

153 2929 308 2972 Fugerit,
351 2929 468 2961 fractos
509 2927 675 2970 (avulsos)
726 2927 902 2959 abstulerit.

143 2971 356 3056 jRJocturmis:
380 2972 503 3004 Catuli.
525 2971 593 3008 lxii,
617 2973 672 3008 34,
698 2977 782 3002 nocte
807 2971 903 3003 latent

169 3024 249 3048 ures·

176 3092 194 3105 θ

897 1190 1008 1232 Non
1024 1191 1152 1240 nosti,
1175 1190 1281 1244 quid
1303 1194 1445 1243 pater,
1467 1189 1623 1243 inquit,

740 1259 924 1314 Sapiens
948 1258 1150 1313 crepidas
1173 1258 1256 1299 sibi
1277 1271 1511 1311 nunquam,

975 1385 1048 1415 118.
1071 1385 1161 1414 Adsit
1177 1383 1324 1424 Regula,·
1349 1381 1455 1423 itaque
1468 1380 1595 1421 regulet,
1608 1379 1681 1412 h.e.

930 1436 1031 1458 canon
1057 1438 1082 1458 s.
1102 1436 1223 1461 norma,
1244 1436 1269 1455 s.
1293 1430 1380 1455 certa
1402 1425 1507 1464 legum
1530 1422 1680 1460 formula,

929 1468 962 1499 in
986 1475 1109 1512 promtu
1140 1468 1182 1499 sit
1204 1477 1335 1499 necesse
1358 1472 1428 1497 est:
1459 1476 1561 1506 poeuas
1584 1477 1683 1507 aequas

926 1515 1069 1553 peccatis,
1085 1510 1224 1554 peccatis
1242 1517 1298 1541 aut
1316 1508 1513 1551 gravioribus
1530 1514 1585 1540 aut
1602 1508 1680 1540 levi-

929 1555 1034 1586 oribus
1051 1554 1305 1586 accommodaias
1320 1564 1346 1584 s.
1365 1553 1614 1594 respondentes„

977 1600 1048 1630 119.
1065 1600 1201 1632 scutica,
1216 1607 1277 1639 qua
1292 1596 1410 1627 leviora
1425 1602 1555 1637 peccata
1571 1594 1682 1636 punie-

928 1642 1221 1683 banturzflagello,
1251 1640 1293 1670 ita
1321 1638 1396 1668 loris
1422 1638 1576 1680 nodisque
1602 1649 1678 1669 con-

930 1690 1014 1714 texto
1037 1691 1193 1724 tortoque,
1216 1689 1250 1712 ut
1274 1682 1314 1712 ad
1337 1687 1468 1712 mortem
1494 1691 1595 1722 usque
1619 1681 1682 1720 (cf.

931 1737 1002 1768 sup.
1020 1726 1041 1761 i,
1059 1728 1092 1760 2.
1107 1728 1145 1756 41
1160 1733 1166 1757 )
1180 1735 1218 1756 eo
1234 1725 1430 1755 caederentur
1443 1724 1568 1754 serviet
1584 1724 1682 1755 male-

932 1769 1003 1805 fici3
1029 1769 1100 1799 bine
1116 1768 1197 1799 illud
1211 1767 1277 1809 jam
1295 1766 1411 1796 dicitur
1426 1767 1583 1796 horribile.

981 1813 1052 1847 120,
1071 1813 1140 1842 121.
1167 1811 1245 1841 aum
1262 1817 1400 1840 zat—mm
1420 1820 1443 1839 oe
1454 1820 1539 1839 reor:
1558 1819 1612 1850 pro
1625 1820 1685 1840 non

934 1866 1036 1886 vereor
1056 1854 1206 1885 Horatius
1224 1853 1343 1894 aliquid
1366 1851 1522 1893 subjicere
1547 1851 1685 1883 voluisse

936 1898 1058 1928 videtur
1082 1898 1112 1927 'in
1137 1897 1219 1927 hanc
1244 1896 1305 1926 fene
1327 1895 1535 1925 senteutiam:
1562 1896 1610 1924 vir
1627 1896 1684 1925 ud-

935 1943 1007 1972 dii-ci
1027 1943 1158 1980 poteris-,-
1191 1949 1263 1969 nam
1288 1937 1314 1969 si
1334 1939 1365 1968 in
1383 1937 1490 1967 animo
1508 1937 1684 1972 habuisset,

935 1995 995 2013 uon
1024 1995 1135 2017 vei-ear,
1160 1993 1214 2024 pro
1240 1990 1272 2011 ιιι
1297 1980 1337 2011 ad
1364 1990 1505 2010 normam
1534 1980 1684 2021 loquendi

936 2026 1094 2068 posuisset
1111 2036 1157 2056 ue.
1204 2025 1340 2056 Videtur
1357 2023 1451 2064 igitur
1467 2022 1518 2053 hic
1538 2023 1627 2054 locus
1644 2023 1686 2054 ad

935 2070 1122 2111 scriptorum
1160 2067 1354 2098 anacolutha
1385 2066 1566 2097 referendus
1604 2076 1687 2097 esse.

938 2112 1103 2143 Horatium
1119 2111 1202 2142 enim
1221 2109 1288 2152 jam
1305 2117 1340 2140 ue
1357 2120 1412 2151 pro
1430 2119 1465 2140 ne
1483 2109 1636 2150 posuisse,
1654 2109 1688 2140 id

937 2155 1087 2196 equidem
1103 2154 1133 2185 ei
1150 2155 1298 2193 affingere
1315 2154 1424 2183 nolim.

983 2199 1055 2229 122.
1081 2197 1194 2232 Furta,
1212 2207 1258 2227 sc.
1273 2196 1363 2239 paria
1377 2196 1562 2227 latrociniis.

984 2242 1055 2271 123.
1081 2241 1193 2275 Simili,
1222 2250 1269 2271 sc.
1298 2239 1328 2270 ei
1362 2238 1447 2272 falci.
1478 2248 1541 2280 qua
1569 2247 1688 2277 magna

937 2284 1131 2314 reciduntur.
1177 2284 1315 2313 Sensus:
1337 2288 1368 2312 et
1381 2282 1521 2316 mineris,
1539 2287 1569 2312 te
1584 2281 1689 2322 parvis

938 2337 1028 2368 aeque
1038 2337 1075 2358 ac
1086 2326 1210 2367 magnis
1220 2335 1324 2368 parem
1337 2334 1465 2367 poenam
1478 2325 1688 2365 irrogaturum

938 2380 1018 2407 esse,
1034 2369 1112 2403 sive.
1130 2376 1160 2400 te
1177 2379 1273 2412 parva
1289 2378 1380 2409 aeque
1396 2378 1433 2399 ac
1449 2377 1564 2409 magna
1577 2367 1688 2398 eadem

938 2423 1036 2456 poena
1052 2412 1241 2444 affecturum
1257 2421 1339 2442 esse.

988 2458 1059 2487 124.
1075 2457 1109 2486 Si
1126 2457 1179 2486 tibi
1193 2466 1321 2497 regnum
1337 2453 1523 2484 Permittant
1539 2453 1689 2484 homines:

939 2499 1086 2530 consulto
1111 2509 1188 2529 usus
1208 2504 1257 2528 est
1275 2503 1367 2538 poeta
1387 2496 1446 2526 hac
1465 2496 1639 2530 locutione,
1659 2500 1694 2525 ut

941 2553 996 2584 per
1008 2552 1077 2573 eam
1090 2541 1253 2572 commode
1270 2540 1419 2570 transiret
1429 2539 1467 2569 ad
1485 2539 1548 2570 alia
1562 2539 1694 2569 ridenda

942 2585 1119 2616 Stoicorum
1139 2584 1308 2626 paradoxa,
1329 2593 1402 2624 quae
1423 2581 1455 2612 in
1475 2582 1536 2612 viis
1554 2581 1693 2623 publicis

942 2637 1071 2670 crepare
1095 2627 1240 2658 solebant
1266 2624 1512 2657 Pseudostoici
1538 2632 1571 2656 et
1595 2630 1692 2655 areta-

943 2671 1019 2711 logi.
1064 2671 1115 2700 Tu
1132 2669 1226 2705 dicis,
1245 2670 1271 2699 si
1292 2671 1347 2699 tim·
1367 2679 1495 2711 regnum
1513 2672 1695 2708 permittant

944 2715 1094 2744 homines.-
1121 2724 1178 2743 cur
1201 2718 1294 2752 optus,
1318 2716 1397 2753 quod
1427 2712 1534 2742 habes?
1562 2710 1618 2752 qui
1649 2715 1697 2740 est

944 2757 1083 2799 sapienS‚
1105 2755 1132 2786 is
1152 2761 1184 2786 et
1207 2767 1258 2786 rex
1279 2761 1338 2786 est.
1385 2755 1418 2786 Si
1439 2757 1532 2789 dives,
1556 2759 1632 2784 cett.
1656 2752 1697 2782 ad

946 2800 1014 2830 haec
1045 2806 1135 2830 vetus
1164 2798 1373 2832 Scholiastes,
1402 2799 1494 2828 Stoici
1525 2799 1697 2826 existimant

943 2843 1083 2885 perfecta>
1099 2843 1256 2881 sapientia*
1275 2843 1373 2872 virum
1388 2843 1487 2871 omniu
1511 2841 1639 2875 hahe›·e‚·
1664 2840 1695 2867 in

946 2898 1003 2928 quo
1023 2892 1050 2916 et
1074 2885 1217 2916 Lucilius
1240 2891 1376 2914 versutus
1399 2885 1442 2914 sic
1463 2885 1527 2913 uic:
1554 2882 1699 2912 Nondum

947 2931 1006 2960 haec
1029 2931 1129 2959 omnia
1153 2929 1284 2963 habebit,
1306 2927 1478 2962 formosus,
1500 2927 1592 2961 dites,
1612 2925 1700 2960 tiber,

947 2983 998 3003 rex
1015 2972 1091 3003 solu’
1108 2977 1242 3002 vocetur.

995 3015 1068 3047 126.
1100 3014 1183 3049 Quia
1205 3020 1305 3055 pater,
1333 3011 1539 3053 Chrysippus.-
1568 3007 1620 3039 hic
1639 3006 1700 3042 vir,
