1904 3314
421 197 796 243 EPISTOLA
840 197 939 240 AD
983 197 1310 242 PISONES.
1549 201 1634 242 565

86 307 175 350 415
206 307 410 359 Tibicen,
433 308 586 351 didicit
606 308 728 364 prius
749 307 1039 362 extimuitque
1060 308 1328 363 magistrum.

206 377 306 420 Nec
328 378 432 419 satis
453 384 520 419 est
541 376 704 418 dixisse
721 392 731 418 :
765 379 793 398 “
810 375 934 430 Ergo
955 376 1062 417 mira
1083 383 1285 430 poemata
1304 391 1476 431 pango:

206 445 410 501 Occupet
431 453 670 487 extremum
692 445 877 494 scabies,
900 444 1004 486 mihi
1026 452 1157 499 turpe
1179 444 1369 500 relinqui
1389 453 1471 495 est,

205 513 282 564 Et,
305 513 424 568 quod
445 528 529 554 non
552 512 700 562 didici,
723 527 825 553 sane
847 512 1030 562 nescire,
1052 511 1222 554 fateri.'’

262 580 327 623 Ut
347 595 507 636 praeco,
530 581 586 622 ad
607 594 772 621 merces
795 580 966 620 turbam
988 579 1064 634 qui
1086 579 1204 634 cogit
1224 579 1444 630 emendas,

88 649 175 692 420
204 648 517 692 Assentatores
533 648 662 703 jubet
685 648 739 689 ad
760 646 927 689 lucrum
948 647 1012 688 ire
1031 655 1163 702 poeta

205 717 342 760 Dives
363 717 496 773 agris,
519 717 641 758 dives
662 716 815 771 positis
837 716 878 757 in
901 715 1070 757 foenore
1091 717 1288 758 nummis.

203 787 252 828 Si
271 800 374 829 vero
395 793 476 836 est,
499 792 677 827 unctum
698 785 774 839 qui
794 791 913 826 recte
935 799 1100 839 ponere
1122 786 1278 840 possit,

202 853 266 895 Et
282 853 502 909 spondere
522 851 607 894 levi
623 867 703 908 pro
724 866 934 907 paupere,
957 859 1000 893 et
1022 852 1191 908 eripere
1213 853 1317 894 atris

202 921 378 964 Litibus
399 920 666 976 implicitum,
689 921 893 969 mirabor,
916 921 952 961 si
974 921 1082 962 sciet
1101 921 1234 962 inter-

28 1030 31 1034 .
85 989 172 1032 425
200 988 400 1032 Noscere
420 989 672 1031 mendacem
692 1002 928 1043 verumque
951 989 1104 1030 beatus
1126 989 1323 1031 amicum.

201 1057 290 1108 Tu,
314 1072 392 1100 seu
413 1057 604 1107 donaris,
630 1071 708 1098 seu
731 1056 837 1111 quid
860 1057 1022 1098 donare
1043 1056 1162 1098 voles
1185 1057 1270 1107 cui,

201 1123 355 1166 Nolito
375 1124 431 1166 ad
453 1138 603 1165 versus
626 1124 704 1165 tibi
725 1123 862 1165 factos
885 1124 1046 1166 ducere
1067 1123 1243 1179 plenum

203 1192 415 1242 Laetitiae3
448 1191 650 1233 clamabit
670 1191 797 1238 enirn,
822 1191 1044 1234 Pulchre!
1076 1193 1180 1234 bene
1197 1197 1216 1234 Ι
1246 1199 1363 1234 reete
1378 1197 1397 1234 Ι

201 1258 433 1310 Pallescet,
458 1274 591 1314 super
611 1258 680 1300 his
702 1259 830 1300 etiam
854 1258 1033 1301 stillabit
1054 1261 1200 1302 amicis

82 1328 171 1371 430
201 1327 273 1370 Ex
293 1326 429 1369 oculis
451 1341 616 1376 rorem3
651 1326 789 1376 saliet,
812 1327 968 1368 tundet
991 1328 1104 1382 pede
1129 1337 1299 1370 terram.

179 1389 278 1446 'Ut,
300 1396 376 1451 qui
396 1395 600 1437 conducti
620 1394 794 1450 plorant
816 1395 858 1435 in
881 1394 1047 1445 sunere,
1070 1396 1222 1437 dicunt

199 1464 261 1510 Et
281 1463 446 1506 faciunt
466 1479 605 1520 prope
626 1463 753 1519 plura
774 1461 1026 1504 dolentibus
1047 1478 1102 1505 ex
1125 1463 1280 1514 animo,
1304 1463 1364 1504 sic

871 1586 1056 1624 taminibus,
1090 1587 1144 1618 ubi
1181 1586 1257 1618 victi
1288 1597 1308 1618 a
1341 1586 1515 1618 victoribus
1550 1592 1623 1629 post

873 1635 995 1670 tergum
1013 1630 1287 1672 relinquebantur.

919 1674 1120 1715 Praeceptum
1159 1672 1335 1704 Ultimum:
1381 1672 1496 1703 Ultima
1529 1673 1623 1712 hujus

38 1580 42 1582 Ἴ
84 1587 199 1630 Cruq„
222 1587 364 1624 Athletae,
391 1589 444 1628 qni
473 1589 513 1618 ad
543 1588 652 1619 curule
675 1593 828 1619 certamen

83 1632 330 1667 instruebantur,
357 1642 415 1662 non
440 1631 566 1661 edebant
594 1641 699 1661 carnes
723 1631 829 1665 elixas,

82 1675 133 1706 sed
141 1685 222 1705 assas
230 1675 298 1715 igni
305 1681 356 1704 tan
362 1674 671 1711 tum,-—abstinebant
680 1685 696 1703 α
709 1673 832 1710 Venere,

82 1723 126 1754 et,
152 1727 190 1748 ue
210 1718 302 1760 forte
334 1727 388 1757 per
419 1718 566 1747 somnium
595 1722 687 1747 noctu
721 1716 827 1756 ludifi-

82 1766 242 1798 caventur,
260 1761 388 1791 laminas
400 1760 553 1800 plumbeas
572 1760 696 1790 renibus
714 1769 828 1798 appen-

83 1803 207 1835 dabam.

127 1846 204 1877 414.
234 1846 369 1887 Pythia.-
403 1844 523 1887 Apollo
549 1844 616 1886 jam
648 1844 751 1875 infans
781 1843 830 1874 in-

104 1895 210 1921 entem
225 1894 403 1931 serpentem
420 1887 570 1930 Pythona
589 1886 713 1928 sagittis
731 1886 828 1917 inter-

82 1899 214 1968 fecerat,
238 1931 324 1963 unde
352 1930 472 1974 Apollo
500 1931 644 1972 Pythius,
671 1936 703 1961 et
727 1939 828 1964 sacra,

106 1985 156 2006 uae
179 1974 212 2006 in
234 1974 306 2016 ejus
328 1974 479 2005 honorem
499 1980 532 2005 et
551 1973 584 2004 in
603 1973 736 2004 feliciter
758 1972 832 2004 caesi

81 1985 230 2049 draconis
245 2019 427 2049 memoriam
441 2016 699 2053 instituebantur,
715 2016 832 2057 Pythia

82 2060 246 2092 nominata
259 2065 346 2092 sunt.
489 2062 495 2068 '

126 2104 315 2135 416—418.
361 2102 427 2134 Nec
455 2105 528 2134 satis
558 2109 612 2139 est,
640 2108 714 2133 cett.
759 2102 830 2133 Nec

79 2145 159 2178 satis
171 2151 218 2178 est
230 2152 333 2189 poetae
345 2156 462 2177 nomen
473 2145 514 2176 ad
529 2155 562 2176 se
578 2144 788 2181 transtulisse,
799 2150 831 2176 et

80 2189 249 2232 superbius
262 2189 391 2224 dixisse,
407 2189 476 2230 Ego
489 2199 559 2219 sum
574 2196 709 2229 magnus
725 2195 829 2230 poeta,

76 2241 140 2274 ego
168 2231 285 2264 eximia
314 2231 456 2263 carmina
484 2241 600 2273 pango,
629 2231 711 2262 male
732 2231 773 2262 sit
798 2230 826 2261 ei

79 2274 136 2316 qui
151 2275 184 2307 iu
199 2273 371 2306 certamine
385 2279 435 2306 est
451 2273 581 2305 ultimus
595 2285 603 2312 ;
627 2274 668 2304 ab
684 2274 756 2305 aliis
777 2284 828 2305 me

78 2317 233 2360 superari,
250 2323 284 2350 et
300 2317 402 2353 fateri,
418 2327 469 2348 me
488 2316 595 2359 (sane)
616 2327 687 2348 vere
706 2316 827 2349 nescire

103 2371 154 2392 uae
171 2360 235 2392 don
257 2359 368 2398 didici,
387 2360 420 2391 id
443 2359 520 2391 mihi
538 2366 587 2391 est
605 2366 706 2402 turpe.
753 2359 828 2392 Sine

79 2370 178 2436 dubio
190 2403 327 2446 respexit
347 2403 501 2434 Horatius
522 2409 648 2445 poetam
670 2402 822 2445 aliquem,

79 2445 126 2478 sie
138 2445 180 2478 de
194 2456 228 2478 se
240 2446 426 2478 sentientem
440 2451 471 2477 et
490 2446 534 2477 sie
552 2445 614 2477 fere
629 2446 823 2487 loquentem,

75 2495 204 2533 poetam
225 2489 363 2532 aliquem
382 2488 439 2531 qui
458 2489 636 2531 pertinebat
653 2489 694 2520 ad
713 2500 767 2521 eos
787 2489 826 2521 de

81 2531 199 2588 quibus
225 2543 296 2575 sup.
322 2532 473 2563 Horatius
499 2531 601 2574 Epist.
624 2532 659 2567 ii,
686 2533 720 2568 2,
751 2533 825 2567 107,

19 2599 33 2611 „
75 2576 230 2611 ,trandent
258 2577 419 2607 scribentes
447 2582 475 2605 et
505 2586 535 2606 se
568 2582 767 2611 venerantur,
795 2582 825 2606 et

76 2619 175 2655 nim.
189 2619 223 2650 Si
238 2624 347 2656 taceas,
364 2619 508 2653 laudant,
523 2619 666 2659 quicquid
681 2621 826 2658 scripsere

76 2661 173 2693 huri.
218 2661 308 2697 Quod
330 2671 390 2691 non
415 2662 511 2692 didici
534 2662 669 2692 nescire:
697 2672 768 2704 sup.
797 2673 826 2693 v.

73 2705 134 2742 38,
144 2714 236 2745 prove
253 2705 369 2745 pudens
387 2703 514 2742 dicitur,
525 2703 580 2745 qui
597 2705 711 2735 nescire
729 2714 827 2746 quam

18 2760 38 2789 ;,’,
74 2748 195 2780 discere
209 2746 332 2789 aliquid
347 2745 448 2778 malit.

872 1717 1002 1756 epistolae
1022 1727 1093 1756 pars
1112 1723 1252 1747 versatur
1274 1717 1309 1746 in
1330 1717 1531 1755 descriptione
1551 1726 1622 1746 cum

874 1765 1107 1794 assentatorum,
1128 1760 1180 1799 qui
1199 1761 1336 1790 carmina
1354 1759 1554 1789 scribentibus
1573 1759 1621 1789 vel

876 1804 1002 1832 maxime
1010 1801 1174 1843 fugiendi,
1194 1808 1259 1845 tum
1277 1803 1413 1832 virorum
1434 1811 1501 1832 vere
1520 1803 1622 1832 docto-

876 1855 945 1874 rum
961 1850 990 1875 et
1006 1846 1216 1884 prudentium,
1231 1847 1284 1885 qui
1301 1846 1338 1875 ab
1358 1846 1396 1875 iis
1415 1845 1468 1885 qui
1480 1845 1619 1875 carmina

875 1889 1052 1929 evulgatur-i
1081 1889 1142 1918 sint
1172 1888 1320 1922 adeundi,
1351 1894 1379 1918 et
1411 1894 1447 1918 ut
1475 1889 1552 1918 vitia
1586 1889 1618 1917 in.

873 1932 936 1960 iltis
953 1932 1162 1961 animadversa
1179 1931 1315 1961 benevole
1330 1941 1430 1961 secum
1451 1931 1617 1961 communi·

874 1979 954 2010 cent,
985 1975 1123 2004 decenter
1150 1974 1284 2014 rogandi
1306 1979 1389 2004 sunt.
1434 1973 1540 2003 Mmiet
1568 1975 1618 2003 in-

873 2018 982 2056 primis
994 2016 1140 2047 Horatius
1147 2018 1256 2047 divites
1265 2023 1423 2056 poetas,ne
1432 2016 1618 2058 inst-audem
1666 2032 1668 2034 v

874 2070 903 2091 se
918 2061 1024 2091 induci
1037 2062 1203 2100 patiantur
1218 2060 1255 2089 ab
1276 2060 1522 2095 assentatoribus,
1538 2060 1619 2090 lucri

863 2103 1013 2143 faciendi
1031 2114 1124 2134 causa
1148 2113 1177 2133 se
1207 2103 1448 2140 obtr-udentibus,
1470 2109 1500 2133 et
1523 2103 1617 2133 simu-

876 2146 977 2176 lanter
1008 2149 1130 2187 quernis,
1159 2151 1304 2186 tauquam
1340 2146 1377 2176 ab
1414 2146 1485 2185 ipsis
1519 2145 1619 2177 Musis

874 2190 1004 2224 dictata,
1042 2190 1082 2220 od
1119 2190 1227 2219 coecum
1265 2198 1358 2228 usque
1396 2189 1621 2221 extollentibus.

870 2232 1100 2262 Assentatorum
1122 2234 1297 2272 imaginem,
1317 2233 1391 2262 vivis
1411 2233 1559 2263 coloribus
1579 2234 1616 2263 ab

873 2275 1004 2306 Horatio
1019 2285 1196 2314 expressam,
1211 2276 1321 2315 excipit
1341 2276 1503 2314 descriptio
1521 2278 1616 2306 severi

870 2320 1043 2350 carminum
1077 2319 1211 2359 judicis,
1255 2319 1375 2358 qualem
1426 2318 1616 2352 Quintilium

861 2362 965 2403 finisse
979 2363 1024 2392 uit
1048 2360 1207 2392 Horatius.
1252 2362 1303 2392 Ea:
1324 2372 1374 2392 ore
1392 2363 1494 2401 igitur
1514 2363 1615 2397 Quin-

869 2405 932 2435 tilii
971 2406 1020 2445 (v-
1058 2402 1250 2444 445—476)
1284 2406 1429 2435 audimus
1464 2406 1616 2445 plurima,

868 2449 975 2488 quibus
994 2449 1152 2487 scriptores
1171 2448 1289 2478 obnoxii
1306 2454 1391 2483 sunt,
1414 2449 1500 2484 vitio,
1518 2451 1613 2479 omui-

870 2492 935 2526 bus,
970 2493 1023 2530 qui
1056 2491 1114 2521 itta
1137 2490 1256 2533 fugere
1290 2493 1435 2531 cupiunt,
1470 2499 1614 2532 tan-quam

870 2534 1036 2574 speculum,
1053 2535 1087 2564 in
1101 2536 1196 2565 medio
1211 2535 1318 2574 posito.

912 2577 1096 2608 419—421.
1125 2577 1167 2608 Ut
1187 2587 1293 2616 premo,
1316 2582 1392 2609 cett.
1417 2582 1510 2620 poeta
1532 2577 1618 2609 dives

870 2624 1080 2651 assentatores
1090 2619 1169 2650 lueri
1181 2619 1326 2662 capiendi
1339 2630 1394 2662 spe
1410 2620 1449 2651 ad
1465 2631 1499 2652 se
1515 2621 1619 2653 allicit

870 2667 902 2693 et
926 2661 1052 2699 invitat,
1075 2662 1174 2694 veluti
1198 2673 1316 2705 praeco,
1339 2663 1394 2704 qui
1420 2670 1554 2695 emtores
1576 2664 1616 2695 ad

871 2709 993 2736 merces
1007 2705 1158 2736 emendas
1174 2705 1309 2744 invitat3
1334 2706 1396 2742 vel,
1412 2707 1618 2748 quemadmo-

871 2747 947 2778 dum
958 2758 1075 2789 praec0,
1086 2748 1130 2779 ita
1141 2748 1230 2780 dives
1241 2754 1344 2790 poeta.
1358 2755 1433 2780 cett.
1457 2751 1534 2781 Non
1549 2761 1616 2781 raro

124 2790 203 2822 417.
233 2790 366 2821 Scabies.-
397 2789 466 2821 haec
493 2799 554 2820 vox
585 2788 681 2820 fuisse
706 2788 839 2820 videtun
872 2789 958 2822 enim
993 2797 1039 2822 ost
1053 2793 1144 2827 sicut,
1159 2798 1207 2826 ut,
1224 2792 1438 2834 particulatio
1455 2793 1618 2829 omittitur,

31 2855 47 2871 Δ»
179 2831 294 2868 brium,
310 2842 376 2875 quo
394 2831 483 2875 pueri
499 2831 653 2863 currendo
674 2837 830 2863 certantes

43 2884 127 2914 τρι.
152 2875 210 2919 qui
235 2875 369 2907 ultimus
395 2874 436 2906 ad
464 2880 580 2906 metam
603 2879 742 2911 venerat,
765 2885 830 2906 rem

56 2917 198 2952 81818111
221 2917 498 2961 imprecabantur:
525 2916 566 2949 ad
590 2917 735 2948 convicia
757 2928 828 2960 per-

43 2976 61 3000 ,z-
77 2961 163 2997 fluet
184 2962 295 2994 scabies
319 2961 404 3004 apud
428 2960 550 2993 Catuli.
574 2960 663 2996 xlvii,
687 2961 719 2991 2.
766 2961 828 2992 Ex·—

75 3009 209 3039 trcmum
236 3010 270 3037 et
288 3005 422 3045 relinqui
445 3004 598 3035 translata
625 3010 699 3035 sunt
722 3015 740 3036 a
764 3014 830 3036 cer-

876 2838 910 2864 ut
930 2833 962 2864 in
980 2856 989 2865 .
1006 2845 1036 2865 v.
1060 2836 1146 2866 455:
1171 2834 1212 2866 cs.
1234 2835 1396 2867 Drakenb.
1414 2835 1454 2867 ad
1478 2836 1551 2867 Liv.
1575 2837 1618 2872 ix,

879 2876 929 2914 17,
956 2878 972 2918 §
999 2878 1031 2915 4,
1055 2882 1087 2908 et
1109 2878 1217 2914 xxxiv,
1241 2878 1274 2914 9,
1296 2889 1328 2920 p.
1355 2879 1405 2910 10.
1454 2879 1563 2910 Positis
1585 2881 1618 2909 in

862 2918 987 2960 femore
1009 2923 1159 2951 nummis.-
1183 2921 1223 2952 de
1248 2921 1408 2952 locutione
1429 2933 1562 2952 nummos
1585 2925 1618 2952 in

865 2963 987 3004 janam-e
1003 2974 1124 3002 ponere,
1141 2974 1207 3006 pro,
1224 2963 1337 2995 soeuori
1354 2964 1441 2999 dare,
1460 2964 1530 2994 vide
1546 2975 1618 3005 quae

874 3015 968 3048 supra
983 3007 1218 3039 observavimus
1240 3006 1279 3037 ad
1297 3007 1399 3048 Epod.
1414 3009 1446 3042 2,
1465 3017 1545 3038 vers.
1562 3007 1622 3038 ult.
