1904 3314
358 207 442 248 568

683 210 1044 254 EPISTOLA
1080 211 1176 255 AD
1215 213 1538 256 PISONES.

358 306 443 346 455
472 307 690 350 vesanum
712 309 902 366 tetigisse
923 313 1072 354 timent
1093 313 1348 368 fugiuntque
1368 322 1553 368 poetam,

473 374 562 420 Qui
582 377 775 431 sapiunt3
807 379 971 432 agitant
990 381 1127 433 pueri,
1150 381 1393 434 incautique
1415 387 1666 434 sequuntur.

473 440 574 490 Hic,
596 443 696 483 dum
719 443 908 485 sublimis
930 459 1078 485 versus
1099 453 1290 486 ructatur
1312 454 1355 486 et
1375 453 1504 494 errat,

472 506 531 556 Si,
554 507 696 558 veluti,
718 509 889 550 merulis
911 511 1113 561 intentus,
1136 511 1310 561 decidit,
1332 526 1505 566 auceps,

470 573 521 614 In
541 582 717 628 puteum
737 576 965 626 soveamve,
986 577 1100 625 licet,
1123 578 1385 627 Succurrite,
1406 578 1581 633 longum

356 639 441 680 460
471 639 648 690 Clamet,
671 642 720 683 Io
741 643 876 683 cives!
908 658 993 683 non
1015 644 1068 683 sit
1088 645 1161 696 qui
1182 643 1330 684 tollere
1350 651 1484 685 curet.

471 706 518 747 Si
538 709 632 761 quis
654 716 774 749 curet
796 723 920 762 opem
941 708 1068 758 ferre,
1090 717 1132 750 et
1154 710 1376 750 demittere
1397 710 1558 758 funem,

470 773 561 820 Qut
581 775 676 824 scis,
698 789 752 815 an
773 775 963 828 prudens
985 775 1069 816 huc
1091 790 1136 816 se
1157 776 1375 830 dejecerit,
1393 783 1522 830 atque

469 838 640 880 Servari
661 840 796 882 nolit?
826 842 977 890 dicam,
1000 841 1217 895 Siculique
1236 849 1377 895 poetae

467 905 668 948 Narrabo
689 908 931 948 interitum:
964 907 1089 948 Deus
1108 907 1353 948 immortalis
1375 907 1526 949 haberi

354 970 437 1012 465
467 971 584 1012 Dum
606 974 724 1028 cupit
746 972 1049 1027 Empedocles,
1069 974 1290 1014 ardentem
1310 974 1491 1028 frigidus
1512 973 1690 1016 AEtnam

466 1037 648 1079 Insiluit.

711 1039 775 1079 Sit
790 1040 878 1093 juS,
899 1039 1109 1092 liceatque
1130 1040 1271 1092 perire
1292 1040 1457 1093 poetis:

467 1103 651 1145 Invitum
672 1106 746 1158 qui
767 1113 920 1154 servat,
942 1105 1054 1145 idem
1076 1105 1176 1145 facit
1197 1106 1420 1146 occidenti.

465 1171 562 1212 Nec
584 1172 712 1212 semel
734 1172 815 1212 hoc
837 1171 961 1221 fecit3
994 1185 1085 1220 nec,
1109 1172 1143 1211 si
1166 1179 1376 1212 retractus
1397 1172 1491 1221 erit,
1509 1172 1596 1226 jam

465 1237 560 1278 Fiet
581 1237 722 1288 homo,
745 1244 787 1278 et
810 1245 940 1293 ponet
962 1237 1134 1278 famosae
1155 1238 1300 1279 mortis
1323 1253 1520 1279 amorem.

349 1413 415 1442 que.
462 1403 560 1438 Mala,
582 1402 775 1434 abominalis.
823 1403 946 1433 Morbus
967 1404 1078 1444 regius,

350 1450 511 1485 arquatus,
528 1455 646 1485 aurugo
662 1452 698 1486 (a
717 1445 820 1476 colore
840 1444 937 1485 auri),
952 1445 1081 1486 ’ίκτερος

351 1487 409 1526 (ab
446 1497 502 1518 ave
539 1488 615 1518 lutei
648 1487 696 1518 vel
733 1487 803 1516 flavi
839 1486 983 1526 coloris),
1011 1497 1079 1521 noS,

352 1528 524 1559 Gelbsiccht.
570 1530 667 1559 Varro
683 1530 765 1570 apud
782 1528 918 1559 Plinium
934 1528 1010 1564 xxii,
1025 1531 1077 1563 24,

348 1580 374 1600 s.
398 1572 451 1606 53,
475 1575 590 1612 regium
613 1572 852 1611 cognominatum
874 1573 1004 1601 morbum
1027 1582 1078 1600 ar-

349 1618 472 1651 quatum
510 1615 616 1647 tradit,
643 1615 781 1653 quoniam
817 1614 910 1642 mulso
941 1618 1080 1642 curetur.

349 1654 476 1684 Scilicet
494 1657 620 1685 mulsum
641 1654 765 1693 (vinum
787 1654 880 1685 melle
900 1654 1079 1692 conditum)

349 1696 482 1737 pertinet
505 1696 543 1727 ad
568 1696 706 1734 delicias,
729 1706 808 1737 quas
833 1706 920 1736 reges
941 1695 1081 1737 inprimis

348 1743 378 1768 et
394 1738 543 1768 beatiores
557 1744 708 1780 appetunt
725 1745 756 1769 et
774 1738 866 1769 facile
881 1737 940 1768 sibi
955 1748 1078 1779 compa-

348 1789 415 1811 rare
438 1787 578 1821 possunt.
623 1780 737 1811 Celsus
759 1790 883 1821 quoque
907 1779 963 1810 lib.
984 1779 1028 1815 iii,
1050 1790 1078 1810 c.

347 1823 401 1856 24,
419 1833 445 1852 s.
463 1822 483 1853 f.
499 1833 610 1853 nomen
627 1824 704 1863 regii
719 1824 810 1852 morbi
826 1821 935 1862 repetit
949 1831 967 1851 a
982 1832 1078 1852 reme-

347 1863 417 1900 diis,
431 1874 563 1904 quorum
579 1875 654 1894 usus
669 1874 775 1905 regum
791 1863 932 1906 inprimis
954 1869 985 1895 et
1006 1863 1078 1895 diti-

346 1915 432 1936 orum
449 1907 560 1947 opibus
574 1912 672 1947 patet.

398 1950 471 1978 454.
498 1949 662 1978 Farmticus
690 1959 785 1982 error,
817 1947 951 1982 insania,
982 1947 1077 1983 furor,

345 1999 408 2030 quo
439 1990 552 2029 aliquis
582 1996 741 2031 correptus
771 1991 831 2020 huc
859 1989 935 2020 illuc
966 1990 1077 2030 agitur.

348 2034 450 2062 Diana
473 2032 587 2075 dicitur
610 2034 771 2067 iraczcuda,
787 2037 842 2062 aut
858 2032 944 2072 quia,
963 2033 1078 2063 violata

346 2073 477 2104 furorem
495 2073 645 2108 immittit,
663 2079 715 2104 aut
730 2074 815 2114 quia,
832 2084 903 2103 cum
928 2074 1020 2104 simul
1037 2074 1078 2104 sit

346 2116 438 2146 Luna
465 2116 498 2145 in
523 2116 617 2151 coelo,
644 2122 707 2146 tam
733 2125 874 2146 crescens
898 2125 991 2155 quam
1021 2117 1075 2147 de·

344 2168 498 2192 crescens,
515 2167 657 2197 magnam
676 2156 737 2187 vini
764 2158 795 2187 in
818 2157 947 2187 furiosos
969 2157 1074 2192 habet,

345 2199 428 2230 unde
457 2200 505 2229 illi
533 2199 680 2230 dicuntur
709 2200 848 2235 lunatici,
873 2200 1075 2237 σεληνιακοὶ,

342 2242 598 2282 σεληνόβλητοι.

387 2286 461 2315 456.
485 2287 611 2324 Agitant
638 2285 736 2324 pueri,
760 2293 805 2313 sc.
828 2292 976 2314 vesanum
1001 2293 1072 2324 poe-

344 2331 426 2356 tam:
450 2328 579 2360 incauti,
594 2335 702 2366 parum
719 2324 776 2355 sibi
793 2331 938 2355 caventes
958 2325 997 2354 ab
1014 2326 1071 2354 im-

342 2373 413 2408 petu
430 2378 521 2409 quem
539 2367 671 2398 furiosus
686 2367 717 2397 in
732 2377 763 2397 se
779 2367 879 2397 facere
896 2365 1006 2406 possit.

390 2411 570 2440 457—-459,
599 2410 751 2446 Sublimis,
779 2414 882 2439 erecto
911 2407 944 2438 in
973 2408 1069 2438 altum

340 2451 454 2493 capite.
499 2452 665 2487 Ructatur,
682 2451 803 2491 egregie
826 2450 866 2480 ad
889 2460 965 2486 rem,
985 2449 1072 2480 aiunt

340 2494 465 2534 quidem
495 2494 697 2534 interpretes3
736 2492 880 2533 equidem
918 2492 975 2522 hoc
1008 2502 1071 2523 non

339 2536 437 2576 magis
466 2535 591 2566 honeste
621 2535 739 2566 dictum
769 2544 835 2565 esse
863 2541 948 2576 puto,
975 2543 1068 2574 quam

339 2578 422 2619 apud
447 2578 517 2608 Cic.
540 2577 572 2607 in
596 2577 668 2608 Cat.
691 2576 724 2612 ii,
749 2578 779 2612 5,
803 2578 907 2607 coedem
931 2583 1070 2607 eructare

337 2622 527 2650 sermonibus.
575 2619 681 2654 Errat,
712 2619 792 2649 foras
821 2618 853 2648 in
884 2628 994 2659 campo
1020 2619 1068 2649 vel

336 2662 422 2692 silvis
439 2661 499 2692 huc
514 2661 589 2692 illuc
608 2661 734 2692 vertitur
749 2667 780 2691 et
798 2660 869 2695 ruit,
883 2661 1065 2697 bacchatur,

333 2711 365 2734 et
398 2704 670 2744 circumvagatur3
707 2703 788 2733 hanc
826 2702 1065 2744 explicationem

336 2747 494 2787 postulant
530 2745 700 2786 sequentia.
752 2747 902 2784 Longum,
933 2754 995 2775 non
1027 2745 1066 2775 ad

335 2794 470 2830 ternpus,
493 2789 547 2819 sed
569 2787 607 2818 ad
631 2797 720 2818 voces
747 2786 779 2817 in
805 2787 931 2826 longum
955 2786 1065 2816 ductas

334 2830 443 2861 refero.
491 2829 579 2870 Virg.
606 2830 684 2860 AEn.
709 2828 750 2863 iv,
775 2830 850 2863 463,
870 2829 908 2859 de
930 2828 1063 2866 bubone,

1166 1403 1240 1433 460.
1271 1403 1339 1433 Non
1367 1404 1405 1433 sit
1434 1406 1485 1444 qui
1517 1404 1619 1434 tollere
1645 1409 1750 1434 curet.-
1787 1408 1854 1434 tum

1124 1445 1278 1475 neminem
1307 1445 1414 1476 adesse
1440 1445 1545 1481 velim,
1573 1445 1628 1487 qui
1652 1455 1724 1476 eum
1751 1451 1853 1477 extra-

1124 1486 1260 1517 hendum
1277 1493 1378 1518 curet.

1171 1529 1354 1559 463—466.
1383 1529 1535 1569 Siculique
1562 1534 1662 1568 poete.
1707 1527 1853 1568 Empedo-

1123 1571 1191 1604 cles,
1215 1570 1417 1612 philosophus
1440 1576 1472 1602 et
1500 1570 1647 1612 physicus
1670 1569 1851 1610 Agrigenti-

1124 1622 1195 1646 nuS,
1216 1613 1371 1652 egregium
1394 1622 1519 1643 carmen
1541 1612 1580 1644 de
1605 1613 1697 1643 rebus
1715 1611 1852 1653 physicis

1124 1653 1259 1694 scripsit,
1285 1654 1354 1685 Cic.
1378 1653 1416 1685 de
1442 1655 1532 1685 Orat.
1558 1654 1581 1690 i,
1605 1655 1659 1691 50,
1682 1653 1766 1685 unde
1784 1653 1854 1695 jam

1124 1695 1237 1726 dicitur
1266 1702 1350 1735 poeta
1385 1697 1516 1727 Siculus.
1567 1696 1617 1727 De
1645 1696 1755 1728 ceteris
1783 1695 1853 1737 ejus

1124 1737 1245 1779 scriptis
1267 1738 1330 1769 vid.
1355 1738 1478 1769 Fabric.
1505 1738 1590 1768 Bibl.
1611 1738 1718 1770 Graec.
1740 1737 1774 1774 ii,
1801 1739 1852 1769 12.

1124 1779 1248 1810 Fabula
1269 1780 1308 1811 de
1333 1779 1402 1821 ejus
1431 1780 1558 1811 interitu
1582 1779 1853 1811 circumferebatur

1122 1821 1210 1852 haec:
1256 1831 1328 1852 cum
1362 1821 1543 1853 immortalis
1573 1821 1680 1853 haberi
1712 1827 1851 1863 cuperet,

1121 1873 1203 1901 enni,
1230 1863 1329 1899 aiunt,
1363 1864 1444 1894 clam
1481 1863 1513 1894 in
1549 1869 1684 1894 montem
1718 1864 1850 1894 AEtnam

1121 1905 1247 1936 enixum
1271 1916 1308 1936 eo
1327 1906 1459 1936 consilio
1481 1905 1526 1936 ibi
1549 1905 1580 1936 in
1606 1905 1764 1937 ardentem
1782 1915 1851 1935 cra-

1122 1952 1214 1978 terem
1230 1957 1262 1978 se
1278 1947 1468 1990 praecipitem
1484 1948 1617 1984 dedisse,
1629 1953 1675 1983 ut,
1687 1946 1714 1978 si
1725 1953 1850 1989 repente

1121 1989 1308 2027 evanuisset,
1332 2000 1370 2021 ex
1399 1989 1522 2021 homine
1551 1989 1627 2021 deus
1652 1989 1758 2020 factus
1781 1999 1851 2021 esse

1120 2032 1312 2071 crederetur3
1336 2042 1399 2062 rem
1421 2037 1526 2063 autem
1546 2031 1651 2063 ferreis
1665 2031 1734 2073 ejus
1748 2031 1849 2073 crepi-

1119 2073 1167 2104 dis
1189 2084 1228 2104 ex
1251 2080 1367 2104 cratere
1384 2083 1455 2104 cum
1478 2083 1579 2105 massa
1601 2073 1727 2104 ardente
1739 2072 1850 2114 ejectis

1119 2116 1307 2156 patefactam
1336 2126 1415 2147 esse.
1459 2115 1629 2147 Ostendere
1658 2115 1754 2157 igitur
1780 2115 1850 2146 vult

1119 2157 1268 2188 Horatius
1294 2158 1353 2189 hac
1384 2157 1570 2194 narratione,
1596 2166 1743 2199 magnum
1771 2156 1849 2188 adeo

1117 2199 1206 2229 illum
1225 2205 1347 2240 poetam
1363 2199 1582 2240 Empedoclem
1605 2210 1642 2231 eo
1663 2197 1794 2230 consilio
1815 2198 1848 2230 in

1117 2247 1267 2272 craterem
1284 2243 1391 2272 AEtnae
1406 2241 1580 2278 desiluisse,
1596 2252 1636 2272 ne
1654 2251 1673 2272 a
1687 2250 1846 2282 quoquam

1117 2281 1188 2313 inde
1219 2288 1320 2323 posset
1346 2283 1478 2314 extrahi.
1534 2284 1678 2315 Ceterum
1708 2282 1847 2314 diversas

1117 2323 1156 2355 de
1168 2324 1366 2366 Empedoclis
1379 2331 1476 2356 morte
1492 2325 1696 2361 narrationes,
1707 2323 1766 2355 hac
1778 2324 1846 2366 ipsa

1115 2366 1154 2397 de
1165 2366 1283 2397 mortali
1291 2366 1345 2396 illo
1355 2367 1392 2397 ad
1403 2367 1662 2398 immortalitatem
1672 2366 1754 2397 saltu
1761 2366 1845 2398 haud

1115 2408 1329 2449 praetermissa,
1345 2408 1438 2439 refert
1453 2409 1548 2450 Diog.
1561 2410 1664 2440 Laert.
1679 2407 1745 2443 viii,
1762 2409 1816 2439 79.

1159 2452 1231 2482 465.
1255 2451 1402 2491 frigidus
1423 2450 1522 2482 facete
1539 2450 1705 2494 opponitur
1723 2452 1845 2482 ardenti

1115 2493 1224 2523 AEtna’.

1156 2536 1229 2565 466.
1249 2535 1294 2565 Sit
1300 2537 1368 2574 jus,
1385 2535 1542 2575 liceatque,
1553 2539 1625 2566 cett.
1639 2535 1730 2566 detur
1745 2534 1844 2576 poetis

1113 2577 1203 2607 venia
1232 2583 1263 2608 et
1297 2582 1432 2618 potestas
1464 2587 1518 2618 pro
1548 2576 1649 2607 lubitu
1681 2577 1842 2618 pereundi.

1111 2618 1180 2653 Jus,
1204 2625 1348 2660 potestaS‚
1363 2625 1398 2649 ut
1418 2629 1486 2660 sup.
1502 2629 1531 2649 v.
1548 2619 1611 2649 284
1632 2620 1748 2649 sublato
1763 2621 1842 2659 jure

1111 2662 1248 2691 nocendi.

1153 2704 1225 2733 467.
1249 2703 1331 2733 Idem
1350 2702 1436 2744 facit
1466 2703 1622 2738 occidenti,
1654 2701 1735 2732 idem
1766 2702 1841 2734 facit

1109 2745 1193 2785 quod
1219 2745 1377 2780 occidens,
1402 2743 1483 2775 idem
1507 2754 1542 2775 ac
1570 2744 1596 2774 si
1620 2753 1692 2775 eum
1715 2743 1840 2775 occidat

1109 2788 1165 2825 (τὸ
1180 2787 1260 2818 αὐτὸ
1275 2789 1362 2818 ποιεῖ
1376 2788 1426 2828 τῷ
1439 2784 1642 2825 κτείνοντι)ε
1660 2785 1837 2818 Lucret.iv.

1110 2830 1161 2865 ll,
1191 2830 1244 2864 68,
1275 2829 1385 2868 Nempe
1415 2830 1513 2859 eadem
1538 2828 1637 2869 facit,
1668 2834 1697 2858 et
1731 2830 1836 2859 scimus

333 2872 594 2914 longasiufletum
608 2873 814 2902 ducerevoces.
846 2870 984 2911 Longum
997 2872 1059 2901 cla·
1093 2873 1204 2911 facere
1231 2873 1342 2906 omnia,
1375 2873 1479 2910 turpi:
1514 2871 1614 2900 eadem
1643 2871 1740 2910 turpi.
1770 2879 1835 2911 pro,

331 2926 411 2945 mare
438 2914 568 2951 dictum,
593 2920 627 2944 ut
653 2913 734 2954 apud
760 2913 901 2949 Graecos,
927 2914 1058 2954 μακρὸν
1101 2914 1209 2944 eadem
1234 2923 1269 2944 ac
1293 2911 1403 2959 turpis,
1427 2918 1462 2943 ut
1483 2911 1618 2953 explicat
1637 2910 1683 2942 ibi
1705 2911 1836 2942 Creecli.

324 2957 451 2988 ἠύτ-εῖν.

1102 2955 1197 2986 Redit
1244 2956 1392 2986 Horatius
1435 2953 1473 2985 ad
1518 2954 1662 2985 insanum
1710 2958 1831 2995 poetam
