1884 3288
591 163 818 207 LIBER
847 164 908 215 11,
945 166 1010 206 13.

1499 169 1580 210 103

391 267 617 320 Sedesque
638 265 852 307 discretas
873 266 1058 320 piorum,
1080 273 1126 308 et

447 332 605 374 AEoliis
625 331 790 374 fidibus
811 339 1068 387 querentem

246 401 304 441 25
334 399 515 455 Sappho
535 398 692 454 puellis
714 399 769 440 de
790 399 1102 454 popularibus3

330 466 392 508 Et
413 473 456 508 te
478 473 702 508 sonantem
722 465 894 520 plenius
915 481 1064 516 aureo,

387 533 554 583 Alcaee,
576 533 745 588 plectro
768 534 878 575 dura
899 534 1033 583 navis,
1112 577 1114 579 ,

446 600 573 641 Dura
594 601 711 655 fugae
732 601 855 651 mala,
878 602 988 642 dura
1007 600 1124 642 belli.

330 665 578 721 Utrumque
601 682 724 708 sacro
745 668 879 721 digna
900 667 1072 708 silentio

243 735 302 776 30
330 733 551 776 Mirantur
573 734 754 776 Umbrae
775 735 944 784 dicere;
978 736 1056 776 sed
1076 736 1213 790 magis

386 801 563 856 Pugnas
585 810 629 843 et
648 810 827 844 exactos
849 809 1056 857 tyrannos

445 866 647 910 Densum
666 869 858 910 humeris
881 870 992 911 bibit
1013 884 1118 911 aure
1138 868 1309 924 vulgus.

332 936 454 984 Quid
474 937 656 978 mirum?
689 937 766 978 ubi
786 935 868 977 illis
891 937 1153 978 carminibus
1176 944 1358 993 stupens

330 1004 536 1046 Demittit
556 1011 673 1046 atras
696 1003 842 1045 bellua
862 1005 1084 1059 centiceps

244 1071 303 1112 35

388 1070 550 1122 Aures,
572 1078 617 1113 et
637 1072 787 1113 intorti
807 1071 976 1126 capillis

448 1139 744 1180 Eumenidum
765 1146 1018 1181 recreantur
1042 1153 1233 1194 angues;

333 1205 454 1252 Quin
474 1214 519 1248 et
541 1206 832 1248 Prometheus
855 1214 899 1248 et
921 1206 1099 1261 Pelopis
1121 1222 1280 1262 parens

332 1271 467 1314 Dulci
487 1272 686 1315 laborum
707 1274 926 1329 decipitur
948 1289 1078 1315 sono:

84 1405 230 1436 26—28.
254 1404 297 1436 Et
321 1410 349 1435 te
370 1411 525 1436 sonantem
548 1405 670 1445 plenius
684 1415 790 1441 aureo,

42 1447 154 1483 Alcaee,
165 1448 294 1487 plectro,
309 1452 342 1478 et
357 1452 398 1483 te,
414 1447 537 1484 Alcaee,
554 1447 696 1488 graviore
718 1457 789 1478 car-

42 1489 138 1520 minis
146 1499 259 1538 genere
270 1490 555 1521 cantantemduros
563 1490 699 1528 labores,
708 1501 790 1532 quos

42 1531 78 1563 in
103 1532 316 1573 navigatione,
340 1532 464 1567 exsilio,
490 1538 523 1564 et
544 1532 630 1563 bello
644 1533 789 1564 exantla-

40 1575 135 1606 veris.
177 1574 297 1621 Tangit
309 1573 406 1614 igitur
422 1580 607 1615 argumenta
623 1575 665 1606 ab
681 1575 792 1606 Alcaeo

41 1616 79 1648 in
93 1615 290 1649 carminibus
304 1615 372 1647 suis
385 1622 533 1648 tractata.
577 1618 692 1648 Sonare
710 1620 792 1656 plec-

45 1666 95 1692 m
118 1659 212 1695 mata,
238 1659 354 1696 facere.
377 1665 414 1690 ut
433 1664 548 1690 sonent
569 1659 619 1690 vel
645 1666 793 1691 resonent

117 1707 166 1733 tro
188 1702 285 1737 mala,
310 1711 365 1743 pro
388 1701 546 1744 simplice,
562 1702 648 1732 mala
668 1712 793 1734 canere.

76 1745 188 1781 kaim,
215 1745 355 1785 graviuS.
383 1743 507 1775 fortius.
559 1745 635 1786 Ipsa
664 1745 793 1786 Sappho

45 1786 238 1835 npud0vid.
248 1786 380 1818 Heroid.
390 1797 442 1823 xv,
460 1788 515 1822 30,
531 1797 565 1818 se
578 1797 651 1818 cum
666 1787 792 1824 Alcaeo,

44 1829 308 1872 patriaelyraeque
318 1835 475 1863 consorte.
488 1839 687 1870 comparans,
701 1829 792 1860 illum

43 1874 148 1914 grand
149 1874 197 1903 im
211 1882 329 1908 mure,
347 1877 382 1903 at
395 1882 430 1903 se
446 1874 641 1903 blandissima
655 1875 795 1903 carmina

45 1914 151 1947 dicere
164 1913 222 1946 ait.
264 1914 380 1950 Aureo,
396 1924 414 1946 e
438 1914 560 1945 itheton
574 1925 712 1953 ornans·
736 1915 794 1951 sic,

46 1956 744 2009 utobwrvatcl.Mitsc.Pindar.Pyth.1,
763 1958 791 1993 l,

45 1998 198 2041 χρυσέαν
211 1998 395 2041 φόρμιγγα,
409 2004 442 2030 et
454 1999 550 2030 Nem.
564 2009 594 2035 v,
603 2001 657 2035 44,
670 1999 792 2041 χρύσε-

44 2053 88 2074 ον
104 2043 284 2080 rmrpov
297 2040 444 2084 Apollini
457 2039 577 2072 tribuit.
602 2042 694 2072 Dura
710 2044 795 2072 navis

45 2084 140 2123 nalo,
149 2083 292 2126 intellige
303 2085 507 2132 tempestates
518 2084 668 2115 marinas.
685 2084 792 2133 Fuge,

45 2125 164 2165 exsilii,
185 2127 220 2158 in
243 2127 329 2168 quod
351 2126 522 2157 acivitatis
546 2136 614 2157 suae
638 2127 795 2167 tyrannis,

46 2168 184 2210 Hyrnilo
209 2173 243 2200 et
267 2168 408 2204 Pittaco,
431 2168 584 2210 expulsus
606 2169 709 2200 fuerat
734 2169 796 2200 Al-

44 2221 150 2245 enus.
173 2212 266 2243 Dara
278 2212 363 2247 belli,
378 2211 498 2242 bellum
511 2211 706 2253 Mitylenaeis
721 2223 796 2243 cum

46 2252 302 2290 Athanimsibus
323 2259 449 2295 gestum
471 2259 559 2296 puta,
582 2253 668 2295 quod
684 2254 796 2286 Alcaeo

33 2295 203 2339 inprimis,
225 2295 280 2338 qui
305 2306 346 2327 ex
372 2306 410 2328 eo
436 2297 520 2327 male
544 2296 679 2337 abjectis
702 2297 797 2329 armis

48 2338 211 2380 aufugisse
240 2338 422 2387 perhibetur
450 2338 625 2380 (Herodot.
655 2349 688 2374 v,
719 2341 795 2379 95),

35 2379 179 2490 m
201 2381 388 2425 periculosae
414 2380 494 2412 aleae
521 2391 600 2423 opus
626 2380 725 2413 fuisse
751 2383 797 2413 vi-

70 2466 238 2500 29-32,
281 2466 448 2497 Mirantur
482 2471 650 2506 utrumqne
685 2467 797 2503 dicere,

0 2518 6 2531 ²
47 2516 127 2542 mm
149 2507 357 2541 admiratione
383 2513 448 2539 tam
473 2508 604 2550 Sappho
623 2518 721 2549 quam
740 2509 798 2540 Al-

0 2546 22 2591 3

43 2561 162 2585 enum
179 2549 317 2599 ιιιιάὶιιιιι.
341 2558 505 2585 canentes,
530 2551 627 2592 digna
649 2561 736 2582 sacro
757 2555 798 2583 si-

0 2591 156 2655 ,μ-Ἰοϋιὴῗο,
171 2592 313 2626 earmina
327 2598 393 2624 tam
406 2592 546 2633 egregia,
562 2598 599 2623 ut
619 2592 718 2634 digna
733 2593 800 2624 sint

0 2634 125 2678 ’qna
139 2645 264 2669 numum
285 2635 413 2667 silentio
436 2636 679 2674 auscultentur3
701 2646 799 2673 sacro,

22 2681 205 2727 tunquam
219 2677 254 2709 in
269 2688 303 2710 re
318 2688 420 2714 sacra,
444 2677 512 2715 ubi,
535 2678 720 2719 quicunque
741 2679 798 2710 ad-

0 2701 8 2710 .
26 2726 140 2757 ms,
155 2719 277 2761 linguis
289 2720 395 2752 favere
408 2720 537 2751 debent.
582 2720 719 2751 Densum
739 2722 798 2752 hu-

19 2772 144 2799 m
152 2763 284 2804 vulgus:
302 2773 343 2795 en
354 2763 540 2805 praeclaram
549 2762 595 2794 rei
606 2762 798 2803 imaginem!

47 2813 168 2847 Ques
189 2814 228 2837 ac
253 2805 391 2847 singulae
418 2806 539 2837 umbrae
567 2805 660 2847 (hinc
690 2807 802 2849 vulgus

27 2836 151 2887 fiete
172 2848 275 2888 sunt)
288 2847 444 2896 undique
469 2852 651 2883 accurrunt,
679 2853 712 2880 et
736 2854 803 2880 tam

0 2886 7 2934 ἶ
55 2893 146 2924 m
157 2890 255 2923 turba
267 2889 352 2923 circa
367 2890 499 2938 Sappho
518 2895 551 2922 et
566 2890 716 2922 Alcaeum
738 2902 803 2933 prae

9 2971 11 2974 Α
55 2930 232 2974 eupiditate
253 2942 363 2966 eorum
384 2932 527 2965 carmina
552 2932 704 2965 audiendi
726 2944 803 2965 con-

0 3189 18 3212 μή
43 3195 46 3199 ’
116 3207 119 3215 ι

11 3214 16 3219 “
114 3216 125 3237 ‚l
164 3219 172 3230 ⁴

0 3205 52 3288 ῧιζ
103 3250 126 3288 ξ

835 1403 1011 1436 densantur
1024 1410 1057 1436 et
1071 1404 1299 1445 glomerantur,
1315 1410 1352 1436 ut
1373 1405 1513 1437 humeris
1536 1406 1586 1438 in-

835 1447 935 1478 vicem
964 1457 998 1478 se
1029 1453 1174 1489 premant
1200 1453 1382 1488 terantque:
1416 1449 1461 1480 cf.
1493 1450 1586 1490 Virg.

836 1490 920 1521 Geo.
934 1490 977 1526 iv,
994 1490 1056 1520 473
1073 1500 1146 1538 sqq.
1191 1492 1276 1521 Aure
1291 1491 1380 1526 bibit,
1395 1491 1512 1532 cupide
1525 1501 1584 1523 au-

834 1533 902 1563 dit:
927 1533 1075 1574 Propert.
1091 1532 1138 1568 iii,
1163 1533 1196 1567 6,
1223 1534 1255 1568 8,
1282 1534 1431 1580 suspensis
1457 1536 1586 1566 auribus

836 1577 896 1605 istu
913 1576 986 1605 bibi.
1034 1575 1151 1616 Magis,
1167 1575 1342 1615 grandioris
1357 1575 1444 1607 enim
1457 1576 1588 1625 spiritus

837 1617 979 1648 carmina
994 1617 1098 1657 magis
1113 1617 1293 1659 percellunt
1302 1618 1501 1649 audientium
1516 1620 1586 1650 ani-

836 1670 919 1690 mos.
967 1660 1108 1700 Pagrum,
1138 1660 1171 1690 h.
1197 1670 1227 1690 e.
1258 1659 1422 1696 Alcaeum,
1450 1671 1587 1701 pugnas,

835 1702 954 1742 quibus
985 1701 1111 1742 tyranni
1138 1702 1243 1732 exacti
1272 1707 1358 1738 sunt,
1395 1709 1584 1734 canentem·
1575 1727 1586 1742 ,

837 1745 955 1775 cecinit
978 1743 1072 1784 igitur
1094 1743 1180 1775 bella
1202 1743 1323 1780 civilia,
1347 1754 1366 1774 a
1388 1744 1588 1784 Mitylenaeis

837 1793 948 1818 contra
969 1792 1122 1827 tyrannos
1146 1792 1244 1822 mota,
1270 1797 1406 1828 quorum
1431 1786 1500 1828 ipse
1521 1788 1589 1819 dux

838 1829 943 1860 factus
957 1834 1025 1866 est,
1049 1836 1163 1859 exactos
1180 1830 1394 1870 tyran110s,ad
1405 1839 1459 1861 eos
1475 1835 1589 1871 praeter

839 1871 1001 1902 Pittacum
1015 1876 1047 1902 et
1067 1871 1240 1912 Myrsilum
1262 1871 1380 1913 plures,
1404 1871 1460 1912 qui
1482 1882 1588 1903 rerum

839 1913 932 1956 potiri
947 1918 1110 1955 cuperent,
1128 1914 1330 1954 pertinuisse,
1343 1924 1383 1946 ex
1398 1914 1504 1945 Strab.
1518 1914 1587 1951 xiii,

837 1966 870 1998 p.
885 1957 948 1986 917
965 1955 1101 1996 intelligi
1117 1961 1229 1996 potest.

881 1999 1022 2029 33—-40.
1047 1998 1131 2032 Quid
1157 1999 1292 2028 mirum?
1323 1998 1452 2028 umbras
1480 1997 1588 2030 delec-

838 2041 898 2071 tari
912 2040 1116 2076 carminibus,
1133 2040 1251 2081 quibus
1273 2041 1432 2072 Cerberus
1455 2040 1534 2072 adeo
1556 2047 1590 2072 et

839 2083 944 2114 Furiae
959 2083 1157 2114 delectantur
1169 2084 1175 2112 !
1204 2083 1363 2124 Compara
1373 2083 1504 2115 omnino
1515 2094 1590 2115 cum

839 2126 972 2156 Horatio
987 2125 1079 2166 Virg.
1095 2125 1177 2157 Geo.
1190 2124 1233 2161 iv,
1247 2126 1307 2156 471
1325 2136 1397 2166 sqq.
1408 2126 1464 2156 ubi
1478 2126 1591 2157 eadem

838 2168 870 2199 vi
886 2169 973 2210 apud
983 2168 1099 2199 inferos
1110 2177 1227 2198 canens
1243 2167 1405 2199 inducitur
1418 2169 1569 2209 Orpheus
1580 2179 1590 2207 ;

841 2220 900 2242 nec
917 2211 1081 2251 utriusque
1096 2216 1198 2252 poetae
1213 2210 1384 2241 imitatores
1396 2210 1494 2242 Ovid.
1505 2212 1591 2243 Met.

841 2264 873 2290 x,
890 2254 929 2283 41
949 2263 1040 2294 sqq.;
1065 2253 1179 2283 Senec.
1198 2253 1296 2284 Herc.
1312 2253 1379 2284 OEt.
1398 2255 1482 2284 1065
1498 2264 1589 2295 sqq.;

840 2301 873 2327 et
889 2296 1006 2327 Boeth.
1022 2295 1156 2326 Consul.
1173 2295 1297 2326 Philos.
1313 2295 1360 2331 iii,
1376 2302 1467 2327 metr.
1482 2297 1534 2331 12,
1546 2297 1590 2327 29

841 2349 914 2379 sqq.
925 2338 1100 2369 contulisse
1114 2337 1247 2380 pigebit.
1295 2338 1471 2378 Centiceps:
1489 2338 1522 2369 in
1534 2349 1588 2370 ca-

842 2381 956 2422 pitum,
985 2391 1057 2421 quae
1087 2380 1226 2411 Cerbero
1254 2380 1377 2411 affinxit
1404 2380 1591 2422 antiquitaS‚

842 2433 975 2454 numero
988 2423 1171 2464 discrepant
1185 2428 1306 2464 poetae;
1328 2423 1425 2464 vulgo
1446 2425 1506 2454 tria
1521 2431 1592 2454 tan-

843 2471 911 2496 tum
929 2466 958 2497 ei
975 2465 1082 2507 capita
1098 2464 1293 2501 tribuuntur,
1305 2471 1340 2496 ut
1351 2465 1452 2504 iuffii,
1468 2467 1516 2502 19,
1527 2467 1566 2496 31
1582 2478 1591 2505 ;

842 2509 899 2539 sed
915 2508 1287 2549 πεντηκοντακάρηνος
1296 2508 1350 2539 ille
1363 2514 1495 2550 apparet
1506 2508 1592 2550 apud

843 2550 978 2582 Hesiod.
993 2551 1116 2591 Theog.
1130 2551 1217 2588 312;
1242 2551 1393 2582 Horatius
1416 2551 1593 2582 Cerberum

841 2593 925 2624 sistit
935 2593 1272 2635 ἑκατοντακάρηνον,
1283 2593 1369 2624 baud
1379 2593 1475 2624 dubie
1487 2593 1595 2624 Graeci

841 2636 1010 2677 cujusdam
1034 2642 1135 2677 poetae
1148 2636 1330 2677 exemplum
1353 2642 1496 2667 secutus.
1542 2636 1596 2668 Cl.

842 2679 980 2710 Mitsch.
989 2678 1203 2720 opportunein
1219 2677 1302 2709 hauc
1313 2688 1377 2708 rem
1393 2677 1486 2710 affert
1498 2678 1595 2709 verba

842 2721 965 2752 Tzetzae
983 2720 1024 2752 ad
1039 2721 1066 2751 L
1066 2720 1200 2761 y.cophr
1215 2721 1291 2756 678,
1315 2720 1333 2751 ὁ
1346 2720 1438 2752 κύων
1453 2721 1509 2752 τοῦ
1527 2720 1595 2752 Ἀἲ-

845 2762 918 2799 δου,
934 2765 973 2801 ος
987 2763 1058 2804 ἔχει
1072 2763 1196 2795 ἑκατὸν
1211 2762 1373 2804 κεφαλάς.
1415 2764 1533 2804 Itaque
1556 2765 1594 2795 τὸ

845 2808 995 2846 centiceps
1010 2806 1119 2836 malim
1133 2805 1280 2847 equidem
1298 2805 1421 2848 proprie
1438 2805 1595 2847 accipere,

847 2859 945 2890 quam
959 2853 1070 2880 contra
1085 2858 1179 2879 usum
1202 2848 1355 2889 loquendi
1378 2859 1452 2879 cum
1469 2848 1541 2879 aliis
1556 2847 1596 2878 ad

848 2892 1013 2932 anguium,
1029 2890 1148 2939 quibus
1163 2890 1293 2922 Cerberi
1309 2891 1415 2922 cervix
1438 2890 1597 2921 horruisse

848 2933 975 2972 dicitur,
989 2932 1096 2975 capita
1118 2933 1242 2965 referre.
1288 2934 1419 2972 stupens
1442 2933 1505 2963 illis
1527 2943 1598 2962 car-
