1904 3314
24 66 46 181 g

23 181 46 400 j

24 558 34 603 -¹.

23 603 33 634 ²..

23 637 36 678 ἓ

23 1958 44 2025 -int-c
23 1878 35 1914 ··*

35 2834 38 2838 -
23 2255 65 2807 δὴψκκωΜῌ“ψῶ

708 133 938 212 L1i3ER
969 167 1005 219 1,
1042 168 1107 210 ιο.

1587 171 1672 213 357

239 275 441 332 Valgius,
463 282 507 318 et
527 275 686 331 probet
705 272 803 315 haec
825 271 1038 314 Octavius
1060 271 1264 326 optimuS,
1286 277 1420 326 atque

238 343 434 396 Fuscus;
466 350 511 386 et
532 343 627 384 haec
647 341 811 383 utinam
833 339 1070 381 Viscorum
1090 337 1242 380 laudet
1262 345 1448 394 uterque
1466 341 1476 381 !

238 411 494 454 Ambitione
514 409 722 464 relegata,
745 415 788 449 te
810 407 957 449 dicere
978 421 1175 462 possum,

150 478 207 521 85
238 478 392 529 Pollio,
414 486 471 528 te,
495 476 701 525 Messala,
724 483 800 517 tuo
822 489 920 516 cum
942 473 1102 524 fratre3
1127 472 1351 529 vsimulque

237 546 349 597 Vos,
371 544 530 588 Bibule
551 552 595 586 et
616 543 741 586 Servi
760 561 770 594 ;
804 542 929 584 simul
951 541 1018 583 his
1041 549 1098 591 te,
1121 541 1308 586 candide
1330 541 1493 583 Furni:

236 613 494 670 Complures
514 612 638 661 alios,
660 612 816 654 doctos
837 626 921 666 ego
943 626 1054 666 quos
1077 617 1122 652 et
1143 611 1303 652 amicos

237 683 440 726 Prudens
461 689 693 738 praetereo,
717 681 877 736 quibus
899 679 1008 729 haec,
1032 686 1133 720 sunt
1155 678 1491 734 qualiacunque,

236 749 449 793 Ari-idere
471 749 623 800 velim;
658 748 890 798 doliturus,
914 748 950 789 si
970 747 1173 803 placeant
1195 762 1274 802 spe

147 818 208 860 90
236 817 446 860 Deterius
467 824 633 858 nostra.

695 815 910 864 Demetri,
933 822 1079 870 teque,
1102 815 1279 870 Tigelli,

238 884 568 941 Discipularum
588 885 700 926 inter
715 885 854 940 jubeo
875 882 1048 939 plorare
1070 883 1318 926 cathedras.

234 952 273 1004 I,
293 968 420 1010 puer,
443 960 573 1009 atque
594 967 690 994 meo
711 953 823 994 citus
846 951 940 994 haec
963 952 1192 994 subscribe
1211 950 1374 994 libello.

123 1060 289 1093 Octavius.-
322 1061 363 1092 de
383 1060 445 1092 hoc
469 1059 596 1092 Horatii
625 1059 727 1091 amico
749 1064 781 1091 et
803 1058 869 1090 viro

118 1103 212 1136 docto
234 1103 317 1136 nihil
338 1103 468 1135 aliunde
491 1109 637 1141 constat;
671 1104 870 1139 Octavianus,

117 1157 215 1188 quern
231 1157 292 1178 nus
315 1157 389 1178 uam
409 1146 561 1178 Horatius
580 1145 755 1195 appellavit
776 1146 868 1176 Octa-

120 1191 213 1228 vium,
235 1158 372 1232 inteclligi
393 1190 514 1232 nequit¹
539 1195 575 1220 ut
598 1189 678 1220 mhil
702 1189 806 1220 dicam
832 1189 870 1220 de

119 1232 202 1272 loco,
221 1243 315 1281 quem
335 1233 404 1275 jam
423 1238 517 1275 poeta
541 1232 630 1263 nullo
658 1231 750 1263 modo
774 1232 866 1263 Octa-

117 1278 208 1307 viano
231 1281 314 1307 inter
345 1275 488 1317 Valgium
513 1280 545 1306 et
569 1276 702 1306 Fuscum
725 1274 868 1316 assigna.

117 1323 209 1350 turus
232 1317 356 1350 fuisset.
401 1318 539 1349 Fuscus.-
563 1317 602 1348 de
627 1319 744 1348 Aristio
773 1317 869 1348 Fusco

116 1361 158 1394 ef.
172 1372 244 1405 sup.
261 1361 326 1393 Od.
340 1360 363 1397 i,
379 1362 435 1396 22,
452 1362 484 1392 4.
545 1361 701 1392 Viscorum
719 1367 866 1401 uterque:

116 1404 160 1437 ef.
174 1415 248 1448 sup.
261 1405 327 1436 Sat.
343 1404 366 1440 i,
378 1405 412 1440 9,
429 1405 485 1435 22.
530 1404 700 1434 Ambitione
715 1406 865 1446 relegata,

116 1446 185 1480 sine
202 1447 290 1479 omni
312 1447 421 1490 gloriae
445 1458 499 1490 per
513 1447 642 1478 nomina
663 1453 765 1478 vestra
788 1446 866 1478 mihi

116 1491 284 1534 captandae
305 1490 432 1530 studi03
458 1490 502 1521 ait
524 1489 622 1530 igitur
646 1490 808 1525 Horatius,
833 1501 866 1521 se

118 1533 298 1566 Pollionem
323 1539 356 1566 et
380 1539 510 1568 ceteros,
535 1532 603 1580 jam
630 1543 695 1564 non
721 1539 757 1564 ut
784 1533 866 1565 viros

116 1577 252 1614 nobiles,
270 1587 407 1619 quorum
426 1575 636 1620 patrocinium
657 1575 780 1618 jactare
795 1587 866 1619 pos-

117 1619 170 1655 sit.
193 1620 250 1652 sed
273 1626 310 1651 ut
330 1619 440 1652 doctos
469 1625 501 1650 et
528 1618 660 1650 idoneos
690 1620 867 1650 carminum

117 1673 246 1695 suorum
274 1662 407 1694 arbitros
433 1661 603 1705 appellare.
650 1662 801 1693 Messala:
825 1663 868 1693 cf.

117 1715 190 1749 sup.
213 1705 255 1738 ad
277 1717 308 1737 ν.
331 1707 388 1738 29.
434 1706 499 1736 Tuo
522 1705 733 1747 cmnfratre:
759 1705 868 1737 Schol.

118 1750 233 1793 Cruq.,
266 1750 438 1780 Publicola.
483 1748 596 1779 Bibule
622 1754 650 1779 et
677 1749 786 1779 Servi:
813 1749 867 1779 Bi-

117 1793 209 1824 bulus
221 1803 239 1825 e
251 1799 344 1835 geute
356 1791 544 1835 Calpurnia,
560 1797 593 1822 et
608 1791 731 1822 Servius
742 1802 758 1822 e
775 1798 869 1833 gente

116 1835 282 1879 Sulpicia3
312 1835 345 1867 hi
375 1846 440 1866 non
472 1834 637 1866 nobilitate
666 1835 781 1870 solum¹
815 1836 870 1866 sed

115 1879 214 1911 etiarn
236 1878 388 1911 doctrinae
410 1878 505 1909 laude
531 1877 670 1918 insignes
697 1877 796 1909 fuisse
822 1878 867 1909 vi-

117 1921 246 1960 dentur,
258 1927 293 1954 ut
304 1932 344 1953 ex
355 1921 498 1953 hocdoco
510 1926 650 1964 apparet.
697 1922 796 1951 Simul
812 1922 869 1957 his,

116 1975 186 2008 pro,
218 1975 283 1997 una
308 1975 382 1996 curn
410 1963 481 2003 his3
497 1970 550 1995 .ut
572 1963 629 1996 inf.
654 1964 755 2006 Epist.
780 1964 812 2002 ii,
835 1965 868 2001 2,

115 2009 196 2045 205,
214 2014 247 2041 et
267 2007 313 2040 sic
330 2007 457 2051 passim.
483 2007 606 2038 Furni.-
631 2007 740 2039 Schol.
756 2007 868 2049 Cruq.,

119 2051 261 2084 Furnius
279 2052 554 2091 historiarum-tide
577 2057 606 2082 et
630 2052 783 2093 elegantia
803 2051 868 2082 cla-

119 2097 199 2127 neit.
243 2095 278 2126 Si
298 2095 443 2135 placeant
464 2105 513 2134 spe
538 2094 681 2125 Deterius
703 2100 818 2129 nostra,
841 2094 868 2124 si

111 2137 235 2175 minus,
271 2147 368 2179 quarn
405 2147 464 2179 ego
501 2147 602 2179 spero,
643 2137 803 2180 placeant,
842 2137 868 2168 si

117 2187 232 2224 praeter
242 2190 333 2224 spem
349 2190 449 2212 meam
465 2179 666 2222 displiceant.

159 2225 304 2258 90—92.
325 2223 499 2266 Postquam
515 2224 668 2256 Horatius
685 2228 795 2255 contra
811 2224 866 2255 ob-

915 1063 1107 1096 trectatores,
1126 1058 1288 1101 praecipue
1303 1063 1414 1090 contra
1429 1068 1484 1090 eos
1499 1057 1555 1100 qui
1572 1058 1668 1090 Luci-

915 1101 994 1132 lium
1011 1102 1095 1133 male
1111 1102 1151 1133 ab
1163 1112 1200 1133 eo
1213 1109 1249 1133 ut
1263 1108 1386 1144 poetam
1400 1101 1549 1133 vitiosum
1561 1112 1666 1144 repre-

916 1144 1050 1176 hensum
1066 1155 1132 1176 esse
1147 1145 1342 1180 clamabant,
1360 1155 1490 1176 causam
1506 1155 1596 1176 suam
1611 1156 1666 1187 pe·

915 1188 1040 1224 roravit,
1069 1188 1137 1230 jam
1175 1188 1269 1219 finem
1300 1188 1434 1219 carmini
1463 1187 1667 1230 impositurus

914 1231 1111 1262 Demetrium
1147 1237 1180 1262 et
1217 1231 1402 1272 Tigellium,
1435 1232 1513 1262 dum
1546 1241 1600 1262 eos
1630 1237 1667 1263 ut

913 1274 1067 1305 ridiculos
1092 1276 1319 1305 obtrectatores
1343 1274 1451 1305 missos
1475 1274 1562 1308 facit.
1587 1285 1664 1312 non,

913 1323 949 1347 ut
976 1317 1054 1348 alias
1077 1327 1095 1348 a
1123 1317 1214 1348 nobis
1239 1317 1451 1354 discedentes,
1474 1318 1586 1353 valere,
1611 1319 1667 1349 sed

912 1359 1084 1390 salsissime
1126 1363 1207 1391 inter
1245 1362 1470 1400 discipularum
1506 1362 1667 1391 cathedras

909 1404 1032 1442 plorare
1050 1405 1169 1443 jubet5
1209 1404 1331 1443 plorare
1368 1402 1466 1439 enim,
1507 1409 1544 1434 ut
1581 1404 1666 1445 apud

912 1446 1042 1477 Graecos
1058 1445 1214 1495 οἰμώζειν
1224 1452 1255 1477 et
1266 1446 1398 1478 κλαίειν
1413 1446 1577 1488 (exempla
1595 1447 1667 1478 vide

911 1490 995 1530 apud
1037 1490 1287 1527 Heindorfium),
1325 1489 1364 1520 de
1400 1489 1550 1531 querelis,
1586 1500 1667 1531 quas

910 1532 982 1573 quis
1005 1532 1046 1564 de
1069 1533 1182 1564 misera
1207 1543 1266 1564 sua
1289 1538 1373 1564 sorte
1396 1532 1511 1568 fundit,
1535 1532 1666 1564 dicitur.

913 1576 1073 1607 Videntur
1101 1582 1207 1607 autem
1238 1575 1395 1617 Tigellius
1420 1582 1452 1607 et
1482 1575 1667 1607 Demetrius

910 1619 1034 1649 scholas
1053 1618 1210 1654 habuisse,
1225 1619 1342 1660 quibus
1354 1618 1525 1650 intererant
1541 1625 1664 1650 tautum

911 1662 1042 1704 puellae,
1068 1662 1215 1693 sedentes
1238 1662 1269 1692 in
1288 1662 1454 1697 cathedris,
1476 1662 1666 1694 feminarum

912 1705 1066 1735 sedilibus
1095 1704 1362 1736 commodioribus
1384 1709 1416 1735 et
1445 1704 1664 1736 mollioribus:

913 1747 1057 1778 Martial.
1075 1746 1119 1785 iii,
1137 1749 1191 1783 65,
1209 1748 1240 1784 7,
1259 1747 1347 1777 Inter
1360 1747 1516 1789 femineas
1533 1754 1594 1778 tota
1611 1751 1664 1788 qui

915 1793 981 1821 luce
1017 1791 1176 1821 cathedras
1217 1791 1352 1821 Desidet.
1404 1789 1458 1820 Ad
1492 1790 1667 1832 discipulas

915 1833 1120 1865 Heindorfius
1137 1833 1232 1864 nimis
1250 1839 1372 1873 argute.
1383 1838 1473 1875 puto,
1486 1833 1667 1865 referendos

914 1886 1041 1918 quoque
1059 1882 1166 1908 censet
1190 1876 1223 1907 in
1247 1887 1360 1917 genere
1385 1876 1538 1907 feminino
1560 1888 1668 1917 pueros

915 1922 1016 1951 molles
1046 1927 1074 1950 et
1105 1921 1251 1958 pachinas.
1296 1919 1326 1954 Ι,
1357 1930 1446 1959 puer,
1474 1924 1550 1951 cett.
1573 1919 1668 1961 jubet

915 1973 1048 2005 puerum
1083 1962 1212 1994 dictatae
1250 1961 1355 1993 satirae
1391 1961 1496 1992 statim
1528 1962 1666 2004 adjicere

914 2008 1010 2037 verba
1046 2005 1166 2047 quibus
1202 2005 1355 2036 valedixit
1391 2004 1529 2046 Tigellio
1572 2011 1668 2048 atque

916 2049 1091 2082 Demetrio.
1119 2049 1228 2080 Schol.
1239 2048 1372 2091 Porph.,
1387 2049 1566 2090 Eleganter,
1578 2052 1667 2090 quati

912 2094 965 2124 hoc
981 2105 1015 2124 ex
1039 2099 1170 2133 tempore
1193 2094 1317 2127 dixerit,
1343 2093 1481 2132 praecr‘pit
1498 2103 1606 2132 puero,
1629 2100 1665 2124 ut

912 2139 945 2168 in
962 2137 1096 2167 libellum
1129 2147 1216 2166 suum
1238 2138 1289 2173 (ιίι
1314 2136 1393 2166 hanc
1411 2146 1497 2166 suam
1519 2135 1665 2177 satiram)

912 2181 994 2211 ill-ud
1018 2179 1169 2221 conserat,
1192 2189 1228 2209 ne
1247 2185 1353 2219 pereat
1375 2186 1438 2210 tam
1461 2185 1666 2220 opportunum

913 2230 941 2255 et
956 2233 1126 2264 congruum
1145 2224 1177 2253 in
1194 2223 1395 2254 modulatores
1409 2224 1538 2254 dictum.
