1884 3288
315 196 396 237 130

513 361 570 402 40

870 193 1268 236 CARMINUM

655 293 707 335 In
728 301 850 349 parte
870 302 1079 349 regnanto
1099 295 1236 335 beati:

713 361 831 402 Dum
853 361 1010 402 Priami
1031 361 1287 415 Paridisque
1308 361 1436 401 busto

598 428 783 470 Insultet
803 436 1051 477 armentum,
1073 435 1116 469 et
1136 428 1299 469 catulos
1320 427 1422 468 ferae

601 494 754 536 Celent
773 495 944 544 inulta-:⁸3
979 501 1061 535 stet
1082 494 1339 547 Capitolium

656 563 859 617 Fulgens,
883 561 1240 615 triumphatisque
1260 562 1397 614 possit

715 628 855 669 Roma
876 628 997 669 ferox
1019 629 1121 668 dare
1137 628 1236 680 jura
1256 626 1415 667 Medis.

516 694 572 735 45
603 694 834 736 Horrenda
854 694 939 735 late
961 708 1113 734 nomen
1133 694 1176 733 in
1195 693 1364 733 ultimas

603 760 826 802 Extendat
848 776 958 810 oraS,
980 775 1065 814 qua
1085 761 1250 800 medius
1271 759 1413 813 liquor

661 828 855 868 Secernit
879 827 1087 881 Europen
1108 828 1161 867 ab
1183 826 1307 875 Afro,

719 894 820 941 Qua
840 894 1027 935 tumidus
1049 895 1160 947 rigat
1181 908 1281 934 arva
1300 891 1453 933 Nilus:

605 959 774 1001 Aurum
794 961 1071 1014 inrepertum,
1093 966 1134 999 et
1157 960 1215 999 sic
1234 958 1383 999 melius
1405 959 1545 1005 situm,

522 1027 577 1067 50
607 1027 754 1074 Quum
775 1034 890 1067 terra
910 1025 1032 1075 celat,
1056 1041 1256 1080 spernere
1278 1025 1444 1074 fortior,

662 1093 803 1140 Quam
824 1106 994 1147 cogere,
1015 1092 1224 1132 humanos
1246 1092 1288 1132 in
1308 1106 1413 1132 usus

720 1159 860 1200 Omne
883 1173 1050 1199 sacrum
1069 1159 1262 1212 rapiente
1283 1159 1449 1199 dextra.

607 1225 867 1279 Quicunque
887 1225 1048 1265 mundo
1070 1225 1274 1265 terminus
1295 1225 1475 1274 obstitit,

608 1293 740 1333 Hunc
761 1299 910 1347 tangat
930 1293 1071 1341 armis,
1092 1292 1230 1332 visere
1251 1291 1456 1345 gestiens,

523 1360 577 1400 55
666 1359 767 1406 Qua
787 1366 909 1413 parte
932 1358 1253 1399 debacchentur
1272 1359 1408 1412 ignes,

722 1426 823 1472 Qua
843 1424 1011 1466 nebulae
1033 1425 1250 1479 pluviique
1273 1439 1406 1466 rores·

613 1494 701 1534 Sed
721 1492 934 1534 bellicosis
956 1492 1044 1532 fata
1066 1491 1309 1538 Quiritibus

611 1560 708 1602 Hac
727 1559 823 1614 lege
845 1560 955 1609 dico,
978 1573 1030 1600 ne
1051 1559 1224 1599 nimium
1245 1559 1320 1613 pii,

328 1681 416 1719 tiam,
447 1686 468 1699 ‘¹
486 1680 655 1712 dummodo
684 1681 753 1711 loca
783 1680 850 1714 illa.
882 1679 937 1710 ubi
967 1678 1063 1720 'l‘roja

329 1724 426 1758 stetit,
449 1724 514 1754 sola
533 1730 565 1754 et
586 1730 673 1754 vasta
695 1728 863 1759 maneant3
886 1722 948 1758 vel,
972 1721 1062 1751 durn—

330 1767 423 1796 modo
446 1776 537 1797 nemo
558 1765 615 1800 ibi,
639 1765 694 1796 ubi
717 1764 812 1806 Troja
834 1765 930 1798 stetit,
953 1774 1064 1794 novam

331 1810 442 1839 urbem
465 1807 646 1843 moliatur,'’
661 1807 784 1848 egregia
805 1807 939 1847 regionis
962 1806 1064 1836 incul-

333 1855 374 1882 tae
388 1857 419 1881 et
433 1851 562 1881 desertae
581 1850 787 1891 descriptione
807 1849 988 1887 exornavit;
1012 1848 1066 1889 qui

333 1893 416 1923 enirn
443 1893 474 1923 in
500 1892 594 1933 agris,
616 1892 671 1923 ubi
701 1893 762 1922 alta
793 1892 912 1922 moenia
933 1896 965 1921 et
986 1896 1067 1921 tecta

333 1942 427 1966 antea
442 1936 621 1975 surgebant,
638 1939 776 1964 armenta
789 1944 889 1964 errare
909 1932 1066 1974 conspici-

334 1983 402 2012 unt,
419 1978 493 2008 etin
510 1976 599 2011 locis,
613 1976 772 2006 hominum
789 1976 961 2016 frequentia
976 1981 1069 2005 antea

331 2019 523 2053 celebribus,
550 2019 682 2050 ferarum
712 2018 844 2048 latibula
874 2017 1067 2048 animadver-

335 2067 419 2098 tunt,
434 2071 540 2092 eorum
557 2061 656 2095 oculis
670 2060 740 2091 viva
753 2071 827 2091 sane
843 2059 966 2101 penitus
982 2070 1067 2090 ever-

336 2113 379 2134 8ae
396 2103 483 2135 urbis
498 2103 600 2144 imago
614 2103 810 2134 obversatur:
836 2102 876 2132 cf.
893 2102 951 2132 inf.
966 2102 1068 2143 Epod.

336 2146 399 2182 xvi,
414 2147 452 2176 10
465 2155 534 2187 sqq.
550 2151 581 2176 et
596 2145 726 2176 Mitsch.
741 2145 780 2175 ad
794 2145 857 2174 h.l.
902 2145 974 2175 Jam
989 2154 1070 2181 vero,

337 2198 408 2219 cum
425 2189 562 2218 maxima
583 2186 774 2218 contumelia
789 2186 869 2217 affici
889 2191 1070 2228 putarentur

337 2231 462 2272 sepulti,
483 2230 509 2260 si
532 2230 604 2271 quis
626 2229 820 2271 petulantius
841 2239 945 2259 eorum
964 2228 1068 2269 sepul-

337 2274 399 2304 cris
414 2272 588 2309 insultaret,
603 2272 696 2303 facile
713 2276 851 2313 apparet,
867 2276 984 2311 quanto
999 2270 1070 2300 odio

338 2316 358 2347 J
364 2325 437 2351 uno,
461 2321 573 2356 optans
594 2320 630 2344 ut
654 2315 770 2344 Priami
788 2314 965 2353 Paridisque
988 2313 1071 2343 busto

339 2358 468 2388 Insultet
485 2364 666 2393 armentum,
688 2367 759 2386 cum
780 2356 811 2386 in
830 2366 937 2386 omnes
955 2361 1071 2386 veteres

339 2399 501 2441 Trojanos,
526 2405 591 2430 turn
619 2399 652 2428 in
680 2398 839 2429 Priamum
864 2397 1072 2438 Paridemque

339 2442 492 2484 inprimiS‚
502 2442 685 2482 flagraverit.
710 2440 761 2470 Sic
772 2440 855 2481 apud
868 2440 973 2481 Eurip.
987 2441 1071 2471 Elec.

340 2486 415 2521 327,
433 2483 600 2524 AEgisthus
615 2483 838 2514 contumeliose
858 2481 1070 2523 Agamemno-

341 2526 390 2557 nis
413 2528 506 2558 busto
521 2526 651 2556 insultat
666 2525 860 2567 (ἐπιθρώσκει
876 2523 1003 2566 τάφῳ);
1029 2525 1071 2555 cf.

340 2570 471 2601 Homer.
496 2567 591 2599 Iliad.
614 2567 656 2603 iv,
684 2568 753 2598 177.
809 2568 925 2602 Celent,
956 2577 1000 2597 sc.
1029 2566 1072 2597 ibi

339 2614 458 2647 inultae,
476 2611 572 2641 nullis
592 2609 752 2640 hominum
771 2609 894 2639 insidiis
911 2608 955 2639 ibi
977 2619 1071 2650 expo-

341 2655 421 2685 sitae.
467 2654 564 2683 Possit
578 2655 747 2693 darejura,
758 2658 819 2682 tam
837 2656 948 2693 potens
960 2651 1025 2687 fiat,
1039 2657 1074 2682 ut

338 2696 412 2738 jura
434 2695 506 2733 det;
538 2696 743 2735 triumphatis,
767 2694 805 2725 de
827 2693 941 2735 quibus
964 2693 1073 2724 trium-

341 2740 490 2782 pharum.

385 2781 524 2812 45-52.
555 2779 727 2813 Horrenda,
752 2777 935 2808 fortitudine
957 2787 1014 2808 sua
1035 2778 1074 2808 ti-

341 2823 474 2861 menda;
499 2828 534 2852 ut
552 2832 621 2869 sup.
638 2821 662 2855 i,
677 2822 730 2856 28,
747 2823 766 2851 4
782 2822 933 2851 horribilis
956 2820 1075 2855 Medus,

341 2873 373 2897 et
400 2865 457 2896 inf.
485 2866 554 2896 Sat.
579 2864 613 2899 ii,
637 2866 669 2898 5,
697 2864 737 2894 62
766 2864 930 2894 horrendus
955 2862 1078 2893 Parthis

332 2910 470 2948 juvenis.
529 2907 649 2936 Medius
669 2908 777 2946 liquor,
803 2905 942 2944 intellige
966 2905 1076 2935 fretum

344 2950 552 2986 Gaditanum,
572 2948 711 2980 Africam
739 2948 959 2990 Europamque
981 2947 1073 2979 inter-

1107 1677 1217 1708 fluens.
1262 1678 1409 1710 Laudant
1423 1678 1502 1710 illud
1519 1679 1630 1711 veteris
1643 1685 1742 1722 poetae
1757 1680 1840 1722 apud

1108 1720 1178 1751 Cic.
1193 1719 1231 1751 de
1248 1721 1324 1751 Nat.
1340 1722 1435 1752 Deor.
1447 1721 1493 1756 iii,
1512 1723 1562 1757 10,
1580 1722 1732 1762 Europam
1747 1722 1840 1764 Liby-

1108 1773 1211 1802 amque
1231 1774 1320 1802 rapaa
1341 1765 1394 1794 ubi
1413 1765 1522 1795 dividit
1543 1766 1636 1796 unda.
1682 1764 1839 1800 Tumidus,

1109 1811 1180 1846 apte
1194 1804 1233 1835 de
1249 1806 1342 1836 fluvio
1358 1806 1454 1836 nimia
1474 1816 1626 1848 aquarum
1646 1806 1737 1849 copia
1758 1807 1841 1838 intu-

1110 1854 1278 1882 mescente,
1295 1853 1327 1878 et
1342 1858 1434 1890 super
1449 1847 1531 1890 ripas
1543 1848 1574 1879 in
1586 1859 1677 1889 agros
1692 1859 1725 1880 se
1741 1849 1841 1880 effun-

1110 1888 1216 1920 dente.
1261 1891 1415 1930 Designat
1436 1897 1541 1922 autem
1563 1898 1655 1932 poeta
1673 1896 1781 1927 terras,
1802 1891 1843 1922 ad

1111 1941 1189 1972 quas
1203 1942 1303 1972 usque
1320 1939 1384 1963 tum
1406 1933 1551 1975 temporis
1566 1933 1708 1965 victricia
1724 1933 1842 1964 Roma-

1112 1983 1221 2003 norum
1241 1985 1325 2005 arma
1346 1981 1591 2016 penetraverant,
1613 1975 1843 2012 remotissimas,

1111 2016 1306 2046 victoriarum
1323 2016 1475 2058 inprimis,
1490 2027 1570 2059 quas
1582 2028 1620 2048 ex
1643 2017 1799 2059 Hispania
1813 2024 1844 2050 et

1112 2059 1253 2099 AEgypto
1281 2065 1488 2100 reportaverat
1511 2061 1685 2101 Augustus,
1716 2061 1748 2091 in
1774 2060 1844 2102 ejus

1111 2100 1235 2130 laudem
1257 2106 1290 2131 et
1306 2101 1434 2141 gloriam
1452 2108 1594 2144 respectu
1614 2102 1733 2133 habito.
1777 2105 1843 2134 Au-

1111 2154 1179 2172 rum
1197 2145 1394 2182 inrepertum,
1408 2149 1500 2175 cett.:
1515 2144 1751 2186 junge,fortior
1762 2156 1843 2184 sper-

1112 2195 1182 2215 nere
1193 2185 1323 2226 (Graece
1339 2196 1404 2227 pro,
1421 2186 1605 2228 spernendo,
1619 2187 1694 2218 dum
1709 2186 1844 2229 spernit)

1111 2238 1223 2257 aurum
1240 2232 1435 2267 inrepertum,
1454 2234 1528 2260 cett.
1549 2241 1638 2270 quam
1652 2240 1754 2271 cogere
1769 2231 1843 2271 (au-

1113 2279 1178 2300 rum
1191 2270 1351 2311 cogendo)
1365 2272 1468 2301 dextra
1484 2273 1619 2311 rapiente
1631 2283 1713 2303 omne
1725 2282 1846 2302 sacrum

1113 2312 1146 2341 in
1176 2323 1248 2342 usus
1277 2313 1439 2350 humanm
1476 2313 1506 2344 h.
1535 2324 1565 2345 e.
1595 2313 1710 2351 Roma,
1739 2313 1845 2345 sortio-

1113 2364 1177 2384 rem
1200 2365 1234 2385 se
1256 2355 1442 2396 praestitura,
1463 2355 1537 2387 dum
1560 2355 1697 2397 antiquae
1720 2356 1848 2397 frugali-

1113 2397 1186 2426 tatis
1210 2397 1351 2427 studiosa
1366 2407 1385 2427 a
1399 2397 1577 2429 divitiarum
1599 2397 1847 2440 colligendarum

1114 2438 1283 2480 cupiditate
1311 2439 1414 2470 aliena
1442 2440 1510 2471 erit.
1560 2440 1752 2480 Inrepertum
1781 2441 1848 2483 ipse

1114 2481 1262 2522 explicat,
1275 2482 1358 2522 quod
1376 2489 1457 2512 terra
1473 2484 1562 2514 celat.
1608 2483 1701 2513 Omne
1714 2493 1846 2518 sacrum,

1116 2525 1312 2554 sanctissima
1327 2535 1473 2566 quaeque.
1517 2525 1609 2556 Teles
1624 2534 1751 2566 quoque
1764 2525 1848 2566 apud

1117 2567 1206 2596 Stob.
1228 2565 1291 2603 xci,
1307 2577 1336 2608 p.
1354 2568 1429 2602 510,
1453 2568 1505 2602 34,
1521 2567 1560 2599 ad
1574 2567 1669 2602 mala,
1685 2577 1756 2608 quae
1770 2567 1849 2598 divi-

1116 2608 1229 2638 tiarum
1256 2609 1427 2650 cupiditate
1452 2609 1658 2650 proferuntur,
1685 2609 1848 2649 sacrilegia

1116 2650 1219 2685 refert,
1243 2650 1295 2681 διὰ
1319 2650 1440 2692 κέρδος,
1469 2652 1568 2688 aiens,
1595 2651 1665 2694 ἱερὰ
1693 2653 1849 2684 συλᾶν-αι.

1118 2693 1284 2728 Humanas,
1300 2694 1457 2735 profanos.

1161 2737 1299 2766 53-60.
1325 2736 1503 2776 Quicunque
1514 2737 1624 2766 mundo
1640 2737 1786 2766 terminus
1799 2736 1849 2766 ob-

1117 2779 1213 2807 stitit:
1237 2778 1419 2819 quicunque
1441 2778 1591 2808 terminus
1610 2778 1677 2808 orbi
1698 2783 1848 2809 terrarum

1120 2819 1263 2860 objectus
1277 2826 1334 2856 est,
1352 2820 1383 2850 h.
1399 2830 1427 2851 e.
1445 2830 1642 2862 quaecunque
1663 2820 1695 2850 in
1714 2826 1851 2851 extremo

1120 2868 1268 2892 terrarum
1281 2862 1411 2893 termino
1426 2863 1527 2904 posita
1539 2867 1587 2893 est
1602 2861 1686 2902 regio
1701 2873 1708 2900 ;
1732 2869 1852 2904 tangat,

1121 2904 1265 2945 attingat.
1310 2905 1377 2939 Qua
1401 2911 1488 2944 parte
1513 2905 1732 2936 debacchentur
1756 2907 1851 2945 ignes,

1123 2947 1191 2981 Qua
1207 2947 1333 2983 nebulas,
1349 2951 1422 2978 cett.
1444 2946 1611 2988 regionem,
1629 2946 1681 2978 ubi
1702 2953 1757 2978 aut
1775 2947 1851 2978 solis
