1904 3314
298 209 381 249 508

794 206 1322 249 EPISTOLARUM

415 308 546 355 Quod
566 307 730 362 legeret
749 313 992 361 tereretque
1014 308 1167 349 viritim
1186 307 1385 363 publicus
1406 311 1538 350 usus?

414 375 476 416 Ut
497 376 679 430 primum
698 374 848 428 positis
870 374 1023 429 nugari
1044 374 1216 416 Graecia
1236 373 1359 416 bellis

415 442 574 496 Coepit,
596 448 639 482 et
658 441 701 481 in
720 441 867 481 vitium
887 439 1058 482 fortuna
1076 439 1212 482 labier
1232 455 1371 495 aequa,

327 509 383 550 95
413 509 544 549 Nunc
564 507 820 548 athletarum
841 507 1008 556 studiis,
1030 521 1143 549 nunc
1164 508 1267 548 arsit
1287 522 1518 562 equorum:

415 574 642 615 Marmoris
663 580 737 614 aut
756 573 899 615 eboris
921 573 1068 615 fabros
1090 579 1164 615 aut
1184 575 1281 615 aeris
1302 565 1481 615 ainavit:

415 641 650 695 Suspendit
669 640 782 694 picta
803 639 965 681 vultum
985 647 1252 695 mentemque
1274 640 1460 691 tabella3

412 707 543 748 Nunc
564 707 824 755 tibicinibus,
847 721 959 748 nunc
980 714 1046 748 est
1065 708 1211 762 gavisa
1233 709 1443 763 tragoedis
1460 725 1470 750 :

415 773 506 814 Sub
526 773 691 814 nutrice
718 772 859 827 puella
880 772 996 814 velut
1017 775 1051 814 si
1071 773 1240 815 luderet
1260 775 1412 825 infans,

306 841 384 882 100
414 840 546 887 Quod
567 839 722 893 cupide
743 840 880 893 petiit,
902 847 1067 880 mature
1087 839 1214 894 plena
1234 841 1419 896 reliquit.

416 906 536 953 Quid
557 904 697 960 placet
717 913 791 946 aut
812 906 910 947 odio
931 913 1010 956 est,
1033 907 1149 960 quod
1172 922 1256 948 non
1276 907 1478 948 mutabile
1497 907 1683 949 credas?

418 973 516 1014 Hoc
537 987 666 1026 paces
686 972 877 1013 habuere
900 973 1036 1022 bonae‚
1058 973 1260 1027 ventique
1283 974 1474 1015 secundi.

415 1039 568 1080 Romae
589 1038 714 1079 dulce
736 1039 811 1079 diu
832 1038 912 1079 fuit
933 1046 976 1079 et
998 1038 1170 1080 solenne
1191 1039 1359 1080 reclusa

417 1105 548 1146 Mane
570 1105 695 1145 domo
719 1104 905 1158 vigilare,
927 1104 1071 1145 clienti
1091 1119 1287 1158 promere
1303 1106 1419 1159 jura,

307 1173 386 1213 105
416 1172 578 1212 cautos
599 1170 838 1211 nominibus
859 1171 986 1211 rectis
1007 1171 1252 1224 expendere
1274 1186 1481 1222 nummos,

417 1238 609 1292 Majores
631 1237 794 1286 audire,
815 1237 966 1278 minori
987 1237 1142 1286 dicere,
1165 1252 1244 1291 per
1264 1252 1361 1292 quae

305 1361 400 1391 mulis
416 1360 539 1390 suerunt
553 1364 716 1400 concepta,
730 1363 765 1389 ut
777 1369 795 1389 a
807 1358 930 1390 nemine
946 1357 1037 1389 facile
1078 1360 1184 1397 priscae
1197 1365 1364 1399 motumque
1387 1366 1415 1390 et
1440 1360 1588 1390 luam-iem
1613 1360 1733 1390 addidit
1750 1361 1814 1390 arti

306 1407 433 1444 possent
447 1401 579 1441 intelligi
594 1413 599 1431 :
626 1400 688 1431 vid.
705 1401 842 1437 Quintil.
857 1401 878 1437 i,
895 1402 926 1437 6,
943 1402 995 1432 40.

350 1445 404 1475 87.
427 1444 521 1478 Scire,
540 1442 725 1483 intelligere.

349 1487 402 1518 88.
426 1486 496 1516 Non
510 1486 563 1516 ille
572 1485 675 1526 favet,
692 1489 765 1515 cett.
781 1483 936 1525 quomodo
954 1483 1038 1514 enim

309 1527 424 1570 aliquis
442 1527 542 1558 favere
557 1533 659 1568 potest
674 1527 788 1556 Numae
802 1525 942 1561 carmini,
955 1525 1039 1566 quod

307 1581 372 1602 non
386 1569 556 1610 intelligit!
580 1579 642 1599 non
657 1568 739 1611 favet
753 1568 847 1608 igitur
861 1578 931 1598 vere
946 1573 976 1598 et
992 1577 1038 1597 re-

307 1623 394 1654 apse.
414 1612 479 1648 sed,
494 1621 579 1642 caeco
593 1616 731 1641 veterum
756 1609 859 1640 studio
881 1615 913 1641 et
936 1619 1040 1639 amore

309 1656 466 1696 abreptus,
484 1653 669 1684 recentiores
683 1651 865 1682 contemnit.

351 1698 404 1727 91.
429 1696 512 1730 Quid
527 1706 609 1725 nunc
622 1701 691 1725 esset
707 1695 811 1724 vetus?
830 1703 902 1724 nam
920 1693 946 1724 si
962 1697 1040 1728 turn,

309 1748 382 1770 cum
404 1738 575 1768 scriberent
596 1735 714 1772 Graeci,
732 1741 855 1777 propter
875 1735 1042 1766 novitatem

309 1779 459 1812 contemti
481 1779 626 1814 fuissent,
643 1789 704 1808 non
727 1778 841 1818 legere,
859 1787 921 1807 non
941 1777 1042 1807 mani-

309 1824 369 1854 bus
385 1828 480 1853 terere
499 1827 532 1852 et
548 1820 662 1851 imitari
676 1830 761 1851 nunc
784 1829 944 1861 possemus
957 1825 1042 1851 vete-

311 1875 360 1896 res
376 1865 516 1896 Graeeos.

354 1907 407 1937 93.
434 1906 568 1946 Nugari,
587 1904 708 1935 ludicra
728 1910 873 1940 tractare,
893 1904 984 1934 rebus
1004 1904 1042 1934 ad

313 1948 408 1979 animi
424 1947 664 1978 oblectationem
683 1946 897 1988 spectantibus
912 1956 1022 1977 vacare
1034 1958 1042 1985 ;

313 1995 350 2022 ut
363 2000 432 2031 sup.
454 1990 520 2019 Sat.
538 1988 570 2023 ii,
591 1991 617 2024 l,
635 1990 687 2025 73,
705 1994 737 2019 et
754 1988 853 2030 Epist.
870 1989 893 2023 i,
912 1989 962 2022 18,
978 1989 1040 2018 60:

337 2042 370 2063 ro
385 2033 498 2073 nugari
514 2041 584 2071 sup.
599 2031 664 2061 Sat.
679 2031 713 2066 ii,
731 2032 763 2066 2,
782 2033 833 2066 11,
850 2030 989 2072 apposite
1006 2030 1045 2060 ad

313 2044 398 2105 liunc
415 2073 518 2104 locum
533 2072 624 2107 dixit,
638 2073 788 2104 Graecari.
819 2074 928 2103 Pasitis
941 2074 1044 2107 armis,

314 2117 401 2148 finito
421 2114 504 2146 bello
526 2114 674 2150 Persico;
697 2115 736 2144 ab
755 2125 792 2145 eo
810 2114 893 2145 enim
909 2119 1045 2155 tempore

316 2158 416 2199 magis
430 2156 592 2197 magisque
606 2156 796 2187 efflorescere
810 2162 975 2197 coeperunt
990 2157 1044 2186 bo-

315 2211 426 2232 narum
440 2199 611 2230 litterarum
628 2198 740 2229 studia.

357 2244 409 2274 94.
441 2241 482 2271 Et
507 2242 540 2270 in
559 2242 667 2271 vitium
679 2241 814 2280 fortuna
835 2240 929 2269 labier
949 2251 1043 2279 crqua,

311 2290 354 2322 et,
379 2294 451 2315 cum
481 2293 564 2313 nunc
595 2282 722 2313 meliore
749 2282 873 2312 fortuna
897 2286 1044 2317 uteretur,

316 2328 411 2358 labier
433 2328 467 2356 in
485 2326 604 2359 vitium,
626 2324 657 2354 h.
682 2334 709 2355 e.
730 2323 869 2354 molliore
890 2322 952 2353 vita
976 2334 1044 2354 cor-

315 2368 429 2410 rumpi,
444 2367 518 2398 dum
539 2367 578 2397 ab
597 2365 726 2406 antiqua
741 2375 857 2396 morum
878 2364 1044 2407 disciplina

315 2411 478 2442 recedebat
509 2408 644 2440 Graecia.
688 2409 800 2448 AEqua,
830 2407 964 2445 favente,
994 2417 1043 2439 se-

315 2452 431 2490 cunda,
446 2457 483 2482 ut
495 2461 567 2492 sup.
585 2461 614 2481 v.
631 2451 683 2486 68,
699 2450 822 2489 Jupiter
837 2460 946 2489 (equus.

357 2495 410 2526 95.
432 2495 609 2534 AEquorum,
624 2492 766 2522 ludorum
782 2491 984 2532 equestrium.

359 2537 414 2568 97.
437 2536 595 2575 Suspendit
614 2537 708 2575 picta,
724 2539 798 2565 cett.
818 2533 976 2574 eleganter
989 2543 1045 2575 pro

316 2577 447 2620 vulgari,
466 2576 570 2609 Graeci
585 2587 669 2608 nunc
685 2576 740 2607 toti
758 2577 883 2607 fuerunt
897 2576 927 2606 in
946 2575 1044 2617 picta-

317 2632 384 2653 rum
415 2620 590 2652 tabularum
625 2619 838 2650 admiratione.
883 2618 948 2655 Qui
981 2628 1045 2649 rem

317 2663 454 2706 aliquam
476 2672 548 2693 cum
565 2661 765 2692 admiratione
781 2666 812 2691 et
829 2659 925 2690 animi
944 2659 1045 2691 inten-

316 2705 399 2737 tione
421 2705 681 2746 contemplantur‚
706 2703 863 2743 eleganter
886 2702 1043 2737 dicuntur,

318 2749 437 2779 vultum
466 2753 494 2777 et
522 2753 646 2777 mentem
673 2747 775 2786 aliqua
803 2755 834 2775 re
861 2747 1046 2784 suspendere,

318 2790 352 2821 h.
375 2799 403 2821 e.
426 2788 534 2820 oculos
548 2794 579 2820 et
599 2788 736 2818 animum
759 2787 791 2817 in
814 2786 919 2828 aliqua
939 2797 971 2817 re
991 2786 1045 2818 de-

318 2832 336 2862 fl
359 2841 422 2863 ere.

339 2843 412 2905 ἕ98.
443 2873 534 2903 Nunc
559 2873 748 2902 tibicinibus:
776 2870 862 2901 tibiae
889 2876 983 2901 cantu
1013 2870 1046 2902 in

316 2914 478 2948 comoediis
502 2913 684 2945 histrionum
707 2913 836 2944 orationi
861 2912 1046 2954 adspiranti-

317 2959 395 2990 bus:
423 2957 479 2989 inf.
506 2957 539 2988 in
565 2956 667 2999 Epist.
693 2955 732 2987 ad
754 2955 821 2987 Pis.
844 2966 875 2985 v.
897 2956 973 2992 215,
998 2956 1046 2987 Sic

1084 1400 1214 1436 Tibicen,
1227 1403 1375 1441 traxitque
1387 1411 1481 1441 vagus
1492 1411 1546 1441 per
1555 1402 1679 1441 pulpita
1691 1408 1794 1433 vestem
1805 1413 1814 1431 .-

1082 1442 1126 1472 οἱ.
1146 1442 1269 1473 Phaedr.
1286 1454 1316 1478 v,
1332 1443 1364 1478 7,
1381 1445 1412 1478 4,
1428 1444 1460 1474 5.

1125 1485 1264 1519 99‚100.
1289 1485 1350 1515 Sub
1361 1486 1482 1515 nutrice
1497 1485 1612 1524 puella,
1622 1489 1696 1516 cett.
1722 1484 1815 1516 Grae-

1082 1524 1142 1561 cia,
1160 1533 1230 1567 post
1252 1526 1338 1557 bella
1357 1527 1449 1557 modo
1472 1526 1531 1556 hoc
1549 1525 1641 1558 modo
1665 1525 1752 1558 aliud
1771 1524 1817 1558 rei

1083 1566 1212 1598 ludicrae
1236 1567 1372 1599 studium
1395 1569 1548 1610 amplexa,
1563 1567 1668 1610 lepide
1687 1578 1756 1600 com
1781 1578 1814 1599 a·

1083 1614 1169 1640 ratur
1190 1620 1263 1640 cum
1286 1609 1406 1642 infante
1422 1609 1529 1652 puella
1550 1610 1610 1641 sub
1625 1609 1745 1642 nutrice
1758 1579 1814 1641 lu-

1083 1650 1188 1689 dente,
1204 1662 1298 1694 quam
1314 1652 1356 1683 rei
1371 1652 1462 1684 modo
1477 1652 1583 1694 petite
1599 1657 1718 1684 mature
1731 1651 1818 1694 capit

1084 1694 1220 1725 satietas.
1266 1695 1381 1726 Nutrix
1405 1694 1519 1726 dicitur
1545 1704 1607 1725 non
1630 1699 1752 1726 tantum
1778 1704 1817 1725 ea

1084 1746 1154 1778 quae
1184 1736 1336 1767 infantem
1365 1737 1472 1772 lactat,
1498 1736 1554 1768 sed
1577 1736 1672 1768 etiam
1695 1735 1816 1778 qumvis

1085 1778 1147 1809 alia
1168 1779 1226 1810 sub
1248 1778 1341 1820 cujus
1362 1778 1504 1810 custodia
1525 1777 1659 1810 infantes
1675 1779 1814 1810 educan-

1086 1825 1147 1851 tur.
1190 1820 1223 1852 si
1243 1821 1313 1862 quis
1332 1826 1436 1852 tamen
1457 1821 1490 1851 h.
1509 1820 1533 1852 l.
1553 1822 1700 1852 nutricem
1721 1829 1817 1852 sensu

1108 1863 1206 1905 roprio
1233 1862 1375 1904 accipere
1400 1862 1499 1898 malit,
1523 1867 1591 1894 tum
1617 1863 1721 1894 ludere
1746 1861 1816 1898 erit.

1085 1874 1220 1936 l'udendo
1236 1905 1286 1936 lac
1304 1914 1426 1946 sugere,
1443 1905 1570 1936 lactere.
1614 1904 1740 1936 Mature
1751 1905 1818 1944 ple-

1086 1959 1138 1982 na,
1155 1947 1329 1989 ἁψίκορος,
1345 1946 1497 1978 exsatiata
1511 1946 1598 1983 ludo,
1614 1957 1708 1988 quem
1723 1945 1816 1978 modo

1088 1989 1200 2031 cupide
1229 1989 1367 2031 petierat.
1413 1990 1527 2020 Plenus
1553 1993 1585 2020 et
1612 1990 1724 2030 dignus
1752 1998 1816 2020 non

1089 2040 1156 2062 raro
1181 2036 1340 2073 ponuntur
1365 2030 1420 2068 ita,
1447 2037 1483 2062 ut
1505 2040 1554 2061 res
1579 2030 1672 2072 cujus
1701 2029 1817 2072 aliquis

1087 2075 1206 2112 plenus,
1222 2073 1269 2104 vel
1285 2083 1348 2115 qua
1363 2073 1475 2115 aliquis
1489 2074 1602 2114 dignus
1617 2073 1669 2109 sit,
1683 2083 1722 2104 ex
1737 2071 1817 2104 serie

1089 2115 1235 2146 orationis
1249 2126 1285 2146 su
1311 2115 1426 2158 plenda
1441 2115 1497 2146 sit:
1521 2114 1561 2146 cf.
1576 2125 1646 2158 sup.
1660 2115 1700 2146 ad
1714 2113 1818 2156 Epist.

1089 2157 1111 2192 i,
1127 2159 1181 2193 20,
1203 2159 1234 2188 8.
1310 2159 1428 2198 eliquit,
1449 2157 1623 2199 cleptein-19,
1642 2156 1818 2198 relinquere

1087 2199 1184 2230 solet:
1209 2199 1266 2230 inf.
1290 2199 1321 2230 in
1348 2198 1451 2241 Epist.
1479 2199 1519 2230 ad
1542 2199 1608 2231 Pis.
1629 2210 1660 2230 v.
1682 2199 1755 2235 165,
1778 2197 1818 2230 de

1088 2239 1226 2271 imberbo
1238 2241 1366 2282 juvene,
1381 2247 1482 2271 amata
1495 2242 1663 2281 relinquere
1676 2242 1792 2280 pernix.

1135 2284 1206 2313 102.
1227 2283 1304 2320 Hoc,
1317 2283 1398 2313 hanc
1413 2281 1653 2314 mutabilitatem
1663 2287 1696 2313 et
1708 2282 1818 2313 incon-

1089 2324 1247 2355 stantiam.
1294 2325 1386 2356 Paces
1407 2326 1498 2360 bonae,
1522 2324 1603 2356 bene
1627 2323 1818 2366 compositae,

1087 2366 1249 2397 salutares.

1133 2409 1310 2439 103—110.
1335 2407 1434 2438 Romae
1448 2409 1535 2439 dulce
1548 2409 1613 2446 diu,
1629 2411 1703 2440 cett.
1728 2407 1818 2439 Nex-

1088 2460 1126 2481 us
1142 2456 1174 2481 et
1187 2459 1296 2481 sensus
1309 2461 1316 2479 :
1343 2450 1419 2481 Haec
1436 2450 1609 2481 studiorum
1623 2449 1818 2481 mutabilitas

1090 2493 1171 2533 apud
1207 2493 1368 2523 Romanos
1399 2501 1526 2533 quoque
1558 2492 1662 2523 locum
1697 2491 1819 2524 habuit.

1089 2535 1174 2566 Olim
1197 2533 1335 2565 Romani
1354 2533 1453 2575 primo
1473 2543 1565 2565 mane
1583 2533 1700 2565 lectum
1721 2533 1817 2566 relin-

1088 2587 1194 2618 quere,
1210 2582 1252 2613 et,
1268 2576 1407 2607 reseratis
1429 2575 1512 2607 domi
1534 2575 1651 2607 foribus
1674 2574 1816 2614 clientes,

1089 2619 1205 2661 quibus
1233 2619 1430 2650 consulerent
1457 2623 1489 2649 et
1514 2617 1589 2659 jura
1616 2623 1817 2660 exponerent,

1090 2661 1262 2697 admittere,
1278 2670 1420 2691 nummos
1431 2659 1520 2702 justa
1539 2659 1685 2692 cautione
1700 2659 1734 2690 in
1748 2664 1817 2691 tuto

1087 2703 1201 2746 positos
1226 2702 1358 2734 debitori
1383 2700 1576 2744 (expendere)
1602 2701 1816 2738 adnumerare,

1087 2752 1118 2777 et
1129 2745 1271 2787 juniores
1292 2744 1476 2780 senioribus,
1492 2743 1645 2792 quomodo
1659 2754 1708 2775 res
1727 2743 1819 2774 fami-

1089 2788 1173 2819 liaris
1192 2797 1329 2819 crescere
1346 2792 1378 2818 et
1392 2786 1563 2829 perniciosa
1582 2785 1679 2816 libido
1697 2785 1817 2816 domari

1089 2830 1197 2872 possit,
1210 2828 1396 2861 docentibus
1411 2827 1520 2859 faciles
1534 2837 1623 2858 aures
1634 2827 1772 2870 praebere
1786 2834 1818 2859 et

1089 2871 1295 2904 obedientiam
1307 2875 1450 2914 praestare
1459 2870 1622 2909 solebant3
1645 2879 1729 2901 nunc
1742 2869 1818 2901 levis

1089 2915 1222 2956 populus
1258 2913 1389 2944 mutavit
1422 2912 1506 2943 illam
1541 2917 1699 2951 mentem3
1732 2921 1817 2943 nunc

1089 2967 1186 2988 unum
1223 2954 1375 2988 scribendi
1411 2954 1549 2986 studium
1584 2954 1700 2994 servet;
1731 2964 1815 2985 nunc
