1904 3314
327 166 412 207 544

655 167 1014 209 EPISTOLA
1049 167 1145 210 AD
1177 168 1499 211 PISONES.

333 267 414 306 110
442 265 534 307 Aut
554 267 608 308 ad
629 267 805 309 humum
824 282 1006 309 moerore
1026 268 1148 322 gravi
1167 268 1344 309 deducit
1363 274 1406 308 et
1426 268 1544 322 angit
1565 283 1575 317 ;

444 334 551 375 Post
571 334 697 375 effert
717 335 844 375 animi
862 341 1003 391 motus
1021 335 1254 389 interprete
1274 334 1433 388 lingua.

443 400 490 441 Si
510 401 689 442 dicentis
710 409 835 442 erunt
855 401 1039 442 fortunis
1060 403 1224 442 absona
1243 402 1370 450 dicta,

442 465 626 507 Ro'mani
646 465 795 507 tollent
815 467 981 520 equites
1001 467 1255 521 peditesque
1277 466 1541 508 cachinnum.

443 532 642 573 Inter-erit
663 531 853 582 multum,
877 533 1082 574 Davusne
1102 533 1314 587 loquatur,
1335 548 1389 573 an
1408 533 1551 581 heros,

334 599 412 639 115
443 599 698 640 Maturusne
721 614 867 647 senex,
889 614 942 640 an
963 599 1104 640 adhuc
1124 600 1303 641 florente
1318 600 1497 653 juventa

444 665 480 705 F
481 666 676 715 ervidus3
708 680 762 706 an
782 672 973 706 matrona
992 673 1159 720 potens,
1182 681 1236 707 an
1257 665 1406 707 sedula
1424 665 1590 716 nutrix3

443 731 717 772 Mercatorne
738 746 887 785 vagus,
909 731 1101 773 cultorne
1122 733 1294 774 virentis
1315 731 1463 787 agelli3

444 796 645 847 Colchus,
668 813 722 838 an
740 796 969 851 Assyrius3
1001 798 1167 840 Thebis
1189 801 1389 848 nutritus,
1411 815 1465 840 an
1486 799 1632 853 Argis-

502 862 595 904 Aut
616 863 768 905 famam
789 879 984 918 sequere,
1006 871 1079 905 aut
1101 866 1181 905 sibi
1202 866 1495 907 convenientia
1514 865 1644 919 finge,

336 920 416 972 120
447 930 654 983 Scriptor.
715 930 989 971 Honoratum
1010 931 1046 971 si
1066 930 1176 971 forte
1198 933 1370 985 reponis
1391 930 1629 981 Achillem3

332 1062 415 1092 enim
441 1060 545 1091 animo
570 1064 672 1090 nostro
693 1059 812 1101 (prius)
835 1070 853 1090 a
873 1059 971 1101 primo
995 1059 1065 1100 ejus

333 1109 403 1134 ortu
430 1102 538 1132 inserit
565 1100 659 1131 animi
686 1101 878 1136 affectiones,
905 1112 975 1148 quae
1003 1101 1064 1131 vim

334 1155 421 1175 suam
438 1144 470 1174 iu
482 1143 564 1174 omni
579 1143 710 1173 fortunae
727 1148 822 1177 statu,
835 1142 1025 1179 conditione,
1035 1149 1067 1173 et

334 1186 505 1216 mutatione
520 1190 677 1216 exserunt.
721 1184 828 1219 Juvat,
843 1184 979 1214 suaviter
994 1194 1065 1215 sen-

334 1239 388 1258 sus
403 1228 509 1263 afficit,
525 1234 579 1257 aut
596 1227 720 1265 impellit
736 1228 775 1256 ad
791 1227 879 1262 iram,
897 1231 972 1256 cett.

381 1271 454 1300 llo.
480 1271 527 1299 Ad
553 1270 674 1298 humum
697 1270 830 1305 deducit,
851 1267 971 1308 affligit,
994 1278 1064 1309 pro-

336 1312 464 1343 sternit:
490 1321 558 1346 nos,
573 1313 662 1351 liengt
678 1321 732 1340 zur
748 1311 842 1341 Erde.

383 1355 454 1384 111.
479 1353 560 1388 Post,
575 1353 740 1393 respondet
756 1351 915 1393 particula!
929 1354 1015 1391 prins
1034 1351 1065 1381 in

340 1407 373 1427 v.
387 1397 445 1426 108
459 1408 465 1425 :
487 1401 563 1434 pose,
578 1395 603 1424 si
620 1400 730 1424 natura
745 1404 797 1434 pro
813 1394 946 1424 fortunae
959 1393 1068 1423 habitu

337 1437 448 1468 insitas
471 1437 574 1467 animo
595 1436 773 1466 affectiones
796 1435 921 1476 impulit
938 1442 969 1466 et
983 1434 1068 1466 exci-

339 1480 427 1513 tavit.
443 1489 495 1510 eas
511 1478 612 1520 palam
629 1477 704 1508 facit
718 1477 867 1508 oratione.

384 1521 564 1551 112—113.
592 1520 624 1550 Si
649 1522 774 1550 dicentis
798 1525 899 1554 erunt,
926 1519 953 1549 si
976 1519 1070 1549 verba

339 1573 402 1593 non
414 1562 646 1603 respondebunt
660 1561 804 1596 fortunae,
819 1561 903 1596 sorti,
917 1567 948 1591 et
963 1561 1070 1591 condi-

340 1603 418 1635 tioni
442 1605 510 1644 ejus
530 1604 585 1644 qui
608 1603 755 1643 loquitur.
802 1604 923 1642 Equites
943 1605 1071 1641 pedites-

341 1657 406 1687 que,
428 1646 504 1676 culti
529 1651 559 1675 et
581 1645 701 1679 inculti,
723 1645 863 1675 honorati
887 1651 918 1675 et
940 1643 1071 1674 inhono-

342 1688 412 1721 rati.
429 1698 535 1718 omnes
555 1696 591 1717 ac
608 1686 735 1726 singuli.
782 1687 914 1726 Equites,
932 1685 1073 1717 homines

342 1729 500 1763 cultiores.
518 1735 551 1759 ut
575 1739 642 1770 sup.
664 1729 729 1759 Sat.
747 1727 770 1763 i,
790 1730 839 1762 10,
856 1729 907 1762 75.
923 1734 953 1758 et
976 1727 1074 1769 Epist.

342 1772 376 1809 ii,
399 1773 428 1807 1,
452 1773 524 1806 185,
547 1770 601 1801 ubi
625 1773 733 1810 equites
758 1776 959 1811 opponuntur
979 1772 1074 1809 plebi-

341 1815 429 1844 culce.
472 1814 544 1844 Jam
561 1812 636 1853 quia
656 1812 688 1842 in
705 1812 818 1842 militia
835 1812 956 1853 equites
975 1818 1006 1842 et
1021 1822 1073 1853 pe-

342 1855 422 1887 dites
446 1855 573 1885 diversae
600 1860 674 1884 sunt
702 1854 812 1895 copiae,
838 1859 873 1884 ut
903 1854 1075 1894 distinguat

344 1897 447 1928 cultos
476 1897 515 1926 ab
546 1896 683 1932 incultis,
708 1896 806 1927 facete
833 1895 981 1926 Horatius
1005 1896 1075 1926 illos

343 1941 465 1979 equites,
481 1939 537 1968 hos
558 1938 716 1979 (plebem)
731 1940 841 1978 pedites
858 1943 959 1969 vocat.
1002 1939 1074 1969 Huc

346 1979 478 2015 accedit,
494 1980 577 2020 quod
602 1980 716 2021 passim
743 1979 909 2010 humiliora
929 1985 1079 2011 vocantur

343 2024 503 2063 pedestria,
520 2021 651 2063 pedibus
668 2022 756 2063 quasi
772 2022 859 2052 humi
878 2022 1054 2053 incedentia
1068 2034 1076 2060 ;

346 2064 421 2096 hinc
444 2074 514 2105 sup.
531 2074 562 2093 v.
584 2065 625 2094 95
642 2074 734 2094 sermo
754 2066 898 2104 pedestris
917 2063 1076 2105 (humilis,

349 2106 449 2144 πεζὸς
470 2105 603 2146 λόγος),
621 2111 654 2136 et
675 2116 746 2146 sup.
770 2106 832 2136 Od.
858 2106 890 2141 ii,
909 2107 959 2142 12,
979 2107 999 2137 9
1016 2107 1075 2136 his-

347 2150 429 2180 toriae
456 2149 611 2187 pedestres,
635 2146 748 2177 humili
773 2147 926 2178 scribendi
952 2158 1076 2188 genere,

345 2190 482 2221 oratione
497 2189 607 2227 soluta,
623 2188 769 2219 conditae.

394 2233 465 2263 114.
491 2231 632 2262 Intererit
651 2231 791 2266 multum,
811 2231 954 2262 Davusne
975 2232 1076 2271 loqua-

350 2280 414 2309 tur,
443 2285 483 2304 αη
510 2274 609 2304 heros.-
634 2273 766 2303 multum
796 2272 945 2310 intererit,
973 2278 1078 2303 utrum

349 2314 492 2357 (Davus)
525 2314 643 2346 servilis
679 2314 867 2345 conditionis
902 2314 1007 2350 homo,
1039 2325 1079 2345 an

349 2359 431 2388 heros
446 2356 618 2399 (Achilles,
631 2357 788 2392 Bacchus,
806 2357 969 2390 Hercules,
986 2356 1078 2396 cett.)

349 2399 482 2440 loquens
505 2398 537 2428 in
561 2399 676 2429 fabulis
701 2398 886 2436 inducatur3
910 2399 954 2429 sic
977 2398 1032 2429 inf.
1049 2409 1078 2429 v.

349 2442 412 2472 237
439 2442 543 2471 Davus
570 2451 624 2482 pro
647 2440 757 2482 quovis
778 2450 876 2475 servo,
898 2446 927 2471 et
954 2441 1079 2480 Pythias

350 2494 405 2525 pro
424 2483 534 2524 quavis
557 2482 684 2518 ancilla,
705 2483 747 2513 Ut
767 2483 844 2512 nihil
866 2483 997 2518 intersit,
1015 2484 1079 2513 Da-

351 2536 443 2556 vusne
462 2526 614 2566 loquutur,
628 2531 657 2555 et
674 2526 774 2555 audax
794 2525 928 2565 Pythias,
945 2531 1081 2556 emuncto

351 2569 470 2598 lucrata
487 2568 604 2598 Simone
623 2569 781 2602 talentum,
797 2568 846 2597 An
866 2573 962 2597 custos
971 2567 1081 2608 famu—

353 2611 456 2650 lusque
475 2610 530 2639 Dei
546 2610 663 2640 Silenus
674 2611 802 2639 alumni.
831 2608 914 2639 Hinc
930 2618 1000 2650 sup.
1017 2609 1084 2640 Sat.

350 2651 384 2688 ii,
406 2654 438 2688 5,
453 2652 507 2686 91,
524 2652 628 2682 Davus
652 2654 789 2686 comicus,
808 2651 847 2681 de
865 2651 975 2691 quovis
995 2661 1083 2682 servo

351 2693 406 2735 qui
433 2693 536 2736 prodit
563 2693 596 2723 in
624 2693 799 2730 comoedia3
828 2699 860 2723 et
890 2693 934 2723 sic
965 2693 1079 2734 passim

350 2735 455 2778 quivis
479 2735 558 2766 servi
580 2735 783 2774 designantur
807 2734 985 2765 nominibus
1009 2735 1079 2776 qui-

351 2779 411 2809 bus
426 2777 567 2819 producti
589 2783 663 2807 sunt
678 2777 731 2807 alii
755 2777 833 2807 servi
855 2777 885 2806 in
908 2777 1080 2808 comoediis.

353 2820 417 2858 Qui
450 2830 515 2861 pro,
547 2821 688 2850 Davusne
721 2819 892 2850 defendunt
920 2818 1083 2850 lectionem

355 2863 501 2899 Divusne,
532 2871 592 2892 non
624 2861 778 2901 cogitasse
805 2861 950 2891 videntur
978 2861 1016 2892 de
1045 2861 1084 2891 iis

351 2915 424 2945 quae
440 2904 514 2935 huic
530 2903 656 2934 lectioni
670 2904 805 2934 obstant.
836 2903 918 2932 Nam
937 2902 1081 2943 primum,

1109 1070 1180 1090 cum
1199 1060 1265 1101 jam
1287 1070 1386 1091 sermo
1413 1060 1455 1091 sit
1475 1060 1515 1092 de
1536 1059 1666 1092 diversa
1689 1059 1782 1102 plane
1805 1064 1838 1090 et

1108 1101 1187 1131 inter
1217 1111 1249 1132 se
1278 1102 1440 1132 contrariae
1473 1101 1660 1132 conditionis
1687 1102 1837 1143 personis,

1130 1143 1179 1173 uis
1208 1143 1372 1174 Horatium
1397 1149 1517 1174 tantum
1546 1142 1735 1174 discriminis
1760 1142 1839 1174 inter

1131 1195 1182 1215 eos
1206 1190 1236 1215 et
1256 1185 1374 1221 heroas,
1390 1185 1518 1216 deorum
1533 1184 1650 1216 mensis
1673 1178 1839 1220 ahhibhos,

1110 1226 1220 1257 fecisse
1235 1226 1294 1257 sibi
1306 1227 1491 1269 persuadet}
1515 1227 1640 1259 Deinde
1652 1236 1720 1258 vere
1731 1227 1841 1258 heroes

1110 1267 1143 1298 in
1174 1269 1289 1299 sabulis
1322 1269 1485 1310 loquentes
1513 1273 1734 1310 venantesque
1767 1278 1841 1300 cum

1110 1310 1205 1340 servis
1233 1310 1443 1342 inducuntur:
1470 1310 1534 1342 vid.
1561 1311 1659 1342 Gesn.
1689 1309 1730 1342 ad
1755 1310 1790 1342 h.
1818 1310 1842 1341 1.

1112 1352 1298 1383 Wielandus
1332 1354 1483 1390 tentabat,
1513 1353 1655 1384 Davusne
1687 1353 1839 1394 loquatur,

1111 1406 1151 1425 an
1167 1395 1266 1424 herus.

1159 1437 1228 1466 115.
1255 1436 1437 1467 Maturusne
1467 1446 1574 1466 senex-.-
1599 1445 1668 1478 sup.
1699 1434 1765 1467 Od.
1794 1433 1840 1470 iii,

1116 1479 1164 1515 15,
1180 1480 1199 1508 4
1215 1478 1339 1508 Maturo
1352 1478 1600 1518 propior-funeri.

1159 1520 1230 1550 116.
1269 1520 1413 1550 Matrona
1440 1526 1550 1559 potem,
1579 1517 1684 1549 matris
1710 1517 1843 1550 familias

1115 1560 1296 1601 dignitatem
1321 1566 1422 1592 tuens.
1468 1561 1583 1592 Nutrix
1606 1559 1676 1602 (cui
1699 1560 1843 1603 parvulo-

1116 1613 1183 1632 rum
1207 1613 1281 1633 cura
1302 1603 1489 1634 demandata
1509 1602 1573 1643 est)
1592 1603 1707 1638 sedula,
1727 1602 1844 1633 seduli-

1116 1650 1177 1675 tate
1193 1650 1225 1675 et
1239 1645 1374 1676 officiosa
1391 1645 1551 1676 voluntate
1564 1645 1688 1687 placere
1705 1644 1844 1675 studens.

1162 1687 1232 1717 117.
1256 1687 1443 1718 Μενσαῑονηε
1455 1697 1561 1727 vagus,
1575 1695 1668 1728 quem
1685 1685 1796 1718 itinera
1812 1691 1845 1717 et

1116 1728 1215 1770 multa
1236 1739 1306 1759 curn
1327 1729 1503 1760 hominibus
1523 1727 1714 1760 consuetudo
1734 1728 1846 1760 facun-

1116 1770 1204 1806 dufn,
1218 1777 1336 1806 catum,
1352 1771 1554 1807 concinnum,
1569 1775 1600 1801 et
1611 1770 1782 1801 multarum
1796 1780 1844 1801 re-

1118 1823 1185 1843 rum
1209 1813 1339 1854 peritum
1362 1812 1580 1844 reddiderunt:
1605 1811 1657 1843 cui
1679 1812 1847 1854 opponitur

1117 1857 1242 1885 virentis
1255 1855 1348 1896 agelli
1363 1857 1473 1892 mator,
1486 1855 1578 1885 homo
1592 1853 1737 1896 simplex,
1749 1853 1845 1890 rudis,

1118 1896 1297 1933 indisertus,
1313 1902 1344 1927 et
1358 1896 1482 1928 rusticis
1495 1896 1644 1927 moribus.

1165 1940 1235 1969 118.
1258 1939 1395 1976 Colchus,
1418 1950 1459 1968 un
1479 1939 1631 1980 Assyrius,
1652 1941 1748 1970 cett-2
1773 1937 1848 1969 Vet.

1120 1981 1239 2016 SchoL,
1266 1981 1347 2011 Nam
1372 1982 1498 2012 Colchus
1521 1990 1581 2011 non
1603 1982 1662 2011 nisi
1684 1990 1775 2011 mus
1798 1982 1849 2010 in-

1119 2024 1274 2053 ducendus
1297 2030 1349 2059 est,
1363 2024 1502 2064 Assyrius
1521 2028 1638 2054 astutus
1649 2032 1660 2060 ,·
1681 2033 1735 2053 nec
1753 2023 1846 2053 indu-

1119 2075 1167 2095 cas
1184 2067 1274 2106 Argis
1295 2072 1402 2095 natum
1421 2066 1573 2102 timidum,
1589 2070 1645 2095 aut
1665 2063 1771 2095 Thebis
1791 2075 1848 2095 na-

1120 2107 1293 2148 tumfacius
1308 2109 1450 2146 peritum.

1165 2150 1343 2180 119—152.
1368 2149 1494 2180 Nonum
1516 2149 1731 2190 Praeceptum:
1758 2147 1850 2184 Poeta

1119 2192 1173 2229 qui
1190 2202 1235 2221 res
1253 2192 1397 2221 mmm-ie
1419 2191 1553 2230 proditas
1574 2196 1699 2226 tractat,
1717 2190 1850 2231 diligen-

1121 2234 1229 2262 tissime
1250 2243 1298 2262 eas
1319 2234 1494 2267 describere,
1513 2239 1541 2263 et
1559 2234 1684 2274 ingenia
1703 2241 1851 2272 moresque

1120 2283 1222 2304 eorum
1250 2285 1320 2314 quos
1342 2276 1494 2314 producit,
1523 2276 1639 2312 iisdem,
1666 2275 1772 2314 quibus
1802 2284 1850 2303 ex-

1119 2318 1211 2354 pressi
1225 2322 1308 2351 sunt,
1323 2317 1466 2347 coloribus
1481 2317 1516 2346 de
1530 2318 1646 2357 integro
1665 2316 1852 2346 solertissime

1121 2359 1302 2388 adumbrare
1325 2359 1409 2389 debet
1419 2369 1429 2394 ,·
1453 2364 1485 2388 at
1503 2359 1555 2398 qui
1574 2368 1620 2388 res
1630 2358 1742 2400 fingit,
1757 2362 1786 2387 et
1805 2367 1851 2387 res

1111 2401 1206 2439 fictas
1233 2402 1364 2439 primum
1392 2410 1481 2430 scenae
1510 2401 1678 2434 committit.
1707 2409 1850 2439 novasque

1119 2453 1259 2480 personas
1270 2442 1411 2483 formare
1428 2444 1531 2478 audet,
1547 2443 1572 2472 is
1592 2447 1620 2472 et
1638 2442 1695 2472 siba·
1715 2442 1852 2473 eonveni-

1122 2486 1204 2514 entia
1218 2485 1352 2524 fingere,
1374 2490 1403 2514 et
1425 2485 1523 2514 omnia
1544 2493 1580 2514 αι·
1600 2484 1723 2525 singula
1744 2484 1784 2514 ad
1806 2484 1851 2513 rei

1113 2527 1197 2566 fictae
1214 2533 1356 2556 naturam
1374 2527 1410 2556 ab
1426 2526 1515 2556 initio
1529 2535 1620 2565 usque
1633 2527 1674 2556 ad
1683 2525 1781 2566 finem
1795 2525 1852 2556 sci-

1124 2570 1232 2598 tissime
1266 2569 1484 2598 accommodare
1517 2569 1613 2598 debet.
1656 2567 1750 2606 Idem,
1785 2577 1853 2598 eum

1123 2610 1246 2650 difficile
1274 2611 1313 2640 sit
1342 2616 1475 2641 tractare
1501 2610 1576 2640 velle
1598 2619 1662 2650 quae
1688 2620 1708 2640 a
1735 2610 1853 2640 nemine

1124 2653 1222 2683 adhuc
1251 2658 1381 2683 tractata
1409 2657 1494 2687 sunt,
1519 2653 1676 2682 materiam
1703 2651 1852 2682 scribendi

1120 2699 1203 2733 petat
1228 2695 1265 2724 ab
1291 2695 1328 2724 iis
1353 2696 1403 2734 qui
1427 2694 1526 2724 divini
1552 2695 1668 2734 ingenii
1692 2694 1851 2732 specimina

1122 2737 1294 2772 ediderunt,
1311 2742 1339 2766 et
1353 2737 1495 2766 doctrinae
1516 2737 1614 2774 copias
1629 2736 1750 2774 publice
1766 2744 1852 2773 erpo·

1121 2785 1247 2808 suerum
1259 2790 1269 2815 ,·
1291 2780 1335 2808 ita
1348 2784 1458 2812 tamen,
1470 2783 1507 2807 ut
1519 2787 1612 2817 neque
1621 2777 1718 2808 verbi!
1727 2778 1854 2807 nimium

1127 2821 1294 2857 inherent,-
1317 2830 1408 2860 neqne
1433 2820 1583 2849 serviliter
1605 2819 1673 2850 illos
1695 2820 1850 2854 imitetur,-

1127 2873 1218 2902 neque
1239 2873 1293 2901 pro
1306 2863 1434 2902 magnis,
1449 2872 1511 2900 quoe
1521 2861 1730 2901 jactabundus
1742 2862 1853 2900 promi-

1126 2906 1177 2941 sit,
1191 2905 1302 2944 pusilla
1319 2905 1387 2935 edat
1398 2915 1408 2939 ;
1430 2902 1692 2944 vtequefulgentin
1709 2903 1854 2938 obscuret,
