1904 3314
617 212 763 242 INDEX
795 213 1061 242 VERBORUM.

69 297 133 329 Od.
152 295 196 334 iv,
220 299 254 334 9,
274 300 329 331 49.
375 300 524 332 valetudo
549 301 615 332 Sat.
638 299 674 336 ii,
699 300 733 335 2,
761 300 815 330 88.

67 339 162 372 siccis
184 343 292 374 omnin
314 342 394 374 dura
414 344 506 375 Deus
527 343 690 386 proposuit
713 342 778 374 Od.
793 341 816 379 i,

73 383 123 420 18,
139 384 172 415 3.
211 384 337 417 animus
352 385 432 417 dura
447 386 548 418 ferens
564 387 624 428 Ep.
640 385 675 421 ii,
695 386 724 422 i,
745 385 817 416 141.

67 425 203 458 durum!
229 428 293 460 Od.
316 428 339 466 i,
354 431 408 467 24,
429 430 478 461 19.
523 430 555 465 3,
572 428 708 469 difficilis
732 435 815 460 trac-

69 475 158 501 tatu.-
181 469 296 502 durum
321 477 370 503 est
392 471 582 504 contendere
606 481 678 502 cuin
700 470 818 502 victore

69 512 136 544 Sat.
151 512 173 549 i,
187 514 220 550 9,
235 515 289 545 42.
333 525 434 546 rerum
451 520 563 546 natura
580 514 648 544 Sat.
663 514 687 550 i,
703 515 753 552 10,
764 515 817 544 57.

68 555 159 587 hinc:
183 556 368 598 (Lucilius)
383 558 482 589 durus
505 567 694 599 componere
710 566 819 588 versus

68 597 138 630 Sat.
153 597 176 634 i,
191 601 224 636 4,
235 599 267 631 8.
313 600 346 636 4,
363 601 482 640 potiens
498 601 627 631 laboris.-
651 599 816 630 Hannibal

0 654 7 673 εν
69 639 135 672 Od.
149 640 185 678 ii,
204 643 305 678 12.,2.
345 642 555 675 vindemiator
575 644 643 674 Sat.
664 643 686 678 i,
710 643 741 678 7,
763 643 820 674 29.

0 683 1 704 3
66 682 167 733 durus
177 690 210 717 et
222 690 363 718 attentus
377 685 456 717 mihi
473 685 586 717 videris
601 686 663 727 Ep.
680 685 703 723 i,
719 687 752 723 7,
764 687 818 717 91.

66 734 136 758 sine
161 733 271 770 pascat
292 727 391 760 durus
412 730 472 771 Ep.
496 729 519 765 i,
545 730 665 766 16,70.
712 728 820 760 Iberia

68 769 136 802 Od.
154 771 199 807 iv,
217 771 269 808 14,
283 772 340 803 50.
386 782 559 803 messorum
583 771 641 802 ilia
660 771 762 814 Epod.
785 773 818 808 3,

68 813 103 844 4.
139 815 180 851 ,5,
200 824 299 854 asper,
322 816 477 846 crudelis.-
503 815 596 846 homo
616 815 683 846 Sat.
699 815 722 850 i,
739 815 771 852 7,
787 816 819 846 6.

68 860 176 904 patres
190 857 262 889 Sat.
273 856 296 894 i,
309 858 344 894 2,
362 858 414 888 17.
448 864 479 890 te
493 858 604 889 duram
619 857 746 897 vocanti
757 858 820 890 Od.

41 903 43 906 '
70 897 118 937 iii,
133 899 167 936 7,
181 899 237 932 32.
281 906 312 932 te
334 910 460 943 sequor,
483 901 561 932 dure
578 902 644 932 Od.
662 900 704 939 iv,
723 902 750 939 1,
767 903 821 932 40.

69 941 196 974 flectere
219 942 371 982 mollibus
394 943 508 975 durum
530 944 670 986 imperiis
691 944 756 975 Od.
779 944 822 980 iv,

72 985 104 1022 1.
131 985 164 1017 7.
212 985 376 1028 ingenium
404 986 469 1019 Od.
496 987 542 1026 iii,
563 989 618 1026 21,
648 988 698 1018 14.
743 993 821 1018 aetas

73 1026 139 1060 Od.
154 1028 178 1065 i.
193 1029 248 1066 35,
263 1030 318 1060 34.

113 1073 188 1103 dux.
234 1073 264 1110 1,
283 1074 317 1104 in
339 1073 438 1104 bello.-
463 1073 570 1104 clarus
596 1073 662 1105 Od.
691 1072 738 1109 iii,
771 1075 819 1109 14,

71 1113 105 1146 7.
136 1120 270 1146 *ornatus
285 1115 368 1147 foliis
385 1116 448 1148 Od.
464 1116 506 1153 iv,
520 1117 552 1152 3,
567 1117 597 1147 7.
636 1116 822 1158 Neptunius

71 1156 178 1200 Epod.
193 1159 226 1194 9,
240 1159 273 1190 8.
318 1169 374 1201 par
394 1159 590 1200 Jugurthiuo
613 1159 697 1190 bello
720 1160 825 1202 Epod.

70 1201 105 1236 9,
121 1201 176 1232 24.
210 1200 244 1232 iu
260 1201 378 1233 bellum
399 1202 516 1233 missus
532 1203 593 1244 Ep.
610 1202 650 1233 ad
666 1202 732 1234 Pis.
749 1205 825 1234 315.

72 1243 261 1285 maguiod.
278 1244 313 1280 ii,
333 1247 363 1280 l,
379 1246 435 1277 21.
479 1247 576 1276 nostri
594 1246 652 1288 Ep.
667 1245 704 1281 ii,
725 1248 752 1283 1,
771 1247 824 1278 19.

72 1285 139 1317 dux
169 1286 293 1318 militiae
319 1288 383 1319 Od.
404 1287 439 1322 ii,
461 1289 492 1324 7,
514 1290 546 1319 2.
591 1288 666 1319 saevi
696 1288 824 1320 navium

72 1329 138 1361 Od.
157 1329 204 1366 iii,
227 1331 279 1367 16,
299 1331 347 1362 16.
391 1330 484 1362 ducis
507 1330 671 1372 ingenium
695 1332 760 1362 Sat.
785 1331 821 1368 ii,

72 1373 107 1408 8,
128 1373 184 1405 73.
229 1383 277 1404 res
299 1379 395 1415 gestae
421 1384 529 1415 regum
553 1374 736 1415 ducumque
763 1375 825 1416 Ep.

73 1414 115 1448 ad
133 1415 204 1447 Pis.
218 1415 272 1447 73.
317 1417 378 1447 sub
396 1416 489 1453 duce,
510 1416 567 1458 qui
591 1417 718 1459 templis
743 1417 822 1448 Par-

73 1458 198 1490 thorum
227 1457 322 1500 signa
350 1460 453 1502 refigit
482 1460 543 1502 Ep.
566 1459 588 1496 i,
621 1461 668 1495 18,
693 1460 747 1491 62.
792 1462 824 1499 2,

70 1503 340 1582 3572‘53'i1‘3ff⁶
353 1502 826 1589 {2233i3’553‘3313.1¹2⁰21

75 1588 158 1620 duce
179 1588 242 1620 Od.
262 1587 310 1625 iii,
331 1591 363 1628 3,
385 1590 442 1621 24.
487 1590 690 1631 Argonautas
716 1600 826 1621 omnes

75 1637 190 1706 graeter
201 1631 372 1663 candidum
385 1633 500 1664 ducem
515 1633 664 1675 perunxit
677 1632 782 1675 Epod.
792 1634 824 1668 3,

98 1697 109 1706 .
155 1674 271 1706 virtute
300 1675 403 1707 suncti
431 1675 495 1708 Od.
523 1677 567 1712 iv,
592 1677 644 1713 15,
672 1677 726 1707 29.
770 1676 826 1717 qui

74 1717 135 1749 sibi
152 1717 230 1753 fidit,
245 1717 311 1750 dux
333 1718 414 1761 regit
427 1729 561 1751 examen
579 1720 640 1761 Ep.
658 1719 681 1755 i,
703 1720 754 1755 19,
771 1721 826 1750 23.

77 1771 142 1803 quo
163 1771 215 1793 me
234 1760 330 1798 duee,
345 1772 409 1804 quo
429 1763 495 1794 lare
511 1768 595 1793 tuter
611 1763 671 1804 Ep.
688 1762 709 1798 i,
729 1763 758 1799 1,
777 1764 827 1793 13.

37 1828 39 1830 .
79 1809 111 1836 te
126 1803 220 1841 duce,
238 1804 349 1836 Caesar
363 1805 428 1837 Od.
445 1805 467 1842 i,
484 1807 516 1843 2,
528 1806 582 1836 52.
619 1811 649 1836 te
665 1805 747 1837 duce
763 1805 827 1837 Od.

77 1845 174 1884 isto,
191 1848 252 1886 13;
275 1848 339 1879 Od.
356 1848 378 1885 i,
397 1850 429 1884 6,
447 1850 478 1880 4.
524 1848 608 1880 duce
623 1849 747 1879 Teucro
763 1849 828 1880 Od.

77 1888 101 1926 i,
116 1890 148 1927 7,
164 1891 221 1923 27.
260 1891 406 1923 turbidus
423 1891 553 1924 Hadriae
570 1891 635 1924 Od.
654 1891 700 1928 iii,
717 1893 749 1929 3,
766 1894 798 1924 5.

125 2019 166 2056 E.
181 2031 230 2052 ex.
277 2021 308 2056 1,
325 2020 359 2052 in
375 2030 480 2052 arcem
496 2030 536 2052 ex
553 2021 630 2052 urbe
647 2030 696 2052 me
711 2020 828 2052 removi

81 2063 149 2094 Sat.
167 2062 202 2100 ii,
223 2064 255 2102 6,
277 2065 329 2095 16.
373 2069 410 2094 ut
436 2074 476 2095 ex
497 2063 623 2103 ,aedibus
652 2063 774 2105 magnis
796 2074 831 2094 se

80 2106 231 2138 conderet
244 2108 312 2138 Sat.
327 2106 361 2143 ii,
377 2107 410 2142 7,
427 2107 480 2138 11.
525 2107 628 2149 pisces
645 2117 684 2138 ex
705 2117 831 2149 aequore

81 2149 181 2180 ven-is
199 2150 268 2181 Sat.
286 2149 322 2186 ii,
341 2150 374 2185 3,
393 2151 473 2181 235.
516 2150 611 2182 mella
635 2156 767 2181 manant
791 2160 832 2181 ex

82 2191 156 2224 ilice
172 2192 276 2236 Epod.
295 2193 345 2228 16,
362 2194 416 2224 47.
460 2203 539 2235 puer
559 2203 599 2224 ex
622 2193 698 2224 aula
722 2193 788 2224 od.
807 2193 829 2229 i,

83 2235 188 2272 29,'7.
233 2236 333 2267 bacca
354 2245 394 2268 ex
422 2246 497 2267 aure
523 2235 666 2268 Metellae
689 2237 832 2267 detracta

83 2279 152 2310 Sat.
171 2278 205 2315 ii,
220 2279 253 2317 3,
267 2279 344 2310 239.
388 2279 522 2310 stillabit
544 2289 583 2310 ex
607 2279 709 2310 oculis
730 2289 830 2310 rorem

83 2321 146 2364 Ep.
161 2321 202 2354 ad
214 2322 283 2359 Pis.
297 2323 371 2354 430.
414 2332 453 2354 ex
471 2331 583 2354 acervo
597 2322 706 2353 tollere
723 2323 790 2353 Sat.
807 2322 830 2358 i,

87 2364 117 2400 l.
130 2365 198 2403 513
225 2365 284 2408 Ep.
303 2364 337 2402 ii,
352 2366 387 2401 2,
405 2366 476 2397 190.
520 2375 558 2396 ex
584 2365 687 2396 medio
711 2375 760 2397 res
782 2376 831 2396 ar·

83 2407 181 2440 cessit
195 2407 255 2451 Ep.
270 2407 304 2444 ii,
324 2410 355 2446 l,
374 2409 447 2440 168.
484 2418 523 2440 ex
539 2408 694 2440 fonticulo
709 2419 834 2441 sumere

88 2451 157 2483 Sat.
173 2450 197 2487 i,
213 2453 244 2488 1,
259 2452 314 2483 56.
357 2461 396 2483 ex
418 2461 514 2494 parvo
534 2451 659 2483 haurire
675 2453 743 2483 Sat.
758 2452 781 2487 i,
802 2453 831 2488 Ι,

85 2493 142 2526 52.
184 2504 278 2526 eurus
300 2505 319 2526 e
344 2500 468 2536 pectore
488 2495 558 2526 tolli
577 2496 644 2526 Sat.
664 2494 688 2531 i,
707 2496 739 2531 2,
760 2496 833 2527 110.

31 2571 38 2577 ⁸,
86 2537 188 2568 multa
210 2538 302 2569 tolles
327 2548 366 2569 ex
393 2537 496 2569 oculis
520 2539 582 2580 Ep.
606 2538 647 2568 ad
671 2537 737 2569 Pis.
761 2539 834 2569 184.

21 2629 42 2709 Ξ

20 2716 47 2743 ‘J‘

26 2768 41 2788 ᾖ

85 2579 186 2612 virtus
210 2590 251 2612 ex
278 2580 381 2612 oculis
403 2580 528 2611 sublata
551 2581 616 2612 Od.
637 2580 684 2617 iii,
705 2582 760 2617 24,
775 2582 832 2613 32.

71 2633 135 2655 ναι
157 2623 386 2666 redecerpere
415 2624 538 2655 fructus
567 2625 637 2655 Sat.
667 2624 690 2660 i,
717 2625 751 2662 2,
780 2625 834 2656 79.

88 2665 174 2741 aits
187 2676 228 2698 ex
241 2677 274 2699 re
293 2667 432 2710 praebere
450 2672 573 2698 sumtus
588 2666 665 2697 mihi
681 2668 749 2699 Sat.
764 2666 786 2703 i,
802 2668 834 2704 6,

179 2711 213 2746 2,
225 2721 291 2751 pro,
302 2712 359 2741 ab:
382 2720 423 2742 ex
438 2710 520 2741 collo
535 2710 690 2752 carpsisse
704 2720 837 2741 coronas

89 2753 159 2784 Sat.
172 2752 207 2789 ii,
223 2754 257 2790 3,
274 2754 351 2785 256.
394 2764 434 2785 ex
458 2752 617 2784 inoenibus
644 2752 838 2796 prospiciens

27 2794 51 2807 *⁴
92 2794 161 2828 od.-
176 2795 270 2835 iiixl,
289 2797 323 2828 6.
367 2806 387 2828 e
408 2806 485 2827 saxo
506 2795 645 2838 dejicere
668 2797 734 2827 Sat.
757 2796 781 2832 i,
804 2798 836 2834 6,

20 2847 37 2881 .‘.'
91 2838 147 2870 39.

190 2849 228 2871 ex
245 2839 309 2871 alto
323 2839 399 2872 coel'i
415 2838 579 2871 demittere
593 2845 676 2870 tecto
689 2840 758 2870 Sat.
773 2839 795 2878 i,
805 2841 838 2877 5,

22 2881 173 2924 3:108.
210 2893 230 2915 e
254 2888 499 2931 terra-spectare
522 2883 710 2924 Neptunum
732 2883 796 2925 Ep.
818 2883 838 2920 i,

21 2964 39 2991 (t

19 2990 50 3098 ,

96 2924 149 2962 n,
166 2925 218 2956 lo.
261 2925 373 2958 levarit
393 2935 575 2974 aegrunieit
600 2925 755 2973 praecipiti
771 2927 840 2958 Sat.

94 2965 180 3005 ii,3,
195 2969 275 3001 293.
319 2979 359 3001 ex
381 2968 437 3000 illo
454 2969 533 3000 mihi
557 2974 671 3011 incipit
684 2974 841 3001 ostentare

97 3015 198 3044 notos:
211 3011 334 3056 Apulia
359 3018 483 3045 montes
508 3013 574 3044 Sat.
603 3011 625 3051 i,
650 3013 683 3049 5,
709 3013 764 3044 77.
808 3014 840 3051 3,

16 3099 66 3314 i

1521 203 1610 245 633

857 300 1008 340 originem
1023 299 1139 330 indicat
1153 310 1160 327 .·
1184 297 1290 330 scitari
1306 297 1385 330 libet
1405 309 1442 329 ex
1465 300 1536 341 ipso
1552 301 1612 343 Ep.

860 340 884 377 i,
902 343 934 378 7,
951 342 1006 372 60.
1034 346 1154 380 <motus
1177 351 1216 372 ex
1241 341 1377 372 Metello
1401 342 1463 372 Od.
1482 342 1515 378 ii,
1535 344 1564 379 1,
1587 345 1614 375 1.

860 395 900 416 ex
920 394 993 416 vero
1012 383 1142 415 ductum
1168 394 1343 425 cognomen
1367 385 1433 415 Sat.
1456 384 1491 420 ii,
1509 386 1541 421 2,
1560 387 1614 417 56.

854 429 894 463 ’4,
912 429 1068 458 nruteriem
1084 429 1222 458 indicat.-
1246 437 1263 458 e
1279 426 1368 457 dulci
1388 433 1513 458 constat
1531 427 1615 459 olivo

862 471 929 501 Sat.
954 469 987 506 ii,
1014 471 1047 505 4,
1073 470 1127 501 64.
1171 480 1211 501 ex
1242 476 1316 501 noto
1346 470 1456 501 fictum
1488 480 1615 502 cai-men

863 514 924 556 Ep.
949 512 990 544 ad
1019 512 1085 544 Pis.
1107 513 1184 544 240.
1228 514 1262 550 5,
1287 514 1426 553 temporis
1451 515 1616 545 terminum

862 558 982 587 indicat
1002 568 1021 586 a
1041 567 1099 596 quo
1114 566 1162 587 res
1177 557 1281 596 aliqua
1305 558 1388 596 capit
1405 558 1530 587 initium
1543 569 1552 586 .·
1575 567 1615 589 ex

863 599 923 630 hac
939 598 1012 630 luce
1028 598 1092 630 Od.
1109 599 1153 633 iv,
1174 600 1225 634 11,
1245 599 1296 629 18.
1340 609 1379 630 ex
1396 609 1461 640 quo
1477 605 1616 642 tempore

865 642 925 684 Ep.
947 641 971 678 i,
986 642 1019 679 2,
1035 642 1089 673 65.
1132 641 1242 672 tertius
1269 642 1460 678 December,
1486 652 1526 673 ex
1550 653 1615 685 quo

863 685 970 716 destiti
1002 685 1106 725 Epod.
1139 685 1191 720 ll,
1223 686 1254 716 5.
1310 694 1350 715 ex
1379 694 1444 725 quo
1472 684 1617 716 destituit

865 728 954 759 Deos
967 727 1032 759 Od.
1045 727 1092 764 iii,
1108 729 1140 762 3,
1155 729 1209 758 21.
1254 737 1294 757 ex
1310 737 1374 768 quo
1391 727 1518 758 habitus
1533 729 1616 760 male

865 776 942 802 tutae
970 770 1086 802 mentis
1110 771 1240 802 Orestes
1265 771 1334 801 Sat.
1358 770 1393 806 ii,
1409 771 1531 801 3.137.
1576 781 1617 803 ex

864 824 928 855 quo
953 814 1118 845 Maecenas
1143 813 1244 855 coepit
1269 814 1336 844 Sat.
1361 813 1395 850 ii,
1414 814 1444 849 6,
1470 814 1525 844 41.
1577 824 1617 845 ex

865 867 928 898 quo
944 857 1068 899 plenior
1084 867 1119 888 es
1133 858 1193 899 Ep.
1206 857 1240 892 ii,
1254 858 1288 892 2,
1304 857 1377 887 153.
1413 857 1445 892 6,
1462 859 1618 888 continui-

867 906 959 931 tatem
969 911 1073 931 rerum
1085 901 1240 942 significat
1252 913 1262 931 .·
1287 909 1350 930 non
1366 899 1489 930 fumum
1505 910 1544 931 ex
1554 899 1618 931 ful-

866 953 951 984 gore,
969 944 1023 974 sed
1044 943 1148 974 lucem
1165 954 1204 974 ex
1222 943 1308 973 sumo
1323 942 1399 973 dare
1415 943 1477 984 Ep.
1492 942 1532 973 ad
1548 942 1620 975 Pis.

870 987 941 1018 143.
986 996 1025 1017 ex
1043 985 1156 1016 humili
1172 985 1207 1016 fit
1223 992 1335 1028 potens
1351 985 1416 1018 Od.
1432 985 1478 1022 iii,
1494 986 1548 1021 30,
1567 987 1620 1019 12.

864 1035 1010 1061 recoctus
1028 1029 1134 1060 scriba
1152 1039 1192 1060 ex
1214 1028 1428 1071 quinqueviro
1445 1029 1513 1060 Sat.
1532 1028 1566 1066 ii,
1584 1031 1618 1065 5,

864 1074 920 1104 56.
967 1082 1006 1104 ex
1033 1072 1134 1104 nitido
1162 1072 1197 1103 fit
1220 1071 1360 1102 rusticus
1383 1072 1444 1115 Ep.
1466 1072 1488 1108 i,
1510 1072 1542 1109 7,
1564 1073 1619 1103 83.

866 1116 971 1158 prodis
993 1126 1033 1147 ex
1057 1115 1167 1158 judice
1193 1115 1299 1146 Dama
1318 1116 1421 1158 turpis
1441 1116 1508 1146 Sat.
1528 1114 1563 1150 ii,
1587 1117 1620 1153 7,

868 1160 922 1189 54.
967 1159 999 1194 7,
1017 1161 1203 1190 secundum:
1228 1169 1267 1190 ex
1289 1164 1362 1189 voto
1384 1159 1450 1189 Sat.
1472 1157 1495 1194 i,
1516 1161 1549 1194 5,
1566 1159 1620 1191 66.

868 1211 907 1232 ex
933 1211 1018 1232 more
1043 1202 1108 1233 Sat.
1134 1201 1169 1238 ii,
1194 1202 1227 1236 3,
1248 1201 1325 1232 280.
1369 1211 1409 1232 ex
1428 1207 1620 1234 testamento

869 1254 951 1275 anus
965 1245 1010 1275 sic
1026 1245 1110 1276 elata
1126 1250 1173 1276 est
1188 1245 1254 1275 Sat.
1272 1243 1306 1280 ii,
1321 1246 1353 1280 5,
1370 1245 1423 1275 85.
1469 1245 1566 1285 garrit
1579 1255 1620 1276 ex

869 1298 900 1318 re
919 1287 1051 1319 fabellas
1067 1288 1135 1318 Sat.
1150 1287 1184 1322 ii,
1201 1288 1233 1323 6,
1251 1288 1304 1318 78.
1345 1297 1384 1318 ex
1402 1293 1490 1329 parte
1506 1292 1562 1318 tua
1578 1287 1621 1319 sit

868 1330 958 1361 fundi
973 1337 1073 1362 enitor
1089 1331 1155 1361 Sat.
1171 1329 1206 1365 ii,
1220 1332 1253 1367 5,
1272 1331 1344 1360 108.
1384 1340 1423 1361 ex
1439 1330 1546 1361 animo
1561 1330 1620 1361 do-

869 1372 971 1404 lentes
999 1374 1060 1416 Ep.
1086 1373 1126 1403 ad
1150 1372 1216 1403 Pis.
1240 1374 1314 1403 432.
1359 1373 1391 1408 8,
1404 1379 1548 1413 propter:
1579 1383 1619 1405 ex

870 1415 930 1447 hoc
954 1426 1013 1457 ego
1036 1425 1134 1446 sanus
1157 1415 1197 1446 ab
1216 1414 1280 1446 illis
1299 1417 1366 1446 Sat.
1381 1415 1404 1451 i,
1421 1417 1452 1452 4,
1472 1417 1544 1447 129.
1588 1417 1622 1452 9,

869 1461 990 1500 quando
1020 1466 1138 1499 partem
1162 1459 1207 1488 rei
1233 1460 1463 1500 significamus.-
1493 1469 1576 1490 unus
1603 1470 1621 1491 e

869 1501 980 1533 multis
1004 1502 1067 1544 Ep.
1089 1502 1111 1539 i,
1135 1501 1168 1537 6,
1190 1503 1244 1533 60.
1289 1512 1372 1532 unus
1397 1511 1437 1532 ex
1456 1501 1622 1543 judicibus

870 1545 936 1576 Sat.
954 1544 975 1581 i,
994 1547 1026 1581 4,
1048 1546 1119 1576 123.
1162 1554 1202 1576 ex
1221 1544 1306 1575 vitiis
1324 1555 1424 1575 unum
1447 1544 1525 1577 ibid.
1548 1546 1623 1577 140.

869 1598 909 1619 ex
935 1588 984 1620 his
1007 1588 1169 1631 proprium
1188 1588 1266 1629 quid
1289 1589 1353 1619 Sat.
1376 1587 1410 1623 ii,
1435 1589 1467 1624 7,
1484 1589 1538 1619 89.
1582 1599 1622 1620 ex

870 1631 1023 1662 Attalicis
1041 1631 1172 1662 urbibus
1188 1641 1251 1662 una
1265 1631 1327 1674 Ep.
1341 1630 1362 1668 i,
1380 1632 1431 1667 ll,
1445 1632 1477 1662 5.
1515 1641 1534 1663 e
1549 1631 1621 1673 qui·

870 1675 931 1706 bus
947 1674 1029 1705 imus
1044 1676 1110 1706 Sat.
1130 1673 1154 1710 i,
1173 1675 1204 1710 4,
1219 1675 1272 1705 87.

913 1719 1039 1749 ebibere.
1074 1718 1142 1748 haec
1160 1722 1195 1748 ut
1209 1717 1317 1748 ebibat
1332 1716 1434 1748 haeres
1449 1717 1516 1747 Sat.
1533 1716 1567 1755 ii,
1585 1718 1620 1755 3,

914 1804 1053 1834 ebrietas.
1100 1800 1180 1844 quid
1207 1812 1270 1834 non
1295 1801 1431 1834 ebrietas
1454 1802 1623 1845 designat?

873 1846 901 1877 E
926 1869 934 1877 .
951 1845 973 1882 i,
989 1848 1022 1883 5,
1042 1847 1093 1877 16.

899 1857 1027 1922 Pebrius.
1072 1888 1180 1919 Fufius
1206 1889 1273 1919 Sat.
1300 1888 1335 1925 ii,
1362 1889 1394 1923 3,
1419 1889 1472 1920 60.
1516 1889 1623 1921 ebrius

872 1932 1014 1964 ambulet
1037 1938 1111 1963 ante
1133 1938 1255 1963 noctem
1281 1942 1356 1963 cum
1378 1931 1502 1962 facibus
1517 1932 1584 1964 Sat.
1599 1933 1622 1969 i,

872 1978 904 2012 4,
920 1977 976 2007 51.
1020 1975 1108 2007 ebria
1122 1974 1210 2006 dulci
1227 1974 1350 2006 fortuna
1367 1975 1431 2006 Od.
1449 1974 1472 2011 i,
1487 1976 1542 2011 37,
1559 1977 1610 2008 12.

915 2021 1002 2050 ebur.
1037 2018 1185 2050 Indicum
1203 2017 1269 2049 Od.
1286 2017 1308 2054 i,
1321 2019 1376 2054 31,
1390 2019 1424 2049 6.
1462 2018 1625 2060 captivum

875 2062 937 2104 Ep.
954 2062 990 2098 ii,
1012 2063 1039 2098 l,
1059 2063 1131 2093 193.
1177 2071 1240 2091 non
1253 2061 1332 2092 ebur
1347 2060 1469 2092 renidet
1482 2060 1515 2092 in
1531 2061 1626 2093 domo

876 2105 939 2136 Od.
954 2104 989 2142 ii,
1009 2106 1062 2140 18,
1083 2107 1111 2135 1.
1157 2104 1260 2135 eboris
1285 2103 1365 2134 fabri
1387 2105 1448 2147 Ep.
1466 2103 1501 2140 ii,
1524 2107 1549 2143 l,
1570 2107 1625 2137 96.

875 2148 964 2184 ebur,
981 2154 1056 2179 sunt
1071 2147 1127 2189 qui
1144 2157 1206 2178 uon
1222 2147 1362 2178 habeant
1378 2148 1437 2190 Ep.
1451 2147 1486 2184 ii,
1500 2149 1534 2185 2,
1552 2151 1624 2181 180.

875 2191 929 2223 cui
946 2191 1024 2223 libet
1037 2191 1148 2233 eripiet
1162 2190 1273 2221 curule
1289 2190 1368 2222 ebur
1382 2191 1444 2233 Ep.
1456 2190 1479 2226 i,
1495 2192 1527 2226 6,
1546 2194 1602 2224 54.

918 2236 1068 2265 eburneus
1090 2241 1118 2264 et
1142 2235 1287 2264 eburnus.
1336 2233 1403 2276 lyra
1422 2233 1487 2265 od.
1510 2234 1544 2269 ii,
1570 2237 1623 2272 11,

874 2277 929 2308 22.
976 2283 1066 2320 porta
1085 2276 1149 2309 Od.
1170 2277 1217 2314 iii,
1233 2277 1289 2314 27,
1304 2278 1356 2308 41.
1402 2276 1478 2309 lecti
1502 2278 1570 2309 Sat.
1591 2278 1626 2315 ii,

877 2323 908 2359 6,
928 2321 1000 2352 103.

919 2375 995 2395 ecce.
1042 2362 1106 2395 Od.
1122 2362 1144 2399 i,
1164 2364 1214 2398 15,
1233 2363 1273 2394 27
1289 2373 1297 2401 ;
1321 2363 1387 2395 Sat.
1398 2363 1421 2402 i,
1433 2366 1464 2401 4,
1479 2365 1541 2404 133
1561 2365 1628 2397 Sat.

878 2407 900 2444 i,
912 2409 948 2442 9,
967 2409 1031 2446 60;
1055 2408 1124 2438 Sat.
1139 2406 1173 2443 ii,
1190 2407 1223 2443 3,
1239 2407 1315 2437 264.

920 2451 1056 2482 echinus.
1097 2451 1125 2486 1,
1141 2449 1282 2480 marinus
1298 2450 1401 2492 Epod.
1416 2452 1448 2486 5,
1465 2451 1524 2482 28.
1560 2451 1628 2482 Mi-

877 2504 954 2525 seno
979 2494 1125 2525 oriuntur
1146 2492 1252 2524 echini
1272 2493 1338 2524 Sat.
1358 2493 1392 2530 ii,
1410 2495 1442 2530 4,
1458 2495 1510 2524 33.
1557 2500 1627 2526 utra

877 2537 1006 2569 echinos
1029 2545 1158 2579 aequora
1183 2536 1290 2567 celent
1307 2536 1369 2578 Ep.
1383 2537 1405 2573 i,
1426 2538 1475 2572 15,
1493 2538 1549 2568 23.
1595 2539 1628 2575 2,

878 2582 1035 2611 vasculum
1060 2581 1185 2621 epulare
1207 2581 1246 2610 ad
1265 2579 1406 2621 formam
1433 2581 1534 2611 echini
1549 2580 1627 2622 jhc-

879 2630 941 2654 tum
955 2636 964 2654 .·
987 2623 1092 2654 adstat
1116 2622 1250 2654 echinus
1271 2621 1343 2653 vilis
1369 2624 1436 2654 Sat.
1456 2623 1480 2660 i,
1503 2625 1535 2661 6,
1555 2624 1629 2655 117.

879 2666 960 2698 illoti
975 2665 1082 2698 echini
1096 2666 1164 2696 Sat.
1180 2665 1214 2702 ii,
1230 2666 1262 2701 8,
1280 2666 1335 2697 52.

923 2711 1034 2750 ecquis.
1078 2709 1147 2740 Sat.
1166 2708 1202 2744 ii,
1226 2709 1259 2745 7,
1283 2710 1336 2740 34.
1379 2709 1497 2751 ecquid
1522 2709 1584 2751 Ep.
1607 2708 1629 2746 i,

924 2798 1010 2827 edax.
1054 2794 1202 2826 dominus
1218 2796 1285 2826 Sat.
1302 2794 1335 2830 ii,
1352 2795 1384 2831 2,
1401 2795 1457 2826 92.
1504 2794 1631 2836 parasiti

884 2839 948 2881 Ep.
964 2839 998 2874 ii,
1018 2839 1046 2875 1,
1067 2838 1139 2870 173.
1176 2837 1261 2869 turdi
1275 2838 1377 2879 Epod.
1391 2839 1424 2872 2,
1441 2839 1496 2868 34.
1530 2837 1630 2868 imber

884 2882 948 2914 Od.
963 2881 1011 2918 iii,
1028 2883 1084 2918 30,
1096 2883 1128 2913 3.
1172 2891 1259 2912 curm
1273 2881 1337 2913 Od.
1350 2880 1384 2918 ii,
1403 2882 1453 2915 11,
1474 2881 1524 2911 18.

926 2927 1024 2957 edere.
1069 2925 1130 2956 sub
1154 2930 1279 2966 tempus
1302 2923 1416 2956 edendi
1441 2924 1502 2964 Ep.
1526 2921 1548 2958 i,
1578 2923 1630 2958 16,

883 2970 937 3000 22.
981 2968 1074 3000 edisti
1102 2967 1179 2998 satis
1202 2968 1262 3010 Ep.
1282 2966 1314 3003 ii,
1334 2968 1367 3002 2,
1387 2967 1463 2996 214.
1507 2964 1533 2994 si
1555 2975 1630 2996 cum

884 3011 1002 3044 lumbis
1018 3011 1089 3054 quis
1112 3011 1179 3043 edit
1193 3010 1351 3053 (leporum
1377 3007 1498 3049 armos)
1515 3008 1581 3039 Sat.
1596 3007 1631 3045 ii,
