1904 3314
3 2479 22 2607 zms-ns-*w*
8 2460 18 2467 -τ
9 2394 14 2407 ·=
8 2368 11 2370 ·

726 217 952 260 LIBER
986 218 1022 270 1,
1058 222 1100 260 2.

1594 225 1674 265 301

223 368 226 371 ⁸
256 321 426 370 Quinas
446 321 518 364 hic
538 320 669 376 capiti
688 319 911 362 mercedes
931 326 1125 371 exsecat,
1147 327 1279 376 atque

170 388 223 430 15
253 389 434 437 Quanto
454 388 666 445 perditior
685 388 872 443 quisque
892 394 973 438 est,
995 394 1116 430 tanto
1137 389 1280 431 acrius
1303 397 1444 446 urget.

253 457 444 499 Nomina
463 463 656 498 sectatur
674 455 806 499 modo
827 461 969 496 sumta
988 463 1109 496 veste
1130 455 1241 496 virili

253 525 347 566 Sub
367 523 568 579 patribus
589 523 711 565 duris
734 524 936 565 tironum.
1000 523 1211 574 Maxime,
1234 525 1330 579 quis
1353 540 1455 575 non,

251 591 440 648 Jupiter,
463 589 690 641 exclamat,
715 590 841 632 simul
861 598 993 646 atque
1016 590 1213 633 audivit?

251 659 340 702 Pro
361 666 534 715 quaestu
556 666 745 700 sumtum
766 658 868 700 facit
887 658 971 700 hic.

162 727 221 780 20
250 724 395 775 Qtiam
417 727 500 768 sibi
519 742 606 768 non
627 728 683 768 sit
704 727 890 778 amicus3

1275 592 1339 634 At
1358 593 1402 634 in
1425 608 1471 635 se

1033 658 1125 703 Vix
1146 659 1327 701 credere
1349 662 1506 715 possis,

922 727 982 768 ita
1003 733 1052 768 ut
1073 734 1199 782 pater
1219 726 1304 778 ille,
1327 728 1512 770 Terenti

249 792 418 837 Fabula
437 809 568 850 quem
589 796 792 836 miserum
812 802 945 850 gnato
966 795 1127 836 vixisse
1149 795 1301 851 fugato

249 861 439 912 Inducit,
461 877 548 904 non
570 877 616 904 se
638 863 764 918 pejus
788 863 1044 904 cruciaverit
1066 870 1196 918 atque
1218 863 1302 905 hic.

249 929 298 971 Si
317 930 414 985 quis
435 945 550 972 nunc
571 937 754 986 quaerat,
778 931 881 977 Quo
902 945 972 971 res
994 930 1089 972 haec
1110 932 1301 985 pertinet
1319 934 1335 973 ἲ
1364 931 1490 974 illuc:

248 997 371 1040 Dum
391 999 528 1040 vitant
549 998 670 1040 stulti
689 999 804 1048 vitia,
827 999 871 1040 in
892 999 1110 1040 contraria
1131 1006 1327 1041 currunt.

102 1068 104 1070 ’
161 1067 215 1107 25
245 1065 490 1108 Malthinus
513 1067 669 1109 tunicis
691 1067 891 1108 demissis
914 1066 1105 1108 ambulat
1124 1085 1133 1116 3
1166 1075 1234 1108 est
1255 1069 1332 1122 qui

248 1133 419 1190 Inguen
439 1136 496 1177 ad
516 1136 755 1177 obscenum
777 1135 1005 1176 subductis
1027 1150 1168 1189 usque
1190 1135 1372 1178 facetus.

249 1201 455 1244 Pastillos
478 1202 671 1245 Rufillus
692 1202 793 1253 olet,
817 1202 1070 1258 Gargonius
1093 1202 1274 1244 hircum.

247 1269 327 1312 Nil
346 1271 536 1314 medium
555 1278 635 1313 est.

700 1272 827 1321 Sunt,
849 1272 926 1326 qui
946 1270 1084 1312 nolint
1106 1272 1303 1328 tetigisse
1325 1273 1408 1314 nisi
1428 1272 1537 1324 illas,

249 1337 450 1385 Quarum
469 1340 653 1381 subsuta
674 1339 785 1381 talos
809 1346 929 1394 tegat
949 1340 1097 1381 instita
1118 1348 1240 1382 veste
1258 1359 1268 1391 ;

132 1437 247 1470 foenori
269 1437 372 1470 datis:
405 1437 445 1469 de
467 1437 639 1474 locutione,
664 1440 825 1479 pecuniam
848 1440 881 1469 in

122 1480 247 1524 soenore
263 1492 374 1522 ponere
394 1492 462 1524 pro,
483 1481 598 1514 foenori
616 1481 702 1518 dare,
724 1481 787 1513 vid.
807 1491 880 1524 sup.

132 1523 175 1556 ad
192 1524 294 1566 Epod.
311 1525 344 1562 2,
360 1525 413 1556 70.

179 1567 232 1598 14.
258 1567 378 1602 Quinas
405 1568 466 1603 hic,
498 1572 571 1598 cett.
602 1567 654 1598 hic
688 1577 882 1609 unoquoque

132 1619 242 1645 mense
263 1620 319 1659 pro
337 1615 420 1642 sorte
437 1609 551 1641 foenori
569 1610 644 1641 data
663 1609 778 1652 quinas
800 1621 880 1641 mer·

132 1652 226 1685 cedes
247 1663 312 1684 sive
334 1663 446 1684 usuras
465 1658 642 1694 extorquet.
689 1652 786 1695 Apud
810 1653 878 1684 Ro-

130 1705 254 1734 manos,
270 1706 361 1737 aeque
377 1702 474 1738 atque
490 1696 576 1738 apud
590 1696 734 1732 Graecos,
749 1701 847 1726 sortes
863 1706 883 1727 a

133 1738 276 1770 calendis
304 1739 462 1781 cujusque
490 1738 607 1770 mensis
635 1749 737 1780 usque
765 1738 805 1769 ad
833 1749 882 1769 se·

132 1781 261 1824 quentis
274 1782 392 1813 mensis
410 1782 560 1813 calendas
578 1781 694 1812 foenori
714 1781 782 1811 dari
801 1781 881 1812 sole-

133 1825 235 1865 bant3
266 1835 323 1867 pro
347 1830 477 1856 centum
507 1824 645 1855 nummis
668 1825 765 1865 vulgo
787 1834 884 1854 usura

133 1867 200 1900 sive
218 1877 340 1900 merces
364 1878 559 1909 unoquoque
586 1878 696 1899 mense
719 1866 778 1897 suit
800 1877 884 1898 unus

133 1921 309 1950 nummus;
346 1921 411 1942 uno
451 1910 548 1950 igitur
589 1920 673 1941 anno
713 1909 883 1940 duodecim

132 1953 278 1991 nummi.;
302 1953 359 1985 sed
376 1953 530 1990 Fufidius,
547 1952 716 1984 foenerator
731 1952 881 1983 sordidis-

134 1995 235 2028 simus
271 2001 304 2028 et
347 1995 652 2039 impudentissimus,
689 2005 883 2037 unoquoque

133 2049 241 2071 mense
255 2039 370 2082 quinas
387 2040 509 2074 usura'S,
526 2049 590 2069 uno
607 2049 691 2070 anno
707 2038 802 2080 igitur
827 2049 883 2080 pro

133 2088 262 2115 centum
277 2081 416 2114 nummis
429 2081 596 2122 sexaginta
611 2092 757 2113 nummos
770 2093 883 2112 exseca-

133 2127 198 2157 bat.
246 2125 394 2158 Exsecare
416 2125 554 2168 positum
580 2125 657 2155 mihi
681 2125 803 2156 videtur
828 2135 883 2167 pro

131 2174 330 2211 extorquere,
354 2169 536 2206 extundere,
559 2168 751 2210 exprimere3
775 2169 882 2207 capiti,

133 2211 270 2244 debitori
294 2211 422 2254 capitis,
447 2221 516 2249 nos,
543 2212 808 2252 heransschlagen,
834 2212 883 2242 he-

133 2255 380 2291 rauoeehneiden,
401 2264 565 2294 erpi-essen.
610 2254 677 2285 Alii
692 2257 787 2293 capiti
806 2265 884 2284 mer-

132 2300 216 2330 cedet
240 2305 355 2329 enecat
378 2297 554 2340 explicant,
581 2297 670 2332 sorti,
700 2297 776 2327 dum
809 2306 879 2327 eam

132 2339 267 2372 debitori
282 2339 388 2377 tradit,
409 2350 522 2372 usuras
537 2340 644 2370 statim
660 2339 809 2375 detrahit,
825 2339 879 2370 de-

131 2382 242 2422 ducit5
265 2383 334 2420 aed,
345 2383 376 2415 ni
393 2383 452 2415 hoc
467 2382 621 2414 voluisset
639 2383 808 2419 Horatius,
825 2393 882 2425 pro

131 2433 259 2463 emat,
273 2431 362 2470 puto,
378 2426 557 2468 scripsisset
571 2427 700 2457 desecat.

178 2471 230 2502 15.
255 2470 380 2506 Quanto
392 2471 554 2510 perditior,
570 2474 645 2500 cett.
659 2474 780 2511 quanto
796 2468 880 2511 quis-

133 2522 197 2555 que
226 2518 274 2544 est
304 2512 436 2555 nequior
460 2518 492 2544 et
521 2513 562 2543 ad
597 2522 671 2554 opes
705 2512 882 2554 perdendas

132 2555 313 2598 proclivior,
323 2560 413 2587 tanto
425 2555 529 2587 acrius
540 2555 621 2586 lucri
633 2554 770 2587 faciendi
782 2556 883 2597 gratia

133 2597 163 2631 ei
177 2598 288 2631 instat.
532 2607 536 2609 ’

179 2642 232 2674 16.
255 2641 389 2673 Nomina
415 2643 551 2673 tironum
575 2646 720 2675 sectatur,
745 2646 884 2672 sectatur

132 2683 264 2721 tirones,
284 2690 320 2716 ut
332 2694 441 2716 eorum
457 2684 586 2716 nomina
602 2683 634 2714 in
651 2684 777 2714 tabulas
792 2683 882 2714 debi-

133 2732 238 2760 torum
253 2727 377 2765 referat,
398 2727 466 2759 sive
483 2733 518 2758 ut
536 2737 589 2758 eos
606 2726 668 2757 sibi
683 2726 779 2758 saciat
793 2727 882 2758 debi-

133 2775 238 2811 tom,
261 2769 336 2802 hinc
354 2770 483 2802 nomina
502 2769 687 2812 simpliciter
708 2769 746 2801 de
762 2769 882 2801 debito-

133 2812 244 2846 ribus:
261 2813 327 2845 vid.
339 2814 464 2845 Ernesti
482 2813 576 2845 Clav.
590 2813 662 2844 Cic.
673 2823 737 2844 sm.
755 2813 883 2845 Nomen.

138 2855 224 2888 Vesta
241 2857 339 2894 virili,
359 2862 431 2898 toga
453 2866 543 2899 pura.
588 2856 686 2886 Duris
707 2857 762 2887 sub
783 2858 884 2896 pat-ri-

133 2899 190 2931 δικ
211 2900 370 2937 sirmam,-
390 2899 526 2942 juvenes
544 2899 643 2935 enim,
667 2898 723 2940 qui
741 2898 829 2931 duris
852 2905 885 2931 et

134 2941 242 2985 ‘ucis
269 2942 456 2985 parentibus
483 2947 628 2979 utuntur,
653 2941 759 2977 facile,
784 2948 818 2973 ut
840 2953 884 2973 aes

137 2980 278 3016 fflenum
293 2985 425 3021 saciant,
441 2984 550 3017 induci
566 2990 702 3028 possunt
717 2985 757 3016 ab
774 2984 885 3017 insidi·

137 3026 199 3060 ᾧ
211 3027 465 3064 summioribus.

976 1439 1026 1470 18.
1052 1439 1090 1469 In
1106 1450 1146 1476 se,
1169 1439 1203 1470 in
1222 1440 1296 1471 vitae
1319 1451 1386 1471 suae
1410 1440 1550 1472 fructum
1573 1447 1606 1473 et
1623 1443 1677 1484 ju-

926 1481 1134 1513 cunditatem.
1169 1483 1233 1514 Pro
1242 1490 1356 1524 quaestu
1365 1491 1510 1520 sumtum,
1525 1495 1580 1526 pro
1590 1485 1678 1527 largo

925 1531 1051 1565 quaestu
1075 1525 1199 1567 largum
1223 1532 1387 1558 sumtum:
1414 1537 1484 1564 nos,
1508 1535 1598 1559 etwas
1619 1529 1684 1571 auf

923 1569 987 1598 sich
1001 1570 1138 1600 wanden.

969 1611 1023 1642 20.
1049 1611 1144 1642 Pater
1167 1613 1232 1647 ille,
1261 1611 1486 1648 Menedemus.
1511 1623 1544 1644 se
1571 1614 1677 1656 ipsum

925 1653 1084 1689 crucians,
1107 1654 1191 1696 apud
1208 1655 1390 1686 Terentium
1406 1655 1439 1686 in
1457 1657 1678 1687 Heautontim.

969 1697 1026 1728 25.
1052 1697 1247 1728 Macchinus:
1259 1697 1326 1739 jam
1338 1698 1486 1740 exempla
1499 1699 1675 1738 hominum,

926 1738 982 1780 qui
997 1739 1136 1770 medium
1149 1746 1256 1771 tenere
1270 1751 1333 1771 non
1345 1740 1538 1777 didicerunt,
1549 1743 1679 1783 profert.

927 1781 1114 1818 Malthirrus,
1132 1782 1239 1813 tunica
1262 1783 1300 1813 ad
1321 1783 1403 1814 talos
1422 1794 1524 1824 usque
1539 1785 1679 1816 demissa

926 1822 1066 1863 incedit;
1090 1825 1171 1856 alius
1189 1826 1298 1856 tunica
1315 1827 1355 1856 ad
1377 1826 1479 1856 femur
1498 1837 1601 1868 usque
1620 1829 1676 1859 ad-

927 1866 1036 1898 stricta
1051 1878 1083 1898 se
1100 1874 1135 1898 ut
1149 1868 1308 1900 hominem
1323 1868 1461 1899 facetum
1477 1870 1678 1912 conspicien-

926 1908 1002 1940 dum
1020 1911 1148 1951 praebet.
1194 1911 1349 1946 Fuerunt,
1366 1911 1399 1942 in
1415 1912 1533 1952 quibus
1548 1923 1678 1955 quoque

926 1958 975 1984 est
1002 1953 1214 1992 Heffldorfius,
1240 1954 1295 1996 qui
1327 1954 1510 1991 Horatium,
1539 1957 1678 1987 notando

925 1995 1038 2026 vitium
1070 1997 1236 2034 Malthini,
1263 1997 1486 2033 Maecenatem,
1511 1998 1567 2039 qui
1598 2009 1677 2030 non-

927 2049 1090 2080 nunquam
1106 2041 1271 2071 discinctus
1287 2039 1463 2076 incesserit,
1474 2041 1606 2083 oblique
1622 2052 1679 2073 no-

927 2086 1012 2113 tasse
1027 2088 1237 2114 autumarent.
1268 2082 1331 2113 Sed
1341 2083 1414 2125 quis
1431 2083 1547 2114 adduci
1562 2090 1678 2127 potest,

927 2130 964 2155 ut
988 2125 1107 2163 credat,
1134 2125 1300 2156 Horatium
1328 2125 1410 2157 inter
1432 2126 1575 2158 homines
1599 2138 1680 2170 quos

927 2168 1074 2210 producit
1114 2168 1278 2204 ridiculos,
1317 2168 1411 2199 simul
1449 2169 1544 2201 dulce
1580 2170 1680 2202 decus

927 2220 1020 2241 suum
1043 2217 1075 2242 et
1098 2211 1292 2253 praesidium,
1314 2212 1539 2248 Maecenatem,
1564 2219 1598 2243 ut
1623 2214 1680 2244 ho-

928 2253 1046 2285 minem
1063 2254 1233 2286 ridiculum
1248 2261 1330 2286 tecte
1346 2255 1512 2296 designare
1523 2255 1678 2287 voluisse!

924 2298 1092 2328 Ambulnt:
1131 2299 1299 2333 ambulare,
1339 2303 1376 2328 ut
1412 2300 1563 2334 incedere,
1598 2302 1679 2330 viam

925 2342 1039 2376 metiri,
1057 2340 1096 2372 de
1108 2339 1147 2372 iis
1163 2341 1218 2382 qui
1234 2341 1360 2372 incessu
1377 2340 1566 2381 dignitatem
1583 2342 1679 2374 affec-

927 2388 1013 2414 tant:
1038 2383 1080 2414 cf.
1096 2393 1166 2425 sup.
1183 2383 1223 2414 ad
1241 2383 1344 2426 Epod.
1360 2385 1392 2421 4,
1409 2385 1440 2415 5.

970 2427 1025 2457 26.
1060 2426 1198 2465 Facetus,
1221 2427 1387 2463 ridiculus,
1412 2437 1483 2463 110⁵,
1508 2429 1679 2467 possirlich.

929 2469 1127 2512 Velfacetus
1148 2470 1299 2518 explicat,
1322 2470 1398 2501 dum
1422 2469 1561 2501 hominis
1584 2471 1679 2503 faceti

927 2518 958 2543 et
974 2512 1099 2544 venusti
1114 2523 1253 2554 speciem
1269 2524 1334 2556 prae
1349 2524 1383 2544 se
1398 2513 1477 2545 ferre
1494 2514 1574 2545 vult.

970 2556 1026 2586 27.
1054 2556 1208 2592 Pastillos,
1226 2562 1460 2597 unguentorum
1481 2557 1604 2593 odores.
1629 2557 1678 2600 pi-

926 2598 1011 2629 lulas
1039 2599 1226 2640 (interprete
1254 2599 1404 2637 Erasmo)
1436 2601 1676 2640 unguentariaS,

928 2651 996 2684 nos,
1024 2642 1317 2683 salbenk'zzgelchen,
1339 2643 1402 2677 vel,
1424 2648 1461 2673 ut
1481 2643 1551 2674 vult
1575 2644 1677 2674 Hein-

926 2684 1054 2720 dorfius,
1064 2686 1299 2716 wohlriechende
1306 2686 1557 2721 Mor-sellemdem
1568 2687 1676 2717 Athem

927 2729 1016 2759 einen
1031 2729 1236 2770 amgenehmen
1253 2729 1378 2761 Ger-noh
1399 2740 1435 2759 zu
1448 2730 1562 2770 geben:
1587 2730 1677 2760 Mar-

927 2769 994 2802 tial.
1010 2770 1031 2807 i,
1050 2773 1103 2803 88.
1152 2771 1296 2809 Hircum,
1311 2771 1432 2803 foedum
1445 2771 1584 2806 odorem,
1597 2782 1680 2813 qua-

926 2813 967 2843 lis
986 2814 1046 2845 sub
1067 2814 1127 2846 alis
1149 2814 1322 2846 emittitur:
1349 2815 1390 2846 cf.
1413 2826 1486 2857 sup.
1511 2815 1552 2845 ad
1577 2815 1677 2857 Epod.

931 2857 982 2892 12,
999 2859 1031 2889 5.

971 2901 1026 2932 28.
1054 2900 1124 2932 Nisi
1138 2901 1222 2937 illas,
1242 2901 1383 2936 Quarum
1398 2902 1522 2931 subsuta
1542 2901 1618 2931 talos
1634 2906 1677 2931 te-

925 2948 981 2985 gat
1008 2945 1119 2974 inscita
1147 2950 1236 2980 veste,
1267 2944 1328 2975 nisi
1358 2949 1527 2979 matronaS,
1558 2952 1629 2983 quae
1660 2952 1679 2972 a

930 2986 1046 3017 vestitu
1066 2986 1388 3024 circumscribuntur3
1419 2993 1570 3016 matronae
1593 2984 1677 3014 enim

930 3030 1081 3070 gerebant
1098 3029 1253 3067 tunicam,
1276 3031 1316 3061 ab
1337 3029 1418 3061 talos
1434 3037 1534 3068 usque
1556 3037 1681 3068 porrec-
