1884 3288
307 227 335 267 4
873 227 1267 271 CARMINUM

892 443 1162 486 CARMEN
1193 443 1251 485 II.

722 557 791 588 AD
813 557 1099 588 AUGUSTUM
1122 557 1412 590 CAESAREM.
1456 590 1462 596 ,

590 647 685 689 JAM
706 651 807 691 satis
828 651 952 691 terris
972 651 1078 691 nivis
1100 657 1225 704 atque
1249 651 1353 692 dirae

590 715 824 757 Grandinis
845 717 957 758 misit
978 716 1122 766 Pater,
1143 723 1187 757 et
1206 718 1387 758 rubente

591 781 786 823 Dextera
807 797 947 823 sacras
961 781 1173 837 jaculatus
1194 797 1314 824 arces

984 848 1162 890 Terruit
1181 850 1353 891 urbem:

536 914 562 953 5
591 913 768 955 Terruit
787 922 951 969 genteS,
974 930 1102 969 grave
1123 930 1176 956 ne
1197 916 1358 957 rediret
1569 949 1591 970 ,

591 980 803 1021 Saeculum
824 981 1017 1035 Pyrrhae,
1039 996 1147 1022 nova
1169 989 1355 1023 monstra
1375 988 1563 1036 questae3

592 1045 731 1087 Omne
753 1061 883 1100 quum
905 1047 1088 1088 Proteus
1109 1062 1241 1102 pecus
1263 1049 1351 1103 egit
1372 1048 1479 1089 altos

987 1114 1140 1155 Visere
1161 1122 1351 1165 montes3

591 1178 779 1220 Piscium
799 1186 843 1220 et
862 1194 1024 1220 summa
1044 1195 1178 1233 genus
1199 1181 1325 1222 haesit
1345 1180 1473 1232 ulmo,

510 1245 562 1285 10
590 1245 710 1286 Nota
731 1261 828 1299 quae
850 1247 974 1287 sedes
997 1246 1135 1287 fuerat
1155 1246 1387 1298 columbis3

589 1311 649 1352 Et
671 1313 913 1367 superjecto
933 1313 1100 1367 pavidae
1121 1320 1322 1355 natarunt

982 1378 1180 1432 AEquore
1202 1380 1351 1421 damae.

544 1489 739 1520 CARMEN
762 1490 809 1520 II.

349 1529 432 1560 Cum
447 1536 566 1566 exorta,
582 1542 652 1572 quae
670 1532 750 1566 nive,
763 1530 924 1572 grandine,
941 1537 972 1562 et
987 1531 1046 1562 ful-

305 1571 444 1601 minibus
470 1572 600 1613 dejectis
625 1579 734 1614 praeter
758 1584 871 1604 morem
895 1573 1047 1610 saevierat,

306 1618 488 1654 tempestate
508 1615 617 1654 ingens
637 1615 668 1645 in
690 1615 770 1655 agris
791 1615 946 1646 Romanis
967 1615 1049 1645 facta

305 1661 388 1685 esset
402 1655 707 1690 Tiberisinundatio.
722 1664 752 1687 et
768 1658 908 1698 quidem,
925 1663 958 1687 ut
970 1658 1048 1688 bene

305 1696 344 1727 ad
360 1707 423 1726 rem
439 1707 475 1727 ex
492 1698 595 1728 Dione
611 1698 722 1729 cassio
737 1699 792 1728 lib.
810 1699 851 1729 liv
868 1699 925 1738 (ab
940 1699 1047 1736 initio)

304 1739 469 1779 probatum
483 1739 538 1770 ivit
551 1741 732 1775 Massonus,
747 1741 789 1772 U.
803 1742 841 1772 C.
860 1751 942 1771 nccx
952 1751 1047 1778 xxr13

305 1786 520 1821 opportunam,
562 1792 626 1823 qua
665 1783 857 1822 Augustum,
898 1788 1047 1823 tanquam

305 1822 399 1852 deum
431 1823 565 1854 civitatis
597 1825 749 1855 Romanae
782 1825 944 1855 tutelarem
982 1825 1047 1856 sive

306 1874 520 1903 averruncum,
551 1866 730 1903 celebraret,
758 1866 953 1897 occasionem
987 1867 1046 1897 sibi

306 1906 442 1937 oblatam
459 1917 526 1937 esse
536 1908 657 1948 putavit
670 1907 826 1938 Horatius.
870 1909 951 1939 Nam
962 1919 1046 1944 cum,

309 1948 463 1988 quidquid
491 1949 522 1979 in
546 1960 645 1980 rerum
670 1955 781 1980 natura
803 1955 911 1991 praeter
933 1961 1047 1981 morem

308 1989 483 2025 accidebat,
497 2002 551 2032 pro
574 2002 610 2022 ea
627 2002 697 2032 quae
718 1998 782 2022 tum
798 1993 923 2023 tenebat
943 1992 1049 2033 populi

309 2031 429 2062 animos
452 2033 641 2074 superstitio,
669 2033 841 2074 prodigium
865 2034 1045 2072 haberetur;

307 2073 414 2104 oblata
428 2073 482 2104 illa
498 2085 551 2116 per
569 2075 664 2106 diram
687 2081 899 2117 tempestatem
915 2082 944 2106 et
956 2077 1048 2108 Tibe-

305 2115 347 2146 ris
369 2115 603 2148 inundationem
622 2117 771 2158 prodigia,
790 2124 902 2158 praeter
921 2118 1048 2157 Augus-

309 2163 387 2192 tum,
417 2159 569 2189 neminem
600 2169 668 2190 esse
696 2159 747 2199 qui
777 2169 940 2200 procurare
975 2161 1048 2191 deo-

307 2209 438 2239 rumque
457 2199 532 2230 iram
557 2201 682 2241 placare
704 2202 811 2242 possit,
831 2206 921 2242 poeta
940 2201 971 2232 iu
990 2201 1049 2233 hoc

309 2240 449 2272 carmine
465 2243 611 2273 ostendit.
655 2243 788 2273 Tantam
806 2242 866 2273 vim
882 2253 1044 2284 aquarum,

307 2284 392 2315 canit
414 2290 517 2326 poeta,
541 2294 558 2315 e
584 2285 665 2315 coelo
686 2284 719 2315 in
746 2290 856 2315 terram
879 2285 1044 2316 demissam

307 2326 454 2362 vidimus,
485 2331 519 2356 ut
547 2326 669 2357 Tiberis
697 2337 790 2367 super
819 2326 902 2368 ripas
930 2327 1046 2358 effusus

307 2367 461 2404 timorem,
475 2378 512 2398 ne
533 2367 738 2399 Deucalionis
753 2368 903 2399 diluvium
923 2368 1046 2406 rediret,

306 2409 461 2450 injiceret.
516 2410 565 2440 En
597 2410 640 2440 dii
667 2410 743 2440 iram
770 2421 857 2441 suam
887 2411 926 2441 ob
962 2411 1045 2442 bella

307 2451 412 2483 civilia
439 2451 642 2494 patefaciunt,
671 2451 951 2493 calamitatemque,
974 2464 1045 2494 quae

307 2493 487 2536 reipublicae
516 2499 628 2539 postrae
658 2494 809 2530 imminet,
837 2495 1043 2536 portendunt!

308 2536 411 2572 Quem
436 2536 542 2572 deum,
566 2542 600 2566 ut
621 2536 739 2567 scelera
757 2542 862 2567 nostra
882 2536 996 2578 expiet,
1015 2543 1047 2568 et

306 2577 373 2609 haec
396 2579 479 2610 mala
502 2588 520 2608 a
542 2577 631 2608 nobis
654 2583 781 2614 avertat,
803 2578 1042 2610 invocabimus!

306 2620 392 2650 Num
416 2620 616 2662 Apollinem?
639 2630 680 2650 an
700 2620 875 2651 Venerem?
897 2630 937 2651 an
957 2622 1044 2652 Mar-

306 2664 390 2692 tem‘!
414 2672 454 2692 an
476 2667 516 2696 te,
532 2661 587 2703 qui
613 2661 747 2702 Augusti
766 2672 927 2703 personam
945 2663 975 2694 in
999 2663 1046 2694 his

304 2703 393 2734 terris
408 2703 549 2738 induisti,
567 2703 784 2734 Mercurium?
809 2704 950 2739 Utinam,
968 2704 1045 2736 deus

306 2745 462 2786 Auguste,
481 2745 536 2776 diu
555 2745 612 2775 sub
633 2745 757 2776 nomine
776 2745 880 2776 Patris
900 2752 932 2776 et
951 2747 1044 2777 Prin-

303 2786 383 2829 cipis
412 2787 494 2829 apud
521 2787 671 2829 populum
700 2787 878 2818 Romanum
908 2798 1045 2819 commo-

303 2829 391 2864 reris,
407 2830 538 2871 ejusque
554 2830 687 2860 salutem
708 2835 830 2860 exteros
844 2829 947 2861 hostes
963 2830 1039 2862 ulci-

303 2871 419 2902 scendo
433 2872 596 2902 confirmes
610 2870 616 2900 !

346 2914 439 2945 1—4.
462 2914 554 2948 Satis,
572 2911 662 2943 nimis
677 2912 820 2948 multum,
838 2912 913 2943 satis
934 2923 1042 2954 snper·

301 2965 374 2995 que.
419 2955 519 2991 Ninia,
535 2955 573 2986 de
592 2955 663 2986 nivo
685 2966 756 2996 quoe
779 2954 871 2986 solito
893 2955 1044 2997 copiosior

1090 1489 1248 1525 ceciderit,
1264 1490 1424 1532 explicant
1437 1490 1631 1532 interprete-5.
1673 1489 1829 1532 Equidem

1091 1532 1171 1565 nivis
1191 1531 1511 1571 commemorationem
1529 1532 1568 1563 ad
1582 1532 1682 1574 ipsam
1697 1537 1829 1574 tempes-

1090 1578 1183 1604 tatem
1206 1585 1276 1614 quae
1299 1575 1348 1605 bie
1366 1574 1549 1606 describitur
1571 1573 1721 1615 pertinere
1743 1579 1830 1615 puto,

1091 1625 1163 1645 curn
1193 1616 1246 1646 nix
1274 1616 1354 1647 inter
1380 1616 1504 1656 fulgura
1527 1626 1654 1658 quoque
1683 1626 1830 1647 nonnun-

1091 1667 1185 1697 quam
1196 1658 1337 1689 decidere
1348 1657 1458 1689 soleat.
1502 1657 1554 1689 Sic
1564 1658 1647 1699 apud
1655 1657 1828 1689 Diotimum

1092 1699 1199 1740 Epigr.
1221 1712 1250 1735 x,
1269 1701 1387 1740 (Anth.
1404 1699 1510 1731 Graec.
1526 1700 1563 1731 T.
1577 1699 1600 1734 i.
1617 1710 1647 1740 p.
1668 1700 1740 1735 186,
1754 1699 1831 1732 edit.

1091 1741 1182 1779 Jac.)
1198 1752 1280 1778 oves,
1295 1752 1427 1783 quarum
1443 1747 1547 1784 pastor
1560 1741 1690 1773 fulmine
1704 1751 1831 1784 percus-

1091 1792 1145 1813 sus
1170 1783 1282 1820 fuerat,
1309 1784 1348 1815 ad
1372 1783 1496 1815 stabula
1522 1784 1635 1832 πολλῇ
1658 1784 1830 1827 νιφόμεναι

1090 1825 1180 1865 χιόνι
1201 1827 1341 1862 redeunt,
1358 1825 1411 1856 ubi
1430 1825 1499 1857 vide
1519 1836 1591 1867 quae
1612 1836 1645 1856 m
1665 1825 1746 1858 hanc
1766 1836 1830 1857 rem

1090 1867 1206 1898 notavit
1234 1867 1443 1899 amicissimus
1474 1867 1642 1900 Jacobsius
1672 1867 1706 1899 in
1735 1867 1830 1900 Com-

1090 1915 1187 1940 ment.
1209 1911 1248 1940 T.
1273 1910 1306 1945 ii,
1331 1921 1362 1951 p.
1389 1910 1460 1940 167.
1505 1911 1578 1946 Quo
1600 1908 1700 1941 rarius
1726 1915 1829 1941 autem

1091 1950 1143 1980 nix
1167 1950 1247 1982 inter
1272 1952 1396 1991 fulgura
1419 1951 1523 1982 delabi
1546 1950 1637 1987 solet,
1666 1961 1703 1983 eo
1731 1952 1830 1993 magis

1090 1992 1146 2023 illa
1159 2003 1212 2034 pro
1226 1993 1364 2034 prodigio
1378 1993 1484 2024 haberi
1498 1991 1611 2035 potuit.
1653 1993 1736 2026 Fieri
1751 2003 1828 2035 quo-

1091 2044 1153 2074 que
1173 2035 1283 2076 potuit,
1304 2041 1339 2066 ut
1362 2035 1510 2066 Horatius
1529 2045 1584 2077 per
1597 2037 1694 2066 nivem
1712 2035 1829 2067 intelli-

1092 2083 1176 2116 geret
1211 2079 1415 2117 grandinem;
1442 2087 1513 2108 nam
1542 2077 1695 2118 particula
1728 2084 1829 2118 atque,

1093 2128 1182 2158 aeque
1197 2128 1233 2150 ac
1251 2130 1305 2159 que
1324 2119 1354 2149 iu
1373 2129 1463 2150 versu
1485 2120 1534 2156 16,
1555 2119 1629 2159 (ubi
1650 2119 1722 2151 vide
1739 2119 1829 2159 not.)

1092 2161 1206 2201 passim
1224 2161 1284 2191 vim
1300 2160 1477 2202 explicandi
1492 2160 1596 2192 habet.
1642 2161 1683 2192 Et
1699 2162 1745 2193 sic
1758 2172 1830 2204 pas-

1093 2201 1199 2233 simet.
1230 2203 1324 2238 Diroe,
1334 2202 1418 2244 quod
1429 2202 1486 2234 diri
1496 2202 1608 2234 ominis
1619 2208 1696 2235 erat.
1740 2204 1829 2236 Misit

1089 2254 1155 2284 pro,
1170 2246 1304 2275 immisit.
1338 2245 1483 2280 Bubeium,
1499 2254 1519 2276 a
1530 2254 1708 2287 repercusso
1721 2245 1827 2278 fulmi-

1089 2295 1164 2316 num
1177 2287 1352 2317 rubentium
1364 2286 1484 2327 fulgore
1492 2292 1582 2328 puta.
1625 2287 1828 2328 sacrasjacu-

1090 2327 1171 2358 lutus
1184 2339 1285 2367 arces.-
1299 2330 1443 2368 jaculari
1456 2339 1539 2360 arces
1579 2339 1626 2364 ro,
1640 2328 1758 2360 fulmen
1778 2329 1826 2371 ja·

1089 2369 1223 2400 culando
1238 2380 1325 2401 arces
1337 2376 1496 2412 percutere
1509 2382 1516 2401 :
1541 2339 1634 2402 gvid.
1651 2371 1727 2402 Am.
1737 2370 1782 2409 iii,
1794 2373 1827 2407 3.

1088 2412 1142 2447 35,
1153 2412 1277 2452 Jupiter
1294 2414 1362 2453 igne
1375 2424 1427 2443 suo
1440 2413 1519 2443 tucos
1524 2414 1686 2453 jaculatus
1697 2420 1725 2444 et
1736 2424 1831 2445 arces.

1088 2453 1151 2484 Per
1163 2465 1256 2490 arces,
1275 2464 1339 2495 qua
1358 2465 1433 2485 voce
1454 2464 1574 2485 summa
1595 2454 1746 2486 montium
1767 2455 1829 2486 fas-

1089 2494 1165 2534 tigia
1184 2502 1342 2532 notantur,
1355 2496 1420 2537 jam
1440 2495 1644 2538 Capitolium,
1660 2496 1707 2528 vel
1724 2498 1829 2538 potius

1090 2537 1205 2579 templa
1235 2538 1266 2568 in
1297 2537 1455 2580 Capitolio
1482 2537 1595 2580 posita,
1628 2538 1829 2580 intelligenda

1086 2589 1164 2615 esse,
1181 2579 1336 2620 adjectum
1349 2591 1438 2612 sacre
1451 2579 1552 2612 docet.

1129 2622 1224 2652 5-8.
1249 2621 1498 2654 Gravesaecntum
1512 2621 1654 2663 Pyrrhae:
1677 2621 1828 2654 foedailla

1088 2667 1237 2705 tempora,
1252 2664 1369 2705 quibus
1384 2663 1560 2695 Deucalion
1573 2673 1645 2694 cum
1662 2674 1755 2696 uxore
1770 2675 1828 2696 sua

1088 2705 1204 2746 Pyrrha
1233 2715 1398 2746 oppressus
1428 2705 1485 2736 fuit
1512 2705 1640 2736 diluvio.
1701 2707 1826 2747 Pyrrha:

1088 2757 1160 2777 cum
1197 2747 1321 2778 delectu
1357 2757 1422 2789 pro,
1461 2747 1688 2784 Deucalionis;
1728 2749 1827 2779 multo

1089 2788 1242 2829 graviores
1274 2789 1358 2820 enim
1390 2788 1639 2820 muliercularum
1673 2788 1706 2819 in
1734 2790 1827 2821 rebus

1084 2830 1212 2872 trepidis
1244 2830 1391 2872 querelae.
1441 2830 1587 2862 Ceterum
1623 2831 1828 2862 Deucalionis

1087 2878 1176 2904 aetate
1195 2872 1348 2903 diluvium
1371 2872 1419 2903 vel
1441 2882 1479 2903 ex
1499 2871 1594 2904 Ovid.
1613 2873 1694 2904 Met.
1718 2873 1740 2908 i,
1761 2875 1826 2905 260

1087 2925 1156 2956 sqq.
1171 2914 1248 2945 satis
1266 2919 1385 2945 notum.
1434 2913 1517 2944 Nova
1531 2921 1673 2950 monstra,
1689 2915 1720 2946 h.
1735 2925 1763 2946 e.
1777 2915 1826 2946 in·

1087 2957 1225 2987 auditam
1251 2956 1283 2987 in
1307 2955 1424 2987 diluvio
1447 2955 1501 2987 illo
1524 2965 1624 2988 rerum
1650 2957 1828 2999 permixtio·
