1884 3288
289 1105 342 1146 15

19 1331 21 1333 .
81 1307 148 1340 nt!
189 1307 384 1351 Compar-aut
397 1306 602 1339 dulcissimos
618 1306 650 1339 in
666 1307 748 1339 hanc
763 1318 828 1340 rem

81 1359 191 1383 versus
223 1350 372 1394 Sapphus
402 1351 544 1393 (Annal.
578 1351 722 1382 Brunck.
750 1350 772 1388 i,
798 1361 829 1403 p.

18 1396 23 1406 ²
82 1393 159 1434 56),
173 1394 317 1427 Γλυκεῖα
331 1395 447 1436 μᾶτερ,
462 1393 554 1426 οὗτοι
576 1392 736 1436 Δύναμαι
758 1405 776 1425 κ
800 1405 825 1424 ε-

13 1443 23 1472 .’
82 1447 154 1470 “w
178 1437 241 1470 τὸν
262 1435 371 1474 ἱστὸν,
398 1436 503 1479 Πόθῳ
534 1436 679 1479 δαμεῖσα
706 1449 769 1468 παι
792 1437 830 1473 ὸς

18 1490 31 1520 ‘5
81 1476 244 1513 Ῥαδινὰν
253 1478 293 1512 δι’
308 1478 525 1522 Ἀφροδίταν,
534 1485 567 1512 et
576 1479 694 1512 Incerti
705 1478 829 1521 EpAix.

82 1522 117 1560 3,
131 1524 164 1563 4,
179 1522 312 1555 Anthol.
328 1522 435 1555 Graec.
450 1523 489 1554 T.
505 1522 547 1560 iv,
564 1533 596 1565 p.
621 1523 693 1554 129.
741 1523 828 1558 Qua-

83 1565 159 1604 lum,
173 1565 348 1602 calathum,
365 1565 432 1598 sive
453 1565 626 1597 canistrum
644 1565 827 1602 vimineum,

82 1607 118 1684 iii
114 1619 196 1685 12:¹⁰
211 1609 360 1683 muulertes
372 1618 541 1683 pensa-susa
551 1609 829 1682 repolnlerggolent.

202 1662 247 1688 ro,
269 1662 395 1690 aaus3
418 1662 438 1683 u
478 1662 595 1688 iti-iv,
664 1675 672 1687 ‚
735 1675 742 1688 ‚
799 1663 828 1683 e-

178 1663 258 1727 ἰὶσε.
305 1695 452 1726 Mineruae
465 1696 614 1730 studium,
623 1700 706 1725 artes
717 1695 830 1726 mulie-

105 1748 165 1776 ιω,
187 1737 305 1781 quibus
331 1743 446 1780 praeest
474 1747 582 1768 earum
612 1737 767 1768 inventrix
798 1743 830 1769 et

82 1781 246 1823 magistra,
257 1781 404 1812 Minerva
418 1792 426 1820 ;
443 1780 527 1812 unde
540 1780 596 1811 illa
610 1791 742 1820 operosa,
754 1780 788 1811 h.
800 1791 830 1812 e.

82 1833 198 1866 gnava,
212 1823 382 1860 industria,
397 1823 520 1855 Graecis
535 1822 687 1866 Ἐργάνη
703 1822 831 1855 dicitur.

83 1866 180 1900 Nitor·
202 1867 312 1903 Hebri,
334 1866 466 1910 pulcher
488 1867 628 1902 Hebrus,
653 1871 688 1898 ut
710 1876 782 1908 sup.
808 1867 831 1903 i,

86 1911 140 1948 19,
163 1912 184 1942 5
216 1910 356 1952 Glycera
378 1912 480 1941 nitor.-
514 1909 626 1951 junge,
655 1910 746 1940 simul
771 1909 832 1950 (si-

82 1952 210 1996 mulae)
223 1955 306 1986 nitor
318 1953 454 1993 Liparaei
466 1952 562 1984 Hebri
575 1951 748 1995 (formosus
763 1953 830 1983 He-

81 1995 190 2036 brus),
205 2002 280 2029 cett.
306 1996 454 2036 Lipares,
470 2006 488 2027 e
505 1995 633 2038 Lipara,
651 1994 830 2026 AEoliarum

79 2038 186 2072 insula
203 2050 280 2076 una,
294 2038 432 2071 oriundi.
468 2038 591 2076 Unctus,
608 2048 654 2069 sc.
672 2039 751 2075 oleo,
766 2048 830 2079 quo

0 2074 25 2110 f*
81 2082 212 2126 quidem
226 2082 260 2114 in
276 2081 446 2114 natationis
455 2089 586 2124 quoque
605 2081 829 2113 exercitatione

81 2124 194 2168 inungi
209 2125 355 2158 solebant
369 2123 517 2156 'uvenes:
544 2125 617 2156 hinc
635 2123 693 2156 inf.
709 2125 776 2155 Sat.
794 2123 830 2161 ii,

23 2207 25 2209 ‚
84 2169 116 2206 1,
132 2169 167 2207 7,
182 2176 231 2202 ter
242 2169 332 2200 uncti
374 2173 543 2199 ransnanto
570 2168 713 2204 Tiberim,
731 2179 830 2199 somno

7 2215 26 2246 Ῑ
81 2212 190 2254 quibus
215 2218 259 2244 ut
281 2222 354 2253 opus
379 2211 456 2242 atto.
501 2211 652 2243 Ceterum
673 2210 713 2242 de
737 2221 826 2252 gym-

81 2253 214 2289 nasticin
233 2253 388 2297 juvenum
413 2254 631 2286 Romanorum
648 2253 828 2285 exercitati·

81 2297 196 2331 om'hu·
219 2297 263 2330 cf.
291 2307 329 2330 su
357 2320 365 2329 .
391 2295 415 2334 i,
439 2298 472 2332 8,
497 2298 517 2328 5
542 2307 613 2339 sqq.
638 2302 670 2328 et
692 2295 736 2327 ibi
761 2305 828 2328 not.

4 2370 6 2374 ,
24 2339 48 2360 ³²
82 2308 622 2382 mmteffiegasidomitorffi
639 2346 738 2375 catus,
751 2339 828 2371 doc-

81 2387 146 2423 m.
170 2383 286 2422 sciens,
309 2389 347 2415 ut
369 2394 440 2426 sup.
462 2383 484 2421 i,
509 2383 561 2418 10,
577 2383 609 2414 3.
654 2383 793 2424 Agitato,
809 2393 828 2414 a

80 2426 215 2467 mnibus
229 2433 318 2470 puta,
333 2437 444 2469 grege5
463 2425 609 2457 similiter
632 2424 724 2468 Virg.
750 2426 829 2457 AEn.

10 2466 214 2515 ‘'³'1Ll85'5
242 2474 503 2511 congregatorum
529 2478 691 2500 cervorum
715 2478 828 2510 agmen

27 2523 37 2551 ,ᾳ
78 2514 222 2553 §mmmm
259 2517 372 2552 vocat;
419 2522 489 2548 nos,
525 2512 638 2543 Rudel.
671 2512 828 2552 Excipere,

79 2556 317 2597 atomorum
331 2554 536 2597 ἐκδέχεσθαι,
552 2554 592 2586 de
613 2555 827 2592 venatoribus,

16 2598 141 2645 Ἀμφὶ
156 2597 193 2632 in
217 2597 343 2630 insidiis
365 2597 515 2630 collocati
539 2597 622 2629 seras
647 2597 828 2640 inopinatas

147 2641 168 2677 μ’
203 2646 283 2675 unt:
306 2640 374 2673 vid.
389 2642 502 2672 Burm.
526 2641 567 2671 ad
590 2640 719 2672 Phaedr.
745 2641 827 2673 Fab.

61 2680 112 2731 ji,
147 2685 180 2723 ι,
193 2685 228 2724 6,
243 2690 276 2718 et
291 2683 331 2716 ad
349 2683 424 2717 ναι.
440 2684 530 2716 riae.
545 2684 588 2720 vi,
605 2684 682 2715 422.

70 2790 75 2792 v
103 2790 141 2811 «ν».
287 2769 491 2802 CARMEN
504 2769 620 2807 ,XIII-

89 2805 175 2847 ῙΣῙΪ-Ήὶ
185 2813 308 2847 fontem
330 2812 498 2856 limpidum
514 2818 546 2843 et
562 2809 716 2843 umbrosis
739 2811 829 2843 arbo-

23 2870 27 2871 *
42 2847 171 2899 ,ζὼς
183 2855 353 2892 consitum,
367 2855 555 2892 Bandusiae,
573 2865 636 2886 non
652 2854 764 2896 procul
790 2854 830 2886 ab

41 2907 81 2931 ““.
126 2934 133 2937 A
167 2897 244 2932 villa
261 2898 295 2932 in
310 2898 451 2934 Sabinis,
476 2898 714 2934 scaturientem,
739 2902 829 2929 aeter-

30 2936 54 2947 ⁸⁴
123 2942 126 2943 ⁷
202 2948 378 2981 consecret,
413 2942 567 2977 solemne,
602 2940 688 2982 quod
720 2940 830 2972 vinum

129 2984 138 3027 J
193 2995 224 3023 ο,
241 2984 334 3018 flores
348 2983 540 3028 spargendo,
554 2989 586 3017 et
604 2982 730 3016 haedum
742 2994 830 3016 mac-

628 185 855 230 LIBER
886 185 970 237 111,
1006 185 1070 228 13.

1543 189 1624 232 159

435 290 543 332 Cras
564 287 798 330 donaberis
820 287 965 338 haedo,

491 356 575 398 Cui
595 355 715 398 frons
739 356 914 411 turgida
935 355 1140 397 cornibus

317 426 345 467 5
375 425 530 467 Primis
552 431 596 466 et
615 423 839 467 Venerem
859 431 903 465 et
925 422 1080 480 proelia
1102 423 1318 465 destinat:

374 493 580 535 Frustra:
613 507 713 534 nam
732 491 902 548 gelidos
925 492 1092 535 inficiet
1114 493 1195 534 tibi

435 561 594 603 Rubro
617 561 827 617 sanguine
848 562 964 603 rivos

490 628 666 671 Lascivi
687 629 864 671 suboles
885 629 1049 685 gregis.

373 695 442 738 Te
463 696 687 753 flagrantis
711 704 836 739 atrox
858 697 968 739 hora
999 695 1219 738 Caniculae

290 764 344 806 10
371 764 528 807 Nescit
550 772 754 822 tangere:
789 773 837 807 tu
859 765 998 821 frigus
1022 764 1205 807 amabile

431 832 576 875 Fessis
599 848 774 876 vomere
796 834 933 875 tauris

490 901 685 952 Praebes‚
709 908 753 944 et
773 902 923 957 pecori
944 917 1070 958 vago.

373 969 474 1011 Fies
494 969 704 1011 nobilium
726 977 774 1012 tu
796 984 972 1025 quoque
992 969 1192 1020 fontium,

372 1037 451 1080 Me
472 1038 644 1080 dicente
667 1038 782 1080 cavis
803 1038 1049 1093 impositam
1070 1037 1210 1081 ilicem

430 1105 572 1156 Saxis,
593 1106 711 1148 unde
732 1105 943 1161 loquaces

491 1173 705 1230 Lymphae
728 1165 935 1216 desiliunt
958 1181 1060 1216 tuae.

873 1306 971 1338 tando
987 1306 1020 1338 in
1036 1307 1107 1349 ejus
1126 1307 1277 1340 bonorem
1296 1308 1434 1341 crastino
1457 1310 1510 1342 die
1533 1310 1624 1342 insti-

873 1355 1000 1381 tuturus
1030 1356 1091 1386 est,
1119 1350 1233 1383 indicit
1262 1352 1464 1384 sacrificium.
1511 1354 1627 1386 Poetas

875 1393 1007 1424 Graecos
1032 1394 1179 1436 exemplo
1212 1404 1270 1426 suo
1300 1394 1333 1425 in
1360 1395 1560 1427 celebrandis
1594 1402 1627 1428 et

874 1437 1102 1467 consecrandis
1139 1436 1282 1468 fontibus
1318 1439 1455 1470 amoenis
1490 1439 1626 1471 Horatio

874 1478 1053 1520 praeivisse5
1072 1480 1120 1511 vel
1137 1490 1175 1511 ex
1191 1490 1282 1512 versu
1308 1482 1360 1517 13,
1386 1481 1454 1512 Fies
1476 1484 1624 1514 nobilium

875 1529 908 1553 tu
924 1522 1201 1565 quoqriejbntium,
1219 1523 1420 1555 manifestum
1437 1530 1499 1556 est.

920 1567 1015 1597 1—8.
1040 1566 1215 1598 Bandusiae.
1262 1567 1435 1603 Bandusia,
1459 1574 1496 1599 ut
1513 1567 1623 1599 Acron

873 1608 913 1639 ad
931 1608 964 1640 h.
982 1609 1006 1640 l.
1021 1609 1177 1647 observat,
1193 1617 1234 1640 est
1253 1612 1322 1651 agri
1341 1611 1513 1642 sabinensis
1528 1614 1624 1653 regio,

873 1652 906 1682 in
934 1663 994 1692 qua
1021 1652 1148 1682 Horatii
1174 1664 1250 1694 ager
1267 1653 1355 1694 j'uit.
1403 1654 1490 1684 Fons
1516 1653 1624 1695 igitur,

876 1704 970 1735 quem
989 1695 1142 1725 Horatius
1165 1695 1316 1732 celebrat,
1340 1695 1386 1726 ibi
1410 1702 1548 1732 scatenS,
1571 1708 1625 1729 vo-

875 1743 965 1768 catus
980 1744 1028 1768 est
1043 1737 1232 1774 Βιιιιαιιεὶιιε,
1255 1748 1272 1769 e
1289 1749 1365 1780 quo,
1386 1745 1422 1769 ut
1443 1739 1501 1770 inf.
1521 1739 1626 1782 Epist.

876 1779 898 1817 i,
928 1781 978 1816 16,
1004 1781 1143 1815 12—14,
1166 1779 1330 1817 discimus,
1357 1780 1511 1822 originem
1533 1792 1624 1814 suam

875 1821 970 1853 traxit
997 1823 1082 1854 rivus
1109 1823 1270 1865 Digentia.
1314 1824 1511 1864 splendidior
1534 1827 1625 1863 vitro,

877 1864 1134 1907 limpidissimus:
1161 1865 1258 1898 ovid.
1271 1866 1401 1899 Heroid.
1415 1879 1467 1903 xv,
1480 1869 1554 1904 157,
1569 1868 1625 1900 Est

877 1910 1006 1945 nitidus,
1032 1911 1182 1950 vitreoque
1202 1913 1298 1951 magis
1318 1912 1495 1950 perlucidus
1516 1914 1624 1948 annii,·

875 1951 930 1982 ubi
946 1951 1037 1993 plura
1054 1951 1087 1982 in
1103 1951 1186 1983 hanc
1203 1962 1268 1983 rem
1283 1952 1371 1984 dedit
1387 1953 1432 1984 N.
1451 1954 1625 1994 Heinsius;

876 1994 992 2036 passim
1019 2000 1139 2032 autem,
1167 2005 1239 2036 quae
1259 1995 1424 2037 perlucida
1439 2002 1526 2032 sunt,
1551 2007 1624 2028 cnm

873 2037 954 2068 vitro
979 2043 1223 2080 comparantur:
1249 2037 1324 2070 hinc
1346 2049 1418 2081 sup.
1442 2038 1464 2075 i,
1492 2041 1544 2076 18,
1573 2042 1624 2076 16,

863 2080 1071 2122 fides—vitro
1115 2082 1305 2121 perlucidior
1324 2093 1334 2118 ,-
1383 2081 1469 2114 unde
1512 2084 1628 2116 vitreus

873 2123 1018 2197 gGraecis
1042 2123 1196 2162 ὑάλινος,
1224 2123 1390 2165 ὑαλόεις),
1421 2137 1489 2168 pro,
1518 2126 1626 2168 splen-

899 2166 982 2202 idus,
1029 2166 1207 2198 erlueidus:
1233 2167 1277 2199 cs.
1301 2178 1373 2210 sup.
1396 2167 1419 2203 i.
1447 2169 1498 2205 17,
1522 2170 1577 2205 20,
1595 2176 1626 2202 et

874 2208 931 2240 inf.
951 2209 994 2244 iv,
1006 2177 1045 2246 g,
1061 2211 1094 2246 3,
1109 2212 1203 2241 vitreo
1217 2212 1350 2242 daturus
1370 2210 1501 2242 Numina
1523 2219 1626 2252 ponto.

875 2252 973 2284 Dulci
988 2254 1080 2295 digne
1096 2264 1187 2289 mero,
1205 2252 1300 2295 digne
1322 2253 1375 2285 cui
1398 2254 1492 2286 dulce
1515 2254 1623 2287 vinum

873 2294 1011 2334 libetur;
1036 2295 1176 2327 nmr‘sine
1190 2297 1337 2338 floribus,
1363 2297 1454 2329 flores
1480 2309 1570 2340 aeque
1588 2310 1624 2330 ac

875 2338 980 2369 vinum
992 2338 1138 2376 libatum,
1153 2345 1188 2370 ut
1200 2350 1264 2371 rem
1276 2350 1413 2378 sacram,
1426 2340 1522 2372 sontis
1533 2351 1626 2383 aquae

872 2380 1031 2424 inspersos
1046 2392 1115 2413 esse
1130 2388 1220 2425 puta,
1266 2383 1320 2414 cl.
1343 2381 1477 2415 Mitsch.
1495 2383 1526 2415 in
1542 2384 1625 2416 hanc

872 2434 937 2456 rem
949 2424 1061 2456 laudat
1081 2425 1233 2457 Varronis
1249 2425 1355 2457 locum
1371 2425 1412 2458 de
1428 2427 1468 2458 L.
1486 2427 1526 2458 L.
1542 2438 1574 2464 v,
1593 2430 1625 2464 3,

874 2467 1156 2510 Fontinaliaferiae
1172 2469 1415 2511 erantfontibus
1425 2471 1546 2506 dicate,
1559 2474 1624 2512 qui-

873 2511 928 2542 bus
944 2517 973 2542 et
989 2523 1104 2542 coram?
1115 2511 1262 2554 insontes
1277 2514 1426 2553 conjiciet
1441 2515 1528 2553 putei
1541 2525 1623 2545 coro-

873 2556 944 2585 nari
968 2555 1113 2586 solebant.
1156 2554 1252 2586 Haud
1275 2554 1337 2598 ipsi
1370 2555 1498 2597 quidem
1529 2557 1626 2589 sontis

873 2606 977 2639 aquae,
993 2598 1047 2628 sed
1066 2598 1238 2640 Nymphae,
1253 2609 1325 2640 quae
1340 2597 1470 2630 domurn
1486 2610 1575 2631 suam
1593 2601 1624 2632 in

873 2639 932 2672 hoc
961 2641 1046 2671 fonte
1072 2641 1188 2672 habere
1215 2642 1399 2684 putabatur,
1417 2641 1474 2673 hos
1500 2642 1625 2674 divinos

872 2682 1007 2714 honores
1030 2683 1131 2715 factos
1152 2694 1232 2720 esse,
1257 2683 1310 2715 vix
1332 2694 1460 2716 monere
1486 2686 1622 2726 attinet;

871 2726 947 2757 hinc
971 2736 1044 2768 sup.
1061 2726 1085 2763 i,
1108 2727 1140 2763 7,
1172 2727 1223 2762 12,
1249 2726 1320 2758 fons
1344 2727 1496 2759 Albunea
1521 2730 1627 2761 domus

872 2770 1028 2806 Albuneae,
1047 2779 1092 2802 sc.
1111 2769 1284 2812 Nymphae.
1300 2776 1444 2802 vocatur.
1461 2772 1623 2815 Nymphae

872 2811 970 2853 igitur
986 2812 1082 2843 sontis
1106 2812 1262 2844 Bandusii
1281 2813 1349 2855 jam
1373 2824 1506 2845 munera
1529 2825 1625 2857 spon—

874 2855 939 2891 det,
957 2866 1030 2897 quae
1047 2855 1127 2887 alias
1142 2855 1204 2886 diis
1223 2856 1401 2897 agrestibus
1417 2856 1521 2887 offerri
1545 2858 1625 2889 sole-

873 2898 970 2930 bant:
995 2898 1035 2929 de
1050 2900 1120 2930 vino
1135 2898 1189 2930 Cl.
1206 2899 1341 2930 Mitsch.
1358 2899 1467 2930 laudat
1488 2900 1624 2932 Leonid.

874 2941 949 2972 Tar.
966 2941 1075 2972 Carm.
1099 2952 1197 2977 xxxv,
1215 2942 1348 2973 Anthol.
1373 2943 1480 2973 Graec.
1503 2943 1540 2972 T.
1556 2942 1576 2978 i,
1594 2954 1627 2984 p.

878 2985 961 3024 1635
985 2991 1017 3016 et
1043 2983 1083 3016 de
1098 2985 1234 3026 floribus
1260 2985 1395 3017 eundem
1421 2986 1529 3016 Carni.
1546 2996 1626 3022 xxx,
