1884 3288
337 219 420 261 126

897 220 1293 265 CARMINUM

561 319 734 362 Merces
752 336 761 362 ε
794 322 961 372 vetabo,
983 323 1056 376 qui
1078 323 1249 364 Cereris
1271 337 1435 364 sacrum

614 386 815 442 Vulgarit
835 402 1014 439 arcanae,
1037 390 1118 430 sub
1138 390 1274 430 isdem

669 453 734 495 Sit
755 455 965 504 trabibus,
987 455 1231 510 fragilemve
1251 470 1415 497 mecum

557 518 701 560 Solvat
722 520 942 574 phaselon.

1003 521 1128 575 Saepe
1152 522 1373 575 Diespiter

472 584 528 625 30
557 584 795 640 Neglectus
816 588 979 628 incesto
1001 588 1171 629 addidit
1189 589 1427 642 integrum:

615 651 735 693 Raro
757 654 1079 694 antecedentem
1093 653 1326 695 *scelestum

671 718 877 760 Deseruit
898 721 1011 774 pede
1034 720 1171 761 Poena
1192 719 1358 760 claudo.

892 904 1163 948 CARMEN
1196 907 1285 948 111.-

555 1040 584 1080 J
588 1053 734 1081 usTuM
756 1054 804 1080 ac
826 1047 1018 1082 tenacem
1037 1041 1247 1095 propositi
1268 1041 1404 1082 virum

553 1106 657 1147 Non
679 1106 832 1147 civium
853 1107 983 1148 ardor
1003 1122 1138 1161 prava
1152 1108 1399 1161 jubentium

327 1234 398 1266 fidei
425 1236 561 1277 praemia,
584 1246 677 1276 quam
725 1245 799 1267 oena
826 1235 962 1277 perfidiae
992 1241 1065 1267 ante

326 1277 434 1308 oculos
449 1278 522 1319 poni
536 1277 662 1310 debent.
726 1284 753 1308 st
767 1284 834 1308 tuta
850 1289 968 1314 merces,
986 1288 1064 1308 con-

327 1318 471 1349 stitutum
504 1325 552 1350 est
584 1326 705 1351 certum
738 1320 900 1361 praemium
930 1320 1065 1362 (μισθὸς

326 1359 515 1408 ἀσφαλὴς),
533 1363 625 1403 fideli
651 1363 781 1397 silentio,
808 1362 838 1392 ei
868 1362 940 1393 fidei
970 1372 1064 1403 quam

327 1412 399 1443 quis
425 1402 456 1434 in
481 1404 572 1434 rebus
601 1403 722 1434 arcanis
746 1403 913 1435 reticendis
939 1404 1060 1446 probet.

326 1444 482 1486 Respexit
506 1445 636 1476 fortasse
666 1450 757 1487 poeta
785 1445 936 1485 singulari
965 1445 1061 1486 hujus

322 1486 446 1518 virtutis
480 1487 771 1518 commemoratione
806 1487 965 1529 perfidiam
1002 1487 1059 1517 ali—

325 1538 431 1570 quam,
447 1539 479 1560 re
493 1529 628 1571 quadam
643 1529 792 1570 gravioris
809 1529 958 1560 momenti
972 1529 1058 1560 evul-

325 1576 410 1611 gata.
426 1576 493 1601 tum
510 1570 656 1612 temporis
678 1571 885 1602 commissam.
929 1571 1061 1602 Amicus

323 1622 413 1643 meus
436 1613 628 1654 Boettigerus
656 1619 814 1654 comparat
839 1613 957 1644 Gnom.
982 1613 1059 1644 edit.

327 1654 468 1685 Brunck.
482 1665 512 1696 p.
523 1657 598 1686 241.
610 1655 706 1686 οὐδὲν
720 1657 851 1693 σιωπῆς
862 1655 931 1686 ἐστι
944 1666 1060 1696 χρησι-

326 1696 486 1738 μώτερον.
520 1697 639 1732 Vetabo,
652 1699 704 1737 qui
718 1697 846 1734 Cereris,
860 1702 933 1728 cett.
946 1697 1062 1728 cavebo

325 1738 414 1774 mihi,
430 1748 469 1768 ne
484 1739 618 1780 perfidus
634 1738 683 1770 vel
698 1738 802 1780 impiae
815 1739 906 1769 istius
922 1738 953 1769 in
970 1739 1062 1769 rebus

325 1779 448 1811 arcanis
467 1781 666 1812 enuntiandis
686 1780 818 1811 levitatis
837 1780 940 1816 homo,
956 1790 1060 1812 exem-

326 1822 370 1863 pli
392 1832 498 1858 causa..
514 1823 569 1864 qui
593 1822 714 1854 Cereris
730 1822 875 1864 mysteria
896 1823 1060 1864 evulgarit,

325 1874 390 1894 una
402 1874 523 1895 mecum
534 1865 583 1896 vel
596 1865 716 1896 habitet
727 1865 774 1896 vel
786 1865 909 1906 naviget
921 1877 929 1903 ;
947 1865 978 1895 h.
989 1865 1060 1896 erin

325 1906 434 1948 perfidi
450 1907 499 1937 vel
521 1906 637 1948 perjuri
650 1906 784 1937 hominis
803 1907 951 1938 societate
971 1907 1058 1947 equi-

326 1948 396 1978 dem
421 1958 490 1979 esse
517 1949 600 1979 nolo.
647 1950 762 1979 Cereris
786 1960 904 1979 arcanae
930 1959 1058 1986 sacrum,

325 1999 414 2021 sacra
439 1990 623 2028 Eleusinia;
644 1990 677 2021 in
699 1990 813 2031 quibus
839 2001 911 2021 cum
939 2000 1060 2021 summa

323 2032 472 2072 religione
483 2032 640 2064 reticenda
649 2038 752 2063 essent
762 2042 888 2068 arcana,
900 2032 1058 2064 hominem

327 2078 439 2105 temere
462 2084 510 2105 res
536 2084 664 2106 arcanas
689 2074 879 2106 effutientem
903 2080 1059 2116 comparat

325 2122 416 2156 poeta
431 2126 502 2147 cum
517 2117 577 2147 isto
591 2117 732 2152 scelesto,
747 2116 802 2158 qui
815 2116 935 2157 aliquid
947 2127 985 2148 ex
997 2117 1060 2147 illis

324 2157 420 2188 sacris
449 2158 632 2199 vulgaverit.
688 2159 749 2189 Sub
780 2160 883 2189 iisdem
917 2161 1060 2195 trabibus,

324 2199 518 2242 ὁμωρόφιος,
539 2200 729 2242 ὁμότοιχος·
761 2200 902 2242 apposite
923 2201 956 2231 in
979 2201 1059 2232 hanc

322 2245 388 2273 re‘m
415 2242 466 2273 Cl.
491 2241 624 2273 Mitsch.
648 2243 758 2273 laudat
781 2242 909 2274 Callim.
937 2244 1055 2284 Hymn.

323 2283 356 2314 in
386 2283 458 2315 Cer.
488 2285 560 2320 118,
591 2284 754 2325 Δάματερ,
781 2285 826 2326 μὴ
857 2286 960 2322 τῆνος
988 2285 1057 2326 ἐμοὶ

321 2326 427 2367 φίλος,
435 2325 471 2362 ὅς
482 2338 532 2358 τοι
542 2327 697 2368 ἀπεχθὴς
707 2327 781 2365 Εἴη,
791 2325 866 2368 μηδ’
874 2326 1059 2368 ὁμότοιχος.

323 2367 512 2410 Fragilemve
532 2380 643 2399 mecum
660 2371 761 2399 &olvat
779 2370 929 2407 phaselon.
976 2369 1056 2399 Pha-

321 2411 410 2446 selus,
423 2410 580 2446 navicula,
591 2421 654 2452 qua
671 2411 814 2453 AEgyptii
830 2410 971 2453 inprimis
988 2417 1052 2442 ute-

320 2451 447 2487 bantur,
475 2452 594 2493 longior
622 2458 654 2484 et
682 2452 853 2494 angustior,
878 2463 894 2484 a
924 2454 1052 2492 phaselo,

320 2494 577 2535 (Schwertbohue)
600 2495 693 2536 cujus
712 2495 840 2526 formam
861 2495 924 2526 fere
943 2495 1053 2527 refere-

321 2535 395 2573 bat;
413 2536 481 2577 jam
501 2547 555 2578 pro
569 2537 681 2578 quovis
696 2537 812 2578 navigii
833 2547 966 2577 genere:
988 2538 1054 2579 epi-

320 2577 429 2610 theton
442 2578 576 2620 fragilis
594 2579 722 2620 phaselo
745 2578 897 2621 inprimis,
913 2589 952 2610 ex
974 2586 1054 2611 terra

319 2624 402 2651 tosta
415 2620 531 2662 quippe
542 2621 696 2657 confecto,
707 2622 786 2652 bene
798 2621 943 2652 convenit
955 2634 963 2660 ς
980 2621 1053 2652 hinc

317 2663 430 2701 phaseli
446 2662 563 2703 fictiles
582 2662 731 2694 dicuntur
744 2663 893 2695 Juvenali
913 2674 963 2699 xv,
983 2665 1053 2696 127.

318 2704 358 2734 In
378 2704 563 2736 sententiam
583 2705 632 2736 Cl.
650 2705 782 2736 Mitsch.
805 2712 965 2748 comparat
986 2707 1050 2737 Eu-

317 2745 375 2788 rip.
392 2746 507 2778 Electr.
526 2747 619 2778 1334.

359 2789 498 2819 29—32.
543 2789 623 2828 Sapo
647 2789 797 2828 Diespiter
819 2789 980 2830 Neglectns
1002 2793 1049 2820 in-

316 2837 391 2861 cesto
404 2832 524 2862 addidit
539 2833 710 2871 integrum.-
734 2830 858 2872 Jupiter
878 2831 961 2862 enim
978 2843 1050 2872 neg«

316 2873 420 2910 lectus,
448 2872 480 2903 h.
509 2883 537 2904 e.
566 2873 726 2903 hominum
757 2873 914 2914 impietate
943 2873 1050 2909 laesus,

314 2925 397 2957 saepe
413 2914 610 2946 innocentem
625 2915 756 2946 scelesto
772 2914 896 2950 addere,
909 2915 941 2944 h.
958 2926 986 2946 e.
1002 2915 1049 2946 in-

314 2962 490 2994 nocentem,
507 2957 533 2988 si
552 2956 585 2988 in
608 2958 756 2989 societate
776 2957 899 2988 scelesti
915 2963 973 2998 est,
987 2968 1047 2988 una

1106 1246 1177 1266 cum
1194 1247 1230 1268 eo
1246 1237 1356 1278 punire
1379 1237 1469 1269 solet.
1513 1237 1624 1270 Valuit
1637 1237 1706 1270 haec
1719 1240 1758 1271 de
1772 1250 1839 1282 poe·

1107 1277 1156 1309 nis
1170 1278 1360 1320 divinisjam
1386 1279 1468 1327 apud
1488 1280 1721 1322 antiquissimos
1741 1292 1838 1324 popu-

1107 1320 1154 1350 los
1178 1321 1295 1362 opinio,
1311 1321 1380 1352 ideo
1403 1321 1556 1363 inprimis,
1573 1328 1607 1353 ut
1629 1322 1783 1361 homines,
1799 1324 1840 1355 ob

1107 1362 1288 1394 detestabile
1310 1364 1394 1404 quod
1418 1363 1543 1395 scelesti
1568 1364 1653 1406 apud
1675 1364 1754 1396 alios
1780 1365 1840 1397 sibi

1104 1404 1293 1435 contrahunt
1319 1404 1439 1442 odium,
1460 1416 1479 1436 a
1499 1406 1669 1438 sceleribus
1697 1407 1838 1439 commit-

1105 1446 1207 1477 tendis
1215 1446 1450 1485 deterrerentur,
1458 1452 1627 1496 propagnta
1636 1459 1643 1478 z
1660 1447 1748 1479 locus
1757 1449 1840 1480 clas·

1105 1487 1189 1518 sicus
1211 1488 1249 1519 de
1272 1489 1432 1519 communi
1458 1489 1514 1520 nlla
1534 1495 1671 1525 veterum
1694 1490 1840 1532 opinione

1103 1534 1151 1560 est
1175 1530 1259 1572 apud
1283 1530 1395 1572 Eurip.
1419 1531 1504 1572 Sept.
1527 1542 1558 1562 c.
1579 1530 1703 1562 Thebas
1723 1542 1753 1563 v.
1776 1534 1840 1565 606

1103 1581 1173 1612 sqq.
1207 1573 1368 1612 Diespiter,
1386 1573 1530 1614 Jupiter:
1553 1573 1596 1604 cf.
1611 1583 1682 1615 sup.
1698 1573 1722 1610 i,
1737 1575 1791 1610 34,
1807 1577 1838 1607 5.

1108 1613 1188 1644 Raro
1203 1616 1420 1645 antecedentem
1438 1615 1590 1646 scelestum
1608 1614 1749 1646 Deseruit
1766 1619 1839 1656 pede

1106 1655 1199 1686 Paena
1243 1657 1362 1687 claudo.
1427 1655 1598 1697 Vulgarem
1640 1657 1838 1698 sententiam,

1106 1701 1127 1714 “
1144 1698 1293 1728 scelestus
1314 1697 1397 1729 enim
1418 1697 1536 1739 justam
1555 1708 1682 1740 poenam
1703 1700 1839 1742 effugere

1106 1748 1168 1769 non
1189 1739 1322 1781 potest‚''
1339 1739 1499 1782 aptissima
1521 1740 1655 1781 imagine
1667 1744 1837 1783 expressit;

1106 1781 1206 1812 Poena
1231 1792 1299 1812 nem
1346 1805 1353 1817 ,
1377 1788 1413 1812 ut
1437 1781 1496 1814 dea
1521 1783 1696 1823 (Nemesis,
1719 1784 1836 1824 Δίκη),

1106 1823 1224 1854 tamdiu
1250 1792 1416 1855 scefeestum
1440 1823 1553 1855 claudo
1575 1825 1625 1856 vel
1649 1825 1737 1857 tardo
1759 1829 1838 1868 pede

1104 1865 1251 1907 subsequi
1262 1865 1400 1907 fingitur,
1412 1876 1512 1907 usque
1523 1866 1598 1897 dum
1610 1877 1681 1898 eum
1693 1875 1836 1901 assecuta

1101 1913 1160 1938 est.
1205 1909 1235 1938 N
1240 1908 1411 1940 otissimum
1428 1914 1477 1939 est
1490 1907 1572 1939 illud
1587 1908 1705 1940 Tibulli
1721 1909 1743 1946 i,
1757 1911 1789 1947 9,
1805 1913 1837 1950 4,

1102 1949 1174 1980 Sera
1203 1956 1299 1981 tamen
1332 1952 1432 1981 tacitis
1466 1951 1560 1981 Poena
1587 1954 1668 1982 venit
1701 1954 1835 1991 partums.

1102 1991 1210 2022 Multa
1223 1991 1254 2022 in
1268 1992 1349 2022 hanc
1364 1992 1547 2024 sententiam
1559 1992 1703 2035 exempla
1713 2004 1731 2025 e
1745 1995 1835 2026 Grae-

1100 2033 1147 2064 cis
1161 2033 1303 2075 inprimis
1318 2034 1416 2075 poetis
1431 2034 1587 2076 congessit
1602 2035 1654 2066 Cl.
1667 2034 1835 2069 Mitscher-

1103 2075 1230 2106 lichius.

1325 2160 1524 2191 CARMEN
1547 2161 1614 2192 111.

1144 2201 1304 2233 Justitiam
1335 2208 1367 2233 et
1392 2202 1613 2240 constantiam,
1644 2214 1716 2245 quae
1746 2205 1834 2237 nulla

1100 2243 1225 2275 omnino
1242 2244 1271 2275 vi
1285 2249 1317 2275 et
1336 2246 1475 2286 potentia
1497 2245 1622 2276 concuti
1641 2251 1673 2277 et
1685 2256 1706 2277 a
1721 2257 1834 2290 propo·
1846 2257 1854 2263 ·

1100 2285 1158 2316 sito
1183 2285 1295 2316 abduci
1316 2291 1429 2328 potest,
1447 2292 1483 2318 ut
1496 2297 1550 2318 eas
1565 2286 1706 2324 virtutes,
1721 2289 1834 2330 quibus

1096 2326 1163 2368 jam
1179 2327 1252 2358 olim
1275 2328 1405 2359 summis
1425 2329 1539 2376 priscae
1563 2329 1664 2360 aetatis
1677 2330 1833 2367 heroibus,

1105 2369 1276 2405 Dioscuris,
1304 2371 1446 2407 Herculi,
1471 2371 1611 2407 Baccho,
1639 2377 1671 2403 et
1695 2373 1833 2405 Romulo

1095 2411 1220 2442 divinus
1242 2411 1273 2442 in
1298 2412 1380 2444 coelo
1396 2413 1492 2444 honor
1507 2418 1614 2455 partus
1635 2413 1686 2450 sit,
1701 2415 1832 2457 popula-

1096 2453 1182 2484 ribus
1197 2454 1262 2484 suis
1276 2455 1465 2486 exercendas
1478 2455 1686 2487 commendat.
1716 2457 1754 2488 ln
1769 2468 1832 2499 qua

1097 2495 1222 2537 quidem
1250 2496 1359 2526 harum
1384 2497 1532 2528 virtutum
1562 2498 1832 2531 commendatione

1097 2538 1239 2578 quamvis
1262 2538 1356 2569 totius
1379 2538 1526 2570 carminis
1544 2549 1667 2570 summa
1688 2541 1832 2582 ponenda

1096 2585 1156 2615 est,
1175 2585 1266 2622 poeta
1280 2586 1394 2616 tamen,
1411 2586 1445 2611 ut
1465 2581 1595 2612 carmini
1614 2591 1671 2613 suo
1684 2583 1832 2624 majorem

1097 2632 1169 2652 cum
1191 2622 1376 2663 dignitatem
1399 2628 1464 2654 tum
1491 2622 1714 2655 sublimitatem
1739 2635 1830 2667 para—

1097 2670 1154 2699 ret,
1171 2663 1364 2704 digressioni,
1382 2674 1478 2706 quam
1499 2665 1629 2696 Romuli
1651 2666 1831 2708 suppedita-

1094 2706 1148 2736 bat
1170 2707 1357 2748 exemplum,
1381 2707 1480 2738 multo
1505 2706 1630 2748 longius
1652 2717 1747 2748 quam
1770 2709 1831 2752 ipsi

1094 2755 1287 2788 argumento,
1303 2749 1484 2780 immoratus
1499 2754 1560 2780 est.
1597 2749 1704 2790 Fingit
1721 2761 1831 2793 nempe

1093 2791 1262 2825 Junonem.
1287 2791 1410 2833 expiato
1434 2791 1571 2826 tandem,
1595 2801 1658 2833 quo
1678 2792 1734 2823 illa
1753 2803 1830 2834 gen-

1095 2837 1156 2863 tem
1169 2833 1334 2874 'l'rojanam
1348 2832 1452 2863 adhuc
1462 2833 1595 2874 ejusque
1608 2839 1745 2875 posteros
1760 2846 1830 2877 per-

1094 2881 1200 2905 secuta
1228 2875 1338 2911 fuerat,
1361 2874 1442 2910 odio,
1470 2885 1542 2906 cum
1568 2874 1612 2906 dii
1635 2875 1670 2906 in
1696 2877 1828 2908 solemni

1089 2916 1224 2947 ,consilio
1251 2917 1290 2947 de
1323 2917 1459 2949 Romulo
1487 2916 1520 2947 in
1550 2922 1670 2948 coetum
1699 2918 1826 2950 deorum

1093 2958 1270 3000 recipiendo
1288 2959 1505 2995 deliberarent,
1523 2958 1555 2989 in
1576 2959 1658 2990 hanc
1677 2959 1738 2992 fere
1757 2971 1830 2993 sen-
