1904 3314
298 188 384 229 314

843 189 1274 232 SATIRARUM

424 291 572 346 Atque
593 291 686 346 ipsa
706 290 880 341 utilitas,
895 292 1003 346 justi
1022 306 1157 347 prope
1177 298 1312 332 mater
1331 298 1374 332 et
1395 293 1520 346 aequi.

420 359 566 405 Quum
586 365 894 413 prorepserunt
913 359 1060 413 primis
1081 357 1275 399 animalia
1294 358 1432 407 terris,

310 424 390 465 100
419 424 590 465 Mutum
612 432 654 465 et
674 432 799 478 turpe
819 439 965 478 pecus,
988 424 1185 479 glandem
1206 431 1334 478 atque
1356 424 1510 465 cubilia
1530 431 1705 479 propter

419 490 650 545 Unguibus
672 498 715 531 et
737 492 903 544 pugnis,
927 491 1024 531 dein
1047 490 1244 539 fustibus,
1268 498 1395 544 atque
1416 491 1475 530 ita
1495 505 1624 544 porro

419 557 677 611 Pugnabant
698 559 836 606 armis,
859 572 955 610 quae
977 564 1074 610 post
1095 557 1375 597 fabricaverat
1404 572 1521 606 usus,

419 623 572 664 Donec
593 624 735 671 verba,
757 624 914 676 quibus
937 637 1060 663 voces
1081 637 1315 676 sensusque
1336 629 1546 671 notarent,

417 690 688 743 Notninaque
709 691 931 738 invenere;
965 689 1118 730 deliine
1139 690 1347 729 absistere
1366 687 1492 734 bello,

309 756 388 796 105
419 756 594 810 Oppida
615 763 838 810 coeperunt
858 756 1037 803 munire,
1060 763 1102 795 et
1124 770 1281 809 ponere
1302 754 1435 809 leges,

419 823 490 863 Ne
511 824 606 876 quis
628 823 696 863 fur
717 830 845 871 esset,
868 837 949 862 neu
971 821 1094 870 latro,
1118 836 1199 862 neu
1221 822 1314 874 quis
1337 821 1518 862 adulter.

417 889 532 929 Nam
551 889 631 929 suit
651 896 747 929 ante
773 887 979 929 Helenam
999 902 1163 929 cunnus
1185 888 1414 928 deterrima
1435 887 1534 928 belli

415 955 570 1003 Causa,
594 956 669 995 sed
691 955 847 1009 ignotis
868 954 1089 1008 perierunt
1111 954 1318 994 mortibus
1339 952 1410 1002 illi,

417 1020 539 1067 Quos
560 1021 774 1062 Venerem
793 1022 994 1061 incertam
1015 1021 1231 1072 rapientes
1253 1034 1366 1059 more
1391 1019 1580 1060 ferarum

307 1087 387 1127 110
416 1086 593 1127 Viribus
614 1087 767 1126 editior
788 1087 996 1133 caedebat,
1018 1092 1065 1124 ut
1086 1087 1127 1124 in
1146 1099 1278 1138 grege
1301 1092 1463 1126 taurus.

414 1152 443 1192 J
448 1167 523 1192 ura
542 1153 712 1192 inventa
732 1158 847 1191 metu
867 1151 1014 1205 injusti
1037 1150 1194 1190 fateare
1215 1164 1390 1191 necesse
1411 1159 1492 1200 est,

417 1218 636 1272 Tempora
657 1218 691 1257 si
713 1218 929 1270 fastosque
950 1215 1052 1257 velis
1074 1215 1267 1257 evolvere
1288 1217 1449 1258 mundi.

304 1343 446 1374 Porrecto
451 1344 578 1384 jugulo,
596 1353 628 1373 se
646 1342 851 1374 occidendum
868 1340 956 1382 quasi
972 1345 1031 1370 tra-

304 1384 381 1414 dens
396 1386 536 1415 recitanti
551 1397 559 1423 ;
575 1394 646 1414 nam
660 1385 734 1415 mali
747 1385 910 1425 scriptores
919 1382 1034 1422 scripta

304 1435 360 1456 sua
377 1427 533 1457 recitando
549 1437 613 1460 eos,
629 1436 707 1467 quos
723 1437 755 1457 se
777 1425 883 1456 audire
905 1429 1033 1464 cogunt,

305 1470 437 1499 occidere
463 1469 627 1499 dicuntur:
653 1468 693 1498 cf.
711 1468 766 1498 inf.
789 1467 888 1509 Epist.
904 1467 943 1496 ad
968 1466 1033 1495 Pis.

305 1511 418 1544 v.475‚
432 1511 522 1545 Quem
538 1522 605 1541 vero
619 1512 764 1549 arripuit,
776 1517 855 1540 tenet
871 1510 1033 1547 occiditque

308 1553 447 1592 legendo‚·
465 1559 496 1583 et
509 1553 579 1582 hinc
595 1553 742 1582 Horatius
755 1552 810 1581 inf.
823 1553 887 1581 Sat.
899 1550 921 1585 i,
935 1551 967 1583 9,
980 1551 1032 1584 74,

304 1593 379 1624 dum
394 1595 434 1624 ab
451 1594 573 1625 homine
596 1594 717 1634 garrulo
740 1599 873 1628 tenetur,
890 1592 989 1632 lepide
1003 1601 1034 1620 se

307 1638 360 1666 sub
381 1639 443 1675 ejus
467 1638 566 1666 cultro
590 1646 658 1669 esse,
685 1635 739 1665 ait.
794 1637 902 1668 Audit,
929 1632 1036 1663 audire

301 1677 434 1716 cogitur.

344 1720 396 1749 90.
425 1720 555 1754 Lectum,
581 1718 742 1749 instratam
771 1719 852 1748 lecto
881 1715 1032 1747 triclinari

302 1767 417 1791 vestem
430 1761 610 1799 stragulam.

347 1804 400 1834 91.
441 1803 570 1837 Tritum,
601 1802 681 1832 torni
716 1811 775 1831 usu
803 1801 938 1831 effictum
970 1799 1033 1830 sive

305 1849 477 1879 tornatum;
501 1843 558 1874 suit
573 1844 666 1884 igitur
679 1843 819 1883 dejectus
835 1843 888 1872 ille
905 1842 1030 1873 catillus

304 1892 441 1916 toreuma
466 1886 618 1916 Evandri:
645 1894 736 1916 terere
758 1895 813 1925 pro
836 1891 956 1914 tornare
980 1894 1029 1914 ac-

305 1928 426 1968 cipiunt
449 1928 540 1958 etiam
566 1927 650 1968 apud
680 1928 770 1965 Virg.
797 1927 876 1956 Geo.
899 1926 932 1962 ii,
957 1927 1030 1960 444,

305 1970 374 2000 hinc
399 1972 495 1999 radios
516 1971 624 1999 trivere
652 1971 746 2003 ratis‚·
779 1967 900 1997 scilicet
924 1967 1031 1997 artifex

304 2011 353 2042 vel
366 2018 453 2041 torno
469 2013 506 2052 (a
519 2011 624 2052 τεὶρω,
638 2009 769 2051 τέτορα,
782 2016 853 2043 tero,
867 2007 968 2047 trivi),
982 2010 1030 2040 vel

305 2054 392 2088 caelo.
410 2053 455 2083 vel
473 2053 595 2093 scalpro
609 2052 706 2083 eradit
723 2058 754 2081 et
775 2051 886 2081 deterit
906 2061 943 2081 ex
966 2061 1029 2081 ma-

306 2095 392 2129 teria.
408 2095 491 2136 quod
507 2094 578 2125 inde
596 2094 742 2124 detritum
764 2093 852 2130 vult;
876 2103 953 2133 opus
977 2102 1030 2122 au-

305 2143 367 2168 tem
390 2136 556 2177 insculptis
578 2136 683 2176 figuris
698 2135 879 2165 distinctum
904 2139 1031 2164 vocatur

304 2179 354 2210 vel
379 2185 518 2209 toreuma
545 2178 592 2208 vel
620 2187 698 2219 opus
730 2176 893 2206 caelatum:
939 2176 1029 2215 Virg.

308 2221 377 2252 Ecl.
408 2221 453 2258 iii,
485 2221 623 2256 37—:39,
656 2220 694 2250 de
731 2218 852 2248 duobus
889 2218 1028 2258 poculis:

304 2265 439 2294 coelotum
463 2264 558 2292 divini
584 2272 656 2300 opus
678 2261 907 2291 Alcimedontis.-
933 2259 1030 2288 Lenta

304 2307 409 2346 quibus
423 2312 508 2335 torno
520 2305 618 2344 facist
630 2304 824 2342 superaddita
840 2303 910 2331 vilis
930 2301 1031 2342 Diffit-

303 2348 463 2378 sas-hedera
475 2350 559 2376 vestit
571 2346 701 2384 pallente
709 2345 867 2384 corymbos.
895 2343 1033 2373 Evander

305 2389 365 2421 fuit
390 2389 493 2419 clarus
516 2388 652 2424 caelator,
681 2387 746 2427 qui.
775 2391 808 2415 ut
833 2384 922 2414 refert
944 2391 1032 2414 vetus

305 2431 505 2466 Scholiastes,
529 2440 547 2460 a
569 2430 615 2459 M.
631 2428 768 2459 Antonio
790 2426 923 2457 Athenis
939 2426 1031 2456 Alex-

306 2473 444 2504 andriam
462 2472 638 2508 translatus,
655 2477 681 2501 et
702 2471 772 2500 inde
796 2470 874 2499 inter
896 2476 1032 2508 captivos

307 2517 439 2546 Romam
460 2514 621 2549 deductus,
641 2513 739 2542 multa
762 2521 853 2552 opera
878 2510 1032 2540 mirabilia

303 2557 413 2588 fecisse
429 2556 566 2586 traditur.
615 2556 692 2584 Fieri
715 2563 840 2594 quoque
864 2552 973 2592 potuit,
998 2558 1031 2582 ut

305 2599 442 2640 dejectus
466 2598 518 2628 ille
541 2597 668 2628 catillus
693 2597 798 2638 priscae
827 2594 925 2624 aetatis
954 2603 1030 2635 opus

303 2648 384 2672 esset
401 2643 454 2682 (ut
469 2641 525 2670 inf.
542 2641 605 2669 Sat.
621 2638 652 2674 ii,
670 2643 700 2673 4,
717 2640 769 2671 80.
788 2645 868 2667 oetas
882 2636 1029 2673 crater-11),

305 2683 389 2725 quod
415 2682 485 2712 olim
514 2681 666 2714 Evander,
696 2678 954 2710 celebratissimus
977 2678 1030 2709 ille

305 2727 414 2759 Arcas,
437 2725 572 2754 munibus
596 2724 726 2755 triverit,
755 2722 784 2751 h.
801 2732 828 2750 e.
854 2727 1029 2754 versaverit,

305 2766 492 2798 tractaverit.
537 2766 588 2795 Sic
604 2765 660 2794 inf.
677 2768 739 2793 Sat.
755 2763 789 2798 ii,
807 2764 837 2795 3.
851 2764 901 2794 20.
916 2763 1031 2792 mentio

305 2810 339 2840 fit
357 2811 429 2840 uasis
442 2810 526 2841 oeriei,
544 2819 600 2847 quo
617 2807 758 2846 ¹Sisyphus
773 2807 856 2844 pedes
872 2806 989 2834 laverit.

335 2853 376 2882 93
387 2861 456 2892 sqq.
469 2851 539 2882 Hoc.
550 2850 588 2879 ob
598 2849 655 2878 hoc
666 2851 792 2882 tactum,
801 2847 840 2877 ob
848 2853 1030 2886 pra-septum

304 2904 321 2926 e
337 2893 440 2925 catino
454 2892 595 2934 pullum:
619 2891 659 2921 cf.
670 2890 709 2920 ad
725 2892 793 2921 Sat.
808 2888 830 2924 i,
846 2890 875 2924 1,
890 2889 1033 2934 fio—95.

305 2937 380 2967 Fide
402 2935 528 2976 antique
551 2933 722 2976 prmfidei,
745 2936 780 2963 ut
800 2930 864 2962 Od.
888 2929 933 2967 iii,
953 2930 983 2966 7,
1001 2932 1031 2962 4.

1077 1340 1253 1379 Sponsumre
1268 1346 1402 1382 negaret,
1427 1340 1549 1381 quodve
1571 1339 1747 1382 spopondit,
1770 1351 1803 1372 se

1076 1382 1277 1423 spopondisse
1292 1381 1430 1419 negarit:
1455 1383 1519 1413 vid.
1536 1383 1658 1413 Ernest.
1667 1382 1700 1413 in
1712 1381 1805 1413 Clav.

1078 1424 1147 1454 Cic.
1163 1434 1189 1454 s,
1208 1434 1282 1455 voce
1297 1425 1443 1463 Spondere
1458 1430 1488 1454 et
1502 1424 1633 1463 Sponsio-

1119 1467 1172 1502 96,
1188 1466 1240 1496 97.
1266 1467 1351 1499 Quis.
1367 1465 1542 1507 philosophi
1565 1463 1710 1507 (Stoici),
1733 1464 1804 1506 qui-

1074 1507 1146 1537 bus.
1174 1507 1259 1542 Fere,
1272 1507 1370 1547 junge
1383 1517 1452 1537 cum
1463 1509 1572 1546 ρανίιις
1587 1506 1641 1538 sed
1652 1507 1804 1538 Baxterus

1076 1549 1166 1578 refert
1171 1549 1244 1589 fere
1260 1549 1297 1578 ad
1316 1551 1463 1579 laborant.
1510 1549 1661 1580 Laborare
1670 1549 1735 1590 Jam
1746 1554 1804 1584 est.

1077 1591 1257 1620 difficultate
1274 1591 1387 1631 premi3
1413 1602 1502 1630 quum
1515 1598 1634 1622 ventum
1648 1595 1687 1621 ad
1702 1601 1805 1622 verum

1079 1639 1130 1666 est,
1146 1643 1217 1662 cum
1236 1642 1293 1667 res,
1310 1639 1345 1662 ut
1359 1643 1492 1673 quaeque
1514 1643 1583 1664 vere
1605 1638 1662 1668 est,
1686 1632 1804 1674 ponde-

1074 1681 1167 1704 ratur.
1211 1674 1330 1709 Sensus,
1357 1675 1472 1714 cuique
1499 1674 1630 1704 insitus:
1669 1675 1738 1706 Cic.
1765 1675 1805 1706 de

1075 1716 1143 1746 Fin.
1170 1716 1212 1751 iv,
1242 1718 1291 1751 19,
1317 1727 1342 1746 s.
1361 1716 1415 1746 fin.
1437 1726 1536 1747 sensus
1556 1718 1634 1747 enim
1648 1719 1802 1756 cujusque,

1074 1764 1102 1788 et
1118 1765 1228 1788 notura
1244 1769 1356 1793 rerum,
1373 1765 1460 1798 atque
1477 1760 1542 1798 ipsa
1563 1759 1672 1789 veritas
1693 1759 1804 1788 elamat

1075 1802 1294 1839 quentammodo,
1321 1812 1376 1830 non
1406 1811 1486 1839 posse
1511 1801 1634 1836 adduci,
1662 1805 1699 1830 ut
1723 1802 1804 1831 inter

1073 1852 1120 1871 eos
1143 1852 1200 1876 res,
1217 1853 1290 1881 qnos
1313 1842 1391 1872 Zeno
1411 1847 1586 1882 exaequuret,
1610 1842 1688 1872 nihil
1708 1843 1803 1872 inter-

1073 1889 1154 1914 esset.
1202 1884 1377 1923 IlIoresque5
1411 1883 1579 1924 disciplina
1607 1882 1702 1919 enim,
1733 1894 1804 1925 quae

1075 1926 1167 1955 vitam
1192 1935 1352 1966 moresque
1375 1925 1559 1963 moderatur,
1579 1930 1708 1966 peccata
1725 1924 1802 1956 levi-

1075 1977 1125 1997 ora
1143 1977 1160 1996 a
1175 1968 1363 2007 gravioribus
1376 1967 1550 2007 distinguit.

1116 2010 1168 2039 98.
1192 2011 1288 2049 Atque
1303 2012 1366 2048 ipsa
1386 2010 1514 2044 utititas,
1533 2013 1607 2040 cett.
1631 2008 1802 2040 secundum

1075 2050 1258 2081 sententiam
1282 2051 1516 2092 Epicureorum,
1539 2050 1606 2092 qui,
1629 2050 1712 2092 quod
1734 2059 1802 2082 rec·

1075 2098 1141 2122 tum
1164 2098 1196 2122 et
1218 2103 1342 2133 aequum
1366 2098 1424 2128 est,
1443 2103 1461 2123 a
1476 2092 1635 2124 communi
1657 2092 1802 2123 humanae

1076 2134 1232 2164 societatis
1245 2134 1378 2165 utilitate
1394 2140 1550 2176 repetunt.

1117 2176 1170 2205 99.
1195 2176 1294 2209 Quum
1305 2181 1610 2216 prorepseruntmett.
1634 2176 1712 2207 Huc
1725 2185 1804 2217 quo·

1074 2226 1134 2256 que
1151 2217 1189 2247 de
1206 2217 1304 2258 primo
1319 2217 1439 2258 generis
1452 2217 1580 2247 humani
1589 2222 1658 2248 ortu
1673 2223 1704 2248 et
1714 2217 1804 2248 cultu

1075 2258 1207 2288 narratio
1233 2259 1271 2288 ad
1297 2260 1520 2300 Epicureorum
1541 2257 1727 2289 sententiam
1750 2268 1804 2290 nc-

1075 2300 1268 2330 commodata
1297 2308 1355 2331 est.
1409 2299 1648 2342 Comparandus
1677 2301 1804 2331 omnino

1078 2342 1225 2372 Horatius
1247 2352 1318 2372 cum
1343 2343 1487 2373 Lucretio
1513 2353 1544 2376 v,
1567 2343 1630 2372 933
1656 2351 1726 2383 sqq.
1750 2342 1804 2373 ubi

1076 2383 1234 2413 hominum
1259 2394 1276 2414 e
1299 2390 1378 2414 terra
1404 2391 1544 2414 natorum
1570 2383 1644 2420 vita,
1666 2383 1803 2421 habitus,

1075 2425 1246 2464 ingenium.
1262 2431 1293 2456 et
1308 2436 1406 2456 mores
1421 2425 1648 2456 describuntur.
1694 2425 1806 2457 Primis

1077 2470 1175 2501 terris,
1201 2466 1298 2508 primo
1325 2474 1471 2508 tempore,
1499 2477 1561 2508 quo
1585 2467 1651 2498 nati
1675 2472 1750 2498 sunt
1771 2467 1804 2499 in

1077 2517 1155 2539 terra
1173 2510 1353 2548 (animalia)
1371 2510 1521 2540 homines.

1122 2552 1191 2582 100.
1228 2552 1346 2581 Mutum
1377 2558 1404 2581 et
1436 2558 1520 2589 turpe
1554 2561 1655 2590 pecus,
1689 2549 1805 2582 similes

1075 2593 1187 2634 pecori,
1203 2594 1285 2634 quod
1303 2593 1439 2623 nondum
1458 2593 1546 2634 loqui
1568 2592 1751 2629 didicerant,
1774 2598 1806 2624 et

1074 2636 1140 2665 sine
1163 2635 1226 2665 ullo
1249 2635 1349 2670 cultu,
1373 2636 1453 2665 sicut
1478 2645 1582 2676 pecus,
1606 2634 1805 2666 incedebant.

1076 2677 1222 2707 Glondem
1250 2685 1336 2716 atque
1365 2678 1476 2707 cubilia
1506 2682 1644 2716 propter:
1681 2677 1803 2708 Lucret.

1075 2719 1095 2749 1.
1122 2719 1142 2748 1.
1172 2730 1201 2749 ν.
1227 2720 1302 2753 937,
1329 2719 1526 2760 Glandij'erus
1552 2721 1632 2748 inter
1655 2719 1804 2749 curabant

1075 2772 1192 2799 corpora
1205 2772 1340 2801 quercus.

1122 2804 1190 2833 101.
1217 2805 1344 2844 Pugnis,
1359 2812 1375 2831 a
1390 2812 1520 2842 pugnus.

1121 2847 1190 2875 102.
1219 2845 1306 2879 Usus,
1335 2843 1443 2874 utendi
1467 2843 1504 2874 iis
1534 2841 1713 2876 necessitas,
1738 2841 1803 2872 sive

1075 2897 1163 2917 usum
1186 2897 1223 2918 ex
1247 2887 1284 2917 iis
1305 2885 1448 2928 capiendi
1469 2884 1645 2916 consilium.
1691 2883 1805 2918 Quibus

1075 2939 1166 2967 voces,
1181 2927 1295 2970 quibus
1310 2937 1402 2960 sonos
1416 2926 1594 2959 articulatos
1613 2924 1802 2968 proferrent:
