1884 3288
652 201 878 246 LIBER
910 202 946 254 I,
977 204 1048 245 33.

367 308 591 351 Decantes
611 305 774 362 elegOS,
795 319 874 348 cur
895 306 975 348 tibi
989 306 1140 361 junior

774 373 904 416 Laesa
924 375 1154 429 praeniteat
1174 374 1278 417 fide.

309 444 337 485 5
366 443 587 497 Insignem
607 442 729 484 tenui
749 441 894 484 fronte
918 441 1142 497 Lycorida

365 510 471 566 Cyri
491 516 630 552 torret
650 525 783 560 amor,
808 510 950 565 Cyrus
971 510 1016 551 in
1036 525 1239 565 asperam

365 578 572 621 Declinat
594 577 818 620 Pholoen:
853 578 932 620 sed
951 579 1073 633 prius
1095 577 1288 634 Appulis

771 646 1024 702 «Iungentur
1045 661 1215 702 capreae
1235 647 1366 704 lupis,

366 714 512 763 Quam
533 714 650 769 turpi
672 713 842 756 Pholoe
861 722 1016 769 peccet
1036 714 1254 758 adultero.

281 783 336 825 10
366 783 439 825 Sic
460 783 598 824 visum
620 781 810 824 Veneri:
844 782 915 824 cui
936 782 1081 837 placet
1101 783 1290 838 impares

364 851 544 893 Formas
565 858 696 905 atque
719 851 882 891 animos
906 851 988 892 sub
1004 851 1114 906 juga
1135 866 1271 893 aenea

771 918 898 960 Saevo
918 919 1092 961 mittere
1113 934 1210 961 cum
1225 920 1343 975 joco.

254 1020 456 1053 CARMEN
480 1019 650 1051 XXXIII.

119 1062 255 1095 Albium
277 1063 454 1101 Tibullum,
478 1063 613 1105 graviter
627 1062 667 1094 de
714 1062 824 1094 raelato

74 1105 136 1138 sibi
151 1117 171 1138 a
185 1107 325 1149 Glycera
342 1106 471 1149 juniore
490 1112 629 1138 amatore
651 1105 692 1137 do
707 1111 823 1143 entem,

75 1160 278 1183 communem
300 1150 389 1182 illam
414 1150 585 1185 fortunam,
616 1159 680 1191 qua
712 1159 823 1191 parum

74 1203 162 1236 sepe
184 1193 218 1224 in
241 1203 348 1225 amore
375 1193 558 1236 conspirent
582 1191 694 1229 animi,
718 1202 825 1224 secum

75 1241 220 1279 reputare
241 1235 354 1279 jubet3
388 1236 482 1279 eique
508 1242 572 1267 tam
598 1235 743 1271 aliorum,
770 1235 826 1278 qui

75 1279 211 1312 eandem
234 1279 268 1310 in
292 1289 398 1311 amore
421 1279 541 1321 experti
562 1278 677 1310 fuerint
697 1283 824 1314 sortem,

76 1333 174 1365 quam
199 1323 250 1355 sui
278 1321 379 1365 ipsius
407 1322 588 1364 exemplum
619 1322 724 1353 solatii
755 1321 826 1353 loco

75 1366 235 1409 proponit.
278 1365 440 1408 Scriptum
467 1366 525 1396 hoc
550 1375 677 1396 carmen
701 1374 770 1395 esse
793 1364 826 1395 in

75 1409 310 1441 nobilissimum
321 1415 444 1451 poetam
457 1408 634 1444 Tibullum,
646 1418 684 1439 ne
694 1407 823 1447 dubita;

77 1461 153 1484 nam
179 1452 221 1490 is,
243 1452 271 1484 si
294 1452 367 1495 quis
393 1451 487 1487 alius,
511 1450 694 1482 decantavit
719 1451 825 1491 elegos

76 1497 273 1532 miserabiles,
296 1495 331 1527 h.
348 1505 378 1527 e.
396 1494 575 1526 mollissimi
599 1493 697 1525 animi
712 1504 826 1525 sensus

77 1539 209 1581 egregie*
227 1538 453 1582 exprimentes„
476 1543 508 1570 et
535 1537 680 1579 querelas
708 1537 825 1579 passim

77 1581 119 1614 de
141 1581 274 1625 perfidia
295 1581 347 1613 vel
374 1581 492 1617 Deliae,
517 1581 569 1612 vel
596 1581 754 1617 Nemesis,
778 1580 828 1612 vel

77 1625 216 1663 Neaeroe,
237 1624 289 1657 vel
313 1624 452 1656 Pholoes
476 1625 628 1666 (quarum
652 1633 748 1654 unam
768 1625 828 1655 sub

77 1667 154 1700 ficto
190 1669 320 1700 nomine
352 1667 491 1708 Glycera:
528 1667 624 1698 latere
658 1666 758 1707 magis
794 1672 830 1698 ut

78 1711 207 1744 credam
235 1711 387 1746 adducor,
413 1720 510 1752 quam
538 1716 573 1741 ut
598 1708 771 1751 Glyceram
795 1709 829 1740 in

79 1753 252 1797 deperditis
266 1753 387 1786 Tibulli
403 1751 598 1784 carminibus
622 1751 754 1783 fortasse
777 1762 829 1784 ce-

79 1797 236 1830 lebratam
266 1807 336 1830 esse
371 1795 581 1836 existimem‚)
618 1795 831 1826 continentes.

80 1839 247 1873 Tibullum
265 1847 371 1872 autem
387 1839 502 1883 pariter
517 1849 554 1870 ac
574 1838 744 1878 Virgilium
759 1838 830 1880 dig-

81 1893 160 1916 num
185 1885 226 1916 ab
250 1883 393 1919 Horatio.
421 1893 515 1924 quem
541 1881 694 1922 singulari
725 1891 831 1913 amore

81 1927 357 1970 complecteretur,
376 1925 518 1957 habitum
542 1925 651 1960 fuisse,
677 1924 748 1966 quis
770 1924 830 1955 sibi

82 1979 147 2002 non
211 1970 377 2002 rsuadeat‘!
423 1969 475 2002 Ad
490 1967 627 2002 eundem
651 1967 769 2010 scripta.
783 1973 832 1999 est

82 2012 140 2045 inf.
186 2013 261 2056 pist.
278 2014 298 2045 4
313 2013 370 2044 lib.
389 2012 481 2055 prim.

129 2057 225 2089 1—4.
259 2056 378 2088 Memor
404 2055 534 2086 Immitis
561 2054 714 2095 Glyceroe,
744 2052 775 2084 h.
800 2064 828 2085 e.

81 2099 275 2141 cogitatione
289 2099 328 2131 dc
348 2098 477 2141 perfidia
493 2097 566 2128 duri
588 2096 724 2139 pectoris
747 2097 826 2138 Gly-

81 2151 162 2175 cera
177 2142 317 2174 animum
332 2148 421 2173 tuum
435 2140 596 2172 crucians.
627 2140 828 2176 Miserabiles,

82 2184 205 2221 flebiles
235 2191 268 2218 et
296 2184 530 2216 miserationem
561 2189 744 2221 moventes;
782 2183 827 2214 sic

82 2227 267 2272 philomela,
277 2229 318 2260 de
333 2227 430 2270 pullis
444 2226 507 2259 sibi
522 2226 671 2258 detractis
680 2236 827 2268 querens,

82 2282 204 2304 carmen
227 2272 397 2304 miserabile
421 2273 578 2312 integrare
601 2269 719 2301 dicitur
744 2270 829 2311 apud

84 2315 270 2358 virg-Gen.
281 2314 322 2352 iv,
334 2316 419 2354 5143
436 2319 468 2346 et
483 2313 529 2345 sie
545 2314 759 2344 miserabiliter
774 2313 828 2355 (h.

83 2368 114 2393 α.
126 2357 293 2399 flebiliter)
307 2359 426 2398 scripte
441 2358 538 2388 literae
553 2357 637 2398 apud
654 2356 725 2387 Liv.
742 2356 828 2393 xxvi,

84 2401 118 2434 8.
147 2401 225 2438 Gur,
235 2409 401 2444 propterea.
413 2399 512 2442 quod,
523 2405 560 2432 ut
575 2399 633 2431 inf.
647 2399 752 2441 Epist.
765 2399 786 2436 i,
799 2401 831 2437 8,

87 2445 141 2477 10.
187 2445 254 2477 Tibi
275 2446 447 2486 preniteat,
469 2454 525 2486 pro
549 2443 647 2479 tenui,
670 2442 728 2473 tibi
751 2453 832 2484 prae-

85 2486 216 2526 feratur,
230 2493 261 2520 te
277 2487 379 2530 potior
393 2486 436 2518 sit
450 2485 535 2535 apud
548 2486 731 2528 Glyceram,
743 2488 832 2526 (laesa

0 2519 34 2574 3}-
75 2530 178 2574 1⁸²⁸»)
201 2541 276 2574 quae
296 2530 404 2563 datam
420 2530 478 2561 tibi
498 2540 531 2560 in
549 2539 653 2561 amore
667 2528 761 2561 fidem
776 2529 833 2560 lae-

0 2579 31 2607 *³1
85 2573 140 2607 nit.
185 2575 334 2607 Ceterum
349 2573 488 2609 suerunt,
504 2572 572 2614 qui,
586 2582 660 2603 cum
677 2583 739 2604 non
756 2572 833 2604 satis

0 2598 35 2655 ⁵2³2ss
85 2623 341 2660 insequerentur,
371 2617 531 2659 quomodo
559 2615 687 2647 Tibullo
721 2620 834 2658 poetae,

0 2659 12 2684 ἶ
27 2660 38 2679 ’·
85 2660 144 2711 qn}
153 2660 222 2704 jam
238 2660 342 2693 etatis
351 2669 435 2691 anno
452 2670 542 2690 xxxx
558 2657 642 2690 diem
651 2669 833 2701 supremum

86 2703 211 2743 obierit,
231 2703 340 2753 junior
362 2712 382 2734 a
403 2702 511 2745 puella
533 2701 672 2750 praeferri
688 2701 833 2744 potuerit,

88 2747 140 2779 vix
166 2747 208 2779 nd
228 2747 324 2779 allum
348 2746 408 2777 boc
431 2755 560 2777 carmen
581 2751 735 2787 scriptum
755 2755 835 2781 esse,

88 2794 300 2823 autumarent.

868 1024 1007 1050 sectatur
1023 1019 1230 1057 Pholoen,ab
1246 1020 1318 1063 ejus
1328 1031 1433 1052 amore
1445 1020 1495 1052 vel
1512 1021 1618 1052 maxi-

867 1073 918 1093 me
934 1062 1169 1096 abhorrentem.
1215 1064 1345 1096 Scilicet
1356 1064 1401 1096 sic
1415 1064 1504 1096 resin
1515 1074 1621 1096 amore

867 1106 1042 1137 constituta
1056 1113 1105 1138 est
1120 1117 1159 1138 ex
1177 1107 1304 1139 decreto
1330 1108 1476 1143 Veneris,
1494 1118 1566 1149 quae
1582 1118 1621 1138 ex

868 1149 1055 1185 amantium,
1075 1160 1179 1191 neque
1196 1151 1296 1181 forma
1311 1161 1413 1192 neque
1429 1150 1545 1181 animis
1557 1150 1620 1181 sibi

869 1193 1140 1234 respondentium,
1157 1194 1383 1236 conjunctione
1397 1193 1477 1224 duro
1495 1199 1622 1236 pectore

869 1235 1064 1277 voluptatem
1093 1237 1198 1279 capit!
1258 1238 1453 1278 Comparant
1480 1236 1513 1267 in
1537 1237 1621 1268 hane

870 1278 1059 1309 sententiam
1076 1280 1205 1311 Mosch.
1225 1279 1319 1322 [dyll.
1337 1280 1380 1315 vi,
1396 1282 1409 1310 l
1429 1278 1621 1321 sqq.:¹'Hpa

872 1322 952 1353 Πὰν
967 1320 1079 1363 Ἀχῶς
1095 1324 1155 1360 τᾶς
1172 1323 1338 1365 γείτονος,
1360 1323 1468 1364 ἤρατο
1485 1321 1511 1354 δ’
1528 1321 1621 1364 Ἀχὼ

871 1367 1045 1405 Σκιρτητᾶ
1057 1365 1211 1408 Σατύρω,
1224 1366 1374 1407 Σάτυρος
1385 1365 1412 1397 δ’
1428 1365 1622 1408 ἐπεμήνατο

871 1406 1003 1443 Awana.
1027 1415 1103 1440 cett.
1123 1409 1204 1440 adde
1229 1409 1360 1440 Callim.
1382 1410 1442 1451 Ep.
1458 1409 1571 1445 xxxiii,
1588 1411 1622 1441 5.

874 1450 1111 1493 Tenuifronte,
1138 1452 1171 1482 in
1199 1452 1287 1483 tenui
1315 1452 1400 1483 enim
1427 1458 1459 1483 et
1486 1458 1623 1493 augusta

871 1492 972 1525 fronte
1010 1503 1082 1536 pars
1118 1495 1295 1526 venustatis
1328 1495 1466 1538 spectari
1500 1496 1624 1527 solebat

871 1536 958 1578 apud
976 1544 1115 1575 veteres;
1140 1538 1215 1570 hinc
1233 1538 1362 1580 puellae,
1378 1545 1414 1569 ut
1425 1539 1571 1570 observat
1583 1538 1623 1570 ad

873 1579 904 1611 h.
920 1579 942 1610 l.
959 1580 1093 1611 Mitsch.
1111 1592 1234 1612 comam
1253 1581 1285 1612 in
1304 1581 1438 1613 frontem
1462 1592 1562 1624 usque
1585 1593 1623 1613 eo

873 1622 1092 1658 demittebant,
1101 1624 1258 1666 υῑβραχὺ
1268 1626 1471 1667 τῷμετώπῳ
1481 1625 1623 1666 μεταίχ-

873 1678 951 1708 μιον
966 1666 1195 1708 relinqueretur
1210 1680 1216 1698 z
1244 1669 1383 1699 Lucian.
1398 1669 1434 1699 T.
1451 1669 1484 1703 ii.
1502 1680 1533 1710 p.
1547 1670 1622 1706 441,

873 1708 950 1740 edit.
970 1709 1087 1745 Reitz.,
1105 1710 1301 1746 Martial.iv,
1314 1712 1368 1745 41,
1381 1712 1414 1742 9.
1463 1712 1623 1747 Decstnat,

874 1761 920 1783 sc.
950 1751 1092 1783 animum
1124 1763 1142 1784 a
1174 1753 1331 1795 Lycoride
1363 1763 1519 1785 aversum.
1565 1755 1624 1786 Sed

873 1796 961 1833 prius
978 1796 1122 1836 Appulis,
1134 1802 1209 1827 cett.
1223 1796 1355 1827 laudant
1367 1797 1532 1839 Aristoph.
1545 1797 1624 1829 Pac.

879 1838 973 1872 1076,
999 1839 1084 1880 πρίν
1107 1851 1165 1871 κεν
1189 1838 1294 1877 λύκος
1320 1839 1565 1881 οἶνξὺμεναιοῖ,
1593 1846 1626 1871 et

878 1880 969 1921 Virg.
987 1882 1060 1912 Ecl.
1076 1882 1142 1918 viii,
1166 1883 1220 1918 27,
1244 1883 1426 1925 Jungentur
1443 1886 1516 1923 jam
1538 1884 1624 1924 Gry·

872 1924 944 1962 phes
969 1927 1062 1964 equis,
1087 1930 1185 1956 cett.:
1210 1925 1253 1956 cf.
1277 1926 1334 1957 inf.
1359 1925 1463 1967 Epod.
1491 1927 1543 1960 16.
1569 1927 1622 1958 30.

874 1966 1069 2009 Jungentur,
1086 1978 1132 1999 sc.
1150 1978 1255 1999 amore
1269 1968 1318 1999 vel
1333 1968 1435 2005 coitu;
1462 1968 1507 2000 sic
1529 1969 1623 1999 Vene-

873 2019 935 2040 rem
948 2022 1016 2041 cum
1032 2012 1404 2052 trucibusfer·isjungere
1413 2011 1494 2042 dixit
1503 2012 1626 2044 Tibull.

874 2051 896 2087 i,
913 2053 1025 2088 9‚‘76:
1051 2054 1093 2085 cf.
1114 2054 1227 2086 Heius.
1251 2054 1290 2084 ad
1314 2053 1412 2085 Ovid.
1436 2055 1529 2086 Rem.
1547 2056 1624 2086 Am.

875 2096 950 2127 407.
986 2096 1191 2137 Turpipeccet
1201 2098 1355 2132 adultero,
1367 2097 1535 2129 inhonesto
1547 2098 1625 2140 Cyri

875 2149 980 2170 amore
993 2140 1171 2172 castitatem
1187 2150 1279 2171 suam
1294 2139 1396 2182 pollui
1411 2140 1560 2183 patiatur.

922 2183 1061 2214 10—12.
1086 2184 1137 2214 Sic
1160 2186 1256 2215 visum
1286 2183 1406 2222 Veneri,
1431 2184 1566 2215 formula
1586 2183 1626 2215 de

873 2225 978 2262 rebus,
1006 2236 1090 2268 quae,
1119 2226 1166 2257 uti
1191 2236 1230 2258 ex
1257 2226 1421 2257 voluntate
1446 2233 1477 2257 et
1500 2227 1626 2258 decreto

873 2268 1003 2300 deorum
1025 2269 1206 2301 constitutae
1226 2275 1312 2305 sunt,
1339 2269 1384 2300 ita
1406 2269 1472 2300 fieri
1496 2269 1626 2301 omnino

873 2311 1002 2344 debent.
1017 2312 1201 2344 Ovid.Met.
1209 2313 1232 2348 i,
1243 2313 1319 2348 366,
1330 2313 1380 2344 Sic
1391 2315 1486 2344 visum
1497 2315 1627 2353 superis,

873 2361 907 2386 et
928 2365 1012 2397 saepe
1035 2355 1131 2386 alibi:
1161 2355 1204 2387 cf.
1227 2357 1340 2387 Burm.
1364 2355 1404 2386 ad
1428 2355 1520 2397 Virg.
1546 2357 1627 2389 AEn.

875 2397 910 2434 ii,
922 2399 998 2430 427.
1021 2399 1080 2429 Cui
1091 2400 1204 2439 placet,
1215 2399 1267 2430 cui
1280 2399 1395 2441 volupe
1408 2404 1470 2430 est.
1491 2400 1626 2439 Impares

868 2441 1002 2479 formas,
1031 2441 1186 2473 formosos
1212 2451 1249 2473 ac
1276 2441 1444 2473 deformes.
1490 2442 1625 2483 Impares

877 2488 1003 2524 animos,
1019 2484 1163 2517 homines
1177 2484 1293 2517 diversi
1310 2484 1441 2526 ingenii.
1473 2485 1627 2529 Subjuga

877 2538 971 2560 aenea
988 2531 1119 2565 mittere,
1137 2529 1353 2570 constringere
1367 2527 1483 2559 amoris
1498 2529 1628 2561 vinculo

877 2570 1068 2608 firmissimo,
1093 2582 1149 2614 pro
1173 2571 1332 2620 simplice,
1360 2571 1521 2614 copulare,
1549 2581 1627 2603 con-

874 2613 1022 2656 jungere.
1065 2615 1087 2645 J
1091 2627 1164 2658 zaga,
1181 2614 1346 2646 notissima
1366 2614 1574 2647 translatione
1589 2616 1628 2647 de

878 2657 992 2689 amoris
1038 2657 1187 2696 vinculis,
1241 2658 1360 2700 quibus
1413 2657 1630 2700 conjugantur

878 2709 1042 2732 amantes:
1079 2712 1186 2737 aenea,
1219 2712 1291 2743 quae
1322 2711 1383 2732 non
1415 2701 1510 2732 facile
1548 2701 1630 2733 solvi

881 2749 1028 2787 possunt,
1045 2755 1129 2785 quae,
1146 2743 1201 2786 qui
1216 2749 1312 2780 amat,
1337 2754 1401 2776 non
1424 2743 1520 2776 facile
1542 2755 1628 2776 rutn-

352 2789 413 2821 Sed
449 2798 546 2829 quam
579 2798 664 2830 saepe
694 2787 839 2820 accidere
882 2798 955 2829 pere
969 2787 1018 2819 vel
1034 2786 1074 2818 iis
1088 2797 1121 2818 se
1136 2786 1287 2829 expedire
1307 2792 1428 2829 potest:
1454 2787 1512 2819 inf.
1532 2786 1577 2823 iii,
1595 2789 1629 2823 9,

0 2862 4 2864 ,
19 2871 21 2873 ¹
89 2833 181 2872 nolet,
197 2839 235 2866 ut
254 2832 371 2876 puellm
392 2831 444 2863 vel
459 2830 572 2873 viginti
587 2837 724 2873 quatuor
738 2841 839 2862 annos
886 2831 937 2869 17,
955 2831 1039 2866 Quid
1054 2833 1079 2862 si
1091 2832 1193 2871 prisca
1205 2832 1283 2861 redit
1304 2830 1415 2867 Venus,
1428 2830 1632 2872 Diductosque

0 2874 10 2877 '⁸
30 2889 34 2892 ·
89 2882 166 2910 m
178 2875 290 2919 juveni
301 2875 400 2908 alium
413 2884 451 2906 eo
461 2874 619 2916 juniorem
630 2873 795 2916 praeferant
808 2873 815 2904 ἔ

133 2920 234 2953 ὃό-Θ,
257 2919 372 2951 Nexus
393 2923 427 2950 et
447 2927 579 2949 sensus:
605 2927 669 2948 non
691 2917 749 2948 tibi
765 2916 838 2952 soli,

91 2962 147 2995 scd
170 2961 243 2995 aliis
270 2961 356 2994 idem
386 2961 420 2992 iu
445 2970 551 2992 amore
576 2960 720 2992 accidere
748 2960 839 2992 solet.

874 2876 957 2915 jugo
969 2875 1050 2916 cogit
1061 2875 1175 2906 aeneo?
1189 2873 1376 2916 simpliciter
1386 2873 1426 2904 de
1437 2872 1552 2904 amoris
1561 2873 1633 2905 vin-

883 2917 957 2948 culo
971 2917 1162 2949 firmissimo.
1184 2917 1264 2948 Ser-vo
1281 2928 1350 2948 cum
1361 2919 1452 2957 joco.-
1477 2916 1546 2947 haec
1563 2916 1633 2947 duri

883 2960 1018 3002 pectoris
1041 2959 1241 3008 χαιρςκσκία
1265 2959 1305 2990 de
1328 2959 1503 2991 amantium
1527 2959 1634 2990 dolore

0 3006 30 3056 [εὶ
88 3005 224 3048 Lycoris
247 3015 375 3048 quoque
402 3009 489 3036 amat
515 3004 650 3045 Cyrum,
678 3009 710 3035 at
737 3003 840 3045 Cyrus
885 3002 1002 3045 passim
1020 3003 1137 3035 Veneri
1153 3002 1313 3034 tribuitur.

26 3062 31 3064 -
856 3056 872 3076 r
