1904 3314
326 230 410 270 766

328 329 382 364 31,
400 329 450 358 12.
495 337 552 359 uec
571 328 702 361 latentes
716 328 814 361 classe
829 329 890 361 cita
909 329 1061 372 reparavit

329 379 398 401 oras
414 369 476 401 Od.
491 371 512 408 i,
526 371 581 405 37,
597 372 653 402 24.

370 413 523 451 repellere.
568 412 684 443 foribus
698 411 872 455 'repulsum
901 412 1060 455 perfundit

329 453 433 494 gelida
447 455 512 485 Sat.
528 453 562 489 ii,
577 455 607 489 7,
623 455 677 485 90.

369 506 521 535 repensus.
565 505 640 526 auro
654 495 744 527 miles
761 497 824 527 Od.
839 496 883 533 iii,
899 498 931 532 5,
946 498 1000 527 25.

369 548 479 577 repere.
523 542 656 579 repserat
683 539 716 568 in
734 549 888 569 cumeram
911 537 1058 570 frumenti

330 580 391 620 Ep.
406 579 428 614 i,
443 580 473 614 7,
489 579 541 610 30.
583 579 683 610 millia
701 585 766 610 tum
786 580 888 622 pransi
905 581 961 611 tria
979 580 1059 621 repi-

329 631 400 652 mus
415 622 481 651 Sat.
497 620 519 656 i,
536 623 568 658 5,
578 622 632 652 25.
674 623 818 661 metaph.:
841 633 996 653 sermones
1010 632 1058 654 re-

329 669 438 705 pentes
453 673 507 704 per
521 663 650 694 humum
667 664 727 705 Ep.
740 663 774 698 ii,
796 666 822 699 1,
837 665 912 695 251.

371 707 514 744 reperire.
560 707 586 740 1,
604 704 678 736 furit
695 711 725 736 te
744 705 873 746 reperire
890 706 952 737 Od.
971 705 993 740 i,
1008 707 1059 743 15,

328 747 383 778 27.
427 752 463 776 ut
475 756 552 783 raro,
570 746 671 788 quise
686 747 798 778 vixisse
816 748 941 778 beatum
961 747 1058 783 dicat,

329 787 462 830 reperire
480 799 630 829 queamus
652 789 717 819 Sat.
739 789 760 822 i.
786 790 815 824 1,
844 790 914 820 119.
958 791 990 824 2,
1008 791 1058 819 in·

329 833 442 864 venire,
455 832 607 871 erfinden:
631 830 786 871 ludusque
801 836 938 872 repertus
949 834 1060 871 (sceni-

331 871 401 911 cus)
418 873 478 913 Ep.
493 873 532 902 ad
548 872 616 902 Pis.
631 874 703 902 405.

373 920 516 954 repertor.
560 913 651 955 pallae
681 913 819 944 honestae
845 914 906 956 Ep.
932 914 971 944 ad
995 914 1061 946 Pis.

380 1004 522 1037 repetere.
587 999 615 1034 l,
638 1000 770 1032 transit..
796 1009 822 1028 e.
843 1009 930 1028 acca
968 1008 1062 1039 quam

330 1039 431 1070 multo
453 1046 569 1081 repetet
585 1040 708 1071 Graecia
730 1039 828 1070 milite
844 1039 905 1070 Od.
925 1040 947 1074 i,
965 1041 1015 1075 15,
1032 1041 1063 1071 6.

331 1081 390 1111 ibit
415 1087 556 1122 repetens
583 1081 764 1112 Nearchum
792 1081 855 1111 Od.
879 1080 924 1115 iii,
947 1082 1001 1116 20,
1028 1083 1060 1112 6.

331 1123 357 1153 si
373 1123 448 1153 forte
463 1133 536 1154 suas
551 1123 716 1164 repetitum
734 1122 850 1153 venerit
870 1132 941 1162 grex
959 1122 1062 1154 avium

331 1165 455 1205 plumas
474 1165 534 1206 Ep.
555 1165 576 1199 i,
593 1166 624 1199 3,
645 1165 693 1194 18.
737 1165 769 1200 2,
788 1166 927 1200 intrans„
942 1166 1062 1195 redire.-

331 1212 500 1247 antequam
520 1210 637 1247 repetat
654 1205 786 1247 paludes
800 1205 944 1236 imbrium
960 1205 1064 1238 divina

332 1248 399 1279 avis
416 1247 478 1279 Od.
493 1247 539 1282 iii,
553 1249 606 1283 27,
622 1249 654 1279 9.
698 1257 804 1278 macra
819 1257 931 1278 cavum
947 1255 1065 1289 repetes

334 1291 395 1332 Ep.
410 1290 433 1326 i,
451 1291 482 1326 7,
498 1292 551 1321 33.
595 1290 701 1321 Caesar
721 1289 830 1331 repetit
849 1290 985 1320 Penates
1002 1290 1064 1321 Od.

332 1332 378 1368 iii,
404 1334 454 1369 14,
478 1333 510 1363 3.
553 1333 584 1367 3,
604 1338 790 1362 retractare:
814 1331 928 1372 grande
953 1342 1064 1363 munus

333 1373 488 1416 Cecropio
511 1380 629 1415 repetes
652 1373 804 1404 cothurno
825 1373 887 1404 Od.
910 1373 945 1409 ii,
964 1374 994 1408 1,
1015 1375 1065 1405 12.

334 1415 393 1447 hoe
419 1415 536 1457 primus
561 1421 681 1457 repetas
705 1426 795 1457 opuS,
814 1415 872 1446 hoc
898 1422 1065 1456 postremus

334 1457 458 1488 omittas
474 1458 532 1499 Ep.
548 1457 568 1494 i,
585 1459 616 1492 6,
633 1458 684 1488 48.
729 1456 849 1498 repetit,
864 1457 949 1498 quod
969 1467 1066 1499 nuper

335 1499 438 1530 omisit
459 1500 519 1540 Ep.
547 1499 570 1535 i,
602 1501 628 1535 l,
653 1499 706 1530 98.
751 1505 931 1540 repetatque
959 1499 1067 1530 relicta

337 1542 396 1583 Ep.
412 1541 436 1575 ἰ,
452 1542 483 1576 7,
498 1542 552 1572 97.
586 1541 653 1571 haec
669 1539 772 1571 decies
788 1541 918 1582 repetita
933 1541 1068 1582 placebit

337 1584 397 1624 Ep.
420 1582 459 1613 ad
483 1583 546 1614 Pis.
563 1583 637 1614 365.
682 1585 814 1612 iterare.-
839 1584 955 1613 susurri
982 1593 1065 1614 com-

336 1625 437 1666 posita
453 1630 630 1666 repetantur
644 1624 717 1654 hora
735 1624 797 1654 Od.
815 1623 836 1659 i,
848 1625 880 1660 9,
894 1625 944 1655 20.
984 1626 1066 1656 Mae-

336 1677 442 1702 ceuaS,
458 1666 612 1706 quomodo
635 1667 758 1697 tecum'.
783 1666 855 1697 hinc
875 1666 985 1707 repetit
1002 1668 1068 1697 Sat.

335 1708 359 1743 i,
385 1709 417 1743 9,
444 1710 495 1739 44.
547 1707 658 1750 quodsi
684 1707 875 1739 interciderit
902 1708 957 1738 tibi
985 1719 1067 1740 nunc

338 1750 471 1791 aliquid,
488 1757 608 1792 repetes
625 1759 695 1780 mox
712 1751 779 1780 Sat.
793 1749 827 1785 ii,
845 1752 875 1786 4,
893 1751 924 1781 6.

388 1803 538 1832 reponere.
589 1794 618 1827 1,
646 1792 677 1822 in
708 1791 847 1823 cubitum
877 1802 910 1823 se
939 1792 1070 1823 conviva

338 1840 465 1876 reponet
499 1836 564 1866 Sat.
590 1834 624 1870 ii,
656 1835 687 1869 4,
717 1835 769 1865 39.
833 1835 864 1869 2,
890 1836 1068 1866 recondere:

338 1882 494 1918 repostum
517 1877 691 1908 Caecubum
717 1876 756 1907 ad
781 1876 874 1906 festas
893 1876 987 1917 dapes
1008 1878 1071 1917 (vi-

339 1917 429 1957 uum)
451 1919 551 1960 Epod.
571 1920 603 1954 9,
626 1920 655 1948 1.
698 1924 732 1948 tu
757 1917 823 1959 pias
848 1918 927 1948 laetis
953 1917 1071 1948 animas

339 1961 463 2001 reponis
487 1960 614 1991 sedibus
639 1959 701 1991 Od.
724 1960 746 1995 i,
768 1961 818 1996 10,
845 1961 892 1990 17.
935 1961 966 1995 3,
984 1962 1070 1990 resti-

340 2009 443 2032 tuere:
471 2002 496 2032 si
521 2012 647 2044 possum
673 2003 788 2032 donata
810 2011 956 2044 reponere
980 2001 1071 2032 laetus

343 2045 404 2085 Ep.
437 2044 458 2079 i,
488 2044 519 2080 7,
549 2045 602 2074 39.
652 2054 708 2074 nec
739 2054 809 2074 vera
838 2045 946 2079 virtus,
974 2055 1071 2084 quum

341 2085 436 2116 semel
464 2085 590 2119 excidit,
621 2090 709 2116 curat
738 2085 843 2127 reponi
871 2085 1073 2116 deterioribus

343 2127 406 2158 Od.
428 2127 473 2162 iii,
496 2130 527 2163 5,
548 2128 600 2158 30.
644 2129 675 2162 4,
691 2134 840 2166 repetere.-
865 2127 981 2163 fabula,
1002 2139 1072 2168 quae

343 2169 430 2211 posci
449 2169 516 2200 vult
536 2175 567 2200 et
589 2174 729 2211 spectata
749 2169 853 2209 reponi
877 2170 938 2210 Ep.
955 2170 994 2200 ad
1013 2171 1073 2200 Pis.

345 2212 418 2242 190.
469 2211 496 2241 si
520 2212 595 2242 forte
619 2210 739 2252 reponis
764 2210 923 2241 Achillem
949 2213 1003 2251 (de
1026 2214 1072 2242 in-

345 2261 427 2294 tegro
444 2253 563 2293 scribis)
578 2252 655 2283 ibid.
674 2253 746 2283 120.
789 2254 820 2288 5,
836 2263 889 2291 pro
907 2254 1005 2291 simpl.
1024 2264 1074 2291 po-

343 2306 431 2326 nere.-
455 2295 541 2335 ligna
557 2305 649 2337 super
665 2295 733 2325 foco
748 2294 832 2335 large
847 2304 998 2336 reponens
1012 2294 1073 2325 Od.

342 2337 364 2374 i,
382 2338 413 2372 9,
430 2337 462 2367 6.

387 2385 551 2418 reportare.
596 2389 652 2410 nec
676 2378 759 2409 bello
787 2388 890 2419 parem
915 2378 1075 2420 reportasti

343 2420 455 2451 ducem
472 2420 574 2462 Epod.
585 2422 617 2455 9,
629 2422 683 2451 24.
720 2430 806 2462 spem
823 2420 935 2450 bonam
948 2420 1074 2451 domum

345 2468 465 2504 reporto
481 2462 586 2493 Carm.
601 2463 681 2493 Saec.
696 2463 747 2492 74.

394 2506 517 2544 repotia.
571 2504 677 2535 licebit
711 2503 765 2534 ille
794 2503 912 2545 repotia
941 2503 1076 2535 celebret

346 2547 411 2577 Sat.
426 2546 458 2583 ii,
473 2547 506 2580 2,
525 2546 578 2576 60.

392 2594 614 2627 reproesemare.
667 2587 851 2618 virtutemne
879 2592 1077 2628 repraesentet

346 2640 506 2671 moresque
523 2630 672 2660 Catonis}
698 2630 758 2671 Ep.
775 2630 797 2664 i,
815 2630 865 2663 19,
888 2630 939 2659 14.

396 2673 610 2711 reprehendere
638 2674 696 2702 sive
724 2673 914 2710 reprendere.
971 2671 996 2701 si
1026 2671 1074 2701 in-

345 2723 466 2755 spersos
484 2714 648 2754 reprendas
663 2724 788 2754 corpore
805 2722 908 2743 naevos
925 2714 990 2743 Sat.
1007 2714 1027 2750 i,
1044 2715 1074 2750 6,

346 2757 399 2788 67.
441 2761 496 2786 aut
517 2754 617 2786 aliena
638 2755 773 2796 (studio)
795 2754 958 2795 reprendes
976 2756 1034 2797 Ep.
1052 2756 1073 2790 i,

348 2800 399 2834 18,
430 2798 482 2829 39.
542 2797 568 2827 si
596 2797 666 2839 quis
695 2802 740 2828 est
771 2807 866 2826 ausus
895 2798 1075 2838 reprendere

347 2850 466 2871 versum
480 2839 539 2881 Ep.
551 2839 584 2874 ii,
597 2841 626 2873 1,
641 2840 714 2869 222.
753 2848 858 2869 versus
874 2838 1076 2879 reprehendet

345 2884 458 2914 inertes
483 2881 542 2922 Ep.
565 2881 604 2911 ad
626 2880 692 2912 Pis.
708 2882 780 2910 445.
824 2890 947 2910 carmen
972 2891 1072 2921 repre·

346 2923 472 2955 hendite
498 2921 574 2954 ibid.
599 2924 674 2954 292.
728 2922 805 2953 nihil
831 2921 861 2951 in
890 2932 1001 2962 magno
1027 2933 1072 2953 re-

345 2965 470 3008 prendis
492 2965 626 2996 Homero
645 2966 708 2996 Sat.
726 2964 747 3001 i,
767 2965 814 3001 10,
829 2965 880 2994 52.
924 2973 959 2995 ea
977 2974 1072 3004 quum

862 242 1005 271 INDEX
1035 243 1292 272 VERBORUM.

1100 330 1323 372 reprehendere
1346 340 1440 362 coner
1463 330 1522 372 Ep.
1545 329 1579 365 ii,
1601 331 1630 367 1,
1649 330 1702 362 81.
1743 329 1828 372 quod

1101 377 1135 402 tu
1158 372 1339 414 reprendere
1359 372 1460 414 possis
1481 373 1548 403 Sat.
1564 371 1599 406 ii,
1615 373 1648 407 3.
1664 373 1736 404 138.
1780 371 1828 402 in·
1881 403 1884 404 ⁷

1101 413 1211 454 dignor
1225 415 1391 456 quicquam
1406 412 1589 456 reprehendi
1604 414 1664 456 Ep.
1676 413 1710 450 ii,
1732 414 1760 449 l,
1776 414 1827 445 76.

1101 461 1218 496 quanto
1251 467 1358 487 curam
1396 455 1545 487 minorem
1577 455 1645 486 haec
1683 456 1830 491 habeant,

1100 502 1187 528 tanto
1209 499 1350 539 reprendi
1371 498 1485 539 justius
1507 497 1571 528 illis
1592 498 1656 529 Sat.
1674 497 1707 534 ii,
1727 499 1759 533 4,
1777 499 1830 529 86.

1100 538 1199 580 major
1215 539 1364 581 reprensis
1380 542 1444 570 Sat.
1460 539 1482 575 i,
1502 541 1552 576 10,
1568 541 1624 570 55.

1143 588 1273 619 reptare.
1322 581 1414 613 silvas
1441 581 1522 612 inter
1550 586 1667 623 reptare
1692 581 1843 625 salubres,
1882 573 1904 627 ;

1102 623 1165 664 Ep.
1180 622 1202 659 i,
1220 625 1251 660 4,
1267 625 1298 654 4.

1144 675 1326 705 repugnare.
1364 675 1472 695 sensus
1486 674 1646 705 moresque
1658 669 1833 706 repugnant
1888 652 1901 678 „²3

1101 706 1167 736 Sat.
1182 706 1203 742 i,
1221 708 1251 741 3,
1267 708 1323 738 97.
1899 722 1901 726 ’

1144 749 1274 787 repulsa.
1317 747 1440 779 sordida
1456 748 1519 779 od.
1534 747 1579 784 iii,
1595 749 1628 785 2,
1646 748 1697 780 17.
1736 747 1834 790 turpis

1102 790 1163 831 Ep.
1179 790 1202 826 i,
1221 791 1248 826 ι,
1265 791 1318 820 43.

1143 834 1268 871 requies.
1318 830 1431 873 pedum
1456 831 1518 862 Od.
1542 831 1562 868 i,
1589 832 1643 866 36,
1673 832 1724 862 12.
1774 830 1838 867 sibi
1885 842 1894 879 ‘J

1103 872 1175 903 dum
1193 873 1329 914 requiem
1345 873 1457 914 quaerit
1474 874 1534 915 Ep.
1548 873 1570 908 i,
1587 874 1618 908 7.
1633 874 1686 904 79.

1144 917 1306 955 requirere.
1350 925 1534 955 generosum
1553 920 1584 946 et
1604 914 1674 946 lene
1693 913 1833 957 (vinnm)

1103 957 1224 997 requiro
1239 958 1295 998 Ep.
1312 957 1334 992 i,
1355 959 1402 993 15,
1420 958 1472 987 18.

1148 1002 1221 1028 reri.
1266 1009 1327 1029 non
1349 997 1421 1033 isto,
1435 1009 1498 1039 quo
1515 1003 1550 1029 tu
1571 1009 1649 1034 rere,
1663 998 1754 1030 modo
1769 999 1835 1029 Sat.

1105 1037 1128 1074 i,
1144 1040 1176 1074 9,
1196 1041 1250 1070 49.
1293 1051 1320 1070 c.
1336 1041 1444 1080 infin..⁴
1469 1046 1564 1071 arx-tu
1591 1040 1663 1071 reris
1686 1051 1757 1071 eum
1785 1039 1834 1070 in·-

1106 1080 1224 1112 sanisse
1243 1082 1308 1112 Sat.
1325 1080 1359 1115 ii,
1377 1083 1409 1116 3,
1429 1082 1499 1112 134.
1541 1082 1676 1113 delenda
1696 1083 1836 1114 earmina

1105 1132 1174 1153 esse
1190 1132 1255 1153 reor
1271 1123 1328 1164 Ep.
1343 1122 1377 1158 ii,
1398 1124 1427 1158 1,
1443 1123 1497 1153 70.

1149 1175 1205 1195 res.
1252 1166 1280 1200 l,
1301 1164 1407 1195 multae
1431 1165 1498 1195 Sat.
1521 1165 1544 1202 i,
1568 1166 1602 1200 2,
1627 1165 1680 1196 97.
1722 1164 1836 1196 multa-

1107 1216 1174 1236 rum
1199 1205 1284 1237 dives
1313 1217 1414 1237 rerum
1440 1207 1501 1247 Ep.
1525 1206 1558 1242 ii,
1583 1209 1615 1242 2,
1637 1207 1691 1238 31.
1740 1206 1837 1238 variae

1108 1248 1173 1278 Sat.
1186 1247 1219 1286 ii,
1229 1249 1326 1286 2,71.
1362 1258 1473 1279 suaves
1490 1249 1557 1279 Sat.
1570 1247 1604 1284 ii,
1619 1249 1714 1285 8,92.
1743 1248 1837 1279 utiles

1109 1290 1170 1331 Ep.
1190 1290 1212 1326 i,
1231 1292 1280 1328 18,
1299 1291 1361 1329 99;
1385 1291 1446 1332 Ep.
1467 1290 1508 1320 ad
1528 1290 1595 1321 Pis.
1613 1291 1688 1321 218.
1729 1295 1838 1321 tenues

1109 1332 1176 1362 Sat.
1192 1331 1226 1367 ii,
1242 1333 1272 1369 4,
1287 1333 1319 1363 9.
1362 1331 1464 1373 parvis
1480 1333 1572 1363 rebus
1585 1342 1710 1374 quoque
1725 1342 1839 1373 magna

1106 1373 1208 1414 juvari
1225 1374 1284 1415 Ep.
1300 1373 1334 1408 ii,
1352 1375 1379 1408 1,
1397 1375 1467 1404 125.
1513 1383 1614 1405 rerum
1629 1373 1765 1415 imperiis
1781 1370 1838 1404 nst-

1109 1425 1164 1446 nor
1184 1416 1248 1446 Sat.
1264 1415 1298 1453 ii,
1317 1417 1347 1453 7,
1366 1416 1418 1446 75.
1461 1426 1563 1446 rerum
1587 1415 1753 1447 concordia
1775 1415 1838 1446 dis-

1109 1467 1177 1488 cors
1193 1458 1254 1498 Ep.
1271 1458 1293 1492 i,
1311 1459 1362 1495 12,
1380 1458 1430 1488 19.
1471 1457 1619 1488 vilissima
1637 1467 1737 1488 rerum
1757 1467 1837 1498 aqua

1111 1500 1174 1530 Sat.
1190 1499 1211 1536 i,
1228 1502 1259 1534 5,
1277 1500 1328 1530 88.
1371 1499 1526 1530 vocabula
1546 1509 1647 1530 rerum
1666 1499 1728 1541 Ep.
1750 1499 1784 1535 ii,
1805 1500 1839 1535 2,

1113 1542 1183 1571 116.
1228 1551 1306 1572 nova
1323 1551 1423 1572 rerum
1439 1542 1563 1572 nomina
1579 1542 1638 1582 Ep.
1653 1540 1693 1571 ad
1708 1540 1774 1571 Pis.
1786 1543 1840 1572 57.

1110 1582 1274 1654 ἒωὲεὲῐὸεηε
1297 1590 1429 1654 cogngta
1442 1583 1595 1614 vocabula
1612 1582 1708 1655 rebup>
1723 1583 1789 1614 Sat.
1803 1582 1838 1655 ξι,

1135 1647 1142 1659 ,
1227 1647 1234 1654 .
1278 1631 1310 1655 et
1332 1635 1373 1655 mx
1398 1636 1408 1655 ι
1429 1635 1488 1660 res,
1503 1635 1566 1655 non
1587 1635 1636 1655 me
1655 1634 1686 1655 re
1709 1634 1747 1655 us
1765 1634 1800 1655 su
1827 1643 1836 1650 -

1107 1665 1238 1707 jungere
1254 1677 1349 1698 conor
1364 1667 1422 1708 Ep.
1438 1666 1460 1702 i,
1478 1668 1575 1702 1,19.
1619 1672 1664 1697 est
1682 1666 1790 1697 modus
1808 1667 1840 1697 in

1111 1709 1203 1739 rebus
1218 1709 1282 1738 Sat.
1297 1708 1318 1744 i,
1338 1710 1367 1743 1,
1385 1709 1457 1739 106.
1501 1714 1662 1750 corruptus
1684 1707 1772 1739 vanis
1794 1719 1840 1740 re-

1111 1760 1179 1780 rum
1205 1751 1269 1781 Sat.
1294 1751 1328 1785 ii,
1353 1751 1386 1786 2,
1405 1751 1458 1781 25.
1501 1750 1617 1782 ridetur
1637 1749 1718 1781 fictis
1740 1760 1840 1781 rerum

1113 1792 1178 1822 Sat.
1201 1792 1235 1827 ii,
1257 1794 1288 1827 8,
1311 1793 1363 1823 83.
1415 1797 1583 1823 monstrare
1611 1791 1716 1822 abdita
1740 1802 1841 1823 rerum

1113 1834 1175 1875 Ep.
1192 1835 1232 1864 ad
1247 1834 1312 1864 Pis.
1326 1835 1378 1865 49.
1422 1834 1473 1865 cui
1492 1844 1592 1865 rerum
1613 1833 1751 1876 suppetit
1769 1843 1842 1864 usus

1114 1877 1174 1916 Ep.
1198 1875 1219 1911 i,
1239 1878 1288 1911 12,
1305 1877 1335 1907 4.
1379 1881 1434 1906 tuo
1458 1875 1533 1906 vitio
1558 1885 1699 1907 rerumne
1722 1875 1843 1906 labores

1114 1918 1180 1948 Sat.
1195 1918 1218 1953 i,
1233 1919 1265 1954 2,
1279 1919 1333 1948 76.
1377 1917 1469 1948 certis
1485 1917 1620 1957 medium
1637 1923 1668 1948 et
1682 1917 1843 1949 tolerabile

1114 1960 1206 1990 rebus
1225 1966 1307 1991 recte
1322 1959 1451 1990 concedi
1466 1960 1526 2001 Ep.
1542 1960 1580 1990 ad
1597 1959 1662 1990 Pis.
1677 1959 1751 1990 368.
1795 1969 1842 1990 re-

1114 2012 1182 2032 rum
1207 2008 1302 2043 caput
1325 2001 1382 2032 hoc
1404 2007 1470 2032 erat
1491 2002 1551 2043 Ep.
1569 2001 1592 2036 i,
1614 2002 1664 2037 17.
1680 2002 1732 2033 45.
1773 2009 1842 2032 esse

1115 2053 1203 2085 pares
1228 2054 1275 2074 res
1301 2043 1382 2074 furta
1402 2042 1571 2074 latrociniis
1593 2043 1657 2074 Sat.
1681 2042 1702 2080 i,
1722 2044 1754 2078 3,
1773 2044 1846 2074 121.

1116 2096 1186 2126 quae
1202 2085 1362 2117 invideant
1375 2095 1451 2127 pure
1466 2095 1613 2127 apparere
1629 2085 1684 2115 tibi
1699 2095 1760 2116 rem
1777 2085 1845 2116 Sat.

1116 2127 1138 2162 i,
1153 2129 1184 2163 2,
1206 2129 1275 2158 100.
1320 2138 1367 2158 res
1393 2133 1480 2168 urget
1506 2138 1554 2158 me
1578 2127 1663 2158 nulla
1683 2127 1743 2168 Ep.
1757 2125 1791 2160 ii.
1809 2128 1842 2161 2.

1120 2171 1169 2200 12.
1214 2180 1276 2210 qua
1293 2179 1352 2206 res,
1367 2179 1431 2210 qua
1448 2169 1524 2200 ratio
1539 2168 1682 2200 suaderet
1697 2169 1762 2199 Sat.
1778 2168 1799 2206 i,
1812 2169 1845 2204 2,

1117 2212 1170 2242 50.
1217 2222 1234 2241 o
1255 2212 1338 2246 here,
1353 2222 1425 2252 quae
1445 2221 1493 2242 res
1519 2221 1575 2242 nec
1596 2210 1721 2242 modum
1739 2210 1845 2247 habet,

1118 2263 1219 2294 neque
1240 2253 1403 2283 consilium
1421 2253 1488 2283 Sat.
1503 2252 1537 2290 ii,
1552 2254 1583 2287 3,
1597 2253 1673 2284 265.
1717 2262 1779 2294 quo
1798 2262 1846 2284 res

1117 2294 1182 2326 haec
1204 2296 1357 2336 pertinet?
1381 2295 1445 2325 Sat.
1461 2295 1481 2332 i,
1495 2296 1527 2329 2,
1543 2295 1597 2326 23.
1639 2303 1688 2325 res
1706 2300 1742 2325 ut
1757 2304 1845 2335 quae-

1117 2346 1177 2376 que
1203 2342 1249 2366 est
1272 2338 1338 2367 Sat.
1359 2336 1382 2371 i,
1403 2337 1435 2370 3,
1456 2337 1509 2367 78.
1552 2335 1652 2367 omnis
1677 2335 1760 2367 enim
1786 2346 1846 2371 res,

1117 2378 1225 2413 virtus,
1242 2378 1483 2408 fama—divitiis
1497 2382 1605 2419 parent
1619 2378 1685 2408 Sat.
1700 2376 1734 2414 ii,
1747 2378 1778 2412 3,
1791 2378 1846 2408 94.

1119 2419 1164 2449 nil
1179 2419 1322 2450 admirari
1344 2430 1438 2461 prope
1452 2429 1500 2450 res
1515 2425 1561 2450 est
1574 2429 1638 2450 una
1656 2420 1714 2461 Ep.
1730 2419 1751 2454 i.
1767 2420 1798 2454 6,
1819 2421 1847 2450 1.

1118 2461 1185 2492 haec
1200 2472 1248 2492 res
1261 2468 1292 2492 et
1302 2461 1418 2503 jungit,
1431 2461 1558 2502 junctos
1571 2467 1603 2492 et
1616 2466 1716 2492 servat
1729 2460 1845 2491 amicos

1119 2504 1185 2534 Sat.
1201 2503 1221 2540 i,
1239 2505 1270 2539 3,
1287 2506 1340 2534 54.
1384 2513 1480 2544 quum
1496 2513 1542 2533 res
1557 2503 1627 2544 ipsa
1641 2503 1716 2534 feret
1731 2503 1796 2533 Sat.
1810 2503 1845 2538 ii,

1122 2547 1148 2582 l,
1167 2547 1217 2576 18.
1261 2546 1319 2576 bac
1341 2545 1372 2575 in
1393 2555 1424 2575 re
1446 2545 1664 2587 unabmultum
1682 2543 1847 2576 dissimiles

1118 2588 1178 2628 Ep.
1194 2587 1216 2620 i,
1237 2588 1283 2624 10,
1298 2588 1331 2617 2.
1375 2587 1415 2617 ob
1434 2586 1516 2617 hanc
1535 2596 1598 2618 rem
1613 2587 1680 2617 Sat.
1698 2586 1718 2620 i.
1735 2587 1766 2622 3,
1783 2587 1818 2617 91
1836 2597 1844 2623 ;

1118 2630 1183 2659 Sat.
1210 2629 1232 2665 i,
1258 2631 1288 2666 4,
1311 2630 1364 2659 23.
1407 2629 1482 2669 quid
1507 2628 1546 2658 ad
1573 2630 1656 2659 rem'l
1683 2629 1741 2669 Ep.
1769 2627 1790 2663 i,
1812 2629 1843 2662 6,

1123 2673 1170 2701 12.
1217 2676 1363 2712 tanquam
1382 2671 1421 2701 ad
1442 2681 1505 2700 rem
1530 2670 1659 2701 attineat
1676 2669 1844 2710 quicquam

1119 2714 1182 2744 Sat.
1198 2712 1231 2747 ii,
1249 2714 1280 2748 2,
1297 2714 1351 2742 27.
1396 2722 1517 2753 aequam
1538 2722 1602 2742 rem
1619 2711 1759 2753 imperito
1780 2712 1846 2742 Sat.

1117 2754 1150 2790 ii,
1169 2757 1200 2790 3,
1222 2755 1291 2785 189.
1336 2759 1452 2785 tentare
1478 2763 1539 2784 rem
1566 2754 1624 2794 Ep.
1649 2753 1683 2788 ii,
1705 2754 1735 2788 1,
1763 2753 1845 2790 164;

1118 2797 1193 2827 ibid.
1219 2797 1292 2827 259.
1342 2806 1379 2826 eo
1407 2806 1468 2826 rem
1499 2801 1658 2826 venturam
1689 2804 1846 2836 speramus

1117 2839 1194 2869 ibid.
1217 2839 1292 2868 226.
1336 2837 1408 2868 audi
1433 2847 1495 2878 quo
1517 2847 1580 2868 rem
1604 2836 1755 2867 deducam
1781 2837 1846 2868 Sat.

1117 2880 1138 2915 i,
1156 2882 1184 2916 1,
1204 2882 1253 2910 15.
1297 2879 1351 2920 qui
1368 2879 1481 2910 variare
1495 2878 1582 2920 cupit
1605 2888 1667 2909 rem
1691 2877 1845 2920 prodigia—

1117 2922 1186 2953 liter
1211 2930 1303 2951 unam
1330 2922 1390 2963 Ep.
1415 2920 1453 2951 ad
1479 2921 1546 2951 Pis.
1572 2921 1626 2950 29.
1674 2919 1706 2950 in
1730 2930 1761 2950 re
1782 2929 1845 2950 uno.

1117 2973 1296 2995 consumere
1322 2973 1426 2994 curam
1451 2963 1515 2994 Set.
1540 2961 1574 2998 ii,
1600 2963 1630 2999 4,
1654 2962 1707 2993 48.
1752 2961 1790 2992 de
1815 2971 1845 2992 re
