1884 3288
636 210 862 254 LIBER
894 210 980 261 111,
1011 211 1053 251 4.

414 317 657 371 Rebusque
678 314 882 364 fidentes,
904 313 1032 355 avitae

472 383 613 425 Tecta
633 381 766 424 velint
787 396 993 437 reparare
1013 380 1181 436 Trojae.

357 451 507 507 Trojae
526 465 763 493 renascens
785 449 887 491 alite
909 449 1086 504 lugubri

356 518 554 562 Fortuna
574 519 689 560 tristi
709 517 834 560 clade
855 517 1100 566 iterabitur,

415 587 622 630 Ducente
642 587 842 629 victrices
864 593 1061 628 catervas
1119 624 1122 625 γ

473 655 676 712 Conjuge
698 670 765 697 me
786 655 910 697 Jovis
932 662 977 697 et
999 669 1166 695 sorore.

269 727 327 768 65
356 724 450 767 Ter
471 725 507 766 si
528 731 730 779 resurgat
751 738 902 764 murus
924 737 1102 772 aeneuS,

355 791 554 835 Auctore
575 791 751 834 Phoebo
771 808 781 833 z
815 798 882 832 ter
905 798 1056 846 pereat
1077 790 1184 832 meis

414 861 606 903 Excisus
629 859 809 916 Argivis
831 876 840 910 ;
873 866 940 901 ter
961 873 1074 900 uxor

474 929 616 984 Capta
636 929 776 970 virum
797 941 1049 984 puerosque
1072 925 1228 981 ploret.

357 998 465 1040 Non
484 997 581 1040 haec
596 998 761 1052 jocosae
783 997 1047 1039 conveniunt
1066 995 1196 1050 lyrae:

269 1068 328 1110 70
359 1067 462 1116 Quo
485 1066 620 1108 Musa
641 1066 785 1108 tendis
804 1067 820 1107 ἲ
881 1065 1049 1107 Desine
1071 1063 1277 1119 pervicax

415 1135 604 1178 Referre
626 1149 849 1177 sermones
873 1134 1087 1183 Deorum,
1110 1140 1155 1174 et

475 1204 642 1261 Magna
661 1204 800 1247 modis
823 1211 1004 1246 tenuare
1026 1202 1184 1259 parvis.

1537 209 1611 251 131

269 385 328 427 60

648 1385 927 1428 CARMEN
961 1385 1042 1427 IV.

537 1510 625 1542 AD
683 1510 1145 1542 CALLIOPEN.

358 1608 612 1650 DESCENDE
634 1609 761 1660 coelo,
783 1617 827 1651 et
849 1609 918 1651 dic
941 1623 1021 1664 age
1045 1609 1150 1650 tibia

357 1675 533 1732 Regina
553 1676 730 1733 longum
753 1676 949 1733 Calliope
971 1677 1121 1726 melos,

68 1781 178 1814 astus.
206 1782 264 1810 aut
290 1778 479 1811 nebularum
504 1779 751 1822 pluviarumque
773 1778 822 1810 vis

865 1779 1014 1811 Plutonis
1031 1778 1117 1821 apud
1137 1779 1228 1820 Virg.
1250 1779 1329 1810 AEn.
1351 1777 1394 1814 vi,
1411 1777 1486 1809 650.
1534 1777 1618 1807 Auc-

68 1819 194 1858 συνίει,
216 1820 249 1852 h.
265 1831 297 1854 e.
321 1823 481 1864 regionem
505 1828 561 1854 aut
583 1833 670 1853 zonae
698 1822 821 1854 torridae

866 1829 942 1859 tore,
962 1823 993 1854 h.
1015 1833 1044 1854 e.
1062 1822 1244 1854 conditore:
1272 1821 1365 1862 Virg.
1385 1821 1467 1853 Geo.
1492 1819 1539 1856 iii,
1560 1820 1616 1854 36,

69 1868 127 1895 aut
144 1874 231 1896 zonae
248 1863 371 1906 frigidae
385 1866 584 1908 subjectam:
609 1866 648 1897 de
665 1876 742 1897 zona
759 1873 820 1897 tor-

26 1943 30 1947 ,
69 1907 144 1938 ride
157 1907 331 1950 etfrigida
350 1908 394 1940 cf.
417 1919 491 1953 sup.
508 1909 531 1945 i,
546 1910 601 1946 22,
622 1910 658 1940 17
675 1919 746 1950 sqq.
767 1909 822 1940 ubi

68 1948 216 1982 similiter
240 1951 305 1983 fere
321 1952 361 1984 de
385 1963 463 1984 zona
480 1951 604 1994 frigida.
628 1952 715 1987 Quod
740 1954 821 1983 latus

69 1995 180 2026 mundi
213 1995 330 2027 nebula
364 1997 519 2037 malusque
551 1995 678 2035 Jupiter
715 2003 820 2038 urget.

71 2035 215 2068 Nimium
231 2040 289 2078 pii,
310 2038 408 2070 nimio
431 2038 558 2081 pietatis
578 2038 610 2069 in
630 2039 820 2081 metropolin

68 2078 176 2111 studio
199 2079 314 2121 ducti;
343 2081 384 2114 ad
405 2081 596 2125 reparandas
618 2081 704 2114 enim
729 2083 821 2114 urbes

68 2131 193 2170 eversu
214 2130 334 2157 veteres
355 2135 462 2156 earum
485 2125 598 2156 incolae
620 2127 745 2165 pietatis
771 2125 818 2157 οἱ·

68 2163 143 2197 ficio
169 2166 270 2199 teneri
299 2169 513 2212 putabantur:
541 2168 585 2200 cf.
610 2168 664 2200 Cl.
697 2168 818 2200 Boetti-

69 2278 72 2284 .
111 2251 255 2301 ‘Sl—68.
279 2253 376 2295 Trqjae
404 2265 564 2286 renascens
583 2254 734 2297 fortuna,
763 2266 819 2287 ex-

25 2298 50 2335 g.
67 2295 220 2373 πῶυ
237 2307 306 2341 pro.
329 2297 456 2329 fortuna
479 2298 586 2340 Trojae
609 2298 818 2330 renascentis.

18 2346 22 2347 ⁷
42 2342 43 2346 ’
149 2349 208 2371 us:
232 2350 329 2383 quem
341 2346 457 2373 sortem
469 2341 536 2383 jam
551 2341 649 2373 semel
661 2351 679 2372 a
692 2342 818 2374 Graecis

26 2386 198 2426 m
218 2389 269 2415 est
290 2383 398 2427 Troja,
425 2385 560 2416 candem
590 2384 647 2416 illa
676 2384 818 2417 infausto

23 2428 30 2438 ³
44 2423 175 2466 :ptine
194 2425 237 2459 de
261 2426 384 2470 integro
409 2433 573 2460 exstructa
597 2427 710 2460 iterum
736 2428 817 2461 tristi

127 2485 131 2492 ¹
148 2484 155 2495 ·-
177 2472 375 2514 experietur:
406 2482 576 2507 renascens,
599 2477 636 2502 ut
664 2472 816 2514 Pergama

16 2513 82 2559 fa>
109 2529 120 2535 -
221 2513 309 2558 apud
335 2514 429 2556 Virg.
451 2516 532 2547 AEn.
556 2515 600 2551 iv,
623 2516 698 2546 344.
744 2516 815 2546 Du-

11 2558 15 2567 “
46 2562 81 2591 ζ’·’.ᾏ
95 2593 98 2597 ,
122 2571 125 2575 ’
142 2560 145 2561 ’
161 2562 310 2595 caurum,
321 2556 662 2601 similiterJunoserro
674 2561 815 2591 accincta

54 2606 83 2641 η’,
104 2617 112 2631 ‹
135 2632 138 2635 Δ
189 2610 296 2632 vorare
316 2601 444 2643 fingitur
461 2601 546 2644 apud
569 2602 659 2643 Virg.
681 2602 763 2633 AEu.
781 2603 815 2639 ii,

88 2643 96 2671 'l
109 2660 124 2669 π
135 2652 148 2675 ’.
191 2643 330 2686 Conjuge
342 2656 389 2676 me
402 2645 486 2677 Jovis
501 2651 529 2676 et
543 2656 662 2676 sorore.-
686 2645 818 2677 laudant

37 2719 39 2722 Α
67 2685 94 2695 ”
106 2684 111 2691 ”
151 2703 155 2709 ⁴>
170 2685 268 2719 'mum
282 2687 364 2720 illud
378 2688 471 2730 Virg.
485 2690 564 2720 AEn.
580 2688 603 2725 i,
614 2689 669 2724 47.
684 2690 738 2720 Asc
751 2701 816 2731 ego,

70 2733 75 2768 j
108 2728 279 2763 'L-Du'mim
305 2732 412 2763 incedo
440 2734 563 2774 regina,
598 2732 741 2774 Jovisque
777 2733 819 2765 Et

26 2813 27 2817 Ἰ
97 2777 111 2810 ζ,
147 2776 322 2816 *fleon-jux,
334 2774 390 2806 ubi
402 2774 468 2807 vid.
483 2775 608 2807 Cerda:
631 2775 674 2806 cf.
689 2776 820 2808 Homer.

189 2815 254 2854 xvi,
270 2818 348 2849 432.
394 2818 511 2851 Murus
530 2830 654 2856 aenens,
677 2819 820 2851 firmissi-

26 2900 29 2901 ⁷
131 2896 133 2898 ,
152 2868 165 2892 2
186 2857 262 2892 hinc
276 2860 334 2893 inf.
355 2861 460 2904 Epist.
478 2862 501 2898 i.
519 2864 548 2900 l,
563 2863 618 2900 60,
638 2862 698 2894 Hic
713 2873 821 2894 murus

22 2938 26 2950 ἶ
193 2909 267 2940 esto,
283 2905 340 2937 Nil
355 2907 487 2937 conscire
506 2907 575 2941 sibi,
598 2906 688 2937 nulla
707 2907 821 2946 palles-

173 2949 280 2988 culpa.
325 2947 522 2980 Firmissima
561 2959 698 2991 quaeque
735 2949 822 2981 enim

169 3011 171 3014 s
186 2989 300 3033 serron
319 2991 370 3023 vel
393 3003 486 3024 aenea
508 2991 653 3032 faciunt3
676 2986 823 3025 similiter

31 3040 64 3062 ’φ
111 3037 133 3055 ”-
204 3033 370 3076 cyclopum
392 3037 502 3067 educta
526 3037 652 3068 caminis
675 3035 716 3068 de
738 3036 824 3078 regia

869 1866 965 1907 Trqjae
983 1867 1135 1907 Cynthius
1155 1872 1282 1897 auctor:
1306 1865 1348 1896 cf.
1362 1875 1434 1907 sup.
1449 1863 1489 1895 ad
1515 1874 1546 1895 v.
1562 1864 1618 1894 22.

871 1909 953 1940 Uror
968 1910 1220 1950 captu—ploret.-
1244 1908 1286 1940 cf.
1310 1909 1440 1939 Homer.
1459 1906 1554 1938 Iliad.
1571 1906 1615 1942 ix,

865 1953 929 1984 589
946 1962 1017 1994 sqq.

908 1996 1051 2027 69—72.
1075 1994 1189 2027 Subita
1202 2001 1302 2037 poetae
1314 1993 1354 2026 ad
1370 2004 1404 2025 se
1416 1993 1466 2024 vel
1483 1993 1614 2024 Musam

865 2050 967 2070 suam*
989 2037 1165 2077 conversio,
1200 2043 1231 2070 et
1259 2043 1386 2080 repente
1416 2046 1617 2079 compressus

865 2082 1015 2124 impetus„
1033 2092 1096 2124 quo
1111 2092 1145 2113 se
1161 2088 1277 2113 temere
1292 2087 1326 2112 ut
1343 2087 1469 2123 poetam
1487 2086 1615 2110 tenuem

865 2126 904 2156 ad
921 2136 987 2157 rem
1003 2125 1176 2167 graviorem
1198 2125 1406 2156 enarrandam
1424 2122 1526 2166 abripi
1543 2133 1615 2165 pas-

864 2179 920 2200 sus
935 2168 989 2206 sit,
1006 2168 1137 2200 mirifice
1152 2168 1251 2199 totius
1267 2166 1419 2199 carminis
1435 2166 1615 2198 sublimita-

864 2217 928 2244 tem
944 2218 1052 2253 auget.
1099 2210 1250 2242 Similiter
1264 2221 1284 2242 a
1299 2210 1452 2253 gravioris
1471 2209 1516 2242 rei
1531 2216 1614 2241 trac-

864 2255 984 2287 tatione
1012 2255 1144 2286 Musam
1175 2265 1266 2286 suam
1293 2259 1421 2286 revocat
1443 2265 1515 2296 sup.
1537 2253 1572 2288 ii,
1597 2254 1611 2284 l

861 2305 942 2331 extr.
988 2299 1148 2334 Pervicax,
1177 2304 1211 2329 ut
1236 2309 1308 2342 sup.
1336 2297 1359 2329 l.
1388 2297 1410 2328 1.
1438 2309 1549 2338 procax
1574 2297 1614 2328 de

863 2343 973 2379 Musa,
1001 2353 1074 2385 quae
1101 2348 1217 2373 temere
1247 2348 1279 2373 et
1307 2341 1462 2373 audacius
1489 2339 1614 2383 aliquid

861 2386 1002 2422 molitur,
1017 2392 1049 2417 et
1061 2385 1266 2428 pervicaciter
1278 2383 1310 2416 in
1325 2384 1484 2428 proposito
1501 2384 1616 2428 persis-

861 2429 910 2461 tit.
957 2430 1076 2471 Magna
1087 2430 1181 2460 modis
1196 2434 1323 2459 tenuare
1331 2429 1447 2470 parvis,
1462 2426 1615 2460 sublimia

860 2473 1002 2505 carmine
1015 2471 1104 2504 tenui
1119 2472 1160 2504 ad
1177 2471 1390 2504 humilitatem
1406 2471 1594 2514 deprimere.

1095 2558 1296 2591 CARMEN
1323 2559 1387 2590 lv.

906 2603 1004 2640 Quod
1033 2602 1065 2633 in
1095 2608 1282 2645 argumento
1309 2601 1459 2634 carminis
1485 2607 1616 2633 antece·-

861 2645 967 2677 dentis
994 2645 1149 2677 monitum
1176 2651 1226 2678 est
1251 2646 1292 2677 de
1316 2651 1382 2677 arte
1407 2651 1439 2676 et
1462 2644 1616 2682 sollertia,

862 2700 928 2732 qua
943 2695 1046 2732 poetae
1063 2689 1155 2732 lyrici
1169 2689 1372 2725 sententiam,
1390 2687 1422 2719 in
1439 2700 1504 2731 qua
1521 2689 1618 2721 totius

863 2731 1014 2764 carminis
1034 2733 1106 2764 finis
1126 2732 1291 2775 ponendus
1310 2739 1370 2768 est,
1391 2732 1527 2764 breviter
1546 2739 1616 2763 tan-

864 2781 932 2808 tum
957 2782 1099 2818 tangere.
1118 2777 1151 2807 in
1172 2776 1286 2808 ceteris
1311 2786 1384 2807 vero
1407 2776 1446 2807 ad
1471 2786 1541 2807 eam
1565 2786 1619 2807 ac-

863 2819 1106 2851 commodandis
1123 2825 1156 2851 et
1172 2818 1343 2852 referendis
1359 2819 1490 2851 liberius
1507 2819 1618 2851 exsul-

865 2868 931 2894 tare
960 2863 1078 2898 solent,
1108 2862 1141 2894 id
1167 2862 1199 2894 in
1230 2863 1290 2894 hoc
1321 2873 1448 2904 quoque
1478 2862 1619 2894 carmine

866 2913 950 2938 recte
972 2905 1183 2949 dijudicando
1206 2906 1305 2937 teneri
1323 2906 1428 2938 debet.
1474 2906 1571 2943 Nam,
1593 2905 1620 2936 si

866 2949 945 2992 quid
968 2950 1070 2984 video,
1095 2949 1192 2981 totius
1214 2949 1314 2991 hujus
1332 2949 1496 2984 carminis.
1522 2955 1556 2980 ut
1575 2949 1621 2979 ita

865 2993 982 3032 dicam,
997 2992 1094 3026 cardo
1110 2994 1243 3025 vertitur
1258 2993 1290 3024 in
1309 2994 1400 3024 laude
1414 3003 1509 3035 quam
1526 2996 1621 3035 poeta

867 3038 1004 3080 Augusti
1030 3039 1151 3080 ingenio
1174 3037 1338 3067 literarum
1365 3038 1477 3067 studiis
1501 3035 1620 3066 ewulm

821 3081 877 3112 »12
