1884 3288
370 219 451 259 160

358 1106 668 1178 ll3rli·m}²?s·}t611s·enerem
684 1154 712 1178 et
725 1149 832 1186 proelia
841 1150 988 1178 destinat:
1012 1158 1097 1178 sua--

591 536 647 566 IN

607 1106 665 1136 Cui
682 1105 775 1146 frons
798 1107 924 1145 turgida
948 1108 1085 1136 cornibus

918 217 1315 260 CARMINUM

899 403 1169 450 CA‘RMEN
1202 408 1327 450 XIV.

642 648 875 689 HERCULIS
896 648 996 697 ritu,
1018 648 1145 689 modo
1167 647 1322 697 dictus,
1345 663 1370 689 ο
1391 647 1535 697 Plebs,

639 714 785 755 Morte
806 714 993 755 venalem
1013 714 1189 767 petiisse
1209 713 1387 763 laurum,

641 781 786 822 Caesar
806 780 1001 835 Hispana
1022 780 1178 834 repetit
1199 779 1384 820 Penates

1035 846 1187 887 Victor
1208 847 1262 887 ab
1285 861 1370 886 ora.

582 914 608 953 5
639 912 779 954 Unico
800 913 992 966 gaudens
1013 910 1163 953 mulier
1182 913 1334 953 marito

640 979 842 1028 Prodeat,
858 980 988 1033 justis
1010 986 1185 1033 operata
1206 979 1352 1027 Divis3

685 535 924 566 AUGUSTI
960 535 1030 566 EX
1064 535 1330 566 HISPANIA
1365 535 1634 566 REDITUM.

1128 1106 1190 1136 ilex
1205 1106 1371 1140 inumbrat,
1384 1106 1570 1148 prosilientis
1581 1106 1673 1138 situm
1682 1111 1714 1138 et
1722 1105 1856 1154 speciem

1128 1147 1309 1178 adumbrat:
1336 1154 1516 1189 comparant
1537 1148 1694 1180 Theocrit.
1712 1150 1766 1182 vii,
1783 1149 1855 1183 137,

357 1190 484 1221 vissima
499 1189 579 1219 haedi
599 1189 695 1220 annui
715 1189 763 1219 vel
787 1189 928 1219 anniculi
953 1189 1084 1220 circum-

357 1231 500 1273 scripti03
518 1231 549 1261 id
559 1231 658 1262 aetatis
671 1230 752 1261 enim
766 1231 888 1266 haedus,
899 1242 971 1261 cum
986 1231 1085 1272 prima

356 1284 474 1304 cornua
490 1273 522 1303 in
536 1273 606 1314 ejus
621 1274 720 1303 fronte
735 1273 1084 1315 turgescereincipiunt,

357 1315 397 1346 ad
419 1315 531 1356 proelia
556 1320 587 1345 et
610 1316 764 1346 Venerem
784 1314 929 1356 proclivis
952 1315 1005 1345 fit:
1030 1326 1085 1356 pro

355 1357 478 1398 vulgari
503 1362 618 1394 autem,
646 1358 739 1391 Quem
753 1357 847 1398 frons
870 1358 996 1397 turgida
1019 1368 1083 1387 cor-

355 1401 442 1430 nibus
459 1399 571 1428 Primis
586 1405 614 1429 et
635 1399 739 1429 Veneri
760 1405 789 1428 et
805 1399 919 1438 proeliis
942 1400 1083 1435 destinat,

354 1441 386 1472 h.
402 1451 430 1472 e.
445 1440 483 1471 ad
495 1441 647 1472 Venerem
663 1446 694 1471 et
708 1440 819 1482 proelia
834 1439 997 1481 proclivem
1015 1442 1082 1471 red-

355 1483 413 1518 dit,
443 1482 564 1513 inversa
592 1482 739 1523 loquendi
763 1481 882 1513 ratione
905 1482 996 1518 dixit,
1024 1484 1082 1514 Cui

345 1526 439 1567 frons
461 1525 588 1564 turgida
611 1526 749 1555 cornibus
774 1525 883 1554 Primis
903 1525 1041 1554 Venerem
1054 1532 1082 1555 et

352 1568 458 1606 proelia
474 1568 614 1597 destinat.
656 1567 801 1597 Ceterum
817 1565 911 1596 simili
932 1566 1083 1598 suavitate

354 1609 504 1639 Horatius
518 1608 575 1639 inf.
586 1607 632 1645 iii,
647 1609 700 1644 22,
717 1609 748 1645 7,
762 1619 897 1638 animum
910 1619 1033 1644 verrem,
1050 1614 1082 1639 et

354 1649 397 1687 iv,
411 1652 446 1685 2,
462 1651 515 1685 57,
531 1652 661 1680 vitulum
676 1649 834 1680 describit.
880 1650 1021 1686 Frustra,
1037 1660 1081 1682 sc.

356 1697 432 1722 astas
445 1702 516 1722 eum
533 1691 649 1723 Veneri
661 1697 693 1722 et
708 1691 829 1732 proeliis
844 1690 996 1730 destinat3
1011 1703 1080 1723 nam

351 1735 465 1774 gelidos
486 1734 600 1774 inficiet
623 1735 676 1764 tibi
700 1733 805 1763 Rubro
824 1736 982 1773 sanguine,
1007 1739 1080 1764 cett.

354 1774 496 1817 expende
512 1780 653 1806 ornatum
668 1775 805 1815 vulgaris
819 1775 993 1810 sententiae,
1012 1786 1083 1806 nam

354 1817 384 1847 in
411 1817 457 1848 tui
480 1817 627 1848 honorem
646 1817 700 1848 ille
719 1816 941 1848 immolabitur.
985 1817 1082 1848 Aram

354 1858 450 1899 igitur
465 1870 562 1901 prope
576 1859 691 1890 fontem
705 1865 917 1890 exstructurus
939 1866 1003 1890 erat
1026 1870 1081 1901 po-

352 1907 415 1931 eta.
468 1902 518 1931 De
545 1900 699 1941 ejusmodi
727 1911 786 1931 arae
817 1901 1080 1942 inscriptionibus,

354 1953 385 1973 v.
409 1953 444 1973 .c.
473 1943 578 1973 Fontis
608 1943 714 1973 Genio.
743 1943 802 1978 vel,
839 1943 929 1973 anli
960 1944 1083 1975 Divino.

353 1985 460 2015 Aram.
514 1985 629 2015 Posuit.
651 1984 720 2015 vide
750 1995 830 2025 quos
851 1984 959 2015 laudat
987 1986 1081 2016 Boet-

353 2026 409 2067 tig.
428 2026 557 2058 Gruter.
578 2037 610 2068 p.
634 2026 713 2061 xciv,
738 2027 768 2062 3,
790 2028 819 2063 6,
844 2027 978 2057 Fabretti
996 2037 1023 2058 c.
1041 2027 1081 2062 vi,

353 2078 385 2109 p.
403 2069 478 2103 432,
496 2069 527 2103 4,
547 2070 578 2103 5,
603 2069 632 2099 7.
677 2068 807 2108 Inficiet,
834 2068 866 2098 h.
890 2078 918 2098 e.
943 2069 1081 2108 imbuet;

353 2110 462 2140 hostiae
494 2110 676 2151 sanguinem
708 2110 784 2139 fonti
812 2109 985 2141 immissum
1014 2121 1081 2142 esse

352 2156 440 2193 puta.
487 2152 565 2186 Tibi,
584 2153 615 2182 in
631 2152 674 2182 tui
688 2151 847 2182 honorem.

394 2194 512 2224 9—126.
535 2195 629 2224 Atrox
643 2195 714 2223 hora
728 2194 898 2235 flagrantis
918 2193 1079 2230 Caniculam

354 2241 448 2266 aestus
464 2236 522 2266 sub
539 2236 701 2267 Caniculae
715 2241 782 2265 ortu
801 2235 943 2272 saeviens.
988 2237 1080 2266 Cani-

350 2279 432 2312 cula,
461 2283 524 2308 tam
550 2279 588 2308 de
615 2278 705 2312 Sirio,
729 2287 822 2317 quam
843 2276 882 2308 de
907 2277 1078 2318 Procyone,

352 2320 528 2356 Anteeane,
539 2318 671 2359 intelligi
685 2324 805 2360 potest:
823 2318 886 2349 vid.
896 2318 1028 2350 Salmas.
1039 2320 1078 2350 ad

354 2361 452 2392 Solin.
467 2372 499 2403 p.
517 2362 578 2392 305
593 2373 598 2391 :
623 2361 663 2392 cf.
678 2361 734 2391 inf.
750 2360 795 2396 iii,
811 2362 864 2395 29,
885 2362 935 2391 l8.
979 2361 1076 2396 Hora,

353 2403 391 2434 de
406 2403 517 2444 quovis
532 2403 606 2434 anni
628 2409 764 2444 tempore
775 2415 784 2441 3
808 2403 881 2433 hora:
903 2404 1079 2442 Septembres

353 2445 410 2476 inf.
426 2445 526 2487 Epist.
546 2445 567 2482 i,
585 2447 635 2482 16,
655 2447 703 2479 17,
727 2446 802 2475 horae
828 2446 974 2475 brumales
999 2446 1081 2486 apud

355 2486 450 2517 ovid.
475 2488 556 2518 Met.
582 2487 624 2523 iv,
649 2488 732 2518 299:
766 2486 807 2517 cf.
831 2496 901 2528 sup.
927 2486 947 2524 i,
970 2488 1000 2522 2,
1031 2489 1080 2518 16.

355 2529 459 2560 Nescit
489 2536 612 2570 tangere
639 2540 703 2570 pro,
733 2539 795 2558 non
820 2528 937 2568 tangit,
971 2532 1082 2561 nescire

352 2570 467 2613 saepius
498 2571 581 2612 apud
612 2576 718 2613 poetas
753 2570 880 2600 inservit
911 2570 1080 2613 periphrasi

351 2619 430 2655 part.
445 2618 563 2653 negat.,
579 2624 650 2643 non.
695 2613 762 2642 Fies
779 2614 921 2643 nobilium
933 2614 1078 2653 sontium,

351 2655 464 2686 Graece
485 2665 550 2696 pro,
571 2665 651 2685 unus
677 2654 824 2684 nobilium
851 2654 1003 2692 fontium3
1024 2666 1076 2686 ex-

349 2697 452 2738 empla
469 2696 507 2727 de
523 2696 580 2727 boc
599 2697 745 2738 loquendi
768 2706 879 2735 genere
895 2696 980 2727 dedit
1002 2698 1077 2728 Jani

349 2739 381 2772 in
398 2740 470 2769 Art.
488 2739 576 2769 Poet.
598 2749 630 2779 p.
656 2739 727 2768 187.
772 2739 833 2769 Per
853 2740 962 2768 nobiles
972 2739 1077 2780 jbntes

349 2781 489 2821 intellige
503 2791 531 2811 v.
545 2790 573 2811 c.
590 2781 819 2822 Hippocrenen,
846 2779 974 2816 Dircen,
997 2782 1075 2812 Are-

348 2823 568 2860 thusam,cett.
612 2823 662 2853 Me
675 2823 790 2852 dicente
811 2825 890 2852 cavis
913 2824 1077 2862 impositam

347 2867 456 2900 ilicem,
472 2870 544 2896 cett.
558 2864 630 2894 dum
654 2874 714 2903 ego
737 2863 925 2894 carminibus
948 2865 1024 2895 meis
1046 2871 1076 2897 te

347 2908 469 2939 celebro
485 2918 492 2944 ;
516 2916 570 2948 pro
585 2906 673 2937 tenui
685 2912 711 2936 te
723 2906 858 2936 suaviter
873 2911 961 2946 poeta
977 2906 1074 2947 ipsius

347 2949 440 2981 fontis
455 2959 471 2980 e
487 2949 570 2979 saxis
591 2948 688 2984 cavis,
705 2958 776 2989 quae
797 2948 1072 2989 superimpendens

1129 1190 1165 1220 τὸ
1182 1189 1207 1220 δ’
1223 1190 1364 1231 ἐγγύθεν
1379 1189 1467 1232 ἱερὸν
1480 1190 1565 1233 ὕδωρ
1588 1191 1732 1232 Νυμφᾶν
1746 1190 1781 1226 ἐξ
1795 1191 1854 1221 ἄν·

1128 1243 1218 1272 τροιο
1233 1232 1467 1272 κατειβόμενον
1479 1231 1685 1274 κελάρυσδει.
1707 1232 1856 1272 Loquaces

1130 1273 1267 1313 Lympha:
1290 1276 1449 1305 desiliunt.-
1472 1274 1612 1306 similiter
1633 1273 1782 1305 Horatius
1800 1273 1856 1304 inf.

1128 1315 1226 1356 Epod,
1249 1317 1296 1351 16,
1310 1318 1361 1352 48,
1373 1318 1519 1348 montibus
1531 1318 1601 1347 altis
1616 1316 1703 1348 Levis
1717 1321 1856 1356 crepante

1128 1358 1249 1398 lympha
1264 1359 1363 1388 desilit
1377 1360 1462 1398 pede.

1339 1441 1537 1473 CARMEN
1559 1441 1656 1472 XIV.

1169 1483 1250 1514 Cum
1277 1482 1453 1524 Augustus,
1479 1482 1646 1514 Cantabris
1663 1481 1853 1524 perdomitis,

1125 1534 1163 1554 ex
1201 1525 1356 1566 Hispania
1393 1525 1490 1555 victor
1526 1525 1559 1554 in
1597 1525 1705 1556 urbem
1742 1524 1855 1555 rediret

1126 1567 1188 1606 (U.
1203 1567 1242 1598 C.
1260 1578 1409 1601 necxxx‚
1426 1566 1488 1597 vid.
1511 1565 1575 1597 Dio
1596 1565 1653 1604 liii,
1673 1565 1748 1606 28),
1770 1566 1852 1597 diem

1125 1608 1236 1639 festum
1260 1614 1351 1650 poeta
1374 1614 1437 1638 tam
1463 1607 1588 1650 publice
1614 1607 1751 1650 Augusti
1775 1618 1852 1639 con-

1120 1649 1203 1690 jugi,
1231 1650 1336 1686 sorori,
1361 1655 1392 1681 et
1415 1650 1484 1681 aliis
1510 1650 1657 1680 matronis
1685 1649 1854 1692 nuptisque

1124 1692 1250 1732 puelliS‚
1266 1702 1359 1732 quam
1380 1692 1439 1722 sibi
1455 1691 1597 1734 privatim
1620 1691 1852 1727 celebrandum,

1124 1733 1181 1764 hoc
1209 1735 1344 1765 carmine
1377 1734 1501 1765 indicit.
1557 1733 1712 1765 Loetitiam
1748 1738 1852 1764 autem

1126 1785 1213 1806 suam
1228 1777 1266 1806 de
1283 1776 1365 1807 felici
1382 1774 1516 1816 Augusti
1530 1775 1631 1806 reditu
1652 1785 1853 1817 expressurus

1125 1823 1173 1848 est
1190 1818 1244 1854 ita,
1263 1824 1305 1852 ut,
1330 1818 1404 1848 dum
1430 1818 1492 1848 illae
1517 1816 1648 1848 solemni
1674 1827 1788 1865 pompa
1813 1817 1854 1848 ad

1125 1859 1384 1900 supplicationem
1416 1860 1577 1901 prodeant,
1607 1859 1672 1902 ipse
1709 1858 1853 1901 privatim

1125 1901 1204 1932 inter
1219 1901 1283 1932 vini
1300 1901 1474 1932 vetustioris
1487 1901 1614 1943 pocula,
1628 1906 1660 1932 et
1673 1900 1752 1932 inter
1767 1911 1851 1932 amo·

1124 1943 1165 1972 ris
1181 1944 1267 1974 lusus
1283 1944 1340 1984 (ad
1356 1953 1434 1984 quos
1447 1943 1562 1974 arcessi
1580 1943 1708 1984 jubetur
1724 1943 1850 1979 Neaera,

1124 1985 1282 2026 psaltria),
1309 1995 1428 2016 summa
1461 1985 1616 2016 hilaritate
1651 1985 1736 2016 hunc
1769 1984 1851 2016 diem

1122 2028 1284 2067 transigat.

1169 2070 1262 2100 1-4,
1286 2069 1429 2100 Herculis
1445 2071 1520 2105 vitot,
1535 2074 1608 2100 cett.
1631 2078 1758 2100 sensus:
1783 2068 1849 2100 Au-

1123 2116 1245 2150 gustus,
1261 2122 1278 2142 o
1293 2111 1392 2152 plebs,
1409 2111 1463 2152 qui
1479 2111 1569 2142 modo
1585 2111 1625 2142 ad
1639 2111 1787 2142 Herculis
1798 2121 1851 2142 ex-

1123 2153 1258 2194 emplum
1282 2153 1351 2183 forti
1374 2154 1476 2184 animo
1498 2164 1553 2195 pro
1574 2152 1705 2183 victoria
1718 2153 1757 2183 ab
1780 2153 1852 2183 hos-

1123 2193 1207 2224 tibus
1233 2194 1417 2236 reportanda
1439 2194 1510 2225 vitae
1541 2193 1707 2225 discrimen
1737 2194 1851 2226 adiisse

1123 2234 1369 2277 dicebatur,jam
1382 2236 1480 2267 victor
1487 2247 1526 2267 ex
1538 2235 1732 2277 Hispaniain
1743 2237 1851 2268 urbem

1122 2278 1212 2308 redit.
1258 2278 1399 2309 Herculis
1415 2280 1498 2308 ritu.-
1516 2279 1691 2319 Augustus,
1704 2283 1741 2308 ut
1753 2287 1850 2310 remo-

1122 2319 1310 2351 tissimorum
1348 2320 1530 2362 populorum
1566 2319 1677 2355 victor,
1713 2319 1852 2362 apposite

1121 2371 1194 2391 curn
1210 2363 1358 2396 Hercule,
1374 2369 1437 2393 tam
1451 2362 1586 2393 victoriis
1597 2372 1688 2404 quam
1698 2362 1850 2393 erroribus

1122 2403 1187 2434 suis
1213 2414 1267 2445 per
1291 2409 1388 2434 totum
1412 2409 1560 2435 terrarum
1587 2404 1694 2435 orbem
1721 2403 1849 2444 insigni,

1124 2450 1338 2487 comparatur3
1371 2445 1446 2476 hinc
1480 2445 1633 2486 Virgilius
1665 2455 1788 2488 quoque
1816 2445 1848 2477 in

1123 2487 1272 2518 Anchisae
1289 2488 1326 2518 de
1343 2487 1454 2518 futuris
1469 2487 1606 2528 Augusti
1621 2497 1713 2530 super
1724 2487 1849 2530 populis

1124 2529 1336 2560 remotissimis
1370 2529 1508 2560 victoriis
1533 2528 1680 2561 vaticinio
1704 2530 1783 2561 AEn.
1806 2529 1849 2568 vi,

1125 2572 1198 2607 802,
1212 2571 1275 2602 Ne(-
1283 2582 1350 2602 vero
1359 2572 1480 2602 Alcides
1487 2578 1606 2603 tantum
1617 2571 1737 2602 telluris
1746 2572 1848 2604 obivit.

1121 2614 1200 2643 Haec
1216 2612 1352 2654 Augusti
1367 2618 1470 2643 autem
1486 2623 1557 2644 cum
1574 2612 1710 2644 Hercule
1721 2622 1847 2656 compa·

1121 2655 1198 2685 ratio
1210 2655 1274 2695 jam
1291 2655 1390 2685 multo
1401 2654 1500 2695 magis
1514 2655 1656 2696 quadrat,
1668 2654 1753 2696 quod
1765 2655 1847 2686 Her-

1121 2697 1206 2727 cules
1232 2707 1368 2738 quoque,
1391 2697 1536 2738 Geryone
1558 2695 1592 2726 in
1617 2696 1772 2739 Hispania
1793 2706 1846 2728 oc-

1119 2738 1263 2773 ciso,iter
1272 2749 1363 2769 suum
1375 2738 1408 2769 in
1420 2738 1543 2768 Italiam
1555 2737 1711 2769 flectebat.
1745 2738 1844 2775 Modo,

1119 2780 1214 2821 paulo
1229 2786 1311 2815 ante,
1327 2781 1405 2812 refer
1419 2779 1458 2810 ad
1479 2778 1686 2822 expeditionis
1705 2779 1846 2812 celerita-

1121 2827 1201 2859 tem3
1225 2821 1274 2852 vix
1284 2822 1447 2863 Augustus
1456 2822 1575 2853 bellum
1587 2821 1740 2864 incepisse
1777 2827 1846 2853 uta·

1119 2864 1223 2899 batur,
1243 2874 1313 2895 cum
1327 2863 1393 2905 jam
1410 2863 1482 2895 inde
1493 2863 1591 2895 victor
1601 2863 1724 2896 rediret.
1783 2869 1846 2894 orte

1119 2908 1248 2937 venalem
1271 2907 1388 2945 petiisse
1414 2906 1548 2941 laurum,
1578 2915 1670 2946 quam
1697 2905 1845 2947 praeclare

1117 2958 1171 2989 pro
1194 2947 1325 2988 vulgari,
1350 2946 1483 2979 hostium
1507 2947 1728 2980 vincendorum
1750 2956 1844 2979 causa
