1884 3288
643 179 956 226 CARMEN
992 181 1059 221 16.

194 292 293 335 Nos
314 296 459 334 manet
480 289 685 332 Oceanus
706 287 1008 340 circumvagus
1025 284 1035 323 !
1067 297 1184 332 arva,
1206 283 1337 324 beata

262 360 470 402 Petamus
491 371 607 406 arva,
629 355 784 397 divites
806 360 850 395 et
869 350 1057 394 insulas!

204 428 378 471 Reddit
398 426 475 468 ubi
497 424 702 466 Cererem
723 420 851 463 tellus
871 421 1039 461 inarata
1060 417 1309 473 quotannis,

263 495 325 537 Et
344 495 558 549 imputata
576 490 704 533 floret
724 503 865 544 usque
886 488 1037 538 vinea3

107 565 165 607 45
196 563 424 607 Germinat
443 568 487 603 et
506 574 728 614 nunquam
747 557 935 599 fallentis
956 563 1115 598 termes
1137 553 1276 603 olivae,

1539 175 1621 217 5281

261 631 481 685 Suamque
502 627 622 684 pulla
641 627 752 668 ficus
775 631 900 667 ornat
922 624 1121 666 arborem
1140 639 1150 673 ;

205 697 344 741 Mella
364 712 468 740 cava
489 702 666 738 manant
687 709 742 736 ex
763 693 876 742 ilice,
898 692 1120 734 montibus
1142 689 1239 732 altis

262 766 393 808 Levis
413 771 620 821 crepante
641 761 820 819 lympha
841 760 986 803 desilit
1006 759 1136 816 pede.

199 833 293 876 Illic
313 834 490 889 injussae
507 832 686 874 veniunt
706 831 761 873 ad
782 829 965 871 mulctra
986 826 1181 883 capellae,

114 904 173 946 50
260 901 504 957 Refertque
526 907 647 943 tenta
668 914 777 956 grex
795 899 958 940 amicus
981 897 1119 938 ubera
1138 911 1148 936 ε

203 971 304 1014 Nec
324 971 600 1027 vespertinus
623 967 920 1023 circumgemit
942 979 1072 1007 ursus
1095 962 1195 1006 ovili
1213 981 1223 1014 3

260 1040 360 1082 Nec
381 1038 629 1081 intumescit
651 1036 738 1078 alta
758 1035 918 1090 viperis
940 1034 1124 1075 humus*

202 1107 341 1151 Nulla
360 1114 520 1149 nocent
539 1105 689 1162 pecori
709 1104 926 1159 contagia,
950 1101 1110 1143 nullius
1134 1100 1240 1142 astri

263 1176 461 1232 Gregem
482 1181 673 1217 aestuosa
694 1168 833 1215 t‘orret
853 1170 1122 1227 impotentia.

88 1288 231 1331 refusus:
254 1296 284 1321 et
307 1291 332 1320 si
354 1301 440 1330 quem
465 1290 556 1320 tellus
582 1295 714 1320 extrema
738 1287 841 1330 refuso

87 1333 245 1363 submovet
266 1332 399 1364 Oceano.
445 1333 565 1363 Diuites
584 1332 712 1367 insulas,
731 1330 838 1372 μακά-

89 1387 160 1417 ρων
180 1374 320 1415 νὴσους.
338 1375 528 1406 Fortunatas
546 1373 680 1409 insulas,
699 1384 763 1415 quo
783 1383 840 1403 no-

89 1418 176 1449 mine
190 1418 276 1461 apud
291 1424 412 1450 veteres
427 1428 492 1454 ew,
509 1428 581 1466 quae
595 1427 682 1448 nunc
701 1418 842 1448 Canariae

54 1469 63 1480 ’
88 1466 254 1497 vocantur.
275 1461 457 1502 designatas
480 1460 588 1495 fuisse.
606 1460 673 1502 jam
695 1459 751 1490 alii
772 1470 842 1502 pro-

90 1503 202 1535 batum
224 1503 320 1536 ivere.
367 1505 424 1535 Est
446 1509 552 1535 autem
582 1503 694 1534 harum
722 1503 843 1534 insula-

90 1557 161 1578 rum
193 1546 279 1589 apud
310 1547 475 1579 Plutarch.
505 1546 538 1577 iu
568 1547 684 1578 Sertor.
716 1557 749 1588 p.
780 1547 845 1578 520

93 1588 172 1621 edit.
192 1590 319 1626 Reisk„
335 1595 368 1622 et
386 1591 542 1632 Pompou.
560 1589 642 1620 Mel.
658 1588 704 1625 iii,
726 1590 774 1625 10,
795 1590 845 1627 10,

93 1631 140 1664 ita
161 1639 342 1675 comparata
368 1632 550 1675 descriptio,
574 1639 611 1664 ut
639 1637 764 1674 poetam
793 1642 847 1663 eas

94 1675 306 1718 potissimum,
321 1675 354 1707 in
373 1686 465 1718 quas,
483 1686 555 1717 quae
574 1681 675 1717 poetae
697 1674 737 1706 de
752 1685 848 1706 aurea

96 1724 190 1751 aetate
209 1719 379 1755 finxerunt,
398 1719 587 1754 transferret,
604 1717 663 1749 sibi
682 1717 847 1759 delegisse,

95 1761 183 1794 haud
213 1762 345 1794 mireris.
392 1762 602 1793 Obversatum
632 1771 759 1802 quoque
786 1761 847 1791 sor-

98 1810 184 1838 tasse
198 1810 377 1848 poetae-est,
391 1810 427 1836 ut
443 1805 510 1846 jam
529 1804 690 1836 Gesnerus
708 1803 742 1834 in
759 1804 847 1834 Prae-

97 1847 173 1880 lect.
202 1849 238 1883 ii.
261 1849 301 1880 de
330 1847 437 1889 navig.
465 1853 543 1879 extr.
572 1847 724 1878 Column.
751 1847 847 1878 Herc.

100 1901 133 1933 p.
169 1893 232 1923 458
268 1891 403 1928 monuit,
433 1890 603 1922 consilium
639 1889 732 1924 illud,
763 1889 850 1931 quod

101 1934 259 1966 Sertorius
278 1935 321 1966 U.
338 1934 380 1966 C.
397 1945 598 1969 DCLxxxnr,
618 1943 692 1964 cum
711 1932 782 1974 ejus
802 1943 850 1964 res

99 1976 134 2008 in
164 1977 323 2020 Hispania
348 1977 381 2008 in
408 1987 568 2007 summum
596 1975 766 2007 discrimen
793 1974 850 2006 ad-

100 2019 207 2052 ducta
223 2021 369 2056 fuissent,
387 2020 420 2051 in
440 2019 563 2050 insulas
579 2019 771 2050 Fortunatas
786 2023 850 2049 tra-

98 2062 233 2105 jiciendi
262 2062 386 2106 cepisse
414 2061 549 2104 dici-tur:
584 2062 647 2094 vid.
680 2061 847 2092 Plutarch.

105 2107 132 2138 1.
149 2106 172 2138 l.
211 2107 328 2138 Reddit
343 2107 492 2144 Cererem,
508 2106 614 2147 fruges
627 2105 703 2137 sert:
729 2104 851 2147 proprie

102 2149 232 2191 quidem
251 2150 390 2181 Cererem
408 2150 536 2181 reddere
555 2148 675 2180 dicitur
687 2157 761 2190 ager
781 2147 850 2178 cul-

102 2199 155 2224 tus
182 2198 215 2224 et
240 2199 360 2231 aratus,
389 2192 445 2234 qui
472 2202 578 2223 semen
607 2190 668 2222 sibi
696 2189 850 2222 creditum

102 2246 178 2267 cum
194 2235 316 2268 soenore
337 2237 451 2272 reddit,
467 2235 500 2266 h.
516 2245 545 2266 e.
565 2235 668 2276 largas
684 2233 789 2275 fruges
811 2241 851 2265 ex

102 2279 223 2311 semine
247 2278 386 2322 profert;
410 2279 465 2310 sed
488 2277 556 2310 haec
583 2277 753 2309 locutionis
770 2276 850 2318 'pro-

102 2321 221 2364 prietes
236 2321 322 2354 haud
337 2320 480 2363 urgenda
493 2327 553 2352 est.
585 2321 734 2352 Ceterum
750 2327 851 2351 trans-

102 2365 199 2396 latam
215 2364 304 2396 illam
322 2375 361 2396 ex
377 2374 474 2396 aurea
495 2370 586 2396 aetate
603 2363 643 2394 ad
663 2365 853 2395 Fortunatas

103 2407 226 2440 insulas
245 2409 284 2440 de
303 2419 451 2450 agrorum
473 2409 665 2438 iniuratorum
677 2407 853 2450 fertilitate

105 2451 294 2484 sententiam
324 2457 463 2493 quatuor
493 2450 634 2482 versibus
661 2456 756 2493 poeta
781 2449 853 2492 pul·

106 2494 183 2527 chre
211 2493 429 2537 amplificavit.
490 2493 716 2536 Comparanda
745 2498 852 2524 autem

106 2547 180 2570 cum
204 2537 337 2570 Horatio
363 2548 402 2569 ea
425 2542 598 2579 poetarum·
614 2536 696 2574 loca,
723 2547 795 2578 quae
820 2537 854 2567 in

106 2590 210 2615 nureo
241 2580 344 2613 oetatis
372 2579 586 2622 descriptione
615 2585 791 2615 versantur,
820 2578 854 2610 in

131 2633 237 2666 noque
267 2624 331 2656 sere
361 2629 454 2667 poeta
482 2622 585 2654 obvia.
632 2623 724 2654 Ficus
751 2623 854 2662 pulta,

179 2667 191 2699 i
211 2666 337 2704 eoloris,
362 2666 470 2709 qualis
495 2672 545 2697 est
570 2666 691 2697 ficuum
718 2671 856 2696 matura-

41 2712 53 2718 ’
108 2718 200 2742 mm:
223 2716 312 2742 ornat
334 2721 420 2741 suam
441 2710 590 2745 arborem,
615 2709 647 2740 in
671 2718 730 2739 sua
752 2707 856 2739 nasci-

109 2757 160 2785 un·
188 2753 309 2790 arbore,
335 2763 399 2784 non
425 2752 458 2784 in
484 2751 649 2783 frondibus
670 2751 856 2794 peregriniS,

110 2794 148 2828 h.
177 2806 208 2829 e.
236 2806 292 2839 per
317 2795 476 2827 insitionis
500 2805 581 2837 opus
609 2794 785 2839 adoptatis:
818 2793 858 2826 de

113 2838 231 2871 ficuum
253 2838 403 2870 insitione
423 2839 489 2870 vid.
510 2838 591 2870 Cato
614 2837 690 2873 xiiij
706 2839 736 2874 1,
758 2837 858 2869 Colu-

113 2882 202 2914 nell.
225 2893 255 2920 v,
274 2883 327 2919 ll,
346 2883 365 2914 7
381 2894 388 2913 :
413 2893 482 2918 sua,
500 2881 643 2912 similiter
661 2880 750 2923 apud
770 2880 860 2922 Virg.

116 2924 198 2958 Geo.
221 2924 256 2962 ii,
282 2926 337 2962 82,
359 2925 451 2956 arbor
475 2936 566 2956 novas
579 2924 712 2967 frondes
740 2930 769 2954 et
796 2935 856 2955 non

115 2977 177 2999 sua<
187 2978 273 3009 potua
292 2970 404 2999 mirari
417 2968 544 3000 dicitur.
590 2968 689 2998 Mella
703 2978 737 2997 ca
743 2978 778 2998 aa
792 2979 857 2997 πια-

116 3017 195 3043 nam
213 3021 249 3043 ea
269 3012 360 3045 ilice:
385 3011 428 3044 cf.
444 3011 569 3044 Tibull.
587 3011 610 3048 i,
635 3012 667 3048 3,
689 3012 743 3048 45,
767 3010 861 3052 Virg.

886 1287 957 1318 Ecl.
981 1287 1024 1322 iv,
1049 1287 1104 1317 22.
1153 1285 1303 1326 crepante
1329 1287 1415 1325 pede,
1438 1284 1526 1316 dulci
1552 1295 1637 1317 mur-

884 1340 992 1361 mure:
1019 1331 1147 1361 Lucret.
1170 1339 1202 1365 v,
1227 1329 1304 1365 273,
1329 1334 1360 1359 et
1385 1328 1427 1364 vi,
1450 1329 1526 1365 658,
1550 1340 1641 1369 super

886 1379 968 1403 terra
988 1373 1071 1414 fluit
1099 1374 1221 1413 agmine
1246 1372 1347 1408 dulci,
1381 1371 1452 1406 Qua
1483 1373 1531 1402 ria
1561 1380 1642 1404 secta

886 1417 974 1447 ¹semel
1015 1416 1132 1455 liquido
1167 1416 1242 1455 pede
1274 1415 1389 1445 detulit
1428 1416 1549 1445 undas.-
1595 1416 1638 1448 cf.

889 1458 1023 1490 Mitsch.
1068 1458 1142 1489 Illic
1158 1459 1280 1498 iigjussae
1301 1459 1427 1489 veniunt
1449 1459 1489 1488 ad
1508 1458 1643 1489 mulctra

889 1503 1030 1542 capelloe:
1072 1501 1162 1543 Virg.
1199 1500 1271 1532 Ecl.
1300 1500 1342 1538 iv,
1375 1502 1429 1536 21,
1461 1500 1534 1540 Ipsoe
1566 1503 1645 1534 tacte

889 1546 1010 1576 domum
1036 1544 1178 1587 referit-nt
1209 1546 1343 1575 distenta
1372 1545 1495 1583 capeltae
1530 1545 1643 1578 Ubera.

891 1590 1027 1626 Amicus,
1050 1587 1189 1619 suaviter
1211 1587 1251 1619 de
1271 1597 1377 1628 grege,
1399 1587 1453 1628 qui
1478 1594 1590 1630 sponte
1611 1595 1644 1620 et

892 1636 1034 1662 amanter
1063 1630 1156 1672 quasi
1186 1641 1318 1661 munera
1345 1640 1403 1661 sua
1434 1629 1572 1662 dominis
1596 1633 1645 1663 of.

893 1673 963 1705 fert.
1011 1674 1074 1704 Nec
1103 1675 1292 1712 vespertinus
1319 1675 1528 1714 circumgemit
1554 1686 1645 1707 ursus

892 1719 986 1747 ovili:
1013 1717 1105 1757 Virg.
1125 1717 1205 1747 Geo.
1226 1715 1273 1751 iii.
1295 1716 1371 1751 537,
1394 1716 1458 1747 Nec
1481 1718 1571 1758 lupus
1592 1720 1644 1750 in-

892 1761 979 1790 sidiis
997 1761 1133 1800 explorat
1153 1759 1244 1790 ovilia
1264 1760 1393 1794 circum,
1415 1759 1479 1790 Nec
1497 1762 1644 1802 gregibus

893 1810 1062 1834 nocturnus
1085 1803 1278 1833 obambulat:
1303 1802 1345 1833 cf.
1370 1801 1441 1833 Ecl.
1468 1801 1511 1839 ἰν,
1535 1804 1590 1842 30,
1613 1810 1646 1836 et

892 1845 935 1876 ibi
954 1846 1050 1877 Cerd.
1096 1845 1159 1876 Nec
1174 1847 1347 1876 intumescit
1366 1846 1430 1876 alta
1451 1847 1562 1886 viperis
1586 1848 1644 1878 hu-

894 1900 971 1925 mus,
1003 1899 1062 1919 nec
1094 1894 1175 1920 terra
1205 1888 1261 1920 alit
1289 1888 1422 1930 viperas,
1450 1888 1501 1919 vel
1533 1889 1646 1932 viperis

894 1931 987 1973 quasi
1015 1932 1146 1972 gravida
1174 1937 1243 1970 est;
1274 1933 1449 1962 intumescit
1477 1931 1647 1965 sublimius

895 1975 935 2006 ad
959 1982 1071 2006 terram
1095 1974 1253 2011 transfert,
1276 1974 1363 2016 quod
1387 1973 1499 2017 viperis
1522 1985 1646 2008 veneno

895 2018 1093 2049 tumentibus
1125 2017 1284 2060 proprium
1321 2023 1388 2048 est:
1427 2018 1536 2049 humus
1566 2021 1647 2057 alta,

894 2071 983 2097 num,
1014 2061 1090 2103 quia
1118 2061 1151 2092 in
1181 2060 1271 2092 terris
1297 2059 1462 2092 altioribus
1488 2061 1539 2093 vel
1566 2062 1647 2095 locis

894 2104 1069 2136 acclivibus
1097 2103 1196 2136 lustra
1226 2114 1284 2135 sua
1313 2103 1428 2135 habere
1456 2103 1560 2136 solent
1599 2106 1646 2136 vi-

895 2148 1002 2189 perae‘!
1025 2153 1062 2178 ut
1081 2146 1134 2183 sit,
1156 2157 1214 2178 nec
1231 2152 1376 2178 montosa
1390 2146 1435 2178 ibi
1451 2152 1500 2179 est
1517 2147 1645 2186 humus,

895 2201 968 2232 quae
992 2190 1108 2238 viperis
1136 2190 1342 2222 intumescat.
1389 2189 1422 2220 Si
1446 2195 1585 2223 statuere
1608 2193 1647 2223 li-

894 2239 977 2270 ceat,
1009 2233 1154 2265 librarios
1184 2233 1314 2265 fortasse
1342 2232 1375 2264 iu
1406 2233 1546 2276 epitheto
1577 2239 1647 2268 voci

896 2278 1004 2308 humus
1025 2276 1131 2308 addito
1154 2287 1313 2319 peccasse,
1336 2275 1484 2318 equidem
1506 2288 1562 2319 pro
1582 2280 1648 2311 alta

896 2320 1005 2351 malim
1021 2320 1115 2355 alma,
1130 2322 1179 2351 vel
1195 2327 1278 2356 atra,
1295 2325 1343 2358 ut,
1358 2319 1442 2351 sicut
1458 2322 1646 2359 intumescit,

897 2363 937 2394 ad
964 2371 1068 2394 atrum
1096 2362 1274 2406 viperarum
1301 2373 1459 2394 venenum
1485 2364 1648 2397 referatur.

898 2406 999 2438 Nulla
1018 2413 1126 2437 nocent
1146 2408 1247 2446 pecori
1269 2407 1426 2447 contagia,
1444 2417 1497 2438 aer
1516 2407 1559 2439 ibi
1582 2409 1647 2451 spi-

897 2456 944 2480 rat
979 2449 1220 2481 saluberrimus.
1280 2450 1423 2480 AEstuosa
1457 2451 1654 2491 impotentia,

899 2502 1024 2535 nempe,
1054 2498 1091 2524 ut
1119 2502 1190 2535 sup.
1213 2492 1259 2529 iii,
1295 2493 1346 2528 13,
1380 2493 1400 2523 9
1429 2492 1557 2530 dicitur,
1577 2495 1646 2535 fla-

897 2538 1020 2578 grantis
1054 2542 1142 2567 atroa-
1175 2537 1248 2567 hora
1285 2536 1453 2567 Cauiculae.
1499 2537 1649 2570 Ceterum

898 2589 1008 2610 versus
1030 2581 1072 2611 53
1098 2585 1131 2610 et
1154 2581 1206 2617 54,
1230 2578 1284 2620 qui
1307 2578 1340 2609 in
1363 2577 1454 2610 editt.
1476 2586 1554 2612 vett.
1579 2587 1651 2624 post

899 2633 1023 2654 versum
1054 2623 1096 2653 62
1128 2627 1291 2665 apparent,
1319 2621 1386 2664 jam
1424 2623 1464 2654 ab
1495 2622 1579 2660 aliis,
1613 2635 1651 2656 ne

900 2675 1026 2696 omnem
1057 2664 1100 2696 ibi
1129 2662 1359 2696 sententiarum
1391 2676 1506 2697 nexum
1542 2668 1649 2699 turba-

902 2715 982 2744 rent,
1001 2708 1062 2739 huc
1079 2708 1262 2751 transpositi
1277 2715 1364 2739 sunt.
1410 2709 1472 2740 Sed
1489 2720 1562 2741 cum
1586 2717 1650 2742 sta·

901 2751 957 2782 tim
986 2750 1019 2782 in
1051 2751 1192 2783 versibus
1222 2751 1428 2794 sequentibus
1458 2752 1497 2783 de
1527 2753 1651 2785 mitiore

902 2793 983 2826 aeris
1003 2794 1152 2837 temperie
1171 2800 1295 2836 agatur,
1312 2805 1352 2826 ne
1373 2795 1425 2826 hic
1448 2794 1576 2837 quidem
1599 2807 1650 2827 sa-

902 2837 942 2868 tis
965 2843 1178 2880 opportunum
1199 2838 1304 2869 locum
1328 2844 1497 2880 occupant.
1544 2839 1653 2871 Facile

901 2880 1207 2922 igitur'accesserim
1236 2881 1287 2917 iis,
1310 2880 1367 2923 qui
1395 2881 1452 2912 hos
1481 2881 1562 2912 duos
1585 2892 1650 2912 ver-

900 2934 966 2960 sus,
1005 2923 1081 2955 licet
1119 2923 1252 2955 Horatio
1291 2924 1377 2955 haud
1414 2923 1574 2963 indignos,
1610 2924 1652 2954 ab

902 2967 1006 2999 aliena
1022 2977 1118 2999 manu
1132 2967 1316 3010 importatos
1329 2977 1398 2999 esse
1412 2972 1567 2998 statuunt.
