1904 3314
306 190 390 231 336

419 290 563 332 Semet
583 298 829 346 prognatos.

843 189 1275 232 SATIRARUM

889 291 1070 334 Vestem
1091 305 1320 344 servosque
1342 298 1588 344 sequentes,

418 357 468 399 In
488 373 642 412 magno
661 365 709 399 ut
729 357 902 412 populo,
925 358 960 399 si
981 358 1055 412 qui
1074 357 1265 407 vidisset,
1287 357 1400 398 avita

338 425 394 465 80
424 424 495 464 Ex
515 438 561 465 re
582 425 767 478 praeberi
787 431 950 464 sumtus
970 423 1074 464 mihi
1093 423 1288 464 crederet
1308 422 1416 464 illos.

418 490 518 544 Ipse
539 491 640 532 mihi
660 498 804 532 custos
826 491 1218 546 incorruptissimus
1240 505 1386 531 omnes

423 556 594 597 Circum
614 557 813 598 doctores
836 557 998 598 aderat,

1059 556 1179 603 Quid
1199 556 1329 597 multa
1347 558 1362 597 ?
1392 556 1594 610 pudicum

419 622 525 674 (Qui
545 623 705 676 primus
726 623 893 663 virtutis
915 622 1068 675 honos)
1092 623 1273 664 servavit
1293 623 1347 663 ab
1369 622 1481 662 omni

418 689 523 730 Non
544 688 678 730 solum
699 689 826 738 facto,
848 704 995 730 verum
1016 689 1249 743 opprobrio
1271 703 1440 742 quoque
1463 688 1577 742 turpi
1597 703 1606 728 z

337 756 390 796 85
420 750 517 797 Nec
538 755 689 804 timuit,
713 755 794 795 sibi
814 769 867 796 ne
887 756 989 796 vitio
1010 756 1105 809 quis
1127 761 1318 796 verteret
1340 754 1450 804 olim,

420 822 468 862 Si
487 836 628 876 praeco
647 836 814 875 parvaS,
836 828 910 863 aut
931 823 993 876 (ut
1022 822 1102 862 fuit
1123 822 1232 876 ipse)
1254 828 1425 863 coactor
1857 870 1860 873 Α

420 889 648 930 Mercedes
666 903 868 942 sequerer
881 906 890 938 ;
912 903 1051 942 neque
1065 903 1145 942 ego
1158 903 1294 929 essem
1307 894 1498 942 questus.
1530 885 1592 928 At
1606 886 1688 928 hoc
1701 899 1814 926 nunc
1868 894 1875 898 ’

422 954 540 995 Laus
562 954 621 994 illi
641 955 837 1004 debetur,
859 961 903 995 et
923 969 948 994 a
968 969 1033 996 me
1054 955 1191 1008 gratia
1212 955 1360 1008 major.

420 1019 497 1060 Nil
517 1035 582 1061 me
604 1021 809 1074 poeniteat
830 1035 978 1061 sanum
999 1021 1130 1074 patris
1147 1020 1298 1074 hujus:
1331 1034 1468 1073 eoque

335 1087 392 1128 90
421 1086 538 1135 Non,
560 1094 607 1127 ut
627 1101 778 1141 magna
799 1086 898 1128 dolo
918 1086 1078 1127 factum
1098 1093 1228 1140 negat
1249 1100 1344 1126 esse
1367 1100 1443 1130 suo
1463 1098 1580 1139 pars,

423 1153 556 1200 Quod
576 1168 660 1194 non
679 1154 885 1207 ingenuos
905 1153 1062 1193 habeat
1083 1152 1305 1206 clarosque
1326 1159 1542 1206 parenteS,

421 1220 493 1261 Sic
514 1234 579 1260 me
601 1219 840 1261 defendam.
902 1219 1053 1274 Longe
1072 1234 1166 1260 mea
1187 1219 1402 1272 discrepat
1422 1218 1513 1259 istis

424 1286 485 1327 Et
504 1301 588 1327 vox
609 1293 652 1327 et
671 1287 793 1327 ratio.

853 1285 966 1326 Nam
990 1286 1024 1325 si
1044 1292 1198 1326 natura
1211 1286 1386 1340 juberet

423 1351 467 1392 A
487 1353 613 1394 certis
634 1353 754 1393 annis
775 1367 910 1393 aevum
930 1366 1117 1393 remeare
1139 1358 1372 1406 peractum,

337 1419 394 1459 95
422 1417 570 1472 Atque
591 1418 696 1460 alios
717 1418 859 1473 legere
880 1419 935 1460 ad
956 1418 1112 1460 fastum
1132 1433 1410 1473 quoscunque
1430 1425 1653 1473 parentes:

425 1485 611 1539 Optaret
631 1485 713 1526 sibi
733 1486 914 1539 quisque
931 1502 941 1535 3
972 1485 1076 1526 meis
1097 1492 1322 1526 contentus
1346 1486 1547 1526 honestos

425 1552 633 1593 Fascibus
654 1559 697 1593 et
719 1552 831 1593 sellis
853 1551 1006 1593 nollem
1026 1551 1128 1592 mihi
1150 1565 1315 1592 sumere
1334 1569 1344 1602 3
1378 1552 1552 1592 demens

312 1673 439 1704 fortasse
455 1671 645 1703 scholiastes
660 1673 757 1712 Cruq.
772 1676 804 1702 et
820 1672 976 1703 Gesnerus
993 1682 1044 1703 ac-

313 1716 434 1757 cipiunt
445 1726 505 1745 aera
516 1714 555 1745 de
567 1714 720 1750 didactro,
730 1714 813 1755 quod
825 1714 927 1745 idibus
939 1714 1046 1754 cujus-

312 1768 373 1798 que
389 1756 503 1788 mensis
525 1756 740 1796 ludimagistro
756 1757 875 1787 solvere
892 1756 1048 1787 debebant

311 1799 420 1841 pueri;
442 1799 534 1840 cujus
556 1798 682 1839 quidem
710 1798 752 1829 rei
778 1798 934 1829 mentione
965 1799 1047 1829 facta

311 1848 402 1883 poeta
415 1841 592 1880 designasse
602 1841 723 1871 videtur
731 1851 858 1875 morem,
872 1841 927 1882 qui
941 1841 1044 1871 locum

311 1882 526 1914 tantummodo
543 1883 679 1913 habebat
699 1883 782 1924 apud
798 1882 888 1913 ludos
903 1883 1045 1924 vulgares

311 1925 360 1956 vel
384 1925 529 1956 minores.
574 1925 706 1959 Octonis,
729 1924 888 1966 epitheton
914 1935 1027 1956 ornans
1035 1937 1044 1964 ;

311 1967 392 1998 inter
405 1977 495 1997 nonas
510 1966 592 1997 enim
607 1972 639 1997 et
654 1968 721 1997 idus
735 1972 804 1997 octo
817 1966 884 1997 dies
898 1973 982 1998 sunt.

354 2010 492 2040 76-80,
535 2009 589 2038 Est
619 2019 718 2044 ausus,
750 2019 812 2038 non
842 2009 934 2040 facile
962 2008 1044 2041 enim

312 2051 405 2086 alius,
430 2051 463 2081 in
489 2061 520 2082 re
548 2051 633 2080 tenui
663 2051 863 2086 constitutus,
889 2061 951 2081 rem
981 2057 1045 2081 tam

313 2098 505 2123 summosam
518 2093 672 2133 suscipere
687 2102 781 2122 ausus
795 2098 884 2123 esset.
909 2093 1044 2129 Portare,

312 2135 485 2176 deportare,
502 2134 661 2165 deducere.
685 2136 783 2168 Artes,
800 2134 939 2174 intellige
955 2135 1046 2166 Grae.

309 2187 364 2208 cas
393 2176 523 2213 litteras,
550 2181 582 2206 et
609 2176 671 2206 alia
700 2175 731 2206 in
758 2176 873 2216 quibus
903 2176 1045 2207 doctrina

310 2225 467 2250 censetur.
512 2219 635 2253 Doceat,
671 2218 827 2248 docendas
862 2223 961 2249 curet.
1005 2218 1042 2249 In

311 2273 420 2301 magno
447 2267 482 2291 ut
511 2262 636 2299 populo.-
669 2259 866 2290 Heindorfius
895 2260 1041 2301 explicat,

313 2305 346 2334 in
366 2314 394 2334 so
404 2303 482 2344 seru
503 2305 565 2332 dies
585 2305 616 2333 in
634 2304 696 2332 dem
715 2313 834 2343 grosseti
857 2302 943 2332 Volke
961 2305 1042 2343 πῶς·

313 2346 371 2376 lich
394 2348 444 2381 ist,
460 2356 502 2375 wo
520 2355 590 2374 man
609 2345 670 2375 sich
693 2351 766 2375 trotz
782 2350 871 2385 guter
888 2344 1044 2386 Kleidung
1055 2372 1066 2384 ,

312 2389 376 2418 wid
398 2390 492 2417 einem
509 2387 633 2428 Gqfolge
649 2397 703 2417 von
722 2387 846 2416 Sclaven
865 2387 938 2416 doch
954 2394 1044 2417 unter

313 2432 366 2460 der
382 2430 491 2470 Meuge
507 2431 640 2466 vertiert,
655 2430 721 2458 dass
735 2440 804 2459 man
823 2440 878 2459 ron
900 2428 1042 2469 lVem'gen

312 2472 444 2502 beochtet
462 2472 551 2501 wird-
596 2471 662 2510 Ego
685 2470 803 2512 accipio
824 2477 859 2500 nt
880 2480 946 2512 pro,
963 2476 1043 2506 utut,

313 2512 456 2554 quamvis
481 2513 512 2543 in
540 2513 700 2554 frequente
725 2513 860 2547 civitate,
887 2512 940 2542 ubi
966 2513 1044 2543 alias

312 2555 451 2586 homines
471 2564 579 2596 parum
604 2560 715 2586 curant
735 2554 866 2585 aliorum
881 2559 995 2585 vestem
1014 2561 1045 2586 et

312 2598 510 2645 pedissequos
524 2609 532 2634 ;
555 2597 600 2628 sic
621 2604 655 2627 ut
674 2607 739 2638 pr0,
754 2596 907 2638 quamvis,
923 2597 955 2626 in
971 2603 1043 2628 noto

311 2640 367 2670 ιΙΙο
390 2640 458 2670 loco
475 2638 582 2670 Ovidii
604 2639 704 2680 Epist.
723 2649 760 2669 ex
778 2640 880 2670 Ponto
903 2639 924 2674 i,
941 2641 972 2674 4,
989 2640 1041 2675 79,

317 2681 358 2712 Ut
374 2683 468 2712 desint
484 2684 570 2717 vires,
586 2688 683 2711 tamen
703 2687 745 2711 est
761 2682 914 2711 laudanda
935 2682 1041 2711 volun-

314 2730 371 2754 tas.
415 2723 487 2754 Nisi
506 2723 578 2764 quis
596 2723 634 2753 In
653 2734 760 2763 magno
777 2729 812 2753 ut
832 2725 952 2762 populo,
969 2723 1043 2753 sirn-

311 2765 434 2807 pliciter
460 2765 614 2806 explicare
639 2765 739 2800 malit,
767 2770 802 2794 ut
828 2775 894 2795 mos
924 2765 982 2796 sert
1009 2765 1041 2796 in

311 2817 424 2849 magno
439 2808 567 2850 populo,
584 2807 632 2838 vel
646 2807 677 2837 in
695 2807 769 2837 urbe
786 2807 1043 2848 frequentissima.

311 2851 404 2881 Avita
424 2860 459 2880 ex
481 2861 534 2880 re.-
557 2849 702 2885 Horatio,
722 2849 858 2880 libertini
881 2849 956 2884 filio,
979 2861 1039 2880 rem-

310 2894 422 2923 um'tam
441 2898 523 2923 recte
542 2891 636 2922 tribui
659 2902 747 2934 posse
767 2897 861 2931 negat
884 2891 1039 2922 Heindor-

310 2934 381 2967 fius.
425 2934 486 2966 Sed
509 2933 661 2970 homines,
684 2934 716 2965 in
736 2943 866 2975 quorum
889 2933 1038 2975 conspec-

1090 1676 1157 1702 tum
1182 1671 1294 1702 Romae
1316 1671 1460 1703 veniebat
1482 1680 1560 1713 puer
1582 1669 1744 1706 Horatius,
1759 1679 1820 1701 non

1090 1714 1128 1744 de
1151 1713 1221 1755 ejus
1243 1719 1331 1755 patre
1351 1714 1544 1756 quaerebant,
1559 1713 1613 1744 sed
1634 1723 1718 1748 eum,
1737 1718 1820 1743 veste

1090 1756 1222 1797 pretiosa
1246 1756 1390 1786 indutum
1405 1761 1436 1787 et
1455 1755 1550 1786 servis
1570 1754 1764 1791 comitatum,
1779 1764 1819 1785 ex

1090 1803 1180 1839 gente
1195 1798 1289 1829 divite
1306 1798 1353 1829 vel
1375 1798 1458 1829 avita
1470 1802 1655 1839 prognatum
1670 1805 1738 1828 esse
1752 1796 1821 1839 opi-

1089 1841 1254 1871 nabantur.
1298 1840 1383 1876 Ιίιοε,1
1398 1846 1460 1871 tam
1477 1849 1619 1880 magnos.

1130 1884 1267 1913 85—88.
1306 1883 1370 1913 Nec
1385 1884 1497 1917 timuit,
1512 1887 1586 1912 cett.
1599 1894 1606 1912 :
1630 1891 1688 1912 nec
1704 1881 1745 1912 ab
1760 1880 1819 1911 hac

1087 1923 1241 1955 educandi
1267 1924 1383 1956 ratione
1410 1934 1443 1955 se
1470 1923 1612 1955 deterreri
1636 1932 1748 1965 passus
1772 1927 1821 1954 est

1088 1966 1208 2002 timore,
1233 1977 1271 1998 ne
1294 1968 1365 2008 quis
1387 1977 1454 1997 eam
1478 1966 1538 1996 sibi
1560 1965 1768 2014 exprobraret,
1793 1964 1820 1996 si

1088 2009 1215 2049 quando
1244 2019 1298 2050 pro
1328 2009 1441 2048 enguo
1474 2007 1628 2049 stipendio
1655 2006 1820 2049 praeconis,
1866 2042 1869 2045 ι

1088 2056 1142 2080 aut
1163 2051 1325 2086 coactetis,
1350 2057 1383 2081 ut
1406 2056 1490 2092 pater
1513 2051 1578 2091 ipse
1601 2049 1671 2086 fuit,
1692 2059 1821 2080 munere

1087 2092 1252 2132 fungerem
1282 2103 1383 2134 neque
1413 2102 1462 2123 me
1494 2091 1694 2134 poenituisset
1719 2087 1820 2132 hujus

1086 2134 1234 2165 muneris.
1279 2135 1422 2165 Coactor:
1446 2134 1552 2165 Schol.
1569 2134 1645 2165 Aer.
1661 2138 1693 2165 et
1707 2133 1816 2174 Cruq„

1087 2183 1232 2207 coactores
1259 2178 1436 2207 mercenarii
1465 2187 1577 2210 eorum,
1601 2178 1652 2216 qui
1675 2175 1820 2206 habebant

1087 2220 1306 2259 argentariam.
1358 2220 1512 2248 Coactores
1545 2221 1634 2248 etiam
1669 2218 1819 2248 dicuntur

1087 2263 1257 2300 argentarii
1285 2262 1318 2291 in
1345 2261 1548 2294 auctionibus,
1577 2261 1648 2300 quia
1677 2261 1820 2298 pecunias

1084 2308 1202 2342 cogant,
1220 2304 1313 2342 quiet
1332 2303 1496 2332 collectarii
1510 2303 1716 2332 nominantur.
1760 2301 1817 2332 Co-

1085 2350 1177 2378 actor,
1193 2346 1243 2384 qni
1259 2346 1352 2385 angit
1371 2355 1501 2375 nummos
1521 2355 1539 2374 a
1559 2343 1819 2385 circumforaneis.

1085 2387 1126 2416 At
1143 2387 1205 2423 hnc,
1220 2382 1314 2416 at’ob
1338 2386 1395 2417 hoc
1419 2386 1534 2427 ipsum,
1553 2385 1593 2416 ob
1612 2385 1692 2416 hanc
1715 2384 1816 2426 ipsam

1085 2427 1240 2459 educandi
1255 2428 1405 2459 rationem
1419 2440 1425 2458 z
1450 2427 1489 2459 de
1501 2429 1552 2459 hoc
1563 2437 1630 2469 pro,
1641 2427 1682 2459 ob
1693 2427 1764 2464 hoc,
1776 2426 1818 2459 cf.

1087 2481 1155 2511 sup.
1171 2470 1210 2500 ad
1226 2481 1254 2501 v.
1270 2471 1321 2501 41.

1129 2513 1181 2548 89,
1198 2513 1249 2543 90.
1270 2513 1394 2546 Sanum.
1409 2522 1457 2543 me
1480 2522 1565 2543 sanae
1585 2510 1697 2543 mentis
1715 2510 1816 2542 homi-

1086 2564 1155 2584 nem
1169 2566 1177 2592 ;
1199 2565 1272 2585 nam
1288 2554 1342 2596 qui
1357 2560 1485 2596 patrem,
1500 2553 1622 2595 qualem
1639 2553 1699 2584 sibi
1715 2552 1815 2584 conti·

1085 2596 1168 2636 gisse
1187 2596 1310 2627 laetatur
1334 2595 1492 2631 Horatius,
1508 2606 1570 2627 non
1594 2595 1645 2638 pio
1667 2599 1816 2637 gratoque

1085 2639 1187 2669 animo
1213 2639 1288 2669 colit
1311 2648 1347 2668 ac
1373 2643 1546 2674 veneratur,
1571 2640 1680 2669 insane
1703 2636 1816 2668 mentis

1086 2680 1126 2710 sit
1139 2691 1264 2712 necesse
1279 2686 1344 2711 est:
1369 2691 1440 2722 sup.
1457 2681 1523 2710 Sat.
1539 2680 1562 2716 i,
1579 2681 1611 2716 5,
1627 2680 1680 2715 44,
1693 2678 1748 2710 Nil
1761 2689 1816 2721 ego

1084 2724 1260 2754 contulerim
1274 2725 1416 2763 jucundo
1437 2733 1527 2752 sanus
1552 2723 1658 2752 amico.
1702 2721 1814 2762 quue,

1085 2770 1160 2796 cett.
1182 2770 1213 2796 et
1230 2765 1268 2796 de
1290 2765 1347 2795 hoc
1362 2769 1447 2806 patre
1468 2763 1610 2795 libertino
1626 2773 1686 2794 non
1706 2762 1750 2794 ita
1765 2773 1815 2794 me

1085 2808 1254 2842 excusabo,
1270 2812 1304 2837 ut
1325 2805 1462 2848 plurimi,
1479 2805 1534 2847 qui
1556 2815 1618 2836 non
1640 2805 1737 2847 culpa
1757 2815 1815 2836 sua

1084 2851 1168 2890 (dolo
1191 2850 1260 2889 suo)
1285 2849 1400 2879 factum
1423 2857 1492 2886 esse
1517 2847 1616 2883 aiunt,
1640 2847 1723 2888 quod
1749 2856 1812 2877 non

1082 2891 1234 2932 ingenuos
1250 2889 1432 2932 nobilesque
1447 2894 1549 2932 patres
1563 2889 1710 2921 habeant.
1736 2889 1812 2922 Dolo

1083 2945 1152 2964 suo.-
1176 2933 1292 2971 Scliol„
1307 2934 1378 2963 vitio
1391 2943 1442 2963 suo
1457 2938 1486 2963 et
1499 2933 1600 2972 culpa.
