1884 3288
870 193 1259 237 CARMINUM

596 293 828 348 Utcunque
847 299 1009 336 mutata
1026 302 1226 350 potentes

653 359 788 402 Veste
808 361 956 402 domos
976 362 1143 403 inimica
1162 361 1331 416 linquis.

451 425 507 465 25
536 423 598 466 At
618 426 770 482 vulgus
788 428 966 469 infidum
987 435 1031 469 et
1050 429 1248 470 meretrix
1271 437 1388 470 retro

535 492 717 547 Perjura
736 495 873 536 cedit:
905 495 1134 549 diffugiunt
1155 496 1273 536 cadis

591 559 699 600 Cum
719 560 824 601 faece
845 562 1012 601 siccatis
1034 561 1170 609 amici,

647 625 779 667 Ferre
793 628 947 682 jugum
966 627 1126 681 pariter
1146 626 1297 667 dolosi.

533 691 687 732 Serves
706 693 864 733 iturum
885 693 1096 734 Caesarem
1116 694 1158 734 in
1180 693 1351 734 ultimos

446 757 503 797 30
533 757 666 798 Orbis
687 759 932 808 Britannos,
954 768 998 800 et
1012 761 1218 813 juvenum
1239 775 1390 802 recens

591 824 787 866 Examen
809 826 912 866 Eois
933 826 1166 867 timendum

644 891 860 941 Partibus,
884 892 1149 946 Oceanoque
1169 894 1317 934 rubro.

532 957 660 999 Eheu
680 959 923 1000 cicatricum
942 967 986 1000 et
1007 959 1176 1000 sceleris
1197 960 1332 1014 pudet

532 1024 829 1079 Fratrumque.

442 1091 498 1130 35

892 1026 1011 1072 Quid
1032 1041 1110 1067 nos
1131 1027 1239 1067 dura
1260 1026 1494 1080 refugimus

584 1091 741 1133 AEtas2
772 1093 875 1146 quid
895 1092 1276 1148 intactum'nefasti

641 1158 897 1212 Liquimus?
930 1158 1043 1199 unde
1064 1173 1232 1199 manum
1247 1160 1452 1213 juventus

527 1224 653 1265 hletu
675 1224 867 1265 Deorum
890 1225 1129 1265 continuit?
1162 1225 1318 1278 quibus

527 1290 729 1344 Pepercit
748 1292 832 1331 aris
847 1293 863 1332 ’ζ

924 1291 965 1330 Ο
990 1291 1149 1331 utinam
1170 1305 1279 1331 nova

583 1356 745 1397 Incude
766 1356 962 1410 diffingas
984 1364 1175 1397 retusum
1197 1357 1238 1397 in

440 1423 497 1464 40

297 1543 408 1575 adfuso
432 1545 595 1588 liquefacto
619 1547 749 1586 plumbo,
769 1556 809 1577 ne
831 1556 933 1576 uncus
952 1545 1027 1576 inde

295 1585 423 1617 dissolvi
437 1595 559 1629 posset3
575 1599 703 1623 severus,
717 1588 897 1622 horrendus,
910 1598 1026 1624 saevus;

295 1628 342 1659 sic
357 1629 558 1660 Eumenidum
577 1633 672 1660 amnis
686 1631 768 1671 apud
786 1630 873 1670 Virg.
891 1631 969 1660 jEn,
984 1629 1026 1664 vi,

296 1670 372 1706 374,
387 1682 504 1702 severus
519 1672 649 1702 dicitur:
668 1674 709 1702 cf.
723 1673 802 1706 Geo.
818 1672 863 1707 iii,
880 1673 935 1702 37.
968 1671 1027 1702 His

295 1712 440 1743 omnibus
470 1719 573 1743 autem
604 1714 830 1750 instrumentis,
860 1724 930 1754 quae
963 1724 1029 1744 non

295 1755 362 1785 sine
389 1755 483 1785 animi
511 1756 647 1796 quodam
675 1756 796 1787 horrore
820 1756 1030 1786 Necessitatem

294 1807 360 1837 prae
390 1807 423 1828 se
449 1797 525 1828 serre
552 1797 776 1840 conspicimus,
806 1797 850 1828 nil
882 1798 943 1828 nisi
966 1798 1030 1828 vim

294 1839 439 1870 Fortunae
462 1839 643 1870 indomitam
667 1847 699 1870 et
716 1839 956 1881 insuperabilem
975 1839 1030 1871 de-

294 1879 422 1920 signari,
439 1881 489 1911 vix
504 1887 551 1911 est
565 1881 648 1922 quod
664 1892 818 1913 moneam.

338 1923 476 1953 21—24.
500 1924 634 1954 Sensus:
667 1925 735 1963 Spes
757 1930 788 1954 et
813 1924 898 1954 Fides
920 1928 950 1954 te
971 1926 1025 1954 ad-

293 1975 406 1996 versam
422 1975 547 2006 quoque
566 1966 686 2003 colunt,
706 1976 762 1996 nec
781 1976 798 1996 a
820 1971 850 1996 te
866 1966 1026 2004 recedunt,

293 2007 419 2047 quando
447 2017 485 2038 ex
513 2010 640 2038 secunda
672 2008 704 2037 in
730 2009 882 2038 adversam
909 2012 1026 2038 mutata

294 2049 501 2090 potentiorum
523 2049 632 2080 domos
650 2049 826 2091 relinquis·,
848 2049 903 2079 sed
921 2049 1026 2084 ceteri,

295 2091 350 2132 qui
366 2091 422 2122 tibi
435 2093 570 2122 secunda:
590 2098 710 2122 tantum
731 2091 900 2125 adliaereut,
916 2091 1028 2131 vulgus

294 2133 436 2169 infidum,
457 2135 643 2170 meretrices,
665 2133 804 2174 parasiti,
826 2139 855 2163 te
875 2135 1028 2163 adversam

294 2175 437 2214 fugiunt;
454 2175 485 2205 h.
498 2185 527 2205 e.
542 2175 604 2205 veri
617 2175 708 2206 amici
722 2177 751 2205 iu
765 2175 888 2205 fortuna
900 2174 1027 2206 adversa

291 2217 396 2255 fidem,
413 2217 482 2248 falsi
498 2217 656 2258 perfidiam
671 2219 815 2260 probant.
859 2218 939 2256 Spes,
952 2227 1022 2257 quae

292 2259 382 2291 adest
396 2261 540 2291 Fortunae
555 2260 703 2297 adversae,
718 2266 753 2290 ut
772 2259 899 2290 miseros
918 2259 1022 2289 melio-

292 2301 335 2332 ris
354 2303 444 2332 sonis
467 2301 578 2332 solatio
605 2308 740 2340 recreet;
771 2301 845 2332 hinc
867 2300 1024 2339 Ἐλπίδες

292 2343 406 2385 Τύχης
420 2345 550 2385 ἑταῖραι
571 2344 653 2386 apud
673 2343 843 2374 Macedon.
862 2343 968 2379 xxxix,
995 2345 1022 2382 l,

291 2385 324 2416 in
348 2387 477 2418 ⁴anthol.
501 2386 607 2418 Graec.
625 2387 662 2416 T.
678 2386 719 2420 iv.
734 2387 787 2417 92.
831 2386 929 2421 Rara,
949 2386 1024 2426 quia

292 2438 362 2459 raro
376 2429 468 2460 amici
490 2428 521 2458 in
542 2435 673 2470 utraque
693 2429 816 2459 fortuna
835 2427 925 2458 fidem
946 2439 1023 2469 prae-

292 2476 388 2506 stant,
409 2470 621 2512 significanter
642 2471 711 2511 ipsa
728 2471 786 2501 dea
807 2469 922 2500 dicitur
938 2481 1023 2505 rura,

291 2511 323 2542 h.
352 2523 382 2544 e.
413 2517 513 2544 raros‘
527 2513 662 2543 cultores
691 2513 823 2543 habens.
869 2513 956 2546 Albo,
986 2513 1024 2543 ad

289 2555 455 2587 candorem
483 2554 579 2584 animi
605 2555 852 2595 designandum;
883 2556 1023 2594 abnegat,

289 2606 335 2628 sc.
365 2608 410 2628 se.
468 2599 637 2636 Utcunque,
666 2597 927 2638 quandocunque,
957 2603 1023 2627 tum

290 2639 578 2681 quoque,quand0.
619 2640 847 2669 Mutataveste:
870 2638 952 2679 finge
968 2639 1022 2669 tibi

288 2681 456 2712 Fortunam
481 2682 639 2712 secundam
667 2681 843 2723 splendida,
870 2682 1023 2711 adversam

288 2724 411 2755 sordida
423 2730 506 2755 veste
516 2723 654 2754 indutam
667 2736 675 2759 3
691 2729 792 2754 mutat
802 2722 896 2762 igitur
904 2728 1022 2753 vestem

289 2766 484 2808 splendidam
508 2776 578 2796 cum
602 2765 737 2803 soniida,
759 2765 885 2805 quando
910 2771 942 2795 ut
964 2764 1023 2796 dea

289 2810 418 2840 adversa
433 2814 570 2850 apparet.

329 2851 470 2882 26—28.
494 2851 584 2881 Gadis
600 2850 677 2879 Cum
691 2848 772 2890 saece
793 2851 922 2882 εἰσι-σῆς,
941 2854 1022 2890 post-

286 2904 380 2935 quam
406 2893 446 2924 ad
469 2893 575 2924 faecem
599 2901 699 2932 usque
720 2890 824 2922 vinum
846 2891 1019 2926 ebiberunt,

286 2937 318 2967 h.
335 2947 363 2968 e.
378 2946 486 2967 omnes
501 2945 575 2977 opes
589 2938 829 2966 consumserunt
843 2939 875 2964 et
889 2933 1017 2964 devora-

639 1423 911 1478 Massagetas
933 1421 1190 1477 Arabasque
1212 1423 1383 1465 ferrum.

1071 1551 1156 1576 runt.
1203 1547 1306 1577 Dolosi
1318 1546 1420 1587 ferre,
1438 1546 1550 1578 Graece
1565 1556 1631 1588 pro,
1643 1547 1808 1581 astutiores

1071 1597 1164 1628 quarn
1194 1594 1228 1618 ut
1253 1589 1375 1626 ferant;
1403 1589 1449 1619 sic
1474 1587 1532 1619 inf.
1558 1589 1623 1620 Sat.
1650 1589 1672 1626 i.
1695 1591 1727 1627 4.
1754 1592 1805 1627 12,

1068 1631 1156 1670 piger
1182 1631 1272 1671 jin-re
1305 1641 1371 1672 pro,
1402 1629 1495 1661 nimis
1524 1630 1612 1672 piger
1645 1641 1741 1673 quam
1770 1639 1807 1664 ut

1070 1670 1159 1702 ferat.
1204 1673 1333 1714 Jugum,
1360 1672 1392 1703 h.
1419 1683 1448 1704 e.
1476 1671 1626 1715 inopiam,
1654 1679 1804 1716 tanquam

1069 1713 1182 1754 jugum
1204 1721 1237 1745 et
1254 1725 1346 1745 onuS.
1391 1715 1582 1766 Comparant
1602 1715 1696 1747 Pind.
1709 1717 1804 1749 Nem.

1074 1766 1105 1791 x,
1122 1756 1192 1790 147,
1207 1758 1338 1798 Παῦροι
1351 1756 1376 1787 δ’
1389 1756 1425 1788 ἐν
1435 1769 1531 1798 πονψ
1542 1755 1656 1789 ‘tr-iorni
1663 1757 1803 1800 βροτῶν

1073 1797 1225 1839 καμάτου
1239 1799 1530 1841 μεταλαμβάνειν.

1116 1841 1254 1871 29—32.
1277 1841 1295 1872 J
1301 1851 1363 1876 am,
1387 1847 1512 1883 captata
1532 1839 1625 1882 quasi
1645 1841 1804 1879 Fortuna,

1070 1891 1125 1923 per
1146 1882 1294 1923 hymnum
1317 1882 1351 1913 in
1370 1882 1440 1924 ejus
1461 1882 1630 1924 potentiam
1651 1883 1802 1916 decanta-

1070 1929 1148 1957 tum,
1175 1925 1401 1962 benevolentia,
1425 1924 1592 1966 subjungit
1615 1935 1724 1967 preces
1748 1937 1804 1968 pro

1070 1966 1206 1996 Caesare.
1257 1967 1384 1997 Ultimos
1400 1967 1576 1998 Britannos.
1618 1967 1672 1998 Sic
1689 1977 1728 2000 ex
1749 1978 1802 2000 ve-

1069 2007 1127 2038 teri
1153 2007 1311 2049 opinione,
1338 2008 1478 2039 ultimam
1507 2019 1569 2040 01·ae
1597 2009 1802 2042 occidentalis

1070 2049 1204 2079 insulam
1218 2060 1284 2080 esse
1301 2050 1516 2081 Britanniam:
1539 2050 1619 2093 apud
1637 2051 1802 2083 Catullum

1070 2101 1195 2132 quoque
1223 2092 1366 2123 Britanni
1383 2092 1531 2123 dicuntur
1552 2093 1677 2130 ultime}
1700 2099 1731 2124 et
1750 2104 1800 2126 ea-

1071 2136 1157 2164 tremi
1176 2133 1264 2174 Virg.
1281 2135 1358 2164 ,Ἕω
1373 2134 1438 2170 viii.
1454 2135 1536 2174 7275
1558 2135 1638 2166 Luc.
1654 2134 1710 2171 vii,
1724 2137 1800 2167 541.

1074 2175 1215 2211 Examen,
1246 2176 1389 2217 apposite
1418 2186 1436 2207 a
1467 2186 1547 2207 nova
1575 2186 1670 2218 apum
1695 2178 1803 2210 sobole

1066 2218 1253 2248 translatum
1265 2218 1303 2248 ad
1319 2219 1488 2250 exercitum
1505 2228 1613 2250 recens
1625 2229 1664 2250 ex
1675 2219 1801 2261 juveni·

1066 2259 1124 2290 bus
1154 2260 1375 2302 conscriptum.
1434 2261 1502 2291 Εοὶε
1531 2263 1682 2301 partibus,
1711 2267 1800 2294 ωτι-ω

1066 2300 1222 2336 orientali,
1258 2301 1387 2332 Arabiae
1426 2302 1542 2333 Felicis
1571 2303 1719 2345 populis:
1757 2305 1800 2336 cf.

1067 2354 1185 2384 argum.
1197 2354 1267 2384 sup.
1279 2343 1317 2374 ad
1329 2345 1435 2375 Carm.
1445 2344 1530 2375 xxix.
1561 2345 1678 2376 oceano
1690 2349 1796 2384 rubro,

1068 2385 1160 2416 maiis
1187 2385 1304 2422 Indici,
1333 2387 1373 2417 ab
1402 2392 1470 2418 ortu
1495 2385 1572 2419 solis
1594 2387 1801 2427 rubescentis,

1068 2427 1196 2458 accolis.

1109 2471 1250 2500 33-40,
1289 2470 1373 2500 Eheu
1407 2470 1584 2501 cicatricum
1611 2477 1641 2501 et
1669 2472 1798 2507 sceleris,

1068 2518 1141 2542 cett.
1158 2513 1223 2542 haec
1243 2512 1348 2542 subita
1366 2511 1406 2542 ad
1429 2512 1513 2543 bella
1530 2511 1701 2544 domestica
1721 2523 1798 2544 con-

1067 2555 1178 2590 versio,
1194 2559 1222 2585 et
1239 2553 1307 2584 dira
1319 2553 1483 2589 malorum,
1497 2564 1569 2595 quae
1582 2554 1637 2585 illa
1657 2555 1797 2598 protule-

1067 2603 1151 2632 runt,
1171 2595 1355 2632 exsecratio,
1378 2596 1417 2626 ad
1439 2601 1555 2632 votum,
1578 2601 1614 2627 ut
1637 2596 1757 2628 bellum
1779 2607 1799 2628 a

1066 2638 1167 2679 patria
1183 2638 1223 2669 ad
1242 2638 1441 2668 barbarorum
1458 2637 1683 2669 vincendorum
1702 2645 1798 2670 terras

1066 2686 1231 2715 avertatur,
1264 2679 1386 2720 egregie
1417 2679 1518 2710 ducit.
1575 2680 1719 2712 Sceleris.-
1755 2680 1798 2712 cf.

1066 2733 1135 2763 sup.
1151 2722 1172 2758 i,
1192 2724 1224 2757 2,
1247 2723 1300 2753 29.
1349 2722 1563 2762 Fratrumque:
1587 2722 1744 2764 copiosius
1763 2722 1797 2754 in

1067 2764 1147 2795 hanc
1172 2763 1357 2796 sententiam
1382 2765 1502 2794 Lucan.
1525 2763 1559 2798 ii,
1582 2765 1659 2800 286.
1684 2766 1798 2796 domini

1064 2818 1118 2846 per
1140 2808 1250 2838 viscera
1262 2806 1390 2847 ⁸serrum
1415 2805 1521 2846 Exegit
1535 2806 1698 2846 famulum
1730 2810 1798 2838 nati

1065 2851 1206 2879 maduere
1240 2855 1366 2888 paterno
1400 2848 1635 2888 Sanguine—in,
1650 2849 1797 2890 ‚fi-atrum

1061 2892 1235 2921 ceciderunt
1248 2891 1371 2931 prumia
1377 2889 1509 2930 fratres.
1553 2889 1718 2925 Intactum.
1737 2890 1795 2921 im-

1062 2933 1229 2974 pollutum.
1283 2931 1412 2974 Nqsusti,
1443 2931 1578 2963 scelesti.
1627 2931 1793 2975 Diffingus,
