1904 3314
305 220 390 261 442

801 222 1327 265 EPISTOLARUM

423 321 486 362 Ut
501 320 702 376 jugulent
721 321 925 374 homines,
949 331 1129 379 surgunt
1150 325 1204 365 de
1225 331 1349 365 nocte
1368 323 1579 373 latrones3

421 388 484 429 Ut
505 397 547 430 te
567 389 706 443 ipsum
728 404 886 440 serveS,
908 406 994 432 non
1014 392 1325 445 expergisceris
1342 393 1358 432 ἓ
1387 391 1519 444 atqui,

421 455 468 495 Si
487 455 603 496 noles
625 471 766 505 sanus,
789 471 933 497 curres
954 457 1215 511 hydropicus
1233 474 1241 498 ε
1275 465 1335 504 et,
1356 457 1399 497 ni

335 522 391 562 35
421 521 580 562 Posces
602 529 699 563 ante
721 523 832 563 diem
852 523 1007 563 librum
1027 538 1123 564 cum
1143 523 1312 572 lumine,
1335 524 1369 563 si
1389 537 1475 562 non

419 587 623 628 Intendes
645 588 825 628 animum
848 589 998 629 studiis
1020 596 1063 629 et
1083 590 1212 630 rebus
1234 588 1441 637 honestis,

420 653 583 694 Invidia
603 652 669 694 vel
688 668 829 695 amore
850 653 950 708 vigil
971 656 1242 708 torquebere.

1302 655 1417 695 Nam
1439 668 1530 702 cur,

421 720 532 767 Quae
551 720 713 761 laedunt
734 720 916 770 oculum,
938 721 1114 761 festinas
1136 721 1306 762 demere
1324 738 1333 771 ;
1367 722 1402 761 si
1422 721 1526 774 quid

420 787 502 827 Est
523 787 720 835 animum,
742 786 889 827 differs
911 787 1086 827 curandi
1109 794 1275 841 tempus
1297 788 1338 828 in
1360 789 1548 828 annum?

335 853 391 893 40
421 852 656 893 Dimidium
677 853 792 901 facti,
814 854 887 907 qui
906 854 1051 907 coepit,
1075 852 1231 894 habet:
1265 868 1415 908 sapere
1436 853 1574 901 aude3

419 918 566 972 Incipe
584 935 592 960 :
625 919 697 972 qui
718 926 832 960 recte
854 920 1020 960 vivendi
1041 926 1244 973 prorogat
1262 919 1425 968 horam,

418 984 624 1026 Rusticus
645 992 879 1039 exspectat,
902 985 1003 1025 dum
1024 985 1185 1026 defluat
1203 985 1334 1025 amnis
1353 1002 1361 1034 ;
1394 991 1437 1024 at
1457 983 1527 1024 ille

419 1050 618 1100 Labitur,
639 1058 682 1091 et
701 1050 870 1091 labetur
890 1051 933 1091 in
955 1065 1076 1091 omne
1098 1050 1293 1090 volubilis
1315 1064 1464 1089 aevum.

419 1116 639 1163 Quaeritur
659 1123 896 1170 argentum,
918 1115 1150 1169 puerisque
1170 1116 1297 1155 beata
1318 1114 1513 1155 creandis

333 1181 388 1223 45
418 1182 556 1231 Uxor,
577 1190 620 1223 et
639 1181 810 1223 incultae
829 1188 1038 1236 pacantur
1059 1195 1226 1222 vomere
1249 1180 1378 1221 silvae.

304 1289 386 1320 oque
415 1278 550 1310 similes:
578 1279 740 1314 Alcinous,
769 1289 819 1309 rex
852 1278 1036 1314 Phaeacum,

305 1321 399 1351 animi
415 1321 673 1352 oblectationibus
691 1327 720 1352 et
740 1321 877 1362 corporis
892 1321 1034 1362 volupta-

305 1363 387 1394 tibus
409 1373 428 1393 a
450 1362 560 1404 puerili
587 1363 660 1394 inde
687 1368 777 1393 aetate
802 1362 1035 1400 deditissimus;

305 1404 369 1446 ipse
383 1405 467 1447 apud
483 1405 609 1436 Homer.
626 1404 741 1445 Odyss.
757 1403 822 1439 viii,
837 1405 913 1439 248,
930 1404 1036 1446 profit-

304 1453 383 1482 etur,
405 1447 473 1477 Αἰεὶ
498 1446 524 1478 δ’
542 1445 623 1487 ἡμῖν
644 1446 716 1483 δαῖς
739 1458 770 1477 τε
792 1446 884 1487 φίλη,
907 1446 1036 1487 κιθαρίς

305 1501 352 1524 τε,
387 1489 483 1530 χοροί
520 1501 565 1520 τε.
609 1489 699 1523 Sunt,
733 1487 799 1528 qui,
834 1488 935 1518 deleta
968 1492 1038 1528 post

308 1533 482 1571 Alcinoique
521 1530 719 1562 distinctione
759 1530 888 1564 minore,
926 1529 1038 1559 malint

301 1572 434 1613 jungere
458 1574 631 1613 Alcinoique
655 1571 863 1613 (Phaeacum)
877 1573 1037 1610 juvent-us.

305 1615 366 1646 Sed
393 1615 452 1645 hoc
474 1619 522 1645 est
545 1614 754 1644 durissimum.
798 1613 898 1643 Totus
919 1623 1037 1647 versus,

308 1656 346 1686 In
360 1663 427 1687 cute
438 1658 573 1686 curanda
586 1658 655 1695 plus
665 1666 744 1695 aequo
754 1657 1037 1694 operatu-juventu&

310 1708 365 1739 per
388 1708 428 1740 ap
451 1698 611 1729 ositionem
637 1698 691 1739 (ut
714 1697 878 1733 nebulones,
902 1695 1039 1736 Alcinoi)

309 1739 426 1771 referen
450 1750 486 1770 us
496 1739 622 1770 omnino
633 1745 680 1769 est
691 1738 730 1769 ad
743 1739 847 1777 sponsi
862 1738 1038 1778 Penelopes5

310 1781 383 1813 huic
403 1782 573 1823 juventuti,
594 1781 642 1811 his
665 1780 777 1822 procis,
794 1781 953 1818 pulchrum
965 1781 1038 1821 fuit

309 1823 342 1853 in
358 1823 474 1855 medios
489 1823 554 1854 dies
571 1828 716 1861 stertere;
739 1828 769 1853 et
783 1822 829 1853 sic
843 1824 925 1861 proci
943 1823 1037 1853 Pene-

310 1867 385 1906 lopes
415 1865 597 1907 simpliciter
624 1869 774 1895 vocantur
792 1866 941 1903 juventus
970 1875 1038 1906 sup.

310 1909 375 1938 Sat.
391 1907 425 1943 ii,
441 1909 471 1943 5,
487 1908 539 1942 79,
554 1907 641 1937 Venit
656 1908 733 1937 enim
746 1917 887 1945 magnum
905 1908 1038 1936 donandi

307 1952 565 1989 parcajuventus,
581 1949 643 1979 Nec
658 1954 777 1979 tantum
795 1948 926 1983 Veneris,
943 1959 1037 1987 quan-

311 1997 374 2021 tum
387 1993 518 2022 studiosa
534 1992 661 2021 culinoe:
686 1990 728 2021 cf.
743 1989 844 2030 ejusd.
862 1991 929 2020 Sat.
947 2000 975 2020 v.
990 1991 1021 2021 7.

351 2033 403 2063 30.
428 2033 514 2067 Fuit,
531 2042 600 2063 esse
614 2032 703 2062 solet.

351 2075 404 2105 31.
433 2076 482 2104 Ad
509 2075 680 2113 strepitum,
706 2074 746 2103 ad
774 2083 878 2108 sonos,
907 2074 1035 2104 modos:

309 2127 380 2158 sup.
410 2116 472 2146 Od.
503 2115 545 2150 iv,
570 2116 601 2150 3,
631 2117 681 2152 18,
706 2116 731 2145 Ο
758 2116 915 2145 testudinis
940 2127 1038 2146 aurete

268 2162 274 2167 ⁸
310 2159 438 2189 Dutcem
467 2168 530 2198 quc?
557 2159 726 2196 strepitum,
759 2157 857 2191 Pieri,
886 2163 1038 2196 temperas.

310 2201 462 2231 Cessatum
486 2201 593 2229 ducere
615 2209 737 2228 curam:
759 2207 796 2228 eo
816 2197 905 2238 quasi
925 2199 1038 2230 ducere

308 2252 427 2276 curam,
451 2251 512 2282 quo
535 2240 590 2270 illa
611 2249 722 2270 vexare
744 2245 860 2277 cesset3
883 2240 1039 2280 eleganter

308 2294 363 2325 pro
379 2282 508 2323 vulgari,
529 2292 634 2313 curam
658 2281 792 2321 abigere,
807 2281 932 2322 pellere,
952 2291 1035 2311 com-

308 2335 443 2367 pescere.

351 2367 490 2398 32—37.
518 2365 570 2396 Ab
597 2365 749 2406 ejusmodi
778 2364 840 2395 vita
870 2363 1034 2400 desidiosa,

309 2419 403 2450 quam
424 2407 598 2449 Penelopes
614 2417 723 2448 procos
740 2413 771 2437 et
785 2405 953 2437 Alcinoum
970 2406 1035 2436 vix-

309 2451 370 2482 isse
389 2451 481 2481 refert
502 2450 667 2484 Homerus,
686 2448 752 2489 jam
776 2447 925 2478 Horatius
944 2448 1034 2489 juve-

308 2504 375 2528 neS,
391 2491 574 2523 nominatim
591 2490 739 2526 Lollium,
756 2490 793 2520 ad
808 2500 901 2530 quem
917 2489 1037 2531 scripsit

307 2535 387 2566 hanc
405 2534 577 2576 epistolam,
594 2538 714 2567 avocat,
731 2542 877 2572 eumque,
894 2538 939 2566 ut,
956 2532 1036 2562 lecto

307 2583 378 2608 ante
393 2576 475 2608 diem
491 2575 610 2610 relicto,
627 2580 749 2604 strenue
771 2573 908 2603 animum
926 2574 1037 2604 studiis

305 2624 337 2650 et
367 2619 458 2650 rebus
485 2617 620 2648 honestis
649 2616 802 2650 intendat,
827 2624 884 2645 nec
913 2621 1036 2657 tempus

306 2660 402 2691 animi
418 2659 517 2691 cultui
533 2658 772 2700 impendendum
792 2657 824 2687 in
843 2667 959 2687 annum
974 2657 1034 2688 dif-

306 2702 395 2738 ferat,
410 2702 600 2733 exhortatur.

348 2745 403 2775 32.
442 2744 603 2774 Homines:
634 2741 678 2772 sic
707 2741 821 2781 legitur
848 2740 880 2770 in
909 2741 1034 2782 optimae

305 2790 387 2817 notoe
408 2785 509 2816 Codd.
532 2784 615 2826 apud
640 2784 754 2819 Feam;
777 2788 809 2812 at
826 2783 987 2813 Bentleius
1004 2789 1034 2814 et

303 2838 375 2859 eum
391 2826 492 2858 secuti
506 2826 712 2858 exhibuerunt
727 2826 880 2859 hominem,
894 2824 1033 2856 homoeo-

305 2869 422 2906 teleuti,
432 2874 467 2900 ut
481 2868 568 2899 addit
582 2868 750 2901 Gesnerus.
763 2866 898 2899 evitandi
913 2867 1012 2907 gratia
1024 2880 1032 2906 ;

303 2912 357 2942 sed
381 2912 419 2942 ad
441 2911 523 2941 hanc
547 2920 683 2940 normam
708 2919 768 2939 non
792 2907 935 2948 exigendi
959 2915 1032 2940 sunt

304 2952 471 2985 hexametri
487 2951 660 2984 Horatiani.

1122 1279 1175 1314 33,
1193 1278 1245 1308 34.
1272 1278 1312 1308 Ut
1329 1285 1356 1309 te
1373 1279 1465 1316 ipsum
1486 1287 1590 1313 serves,
1606 1281 1641 1307 ut
1655 1281 1685 1307 te
1706 1279 1808 1307 tutum

1080 1325 1206 1361 praestes
1233 1320 1272 1350 ab
1294 1319 1333 1350 iis
1354 1329 1426 1360 quae
1448 1318 1504 1349 tibi
1526 1318 1640 1349 infesta
1665 1322 1751 1352 suut,
1774 1323 1810 1348 ut

1079 1361 1157 1392 vites
1171 1361 1342 1402 improbam
1359 1361 1500 1395 Sireuen,
1517 1359 1681 1391 desidiam.
1704 1361 1810 1399 Atqui,

1080 1404 1113 1434 Si
1130 1404 1206 1433 noles
1219 1414 1319 1437 sanus,
1335 1413 1436 1433 curres
1452 1403 1648 1443 hydropicus:
1669 1400 1811 1442 atqui,'si

1080 1455 1176 1480 nunc,
1193 1455 1264 1475 cum
1281 1445 1358 1475 bene
1373 1445 1470 1480 vales,
1485 1444 1572 1474 noles
1587 1452 1719 1479 currere,
1733 1443 1766 1473 h.
1782 1453 1812 1473 e.

1081 1487 1159 1516 vires
1175 1492 1243 1517 tuas
1262 1496 1416 1523 exercere,
1431 1485 1464 1515 iu
1480 1490 1648 1527 posterum,
1663 1494 1734 1515 cum
1754 1483 1811 1514 tibi

1080 1528 1161 1558 male
1183 1529 1250 1563 erit,
1267 1527 1358 1557 sicuti
1380 1527 1569 1568 hydropicus
1590 1525 1669 1573 (vel,
1684 1525 1710 1556 si
1729 1525 1812 1557 desi-

1079 1570 1166 1600 diosa
1181 1575 1212 1600 et
1226 1569 1385 1599 luxuriosa
1398 1569 1461 1599 vita
1475 1569 1576 1599 sactus
1590 1567 1684 1598 tueris
1699 1567 1811 1609 hydro-

1081 1610 1199 1652 picus),
1226 1621 1351 1646 curres3
1379 1610 1491 1641 medici
1520 1609 1601 1640 enim
1626 1609 1812 1651 hydropicos

1081 1655 1207 1683 multum
1239 1654 1416 1682 ambulando
1446 1659 1474 1682 et
1500 1662 1710 1692 nonnunquam
1740 1662 1810 1682 cur-

1084 1697 1185 1730 rendo,
1199 1695 1231 1725 h.
1249 1706 1276 1725 e.
1289 1695 1368 1725 vires
1383 1693 1518 1735 corporis
1532 1693 1716 1729 exercendo,
1726 1693 1810 1724 vale-

1084 1737 1185 1767 tudini
1201 1746 1377 1767 succurrere
1388 1736 1520 1777 jubent:
1543 1735 1624 1771 vide,
1634 1745 1726 1776 quem
1742 1734 1811 1766 lau-

1081 1779 1135 1809 dat
1152 1779 1322 1812 Gesnerus,
1338 1778 1424 1810 Cels.
1443 1777 1488 1814 iii,
1503 1778 1557 1808 21.

1124 1822 1175 1851 37.
1203 1821 1296 1862 Vigil,
1313 1830 1359 1850 sc.
1380 1825 1542 1862 postquam
1562 1819 1595 1848 in
1610 1817 1728 1848 medios
1745 1817 1812 1849 dies

1081 1862 1231 1893 dormisti.
1278 1863 1398 1892 Invidia
1425 1863 1471 1892 vel
1504 1871 1601 1891 amore
1631 1861 1811 1900 torquebere,

1082 1904 1273 1944 gravioribus
1302 1903 1397 1934 animi
1427 1902 1654 1938 affectionibus,
1681 1901 1811 1941 invidia,

1082 1957 1196 1982 amore,
1213 1952 1286 1977 cett.
1301 1945 1499 1976 cruciaberis.

1124 1990 1176 2019 39.
1202 1989 1255 2018 Est
1271 1990 1403 2018 (mimum
1419 1986 1568 2028 (ἐσθίει),
1583 1984 1699 2021 exedit,
1716 1985 1809 2017 absu-

1082 2030 1157 2060 mit:
1181 2031 1323 2064 curandi,
1340 2029 1435 2059 animi
1450 2038 1468 2058 a
1482 2028 1565 2059 vitiis
1581 2027 1744 2059 liberandi.

1124 2074 1175 2102 40.
1202 2072 1471 2113 Dimidimnjuc-ti,
1483 2071 1533 2111 qui
1547 2072 1645 2108 coepit,
1659 2070 1756 2104 habet,
1769 2069 1810 2100 ad

1079 2113 1275 2155 proverbium
1292 2113 1487 2147 Graecorum,
1501 2111 1609 2153 Ἀρχὴ
1624 2109 1655 2142 δέ
1670 2122 1721 2142 rot
1737 2111 1809 2152 ἥμι-

1079 2167 1120 2186 συ
1145 2157 1284 2192 παντὸς,
1305 2155 1398 2195 cujus
1420 2159 1576 2184 auctorem
1599 2153 1808 2200 Pythagoram

1080 2207 1146 2228 esse
1161 2202 1267 2228 censet
1279 2197 1491 2228 Hemsterhus.
1504 2195 1543 2226 ad
1555 2195 1686 2226 Lucian.
1701 2196 1810 2226 somn.

1081 2249 1111 2269 c.
1125 2239 1158 2269 3.

1124 2281 1176 2310 41.
1201 2281 1347 2320 Prorogat
1362 2279 1474 2315 horam,
1489 2284 1610 2319 tempus
1623 2278 1736 2309 differt.

1123 2323 1176 2356 42,
1187 2323 1240 2351 43.
1265 2321 1406 2350 Rusticus
1419 2327 1561 2359 exspectat
1573 2322 1655 2354 dum,
1669 2324 1758 2356 cettz,
1770 2319 1810 2358 is,

1081 2362 1161 2393 sicut
1184 2363 1297 2393 stultus
1314 2362 1367 2392 ille
1386 2361 1520 2392 rusticus
1539 2361 1573 2392 in
1591 2361 1718 2396 fabulis,
1733 2361 1809 2392 dum

1079 2404 1194 2435 defluat
1210 2403 1320 2438 amniS,
1336 2409 1490 2444 expectat.
1523 2402 1676 2434 Rusticus
1688 2402 1809 2434 scilicet

1078 2446 1203 2487 quidam
1229 2446 1267 2476 ad
1294 2455 1414 2475 amnem
1445 2445 1579 2480 stetisse,
1603 2449 1644 2479 et.
1666 2450 1702 2475 ut
1725 2444 1809 2476 sicco

1079 2489 1156 2530 pede
1178 2498 1249 2519 eum
1273 2487 1426 2522 transiret,
1444 2486 1543 2517 donec
1566 2485 1666 2516 amnis
1686 2487 1808 2517 deflux-

1079 2531 1160 2567 isset,
1175 2535 1338 2570 expectare
1358 2528 1493 2560 voluisse
1514 2527 1650 2569 fingitur,
1666 2538 1721 2569 pro
1739 2528 1808 2559 vul-

1079 2571 1158 2612 gari,
1178 2571 1231 2602 sed
1244 2571 1371 2612 frustra
1389 2575 1552 2612 expectat:
1577 2569 1809 2602 accommodate

1079 2613 1119 2644 ad
1150 2624 1211 2644 rem
1244 2613 1339 2650 addit,
1365 2618 1398 2642 at
1426 2613 1478 2642 ille
1506 2611 1643 2653 (amnis)
1670 2613 1808 2642 volubilis

1080 2655 1191 2697 (celeri
1212 2654 1323 2694 cursu)
1347 2655 1474 2688 labitur,
1500 2660 1529 2684 et
1551 2655 1585 2683 in
1608 2663 1690 2683 omne
1713 2665 1807 2684 aeviam

1080 2699 1208 2728 labetur.
1259 2695 1415 2738 Spectavit
1451 2700 1554 2726 autem
1592 2695 1740 2725 Horatius
1774 2696 1808 2726 in

1078 2738 1306 2781 comparatione
1335 2737 1474 2768 instituta
1504 2735 1698 2779 potissimum
1726 2737 1806 2767 hoc:

1077 2782 1132 2822 qui
1155 2787 1290 2822 tempus,
1313 2790 1376 2820 quo
1397 2778 1500 2810 animo
1521 2777 1712 2809 emendando
1733 2788 1807 2820 ope-

1078 2834 1142 2854 ram
1164 2823 1294 2853 daturus
1315 2827 1373 2856 est,
1390 2825 1544 2862 expectat,
1565 2819 1598 2850 id
1621 2820 1734 2850 frustra
1753 2830 1808 2851 ex.

1078 2870 1194 2906 pectet,
1208 2864 1290 2894 sicut
1303 2862 1436 2894 rusticus
1446 2862 1500 2893 ille
1512 2861 1551 2892 ad
1564 2871 1698 2896 amnem,
1713 2871 1806 2902 quem

1076 2907 1170 2937 stulte
1195 2906 1390 2936 defluxurum
1418 2913 1484 2935 esse
1509 2903 1661 2946 putabat3
1684 2907 1807 2945 tempus

1074 2949 1156 2980 enim
1183 2947 1274 2980 celeri
1304 2957 1408 2981 cursu.
1434 2946 1516 2989 sicut
1541 2945 1655 2981 amnis,
1679 2944 1805 2982 labitur,
