<?xml version="1.0" encoding="UTF-8"?>
<!DOCTYPE html PUBLIC "-//W3C//DTD XHTML 1.0 Transitional//EN"
    "http://www.w3.org/TR/xhtml1/DTD/xhtml1-transitional.dtd">
<html xmlns="http://www.w3.org/1999/xhtml" xml:lang="en" lang="en">
 <head>
  <title>
</title>
<meta http-equiv="Content-Type" content="text/html;charset=utf-8" />
  <meta name='ocr-system' content='tesseract 3.04.00' />
  <meta name='ocr-capabilities' content='ocr_page ocr_carea ocr_par ocr_line ocrx_word'/>
</head>
<body>
  <div class='ocr_page' id='page_1' title='image "./operahorac00horauoft_0589.png"; bbox 0 0 1904 3314; ppageno 0'>
   <div class='ocr_carea' id='block_1_1' title="bbox 0 2810 56 2883">
    <p class='ocr_par' dir='ltr' id='par_1_1' title="bbox 0 2810 56 2883">
     <span class='ocr_line' id='line_1_1' title="bbox 0 2810 56 2883; baseline 0 431"><span class='ocrx_word' id='word_1_1' title='bbox 0 2810 56 2883; x_wconf 95' lang='lat' dir='ltr'><strong> </strong></span> 
     </span>
    </p>
   </div>
   <div class='ocr_carea' id='block_1_2' title="bbox 0 2975 56 3314">
    <p class='ocr_par' dir='ltr' id='par_1_2' title="bbox 0 2975 56 3314">
     <span class='ocr_line' id='line_1_2' title="bbox 0 2975 56 3314; baseline 0 0"><span class='ocrx_word' id='word_1_2' title='bbox 0 2975 56 3314; x_wconf 95' lang='lat' dir='ltr'><strong> </strong></span> 
     </span>
    </p>
   </div>
   <div class='ocr_carea' id='block_1_3' title="bbox 431 221 1312 267">
    <p class='ocr_par' dir='ltr' id='par_1_3' title="bbox 431 221 1312 267">
     <span class='ocr_line' id='line_1_3' title="bbox 431 221 1312 267; baseline -0.005 0"><span class='ocrx_word' id='word_1_3' title='bbox 431 221 807 267; x_wconf 90' lang='lat' dir='ltr'><strong>EPISTOLA</strong></span> <span class='ocrx_word' id='word_1_4' title='bbox 845 222 944 264; x_wconf 93' lang='lat' dir='ltr'><strong>AD</strong></span> <span class='ocrx_word' id='word_1_5' title='bbox 987 221 1312 264; x_wconf 84' lang='lat' dir='ltr'><strong>PISONES.</strong></span> 
     </span>
    </p>
   </div>
   <div class='ocr_carea' id='block_1_4' title="bbox 1560 219 1646 260">
    <p class='ocr_par' dir='ltr' id='par_1_4' title="bbox 1560 219 1646 260">
     <span class='ocr_line' id='line_1_4' title="bbox 1560 219 1646 260; baseline 0 0"><span class='ocrx_word' id='word_1_6' title='bbox 1560 219 1646 260; x_wconf 77' lang='lat'><strong>549</strong></span> 
     </span>
    </p>
   </div>
   <div class='ocr_carea' id='block_1_5' title="bbox 216 321 1403 382">
    <p class='ocr_par' dir='ltr' id='par_1_5' title="bbox 216 321 1403 382">
     <span class='ocr_line' id='line_1_5' title="bbox 216 321 1403 382; baseline -0.006 -13"><span class='ocrx_word' id='word_1_7' title='bbox 216 326 355 368; x_wconf 88' lang='lat' dir='ltr'><strong>Puam</strong></span> <span class='ocrx_word' id='word_1_8' title='bbox 376 342 474 382; x_wconf 90' lang='lat' dir='ltr'><strong>quae</strong></span> <span class='ocrx_word' id='word_1_9' title='bbox 496 333 598 368; x_wconf 85' lang='lat' dir='ltr'><strong>sunt</strong></span> <span class='ocrx_word' id='word_1_10' title='bbox 619 323 754 368; x_wconf 77' lang='lat' dir='ltr'><strong>oculis</strong></span> <span class='ocrx_word' id='word_1_11' title='bbox 777 323 975 378; x_wconf 81' lang='lat' dir='ltr'><strong>subjecta</strong></span> <span class='ocrx_word' id='word_1_12' title='bbox 995 321 1218 372; x_wconf 84' lang='lat' dir='ltr'><strong>fidelibus,</strong></span> <span class='ocrx_word' id='word_1_13' title='bbox 1239 329 1284 363; x_wconf 89' lang='lat' dir='ltr'><strong>et</strong></span> <span class='ocrx_word' id='word_1_14' title='bbox 1304 336 1403 376; x_wconf 88' lang='lat' dir='ltr'><strong>quae</strong></span> 
     </span>
    </p>
   </div>
   <div class='ocr_carea' id='block_1_6' title="bbox 210 394 830 450">
    <p class='ocr_par' dir='ltr' id='par_1_6' title="bbox 210 394 830 450">
     <span class='ocr_line' id='line_1_6' title="bbox 210 394 830 450; baseline -0.006 -14"><span class='ocrx_word' id='word_1_15' title='bbox 210 394 313 450; x_wconf 92' lang='lat' dir='ltr'><strong>Ipse</strong></span> <span class='ocrx_word' id='word_1_16' title='bbox 335 395 418 437; x_wconf 89' lang='lat' dir='ltr'><strong>sibi</strong></span> <span class='ocrx_word' id='word_1_17' title='bbox 439 394 573 437; x_wconf 88' lang='lat' dir='ltr'><strong>tradit</strong></span> <span class='ocrx_word' id='word_1_18' title='bbox 594 398 830 448; x_wconf 87' lang='lat' dir='ltr'><strong>spectator.</strong></span> 
     </span>
    </p>
   </div>
   <div class='ocr_carea' id='block_1_7' title="bbox 892 390 1303 432">
    <p class='ocr_par' dir='ltr' id='par_1_7' title="bbox 892 390 1303 432">
     <span class='ocr_line' id='line_1_7' title="bbox 892 390 1303 432; baseline -0.005 0"><span class='ocrx_word' id='word_1_19' title='bbox 892 390 1000 432; x_wconf 91' lang='lat' dir='ltr'><strong>Non</strong></span> <span class='ocrx_word' id='word_1_20' title='bbox 1021 397 1164 431; x_wconf 88' lang='lat' dir='ltr'><strong>tamen</strong></span> <span class='ocrx_word' id='word_1_21' title='bbox 1185 390 1303 431; x_wconf 90' lang='lat' dir='ltr'><strong>intus</strong></span> 
     </span>
    </p>
   </div>
   <div class='ocr_carea' id='block_1_8' title="bbox 90 456 1452 1468">
    <p class='ocr_par' dir='ltr' id='par_1_8' title="bbox 208 456 1356 519">
     <span class='ocr_line' id='line_1_8' title="bbox 208 456 1356 519; baseline -0.007 -14"><span class='ocrx_word' id='word_1_22' title='bbox 208 461 359 519; x_wconf 80' lang='lat' dir='ltr'>Digna</span> <span class='ocrx_word' id='word_1_23' title='bbox 379 463 474 519; x_wconf 87' lang='lat' dir='ltr'><strong>geri</strong></span> <span class='ocrx_word' id='word_1_24' title='bbox 493 475 666 518; x_wconf 87' lang='lat' dir='ltr'><strong>promes</strong></span> <span class='ocrx_word' id='word_1_25' title='bbox 687 461 732 502; x_wconf 91' lang='lat' dir='ltr'><strong>in</strong></span> <span class='ocrx_word' id='word_1_26' title='bbox 754 474 954 510; x_wconf 84' lang='lat' dir='ltr'><strong>scenam3</strong></span> <span class='ocrx_word' id='word_1_27' title='bbox 986 457 1209 512; x_wconf 86' lang='lat' dir='ltr'><strong>multaque</strong></span> <span class='ocrx_word' id='word_1_28' title='bbox 1230 456 1356 498; x_wconf 87' lang='lat' dir='ltr'><strong>tolles</strong></span> 
     </span>
    </p>

    <p class='ocr_par' dir='ltr' id='par_1_9' title="bbox 93 526 1330 654">
     <span class='ocr_line' id='line_1_9' title="bbox 207 526 1330 585; baseline -0.005 -14"><span class='ocrx_word' id='word_1_29' title='bbox 207 529 282 572; x_wconf 86' lang='lat' dir='ltr'><strong>Ex</strong></span> <span class='ocrx_word' id='word_1_30' title='bbox 303 530 454 581; x_wconf 89' lang='lat' dir='ltr'><strong>oculis,</strong></span> <span class='ocrx_word' id='word_1_31' title='bbox 477 545 576 585; x_wconf 87' lang='lat' dir='ltr'><strong>quae</strong></span> <span class='ocrx_word' id='word_1_32' title='bbox 597 543 697 570; x_wconf 89' lang='lat' dir='ltr'><strong>mox</strong></span> <span class='ocrx_word' id='word_1_33' title='bbox 720 534 869 570; x_wconf 80' lang='lat' dir='ltr'><strong>narret</strong></span> <span class='ocrx_word' id='word_1_34' title='bbox 890 526 1096 568; x_wconf 84' lang='lat' dir='ltr'>facundia</span> <span class='ocrx_word' id='word_1_35' title='bbox 1117 540 1330 580; x_wconf 86' lang='lat' dir='ltr'><strong>praesens.</strong></span> 
     </span>
     <span class='ocr_line' id='line_1_10' title="bbox 93 592 1229 654; baseline -0.004 -16"><span class='ocrx_word' id='word_1_36' title='bbox 93 596 177 640; x_wconf 87' lang='grc'><strong>185</strong></span> <span class='ocrx_word' id='word_1_37' title='bbox 206 597 280 641; x_wconf 93' lang='lat' dir='ltr'><strong>Ne</strong></span> <span class='ocrx_word' id='word_1_38' title='bbox 300 613 462 654; x_wconf 89' lang='lat' dir='ltr'><strong>pueros</strong></span> <span class='ocrx_word' id='word_1_39' title='bbox 483 612 629 640; x_wconf 88' lang='lat' dir='ltr'><strong>coram</strong></span> <span class='ocrx_word' id='word_1_40' title='bbox 649 595 814 653; x_wconf 91' lang='lat' dir='ltr'><strong>populo</strong></span> <span class='ocrx_word' id='word_1_41' title='bbox 838 595 1002 637; x_wconf 87' lang='lat' dir='ltr'><strong>Medea</strong></span> <span class='ocrx_word' id='word_1_42' title='bbox 1024 592 1229 643; x_wconf 78' lang='lat' dir='ltr'><strong>trucidet,</strong></span> 
     </span>
    </p>

    <p class='ocr_par' dir='ltr' id='par_1_10' title="bbox 202 658 1390 721">
     <span class='ocr_line' id='line_1_11' title="bbox 202 658 1390 721; baseline -0.008 -12"><span class='ocrx_word' id='word_1_43' title='bbox 202 663 299 708; x_wconf 90' lang='lat' dir='ltr'><strong>Aut</strong></span> <span class='ocrx_word' id='word_1_44' title='bbox 318 666 507 708; x_wconf 85' lang='lat' dir='ltr'><strong>humana</strong></span> <span class='ocrx_word' id='word_1_45' title='bbox 527 664 670 721; x_wconf 87' lang='lat' dir='ltr'><strong>palam</strong></span> <span class='ocrx_word' id='word_1_46' title='bbox 691 670 852 720; x_wconf 87' lang='lat' dir='ltr'><strong>coquat</strong></span> <span class='ocrx_word' id='word_1_47' title='bbox 872 670 975 705; x_wconf 86' lang='lat' dir='ltr'><strong>exta</strong></span> <span class='ocrx_word' id='word_1_48' title='bbox 995 661 1187 703; x_wconf 86' lang='lat' dir='ltr'><strong>nefarius</strong></span> <span class='ocrx_word' id='word_1_49' title='bbox 1209 658 1390 710; x_wconf 78' lang='lat' dir='ltr'><strong>Atreus,</strong></span> 
     </span>
    </p>

    <p class='ocr_par' dir='ltr' id='par_1_11' title="bbox 202 730 1452 788">
     <span class='ocr_line' id='line_1_12' title="bbox 202 730 1452 788; baseline -0.006 -12"><span class='ocrx_word' id='word_1_50' title='bbox 202 732 298 776; x_wconf 88' lang='lat' dir='ltr'><strong>Aut</strong></span> <span class='ocrx_word' id='word_1_51' title='bbox 318 734 363 775; x_wconf 90' lang='lat' dir='ltr'><strong>in</strong></span> <span class='ocrx_word' id='word_1_52' title='bbox 382 748 506 776; x_wconf 88' lang='lat' dir='ltr'><strong>avem</strong></span> <span class='ocrx_word' id='word_1_53' title='bbox 527 733 702 788; x_wconf 83' lang='lat' dir='ltr'>Progne</span> <span class='ocrx_word' id='word_1_54' title='bbox 723 739 935 781; x_wconf 87' lang='lat' dir='ltr'><strong>vertatur,</strong></span> <span class='ocrx_word' id='word_1_55' title='bbox 959 731 1151 772; x_wconf 86' lang='lat' dir='ltr'>Cadmus</span> <span class='ocrx_word' id='word_1_56' title='bbox 1173 730 1218 771; x_wconf 92' lang='lat' dir='ltr'><strong>in</strong></span> <span class='ocrx_word' id='word_1_57' title='bbox 1239 743 1426 785; x_wconf 87' lang='lat' dir='ltr'>anguem</span> <span class='ocrx_word' id='word_1_58' title='bbox 1443 746 1452 770; x_wconf 89' lang='lat'>:</span> 
     </span>
    </p>

    <p class='ocr_par' dir='ltr' id='par_1_12' title="bbox 204 797 1341 857">
     <span class='ocr_line' id='line_1_13' title="bbox 204 797 1341 857; baseline -0.006 -12"><span class='ocrx_word' id='word_1_59' title='bbox 204 801 514 857; x_wconf 86' lang='lat' dir='ltr'><strong>Quodcunque</strong></span> <span class='ocrx_word' id='word_1_60' title='bbox 536 802 731 844; x_wconf 89' lang='lat' dir='ltr'><strong>ostendis</strong></span> <span class='ocrx_word' id='word_1_61' title='bbox 753 801 858 842; x_wconf 90' lang='lat' dir='ltr'><strong>mihi</strong></span> <span class='ocrx_word' id='word_1_62' title='bbox 880 801 956 850; x_wconf 88' lang='lat' dir='ltr'><strong>sic,</strong></span> <span class='ocrx_word' id='word_1_63' title='bbox 978 797 1231 841; x_wconf 86' lang='lat' dir='ltr'><strong>incredulus</strong></span> <span class='ocrx_word' id='word_1_64' title='bbox 1252 798 1341 839; x_wconf 87' lang='lat' dir='ltr'><strong>odi.</strong></span> 
     </span>
    </p>

    <p class='ocr_par' dir='ltr' id='par_1_13' title="bbox 260 867 1324 924">
     <span class='ocr_line' id='line_1_14' title="bbox 260 867 1324 924; baseline -0.005 -12"><span class='ocrx_word' id='word_1_65' title='bbox 260 869 388 912; x_wconf 89' lang='lat' dir='ltr'><strong>Neve</strong></span> <span class='ocrx_word' id='word_1_66' title='bbox 409 871 563 922; x_wconf 89' lang='lat' dir='ltr'><strong>minor,</strong></span> <span class='ocrx_word' id='word_1_67' title='bbox 585 884 670 912; x_wconf 89' lang='lat' dir='ltr'><strong>neu</strong></span> <span class='ocrx_word' id='word_1_68' title='bbox 693 870 748 911; x_wconf 88' lang='lat' dir='ltr'><strong>sit</strong></span> <span class='ocrx_word' id='word_1_69' title='bbox 770 869 924 924; x_wconf 88' lang='lat' dir='ltr'><strong>quinto</strong></span> <span class='ocrx_word' id='word_1_70' title='bbox 945 867 1202 923; x_wconf 86' lang='lat' dir='ltr'><strong>productior</strong></span> <span class='ocrx_word' id='word_1_71' title='bbox 1223 873 1324 908; x_wconf 85' lang='lat' dir='ltr'><strong>actu</strong></span> 
     </span>
    </p>

    <p class='ocr_par' dir='ltr' id='par_1_14' title="bbox 90 934 1242 994">
     <span class='ocr_line' id='line_1_15' title="bbox 90 934 1242 994; baseline -0.004 -14"><span class='ocrx_word' id='word_1_72' title='bbox 90 937 174 980; x_wconf 90' lang='lat'><strong>190</strong></span> <span class='ocrx_word' id='word_1_73' title='bbox 202 937 386 990; x_wconf 88' lang='lat' dir='ltr'><strong>Fabula,</strong></span> <span class='ocrx_word' id='word_1_74' title='bbox 408 953 508 993; x_wconf 89' lang='lat' dir='ltr'><strong>quae</strong></span> <span class='ocrx_word' id='word_1_75' title='bbox 528 938 653 994; x_wconf 89' lang='lat' dir='ltr'><strong>posci</strong></span> <span class='ocrx_word' id='word_1_76' title='bbox 674 937 766 979; x_wconf 89' lang='lat' dir='ltr'><strong>vult</strong></span> <span class='ocrx_word' id='word_1_77' title='bbox 787 944 831 979; x_wconf 86' lang='lat' dir='ltr'><strong>et</strong></span> <span class='ocrx_word' id='word_1_78' title='bbox 853 943 1052 992; x_wconf 83' lang='lat' dir='ltr'><strong>spectata</strong></span> <span class='ocrx_word' id='word_1_79' title='bbox 1072 934 1242 990; x_wconf 88' lang='lat' dir='ltr'><strong>reponi.</strong></span> 
     </span>
    </p>

    <p class='ocr_par' dir='ltr' id='par_1_15' title="bbox 202 1002 1298 1060">
     <span class='ocr_line' id='line_1_16' title="bbox 202 1002 1298 1060; baseline -0.005 -12"><span class='ocrx_word' id='word_1_80' title='bbox 202 1004 302 1048; x_wconf 87' lang='lat' dir='ltr'><strong>Nec</strong></span> <span class='ocrx_word' id='word_1_81' title='bbox 323 1005 448 1048; x_wconf 85' lang='lat' dir='ltr'><strong>Deus</strong></span> <span class='ocrx_word' id='word_1_82' title='bbox 469 1006 653 1056; x_wconf 85' lang='lat' dir='ltr'><strong>intersit,</strong></span> <span class='ocrx_word' id='word_1_83' title='bbox 676 1006 760 1047; x_wconf 88' lang='lat' dir='ltr'><strong>nisi</strong></span> <span class='ocrx_word' id='word_1_84' title='bbox 782 1005 942 1060; x_wconf 87' lang='lat' dir='ltr'><strong>dignus</strong></span> <span class='ocrx_word' id='word_1_85' title='bbox 964 1003 1135 1045; x_wconf 88' lang='lat' dir='ltr'><strong>vindice</strong></span> <span class='ocrx_word' id='word_1_86' title='bbox 1156 1002 1298 1044; x_wconf 87' lang='lat' dir='ltr'><strong>nodus</strong></span> 
     </span>
    </p>

    <p class='ocr_par' dir='ltr' id='par_1_16' title="bbox 202 1070 1286 1128">
     <span class='ocr_line' id='line_1_17' title="bbox 202 1070 1286 1128; baseline -0.003 -14"><span class='ocrx_word' id='word_1_87' title='bbox 202 1070 439 1124; x_wconf 88' lang='lat' dir='ltr'><strong>Inciderit;</strong></span> <span class='ocrx_word' id='word_1_88' title='bbox 470 1088 551 1116; x_wconf 89' lang='lat' dir='ltr'><strong>nec</strong></span> <span class='ocrx_word' id='word_1_89' title='bbox 573 1080 731 1128; x_wconf 88' lang='lat' dir='ltr'><strong>quarta</strong></span> <span class='ocrx_word' id='word_1_90' title='bbox 751 1072 870 1127; x_wconf 92' lang='lat' dir='ltr'><strong>loqui</strong></span> <span class='ocrx_word' id='word_1_91' title='bbox 891 1086 1082 1127; x_wconf 85' lang='lat' dir='ltr'><strong>persona</strong></span> <span class='ocrx_word' id='word_1_92' title='bbox 1100 1070 1286 1112; x_wconf 81' lang='lat' dir='ltr'><strong>laboret.</strong></span> 
     </span>
    </p>

    <p class='ocr_par' dir='ltr' id='par_1_17' title="bbox 205 1138 1174 1196">
     <span class='ocr_line' id='line_1_18' title="bbox 205 1138 1174 1196; baseline -0.003 -14"><span class='ocrx_word' id='word_1_93' title='bbox 205 1139 384 1182; x_wconf 88' lang='lat' dir='ltr'><strong>Actoris</strong></span> <span class='ocrx_word' id='word_1_94' title='bbox 404 1148 553 1196; x_wconf 87' lang='lat' dir='ltr'><strong>partes</strong></span> <span class='ocrx_word' id='word_1_95' title='bbox 575 1141 736 1182; x_wconf 84' lang='lat' dir='ltr'><strong>chorus</strong></span> <span class='ocrx_word' id='word_1_96' title='bbox 759 1140 1033 1195; x_wconf 88' lang='lat' dir='ltr'><strong>officiumque</strong></span> <span class='ocrx_word' id='word_1_97' title='bbox 1055 1138 1174 1180; x_wconf 89' lang='lat' dir='ltr'><strong>virile</strong></span> 
     </span>
    </p>

    <p class='ocr_par' dir='ltr' id='par_1_18' title="bbox 91 1207 1320 1332">
     <span class='ocr_line' id='line_1_19' title="bbox 205 1207 1299 1264; baseline -0.003 -14"><span class='ocrx_word' id='word_1_98' title='bbox 205 1207 450 1260; x_wconf 82' lang='lat' dir='ltr'><strong>Defendat3</strong></span> <span class='ocrx_word' id='word_1_99' title='bbox 482 1223 569 1251; x_wconf 93' lang='lat' dir='ltr'><strong>neu</strong></span> <span class='ocrx_word' id='word_1_100' title='bbox 591 1209 698 1264; x_wconf 91' lang='lat' dir='ltr'><strong>quid</strong></span> <span class='ocrx_word' id='word_1_101' title='bbox 719 1209 886 1250; x_wconf 88' lang='lat' dir='ltr'><strong>medios</strong></span> <span class='ocrx_word' id='word_1_102' title='bbox 908 1207 1140 1249; x_wconf 81' lang='lat' dir='ltr'><strong>intercinat</strong></span> <span class='ocrx_word' id='word_1_103' title='bbox 1160 1213 1299 1256; x_wconf 82' lang='lat' dir='ltr'><strong>actus,</strong></span> 
     </span>
     <span class='ocr_line' id='line_1_20' title="bbox 91 1275 1320 1332; baseline -0.002 -14"><span class='ocrx_word' id='word_1_104' title='bbox 91 1275 175 1318; x_wconf 87' lang='lat'><strong>195</strong></span> <span class='ocrx_word' id='word_1_105' title='bbox 204 1275 339 1324; x_wconf 86' lang='lat' dir='ltr'><strong>Quod</strong></span> <span class='ocrx_word' id='word_1_106' title='bbox 362 1291 448 1318; x_wconf 90' lang='lat' dir='ltr'><strong>non</strong></span> <span class='ocrx_word' id='word_1_107' title='bbox 469 1277 694 1332; x_wconf 83' lang='lat' dir='ltr'><strong>proposito</strong></span> <span class='ocrx_word' id='word_1_108' title='bbox 716 1276 934 1318; x_wconf 86' lang='lat' dir='ltr'><strong>conducat</strong></span> <span class='ocrx_word' id='word_1_109' title='bbox 955 1283 1000 1317; x_wconf 90' lang='lat' dir='ltr'><strong>et</strong></span> <span class='ocrx_word' id='word_1_110' title='bbox 1018 1275 1185 1317; x_wconf 86' lang='lat' dir='ltr'><strong>haereat</strong></span> <span class='ocrx_word' id='word_1_111' title='bbox 1204 1282 1320 1330; x_wconf 85' lang='lat' dir='ltr'><strong>apte.</strong></span> 
     </span>
    </p>

    <p class='ocr_par' dir='ltr' id='par_1_19' title="bbox 203 1341 1208 1399">
     <span class='ocr_line' id='line_1_21' title="bbox 203 1341 1208 1399; baseline -0.002 -13"><span class='ocrx_word' id='word_1_112' title='bbox 203 1341 284 1386; x_wconf 93' lang='lat' dir='ltr'><strong>Ille</strong></span> <span class='ocrx_word' id='word_1_113' title='bbox 304 1343 430 1385; x_wconf 83' lang='lat' dir='ltr'><strong>bonis</strong></span> <span class='ocrx_word' id='word_1_114' title='bbox 452 1343 683 1399; x_wconf 81' lang='lat' dir='ltr'><strong>faveatque</strong></span> <span class='ocrx_word' id='word_1_115' title='bbox 704 1351 749 1386; x_wconf 85' lang='lat' dir='ltr'><strong>et</strong></span> <span class='ocrx_word' id='word_1_116' title='bbox 772 1342 1024 1386; x_wconf 87' lang='lat' dir='ltr'><strong>consilietur</strong></span> <span class='ocrx_word' id='word_1_117' title='bbox 1045 1343 1208 1391; x_wconf 84' lang='lat' dir='ltr'><strong>amicis,</strong></span> 
     </span>
    </p>

    <p class='ocr_par' dir='ltr' id='par_1_20' title="bbox 200 1411 1235 1468">
     <span class='ocr_line' id='line_1_22' title="bbox 200 1411 1235 1468; baseline -0.003 -14"><span class='ocrx_word' id='word_1_118' title='bbox 200 1411 264 1454; x_wconf 82' lang='lat' dir='ltr'><strong>Et</strong></span> <span class='ocrx_word' id='word_1_119' title='bbox 284 1417 409 1468; x_wconf 85' lang='lat' dir='ltr'><strong>regat</strong></span> <span class='ocrx_word' id='word_1_120' title='bbox 428 1411 577 1462; x_wconf 82' lang='lat' dir='ltr'><strong>iratos,</strong></span> <span class='ocrx_word' id='word_1_121' title='bbox 600 1419 644 1454; x_wconf 87' lang='lat' dir='ltr'><strong>et</strong></span> <span class='ocrx_word' id='word_1_122' title='bbox 665 1419 780 1454; x_wconf 88' lang='lat' dir='ltr'><strong>amet</strong></span> <span class='ocrx_word' id='word_1_123' title='bbox 801 1425 984 1467; x_wconf 87' lang='lat' dir='ltr'><strong>peccare</strong></span> <span class='ocrx_word' id='word_1_124' title='bbox 1006 1411 1207 1452; x_wconf 87' lang='lat' dir='ltr'><strong>timentes</strong></span> <span class='ocrx_word' id='word_1_125' title='bbox 1225 1428 1235 1461; x_wconf 89' lang='lat'>;</span> 
     </span>
    </p>
   </div>
   <div class='ocr_carea' id='block_1_9' title="bbox 90 1534 845 2650">
    <p class='ocr_par' dir='ltr' id='par_1_21' title="bbox 91 1534 841 1610">
     <span class='ocr_line' id='line_1_23' title="bbox 93 1534 841 1577; baseline 0.001 -11"><span class='ocrx_word' id='word_1_126' title='bbox 93 1536 132 1567; x_wconf 72' lang='lat' dir='ltr'><strong>lis</strong></span> <span class='ocrx_word' id='word_1_127' title='bbox 146 1536 182 1566; x_wconf 77' lang='lat' dir='ltr'><strong>in</strong></span> <span class='ocrx_word' id='word_1_128' title='bbox 196 1545 285 1566; x_wconf 77' lang='lat' dir='ltr'><strong>scena</strong></span> <span class='ocrx_word' id='word_1_129' title='bbox 299 1534 424 1575; x_wconf 57' lang='lat' dir='ltr'><strong>subjici,</strong></span> <span class='ocrx_word' id='word_1_130' title='bbox 440 1535 490 1566; x_wconf 80' lang='lat' dir='ltr'><strong>sed</strong></span> <span class='ocrx_word' id='word_1_131' title='bbox 508 1541 654 1577; x_wconf 80' lang='lat' dir='ltr'><strong>tanquam</strong></span> <span class='ocrx_word' id='word_1_132' title='bbox 669 1538 754 1567; x_wconf 80' lang='lat' dir='ltr'><strong>intus</strong></span> <span class='ocrx_word' id='word_1_133' title='bbox 769 1543 841 1567; x_wconf 81' lang='lat' dir='ltr'><strong>acta</strong></span> 
     </span>
     <span class='ocr_line' id='line_1_24' title="bbox 91 1578 357 1610; baseline -0.004 -1"><span class='ocrx_word' id='word_1_134' title='bbox 91 1579 220 1610; x_wconf 79' lang='lat' dir='ltr'><strong>narrari</strong></span> <span class='ocrx_word' id='word_1_135' title='bbox 237 1578 357 1609; x_wconf 74' lang='lat' dir='ltr'><strong>debent.</strong></span> 
     </span>
    </p>

    <p class='ocr_par' dir='ltr' id='par_1_22' title="bbox 90 1620 840 1704">
     <span class='ocr_line' id='line_1_25' title="bbox 137 1620 840 1663; baseline 0.001 -11"><span class='ocrx_word' id='word_1_136' title='bbox 137 1622 212 1653; x_wconf 85' lang='lat'>180.</span> <span class='ocrx_word' id='word_1_137' title='bbox 234 1621 376 1663; x_wconf 80' lang='lat' dir='ltr'><strong>Segnius,</strong></span> <span class='ocrx_word' id='word_1_138' title='bbox 391 1620 552 1661; x_wconf 77' lang='lat' dir='ltr'><strong>eleganter</strong></span> <span class='ocrx_word' id='word_1_139' title='bbox 573 1631 640 1662; x_wconf 84' lang='lat' dir='ltr'><strong>pro,</strong></span> <span class='ocrx_word' id='word_1_140' title='bbox 665 1621 771 1653; x_wconf 90' lang='lat' dir='ltr'><strong>minus</strong></span> <span class='ocrx_word' id='word_1_141' title='bbox 787 1631 840 1653; x_wconf 89' lang='lat' dir='ltr'><strong>ve-</strong></span> 
     </span>
     <span class='ocr_line' id='line_1_26' title="bbox 90 1659 609 1704; baseline -0.002 -8"><span class='ocrx_word' id='word_1_142' title='bbox 90 1659 265 1701; x_wconf 82' lang='lat' dir='ltr'><strong>hementer,</strong></span> <span class='ocrx_word' id='word_1_143' title='bbox 280 1662 396 1699; x_wconf 84' lang='lat' dir='ltr'><strong>lenius,</strong></span> <span class='ocrx_word' id='word_1_144' title='bbox 413 1662 609 1704; x_wconf 81' lang='lat' dir='ltr'><strong>languidius.</strong></span> 
     </span>
    </p>

    <p class='ocr_par' dir='ltr' id='par_1_23' title="bbox 91 1705 843 1835">
     <span class='ocr_line' id='line_1_27' title="bbox 138 1705 839 1754; baseline -0.003 -16"><span class='ocrx_word' id='word_1_145' title='bbox 138 1707 214 1744; x_wconf 83' lang='lat'><strong>181,</strong></span> <span class='ocrx_word' id='word_1_146' title='bbox 232 1707 307 1738; x_wconf 82' lang='lat'><strong>182.</strong></span> <span class='ocrx_word' id='word_1_147' title='bbox 330 1705 501 1754; x_wconf 58' lang='lat' dir='ltr'><strong>metibus,</strong></span> <span class='ocrx_word' id='word_1_148' title='bbox 525 1707 566 1738; x_wconf 88' lang='lat' dir='ltr'><strong>de</strong></span> <span class='ocrx_word' id='word_1_149' title='bbox 590 1706 630 1737; x_wconf 88' lang='lat' dir='ltr'><strong>iis</strong></span> <span class='ocrx_word' id='word_1_150' title='bbox 652 1717 723 1748; x_wconf 89' lang='lat' dir='ltr'><strong>quae</strong></span> <span class='ocrx_word' id='word_1_151' title='bbox 749 1705 839 1754; x_wconf 74' lang='lat' dir='ltr'><strong>audi-</strong></span> 
     </span>
     <span class='ocr_line' id='line_1_28' title="bbox 91 1748 843 1835; baseline -0.001 -10"><span class='ocrx_word' id='word_1_152' title='bbox 91 1748 662 1834; x_wconf 47' lang='lat' dir='ltr'><strong>”ss&#39;vl&#39;ffidssffhissffo‘ssssiifi‘bssi&#39;es</strong></span> <span class='ocrx_word' id='word_1_153' title='bbox 671 1749 843 1835; x_wconf 58' lang='lat'><strong>‘222230235</strong></span> 
     </span>
    </p>

    <p class='ocr_par' dir='ltr' id='par_1_24' title="bbox 91 1835 845 2001">
     <span class='ocr_line' id='line_1_29' title="bbox 124 1835 841 1878; baseline -0.003 -10"><span class='ocrx_word' id='word_1_154' title='bbox 124 1841 137 1868; x_wconf 71' lang='lat' dir='ltr'><strong><em>t</em></strong></span> <span class='ocrx_word' id='word_1_155' title='bbox 151 1846 216 1878; x_wconf 77' lang='lat' dir='ltr'><strong>quae</strong></span> <span class='ocrx_word' id='word_1_156' title='bbox 232 1836 299 1877; x_wconf 77' lang='lat' dir='ltr'><strong>Ipse</strong></span> <span class='ocrx_word' id='word_1_157' title='bbox 312 1835 370 1866; x_wconf 78' lang='lat' dir='ltr'><strong>sibi</strong></span> <span class='ocrx_word' id='word_1_158' title='bbox 390 1836 490 1866; x_wconf 78' lang='lat' dir='ltr'><strong>trudit</strong></span> <span class='ocrx_word' id='word_1_159' title='bbox 505 1842 670 1876; x_wconf 80' lang='lat' dir='ltr'><strong>spectator:</strong></span> <span class='ocrx_word' id='word_1_160' title='bbox 695 1846 768 1877; x_wconf 82' lang='lat' dir='ltr'><strong>quae</strong></span> <span class='ocrx_word' id='word_1_161' title='bbox 784 1845 841 1866; x_wconf 89' lang='lat' dir='ltr'><strong>au-</strong></span> 
     </span>
     <span class='ocr_line' id='line_1_30' title="bbox 91 1877 843 1920; baseline -0.001 -10"><span class='ocrx_word' id='word_1_162' title='bbox 91 1877 210 1916; x_wconf 84' lang='lat' dir='ltr'><strong>dimus,</strong></span> <span class='ocrx_word' id='word_1_163' title='bbox 225 1878 392 1910; x_wconf 83' lang='lat' dir='ltr'><strong>traduntur</strong></span> <span class='ocrx_word' id='word_1_164' title='bbox 406 1877 498 1909; x_wconf 87' lang='lat' dir='ltr'><strong>nobis</strong></span> <span class='ocrx_word' id='word_1_165' title='bbox 514 1879 553 1910; x_wconf 90' lang='lat' dir='ltr'><strong>ab</strong></span> <span class='ocrx_word' id='word_1_166' title='bbox 569 1877 641 1910; x_wconf 85' lang='lat' dir='ltr'><strong>aliis</strong></span> <span class='ocrx_word' id='word_1_167' title='bbox 654 1890 662 1916; x_wconf 83' lang='lat'>3</span> <span class='ocrx_word' id='word_1_168' title='bbox 685 1889 757 1920; x_wconf 81' lang='lat' dir='ltr'><strong>quae</strong></span> <span class='ocrx_word' id='word_1_169' title='bbox 772 1889 843 1910; x_wconf 89' lang='lat' dir='ltr'><strong>vero</strong></span> 
     </span>
     <span class='ocr_line' id='line_1_31' title="bbox 92 1920 845 1965; baseline -0.003 -11"><span class='ocrx_word' id='word_1_170' title='bbox 92 1926 288 1965; x_wconf 73' lang='lat' dir='ltr'><strong>spectamus,</strong></span> <span class='ocrx_word' id='word_1_171' title='bbox 306 1931 345 1953; x_wconf 88' lang='lat' dir='ltr'><strong>ea</strong></span> <span class='ocrx_word' id='word_1_172' title='bbox 363 1920 425 1963; x_wconf 88' lang='lat' dir='ltr'><strong>ipsi</strong></span> <span class='ocrx_word' id='word_1_173' title='bbox 442 1921 534 1952; x_wconf 90' lang='lat' dir='ltr'><strong>nobis</strong></span> <span class='ocrx_word' id='word_1_174' title='bbox 552 1932 606 1964; x_wconf 86' lang='lat' dir='ltr'><strong>per</strong></span> <span class='ocrx_word' id='word_1_175' title='bbox 621 1922 731 1953; x_wconf 82' lang='lat' dir='ltr'><strong>oculos</strong></span> <span class='ocrx_word' id='word_1_176' title='bbox 747 1921 845 1953; x_wconf 87' lang='lat' dir='ltr'><strong>tradi-</strong></span> 
     </span>
     <span class='ocr_line' id='line_1_32' title="bbox 92 1964 583 2001; baseline -0.002 -5"><span class='ocrx_word' id='word_1_177' title='bbox 92 1973 178 1996; x_wconf 72' lang='lat' dir='ltr'><strong>mus.</strong></span> <span class='ocrx_word' id='word_1_178' title='bbox 222 1964 326 2001; x_wconf 78' lang='lat' dir='ltr'><strong>Imus,</strong></span> <span class='ocrx_word' id='word_1_179' title='bbox 341 1970 430 1996; x_wconf 86' lang='lat' dir='ltr'><strong>extra</strong></span> <span class='ocrx_word' id='word_1_180' title='bbox 443 1974 583 1996; x_wconf 84' lang='lat' dir='ltr'><strong>scenam.</strong></span> 
     </span>
    </p>

    <p class='ocr_par' dir='ltr' id='par_1_25' title="bbox 91 2007 844 2222">
     <span class='ocr_line' id='line_1_33' title="bbox 142 2007 843 2050; baseline 0 -11"><span class='ocrx_word' id='word_1_181' title='bbox 142 2007 214 2039; x_wconf 76' lang='lat'><strong>184.</strong></span> <span class='ocrx_word' id='word_1_182' title='bbox 239 2007 313 2043; x_wconf 77' lang='lat' dir='ltr'><strong>Quae</strong></span> <span class='ocrx_word' id='word_1_183' title='bbox 329 2018 394 2038; x_wconf 69' lang='lat' dir='ltr'><strong>moa:</strong></span> <span class='ocrx_word' id='word_1_184' title='bbox 409 2015 515 2039; x_wconf 77' lang='lat' dir='ltr'><strong>narret</strong></span> <span class='ocrx_word' id='word_1_185' title='bbox 527 2008 687 2050; x_wconf 75' lang='lat' dir='ltr'><strong>facundia</strong></span> <span class='ocrx_word' id='word_1_186' title='bbox 703 2018 843 2048; x_wconf 77' lang='lat' dir='ltr'><strong>praesens,</strong></span> 
     </span>
     <span class='ocr_line' id='line_1_34' title="bbox 91 2050 842 2093; baseline -0.001 -11"><span class='ocrx_word' id='word_1_187' title='bbox 91 2060 167 2092; x_wconf 67' lang='lat' dir='ltr'><strong>que</strong></span> <span class='ocrx_word' id='word_1_188' title='bbox 195 2060 270 2082; x_wconf 81' lang='lat' dir='ltr'><strong>mox</strong></span> <span class='ocrx_word' id='word_1_189' title='bbox 298 2059 434 2092; x_wconf 78' lang='lat' dir='ltr'><strong>persona</strong></span> <span class='ocrx_word' id='word_1_190' title='bbox 465 2050 498 2081; x_wconf 86' lang='lat' dir='ltr'><strong>in</strong></span> <span class='ocrx_word' id='word_1_191' title='bbox 531 2061 659 2082; x_wconf 80' lang='lat' dir='ltr'><strong>scenam</strong></span> <span class='ocrx_word' id='word_1_192' title='bbox 695 2050 842 2093; x_wconf 87' lang='lat' dir='ltr'><strong>prodiens</strong></span> 
     </span>
     <span class='ocr_line' id='line_1_35' title="bbox 91 2091 844 2136; baseline -0.003 -10"><span class='ocrx_word' id='word_1_193' title='bbox 91 2091 257 2136; x_wconf 69' lang='lat' dir='ltr'><strong>(prensens)</strong></span> <span class='ocrx_word' id='word_1_194' title='bbox 281 2092 420 2124; x_wconf 78' lang='lat' dir='ltr'><strong>facunde</strong></span> <span class='ocrx_word' id='word_1_195' title='bbox 438 2093 612 2133; x_wconf 81' lang='lat' dir='ltr'><strong>edisserat3</strong></span> <span class='ocrx_word' id='word_1_196' title='bbox 635 2093 697 2124; x_wconf 89' lang='lat' dir='ltr'><strong>nisi</strong></span> <span class='ocrx_word' id='word_1_197' title='bbox 715 2104 844 2134; x_wconf 77' lang='lat' dir='ltr'><strong>praesens</strong></span> 
     </span>
     <span class='ocr_line' id='line_1_36' title="bbox 91 2135 842 2179; baseline 0 -12"><span class='ocrx_word' id='word_1_198' title='bbox 91 2136 254 2179; x_wconf 80' lang='lat' dir='ltr'><strong>explicare</strong></span> <span class='ocrx_word' id='word_1_199' title='bbox 269 2135 362 2167; x_wconf 80' lang='lat' dir='ltr'><strong>malis</strong></span> <span class='ocrx_word' id='word_1_200' title='bbox 379 2136 419 2167; x_wconf 91' lang='lat' dir='ltr'><strong>de</strong></span> <span class='ocrx_word' id='word_1_201' title='bbox 436 2147 574 2179; x_wconf 83' lang='lat' dir='ltr'><strong>persona</strong></span> <span class='ocrx_word' id='word_1_202' title='bbox 593 2147 666 2179; x_wconf 81' lang='lat' dir='ltr'><strong>quae</strong></span> <span class='ocrx_word' id='word_1_203' title='bbox 691 2137 734 2169; x_wconf 93' lang='lat' dir='ltr'><strong>rei</strong></span> <span class='ocrx_word' id='word_1_204' title='bbox 756 2137 842 2168; x_wconf 77' lang='lat' dir='ltr'><strong>intus</strong></span> 
     </span>
     <span class='ocr_line' id='line_1_37' title="bbox 92 2177 507 2222; baseline 0 -12"><span class='ocrx_word' id='word_1_205' title='bbox 92 2177 187 2211; x_wconf 78' lang='lat' dir='ltr'><strong>fuctae</strong></span> <span class='ocrx_word' id='word_1_206' title='bbox 203 2189 344 2222; x_wconf 75' lang='lat' dir='ltr'><strong>praesens</strong></span> <span class='ocrx_word' id='word_1_207' title='bbox 359 2178 507 2211; x_wconf 80' lang='lat' dir='ltr'><strong>adsuerit.</strong></span> 
     </span>
    </p>

    <p class='ocr_par' dir='ltr' id='par_1_26' title="bbox 94 2221 842 2298">
     <span class='ocr_line' id='line_1_38' title="bbox 140 2221 842 2264; baseline -0.001 -11"><span class='ocrx_word' id='word_1_208' title='bbox 140 2222 215 2254; x_wconf 79' lang='lat'>185.</span> <span class='ocrx_word' id='word_1_209' title='bbox 234 2222 349 2254; x_wconf 77' lang='lat' dir='ltr'><strong>Pueros</strong></span> <span class='ocrx_word' id='word_1_210' title='bbox 358 2222 468 2254; x_wconf 83' lang='lat' dir='ltr'><strong>Medea</strong></span> <span class='ocrx_word' id='word_1_211' title='bbox 481 2224 635 2255; x_wconf 79' lang='lat' dir='ltr'><strong>trucidet:</strong></span> <span class='ocrx_word' id='word_1_212' title='bbox 659 2221 701 2254; x_wconf 83' lang='lat' dir='ltr'><strong>cf.</strong></span> <span class='ocrx_word' id='word_1_213' title='bbox 717 2232 789 2264; x_wconf 89' lang='lat' dir='ltr'><strong>sup.</strong></span> <span class='ocrx_word' id='word_1_214' title='bbox 802 2221 842 2253; x_wconf 89' lang='lat' dir='ltr'><strong>ad</strong></span> 
     </span>
     <span class='ocr_line' id='line_1_39' title="bbox 94 2266 218 2298; baseline 0 -2"><span class='ocrx_word' id='word_1_215' title='bbox 94 2275 126 2298; x_wconf 84' lang='lat' dir='ltr'><strong>v.</strong></span> <span class='ocrx_word' id='word_1_216' title='bbox 142 2266 218 2298; x_wconf 81' lang='lat'>123.</span> 
     </span>
    </p>

    <p class='ocr_par' dir='ltr' id='par_1_27' title="bbox 92 2306 843 2437">
     <span class='ocr_line' id='line_1_40' title="bbox 139 2306 843 2345; baseline -0.004 -5"><span class='ocrx_word' id='word_1_217' title='bbox 139 2309 213 2340; x_wconf 84' lang='lat'>186.</span> <span class='ocrx_word' id='word_1_218' title='bbox 248 2308 374 2345; x_wconf 75' lang='lat' dir='ltr'><strong>Atreus,</strong></span> <span class='ocrx_word' id='word_1_219' title='bbox 405 2307 445 2339; x_wconf 88' lang='lat' dir='ltr'><strong>de</strong></span> <span class='ocrx_word' id='word_1_220' title='bbox 475 2306 632 2339; x_wconf 85' lang='lat' dir='ltr'><strong>horrenda</strong></span> <span class='ocrx_word' id='word_1_221' title='bbox 660 2306 717 2338; x_wconf 88' lang='lat' dir='ltr'><strong>illa</strong></span> <span class='ocrx_word' id='word_1_222' title='bbox 748 2317 843 2338; x_wconf 87' lang='lat' dir='ltr'><strong>coena</strong></span> 
     </span>
     <span class='ocr_line' id='line_1_41' title="bbox 92 2349 843 2394; baseline -0.003 -11"><span class='ocrx_word' id='word_1_223' title='bbox 92 2360 191 2393; x_wconf 76' lang='lat' dir='ltr'><strong>quain</strong></span> <span class='ocrx_word' id='word_1_224' title='bbox 205 2350 321 2383; x_wconf 76' lang='lat' dir='ltr'><strong>Atreus</strong></span> <span class='ocrx_word' id='word_1_225' title='bbox 331 2350 420 2382; x_wconf 80' lang='lat' dir='ltr'><strong>fratri</strong></span> <span class='ocrx_word' id='word_1_226' title='bbox 434 2360 492 2382; x_wconf 80' lang='lat' dir='ltr'><strong>suo</strong></span> <span class='ocrx_word' id='word_1_227' title='bbox 504 2350 655 2392; x_wconf 79' lang='lat' dir='ltr'><strong>Thyestae</strong></span> <span class='ocrx_word' id='word_1_228' title='bbox 667 2349 843 2394; x_wconf 83' lang='lat' dir='ltr'><strong>apparavit,</strong></span> 
     </span>
     <span class='ocr_line' id='line_1_42' title="bbox 92 2392 414 2437; baseline -0.006 -10"><span class='ocrx_word' id='word_1_229' title='bbox 92 2392 158 2427; x_wconf 76' lang='lat' dir='ltr'><strong>vid.</strong></span> <span class='ocrx_word' id='word_1_230' title='bbox 171 2403 243 2437; x_wconf 71' lang='lat' dir='ltr'><strong>sup.</strong></span> <span class='ocrx_word' id='word_1_231' title='bbox 257 2393 300 2426; x_wconf 78' lang='lat' dir='ltr'><strong>ad</strong></span> <span class='ocrx_word' id='word_1_232' title='bbox 312 2404 343 2426; x_wconf 89' lang='lat' dir='ltr'><strong>v.</strong></span> <span class='ocrx_word' id='word_1_233' title='bbox 357 2394 414 2426; x_wconf 87' lang='lat'><strong>91.</strong></span> 
     </span>
    </p>

    <p class='ocr_par' dir='ltr' id='par_1_28' title="bbox 91 2435 843 2650">
     <span class='ocr_line' id='line_1_43' title="bbox 138 2435 841 2477; baseline -0.001 -9"><span class='ocrx_word' id='word_1_234' title='bbox 138 2437 213 2468; x_wconf 79' lang='lat'>18⁷.</span> <span class='ocrx_word' id='word_1_235' title='bbox 234 2437 274 2468; x_wconf 79' lang='lat' dir='ltr'><strong>In</strong></span> <span class='ocrx_word' id='word_1_236' title='bbox 296 2447 393 2473; x_wconf 84' lang='lat' dir='ltr'><strong>avem,</strong></span> <span class='ocrx_word' id='word_1_237' title='bbox 415 2435 592 2468; x_wconf 86' lang='lat' dir='ltr'><strong>secundum</strong></span> <span class='ocrx_word' id='word_1_238' title='bbox 612 2436 733 2468; x_wconf 86' lang='lat' dir='ltr'><strong>Anacr.</strong></span> <span class='ocrx_word' id='word_1_239' title='bbox 749 2435 841 2477; x_wconf 86' lang='lat' dir='ltr'><strong>Virg.</strong></span> 
     </span>
     <span class='ocr_line' id='line_1_44' title="bbox 91 2478 842 2523; baseline -0.003 -11"><span class='ocrx_word' id='word_1_240' title='bbox 91 2478 237 2523; x_wconf 77' lang='lat' dir='ltr'><strong>Ptopert.</strong></span> <span class='ocrx_word' id='word_1_241' title='bbox 266 2484 300 2512; x_wconf 86' lang='lat' dir='ltr'><strong>et</strong></span> <span class='ocrx_word' id='word_1_242' title='bbox 327 2479 406 2512; x_wconf 80' lang='lat' dir='ltr'><strong>alios</strong></span> <span class='ocrx_word' id='word_1_243' title='bbox 434 2478 468 2510; x_wconf 88' lang='lat' dir='ltr'><strong>in</strong></span> <span class='ocrx_word' id='word_1_244' title='bbox 499 2479 682 2515; x_wconf 85' lang='lat' dir='ltr'><strong>lusciniam,</strong></span> <span class='ocrx_word' id='word_1_245' title='bbox 709 2478 774 2510; x_wconf 85' lang='lat' dir='ltr'><strong>vid.</strong></span> <span class='ocrx_word' id='word_1_246' title='bbox 801 2478 842 2510; x_wconf 86' lang='lat' dir='ltr'><strong>ad</strong></span> 
     </span>
     <span class='ocr_line' id='line_1_45' title="bbox 93 2520 842 2560; baseline -0.001 -6"><span class='ocrx_word' id='word_1_247' title='bbox 93 2520 217 2554; x_wconf 70' lang='lat' dir='ltr'><strong>catull.</strong></span> <span class='ocrx_word' id='word_1_248' title='bbox 227 2521 292 2560; x_wconf 80' lang='lat' dir='ltr'><strong>lxv,</strong></span> <span class='ocrx_word' id='word_1_249' title='bbox 309 2523 362 2560; x_wconf 86' lang='lat'><strong>14,</strong></span> <span class='ocrx_word' id='word_1_250' title='bbox 377 2522 433 2554; x_wconf 78' lang='lat' dir='ltr'><strong>sed</strong></span> <span class='ocrx_word' id='word_1_251' title='bbox 448 2522 624 2554; x_wconf 83' lang='lat' dir='ltr'><strong>secundum</strong></span> <span class='ocrx_word' id='word_1_252' title='bbox 641 2521 792 2554; x_wconf 88' lang='lat' dir='ltr'><strong>Ovidium</strong></span> <span class='ocrx_word' id='word_1_253' title='bbox 807 2521 842 2553; x_wconf 88' lang='lat' dir='ltr'><strong>in</strong></span> 
     </span>
     <span class='ocr_line' id='line_1_46' title="bbox 92 2563 841 2607; baseline 0 -11"><span class='ocrx_word' id='word_1_254' title='bbox 92 2563 310 2597; x_wconf 75' lang='lat' dir='ltr'><strong>hirundinem.</strong></span> <span class='ocrx_word' id='word_1_255' title='bbox 347 2566 496 2598; x_wconf 83' lang='lat' dir='ltr'><strong>Ceterum</strong></span> <span class='ocrx_word' id='word_1_256' title='bbox 507 2565 617 2596; x_wconf 81' lang='lat' dir='ltr'><strong>fabula</strong></span> <span class='ocrx_word' id='word_1_257' title='bbox 626 2565 729 2602; x_wconf 85' lang='lat' dir='ltr'><strong>Terei,</strong></span> <span class='ocrx_word' id='word_1_258' title='bbox 742 2566 841 2607; x_wconf 89' lang='lat' dir='ltr'><strong>Prog-</strong></span> 
     </span>
     <span class='ocr_line' id='line_1_47' title="bbox 93 2607 843 2650; baseline -0.001 -10"><span class='ocrx_word' id='word_1_259' title='bbox 93 2617 162 2646; x_wconf 70' lang='lat' dir='ltr'><strong>nu.</strong></span> <span class='ocrx_word' id='word_1_260' title='bbox 183 2613 218 2641; x_wconf 84' lang='lat' dir='ltr'><strong>et</strong></span> <span class='ocrx_word' id='word_1_261' title='bbox 246 2607 446 2644; x_wconf 73' lang='lat' dir='ltr'><strong>Philomelae,</strong></span> <span class='ocrx_word' id='word_1_262' title='bbox 470 2614 519 2639; x_wconf 83' lang='lat' dir='ltr'><strong>est</strong></span> <span class='ocrx_word' id='word_1_263' title='bbox 546 2618 612 2639; x_wconf 85' lang='lat' dir='ltr'><strong>una</strong></span> <span class='ocrx_word' id='word_1_264' title='bbox 633 2618 740 2639; x_wconf 84' lang='lat' dir='ltr'><strong>earum</strong></span> <span class='ocrx_word' id='word_1_265' title='bbox 763 2618 843 2650; x_wconf 86' lang='lat' dir='ltr'><strong>quas</strong></span> 
     </span>
    </p>
   </div>
   <div class='ocr_carea' id='block_1_10' title="bbox 12 2649 844 2703">
    <p class='ocr_par' dir='ltr' id='par_1_29' title="bbox 12 2635 844 2703">
     <span class='ocr_line' id='line_1_48' title="bbox 12 2649 844 2703; baseline -0.001 -20"><span class='ocrx_word' id='word_1_266' title='bbox 12 2657 30 2703; x_wconf 64' lang='lat' dir='ltr'><em>J</em></span> <span class='ocrx_word' id='word_1_267' title='bbox 93 2649 278 2683; x_wconf 68' lang='lat' dir='ltr'><strong>felicissime</strong></span> <span class='ocrx_word' id='word_1_268' title='bbox 307 2650 456 2683; x_wconf 79' lang='lat' dir='ltr'><strong>tractavit</strong></span> <span class='ocrx_word' id='word_1_269' title='bbox 486 2650 583 2682; x_wconf 90' lang='lat' dir='ltr'><strong>Ovid.</strong></span> <span class='ocrx_word' id='word_1_270' title='bbox 608 2651 691 2682; x_wconf 84' lang='lat' dir='ltr'><strong>Met.</strong></span> <span class='ocrx_word' id='word_1_271' title='bbox 713 2650 756 2688; x_wconf 90' lang='lat' dir='ltr'><strong>vi,</strong></span> <span class='ocrx_word' id='word_1_272' title='bbox 780 2652 844 2682; x_wconf 82' lang='lat'><strong>425</strong></span> 
     </span>
    </p>
   </div>
   <div class='ocr_carea' id='block_1_11' title="bbox 94 2692 843 2780">
    <p class='ocr_par' dir='ltr' id='par_1_30' title="bbox 94 2692 843 2780">
     <span class='ocr_line' id='line_1_49' title="bbox 95 2692 843 2736; baseline -0.003 -9"><span class='ocrx_word' id='word_1_273' title='bbox 95 2703 170 2736; x_wconf 59' lang='grc' dir='ltr'><strong>ης.</strong></span> <span class='ocrx_word' id='word_1_274' title='bbox 211 2695 264 2726; x_wconf 88' lang='lat' dir='ltr'><strong>De</strong></span> <span class='ocrx_word' id='word_1_275' title='bbox 274 2693 412 2730; x_wconf 83' lang='lat' dir='ltr'><strong>Cadmo,</strong></span> <span class='ocrx_word' id='word_1_276' title='bbox 423 2693 604 2725; x_wconf 84' lang='lat' dir='ltr'><strong>Thebarum</strong></span> <span class='ocrx_word' id='word_1_277' title='bbox 619 2692 793 2731; x_wconf 81' lang='lat' dir='ltr'><strong>conditore,</strong></span> <span class='ocrx_word' id='word_1_278' title='bbox 810 2693 843 2725; x_wconf 90' lang='lat' dir='ltr'><strong>in</strong></span> 
     </span>
     <span class='ocr_line' id='line_1_50' title="bbox 94 2735 825 2780; baseline 0 -12"><span class='ocrx_word' id='word_1_279' title='bbox 94 2745 232 2780; x_wconf 72' lang='lat' dir='ltr'><strong>anguem</strong></span> <span class='ocrx_word' id='word_1_280' title='bbox 247 2741 382 2774; x_wconf 82' lang='lat' dir='ltr'><strong>mutato,</strong></span> <span class='ocrx_word' id='word_1_281' title='bbox 398 2736 464 2768; x_wconf 79' lang='lat' dir='ltr'><strong>vid.</strong></span> <span class='ocrx_word' id='word_1_282' title='bbox 480 2735 666 2779; x_wconf 88' lang='lat' dir='ltr'><strong>Apollodor.</strong></span> <span class='ocrx_word' id='word_1_283' title='bbox 682 2736 728 2773; x_wconf 88' lang='lat' dir='ltr'><strong>iii,</strong></span> <span class='ocrx_word' id='word_1_284' title='bbox 745 2738 777 2773; x_wconf 81' lang='lat'><strong>5,</strong></span> <span class='ocrx_word' id='word_1_285' title='bbox 794 2738 825 2768; x_wconf 89' lang='lat'><strong>4.</strong></span> 
     </span>
    </p>
   </div>
   <div class='ocr_carea' id='block_1_12' title="bbox 140 2779 846 2822">
    <p class='ocr_par' dir='ltr' id='par_1_31' title="bbox 140 2779 846 2822">
     <span class='ocr_line' id='line_1_51' title="bbox 140 2779 846 2822; baseline -0.003 -10"><span class='ocrx_word' id='word_1_286' title='bbox 140 2781 216 2812; x_wconf 76' lang='lat'>188.</span> <span class='ocrx_word' id='word_1_287' title='bbox 239 2780 302 2817; x_wconf 72' lang='lat' dir='ltr'><strong>Sic,</strong></span> <span class='ocrx_word' id='word_1_288' title='bbox 317 2779 453 2817; x_wconf 82' lang='lat' dir='ltr'><strong>scilicet,</strong></span> <span class='ocrx_word' id='word_1_289' title='bbox 469 2785 506 2810; x_wconf 86' lang='lat' dir='ltr'><strong>ut</strong></span> <span class='ocrx_word' id='word_1_290' title='bbox 527 2779 561 2810; x_wconf 88' lang='lat' dir='ltr'><strong>in</strong></span> <span class='ocrx_word' id='word_1_291' title='bbox 580 2789 710 2811; x_wconf 82' lang='lat' dir='ltr'><strong>scenam</strong></span> <span class='ocrx_word' id='word_1_292' title='bbox 728 2779 846 2822; x_wconf 85' lang='lat' dir='ltr'><strong>produ-</strong></span> 
     </span>
    </p>
   </div>
   <div class='ocr_carea' id='block_1_13' title="bbox 0 2806 848 2952">
    <p class='ocr_par' dir='ltr' id='par_1_32' title="bbox 0 2806 848 2952">
     <span class='ocr_line' id='line_1_52' title="bbox 0 2806 845 2867; baseline -0.002 -12"><span class='ocrx_word' id='word_1_293' title='bbox 0 2854 3 2855; x_wconf 13' lang='grc' dir='ltr'><em>γ</em></span> <span class='ocrx_word' id='word_1_294' title='bbox 23 2806 41 2867; x_wconf 39' lang='grc' dir='ltr'><strong>ἶ</strong></span> <span class='ocrx_word' id='word_1_295' title='bbox 94 2831 152 2855; x_wconf 68' lang='lat' dir='ltr'><strong>cus</strong></span> <span class='ocrx_word' id='word_1_296' title='bbox 161 2821 375 2860; x_wconf 82' lang='lat' dir='ltr'><strong>incredibilia,</strong></span> <span class='ocrx_word' id='word_1_297' title='bbox 387 2822 553 2854; x_wconf 88' lang='lat' dir='ltr'><strong>hominum</strong></span> <span class='ocrx_word' id='word_1_298' title='bbox 563 2821 599 2853; x_wconf 88' lang='lat' dir='ltr'><strong>in</strong></span> <span class='ocrx_word' id='word_1_299' title='bbox 612 2832 698 2859; x_wconf 88' lang='lat' dir='ltr'><strong>aves,</strong></span> <span class='ocrx_word' id='word_1_300' title='bbox 713 2833 845 2864; x_wconf 86' lang='lat' dir='ltr'><strong>angues,</strong></span> 
     </span>
     <span class='ocr_line' id='line_1_53' title="bbox 43 2864 847 2898; baseline -0.002 0"><span class='ocrx_word' id='word_1_301' title='bbox 43 2870 62 2885; x_wconf 66' lang='lat'><strong>2&#39;</strong></span> <span class='ocrx_word' id='word_1_302' title='bbox 94 2870 171 2898; x_wconf 66' lang='lat' dir='ltr'><strong>eon.</strong></span> <span class='ocrx_word' id='word_1_303' title='bbox 200 2866 407 2898; x_wconf 73' lang='lat' dir='ltr'><strong>mutationes.</strong></span> <span class='ocrx_word' id='word_1_304' title='bbox 451 2864 584 2897; x_wconf 77' lang='lat' dir='ltr'><strong>Erudite</strong></span> <span class='ocrx_word' id='word_1_305' title='bbox 617 2865 658 2896; x_wconf 89' lang='lat' dir='ltr'><strong>de</strong></span> <span class='ocrx_word' id='word_1_306' title='bbox 686 2865 748 2897; x_wconf 87' lang='lat' dir='ltr'><strong>hoc</strong></span> <span class='ocrx_word' id='word_1_307' title='bbox 776 2865 847 2897; x_wconf 91' lang='lat' dir='ltr'><strong>loco</strong></span> 
     </span>
     <span class='ocr_line' id='line_1_54' title="bbox 35 2906 848 2952; baseline 0 -12"><span class='ocrx_word' id='word_1_308' title='bbox 35 2919 50 2947; x_wconf 56' lang='lat'><strong>⁴3-</strong></span> <span class='ocrx_word' id='word_1_309' title='bbox 95 2906 240 2952; x_wconf 68' lang='lat' dir='ltr'><strong>disputat</strong></span> <span class='ocrx_word' id='word_1_310' title='bbox 261 2909 439 2947; x_wconf 79' lang='lat' dir='ltr'><strong>Pauflerus,</strong></span> <span class='ocrx_word' id='word_1_311' title='bbox 462 2908 502 2940; x_wconf 89' lang='lat' dir='ltr'><strong>de</strong></span> <span class='ocrx_word' id='word_1_312' title='bbox 520 2907 655 2940; x_wconf 82' lang='lat' dir='ltr'><strong>Horatio</strong></span> <span class='ocrx_word' id='word_1_313' title='bbox 678 2907 848 2941; x_wconf 88' lang='lat' dir='ltr'><strong>Incredulo</strong></span> 
     </span>
    </p>
   </div>
   <div class='ocr_carea' id='block_1_14' title="bbox 98 2950 848 3037">
    <p class='ocr_par' dir='ltr' id='par_1_33' title="bbox 98 2950 848 3037">
     <span class='ocr_line' id='line_1_55' title="bbox 98 2950 491 2989; baseline -0.003 -6"><span class='ocrx_word' id='word_1_314' title='bbox 98 2950 212 2989; x_wconf 70' lang='lat' dir='ltr'><strong>onore,</strong></span> <span class='ocrx_word' id='word_1_315' title='bbox 229 2951 377 2989; x_wconf 72' lang='lat' dir='ltr'><strong>Dmsdae,</strong></span> <span class='ocrx_word' id='word_1_316' title='bbox 396 2952 491 2983; x_wconf 83' lang='lat'>1812.</span> 
     </span>
     <span class='ocr_line' id='line_1_56' title="bbox 145 2994 848 3037; baseline 0.001 -12"><span class='ocrx_word' id='word_1_317' title='bbox 145 2995 329 3027; x_wconf 80' lang='lat'>189—201.</span> <span class='ocrx_word' id='word_1_318' title='bbox 357 2994 595 3027; x_wconf 87' lang='lat' dir='ltr'><strong>Duodecimum</strong></span> <span class='ocrx_word' id='word_1_319' title='bbox 631 2995 848 3037; x_wconf 66' lang='lat' dir='ltr'><strong>Praeceptum:</strong></span> 
     </span>
    </p>
   </div>
   <div class='ocr_carea' id='block_1_15' title="bbox 883 1536 1644 3045">
    <p class='ocr_par' dir='ltr' id='par_1_34' title="bbox 883 1536 1637 1824">
     <span class='ocr_line' id='line_1_57' title="bbox 884 1536 1633 1577; baseline 0.003 -13"><span class='ocrx_word' id='word_1_320' title='bbox 884 1541 971 1567; x_wconf 80' lang='lat' dir='ltr'><strong>actus</strong></span> <span class='ocrx_word' id='word_1_321' title='bbox 984 1537 1135 1575; x_wconf 78' lang='lat' dir='ltr'><strong>producta</strong></span> <span class='ocrx_word' id='word_1_322' title='bbox 1147 1536 1311 1577; x_wconf 78' lang='lat' dir='ltr'><strong>fastidium</strong></span> <span class='ocrx_word' id='word_1_323' title='bbox 1323 1537 1445 1566; x_wconf 81' lang='lat' dir='ltr'><strong>tandem</strong></span> <span class='ocrx_word' id='word_1_324' title='bbox 1458 1542 1536 1567; x_wconf 80' lang='lat' dir='ltr'><strong>creet</strong></span> <span class='ocrx_word' id='word_1_325' title='bbox 1552 1546 1633 1576; x_wconf 83' lang='lat' dir='ltr'><strong>spec-</strong></span> 
     </span>
     <span class='ocr_line' id='line_1_58' title="bbox 886 1579 1635 1619; baseline 0.001 -12"><span class='ocrx_word' id='word_1_326' title='bbox 886 1580 1055 1616; x_wconf 81' lang='lat' dir='ltr'><strong>tatm·ibus‚·</strong></span> <span class='ocrx_word' id='word_1_327' title='bbox 1081 1591 1118 1610; x_wconf 81' lang='lat' dir='ltr'><strong>ne</strong></span> <span class='ocrx_word' id='word_1_328' title='bbox 1139 1580 1298 1618; x_wconf 80' lang='lat' dir='ltr'><strong>repentino</strong></span> <span class='ocrx_word' id='word_1_329' title='bbox 1318 1580 1367 1609; x_wconf 72' lang='lat' dir='ltr'><strong>dei</strong></span> <span class='ocrx_word' id='word_1_330' title='bbox 1385 1579 1519 1619; x_wconf 71' lang='lat' dir='ltr'><strong>alicujus</strong></span> <span class='ocrx_word' id='word_1_331' title='bbox 1537 1581 1635 1610; x_wconf 77' lang='lat' dir='ltr'><strong>inter-</strong></span> 
     </span>
     <span class='ocr_line' id='line_1_59' title="bbox 884 1622 1635 1663; baseline 0 -12"><span class='ocrx_word' id='word_1_332' title='bbox 884 1627 978 1652; x_wconf 75' lang='lat' dir='ltr'><strong>ventu</strong></span> <span class='ocrx_word' id='word_1_333' title='bbox 999 1624 1045 1652; x_wconf 83' lang='lat' dir='ltr'><strong>rei</strong></span> <span class='ocrx_word' id='word_1_334' title='bbox 1069 1623 1224 1662; x_wconf 69' lang='lat' dir='ltr'><strong>implicita:</strong></span> <span class='ocrx_word' id='word_1_335' title='bbox 1247 1622 1344 1652; x_wconf 80' lang='lat' dir='ltr'><strong>nodus</strong></span> <span class='ocrx_word' id='word_1_336' title='bbox 1366 1623 1538 1663; x_wconf 80' lang='lat' dir='ltr'><strong>importuno</strong></span> <span class='ocrx_word' id='word_1_337' title='bbox 1561 1628 1635 1652; x_wconf 75' lang='lat' dir='ltr'><strong>tem-</strong></span> 
     </span>
     <span class='ocr_line' id='line_1_60' title="bbox 883 1666 1637 1705; baseline 0 -11"><span class='ocrx_word' id='word_1_338' title='bbox 883 1675 956 1703; x_wconf 73' lang='lat' dir='ltr'><strong>pore</strong></span> <span class='ocrx_word' id='word_1_339' title='bbox 970 1666 1129 1702; x_wconf 74' lang='lat' dir='ltr'><strong>solvatur;</strong></span> <span class='ocrx_word' id='word_1_340' title='bbox 1159 1675 1197 1696; x_wconf 79' lang='lat' dir='ltr'><strong>ne</strong></span> <span class='ocrx_word' id='word_1_341' title='bbox 1219 1670 1330 1705; x_wconf 79' lang='lat' dir='ltr'><strong>quarm</strong></span> <span class='ocrx_word' id='word_1_342' title='bbox 1353 1675 1479 1703; x_wconf 83' lang='lat' dir='ltr'><strong>persona</strong></span> <span class='ocrx_word' id='word_1_343' title='bbox 1498 1666 1637 1695; x_wconf 82' lang='lat' dir='ltr'><strong>sermoci-</strong></span> 
     </span>
     <span class='ocr_line' id='line_1_61' title="bbox 886 1709 1635 1747; baseline 0.001 -10"><span class='ocrx_word' id='word_1_344' title='bbox 886 1709 1032 1739; x_wconf 79' lang='lat' dir='ltr'><strong>nantibus</strong></span> <span class='ocrx_word' id='word_1_345' title='bbox 1050 1710 1081 1738; x_wconf 85' lang='lat' dir='ltr'><strong>in</strong></span> <span class='ocrx_word' id='word_1_346' title='bbox 1105 1719 1192 1740; x_wconf 81' lang='lat' dir='ltr'><strong>scena</strong></span> <span class='ocrx_word' id='word_1_347' title='bbox 1211 1718 1269 1738; x_wconf 82' lang='lat' dir='ltr'><strong>sese</strong></span> <span class='ocrx_word' id='word_1_348' title='bbox 1292 1709 1478 1744; x_wconf 79' lang='lat' dir='ltr'><strong>immisceat‚·</strong></span> <span class='ocrx_word' id='word_1_349' title='bbox 1502 1718 1539 1738; x_wconf 81' lang='lat' dir='ltr'><strong>ne</strong></span> <span class='ocrx_word' id='word_1_350' title='bbox 1560 1709 1635 1747; x_wconf 83' lang='lat' dir='ltr'><strong>quid</strong></span> 
     </span>
     <span class='ocr_line' id='line_1_62' title="bbox 885 1750 1637 1792; baseline -0.001 -11"><span class='ocrx_word' id='word_1_351' title='bbox 885 1750 992 1781; x_wconf 79' lang='lat' dir='ltr'><strong>chorus</strong></span> <span class='ocrx_word' id='word_1_352' title='bbox 1021 1753 1188 1782; x_wconf 76' lang='lat' dir='ltr'><strong>intercinat</strong></span> <span class='ocrx_word' id='word_1_353' title='bbox 1214 1752 1291 1791; x_wconf 80' lang='lat' dir='ltr'><strong>quod</strong></span> <span class='ocrx_word' id='word_1_354' title='bbox 1319 1763 1338 1781; x_wconf 88' lang='lat' dir='ltr'><strong>a</strong></span> <span class='ocrx_word' id='word_1_355' title='bbox 1369 1762 1402 1781; x_wconf 84' lang='lat' dir='ltr'><strong>re</strong></span> <span class='ocrx_word' id='word_1_356' title='bbox 1430 1762 1494 1792; x_wconf 82' lang='lat' dir='ltr'><strong>qnae</strong></span> <span class='ocrx_word' id='word_1_357' title='bbox 1526 1752 1637 1791; x_wconf 80' lang='lat' dir='ltr'><strong>agitur</strong></span> 
     </span>
     <span class='ocr_line' id='line_1_63' title="bbox 886 1794 1092 1824; baseline 0.005 -1"><span class='ocrx_word' id='word_1_358' title='bbox 886 1794 1021 1824; x_wconf 77' lang='lat' dir='ltr'><strong>alienum</strong></span> <span class='ocrx_word' id='word_1_359' title='bbox 1038 1797 1092 1824; x_wconf 82' lang='lat' dir='ltr'><strong>sit.</strong></span> 
     </span>
    </p>

    <p class='ocr_par' dir='ltr' id='par_1_35' title="bbox 886 1835 1638 2137">
     <span class='ocr_line' id='line_1_64' title="bbox 934 1835 1636 1872; baseline -0.001 -5"><span class='ocrx_word' id='word_1_360' title='bbox 934 1837 1007 1872; x_wconf 89' lang='lat'>189,</span> <span class='ocrx_word' id='word_1_361' title='bbox 1026 1838 1100 1868; x_wconf 85' lang='lat'><strong>190.</strong></span> <span class='ocrx_word' id='word_1_362' title='bbox 1126 1836 1207 1867; x_wconf 84' lang='lat' dir='ltr'><strong>Neve</strong></span> <span class='ocrx_word' id='word_1_363' title='bbox 1223 1837 1333 1871; x_wconf 82' lang='lat' dir='ltr'><strong>minor,</strong></span> <span class='ocrx_word' id='word_1_364' title='bbox 1344 1841 1421 1867; x_wconf 83' lang='lat' dir='ltr'><strong>cett.</strong></span> <span class='ocrx_word' id='word_1_365' title='bbox 1432 1841 1469 1867; x_wconf 86' lang='lat' dir='ltr'><strong>ut</strong></span> <span class='ocrx_word' id='word_1_366' title='bbox 1480 1840 1586 1867; x_wconf 80' lang='lat' dir='ltr'><strong>certus</strong></span> <span class='ocrx_word' id='word_1_367' title='bbox 1602 1835 1636 1866; x_wconf 86' lang='lat' dir='ltr'><strong>in</strong></span> 
     </span>
     <span class='ocr_line' id='line_1_65' title="bbox 886 1878 1638 1922; baseline -0.001 -12"><span class='ocrx_word' id='word_1_368' title='bbox 886 1878 1063 1910; x_wconf 83' lang='lat' dir='ltr'><strong>scribendis</strong></span> <span class='ocrx_word' id='word_1_369' title='bbox 1086 1878 1339 1922; x_wconf 86' lang='lat' dir='ltr'><strong>peragendisque</strong></span> <span class='ocrx_word' id='word_1_370' title='bbox 1360 1878 1477 1910; x_wconf 80' lang='lat' dir='ltr'><strong>fabulis</strong></span> <span class='ocrx_word' id='word_1_371' title='bbox 1498 1883 1638 1910; x_wconf 84' lang='lat' dir='ltr'><strong>servetur</strong></span> 
     </span>
     <span class='ocr_line' id='line_1_66' title="bbox 887 1921 1637 1963; baseline 0 -11"><span class='ocrx_word' id='word_1_372' title='bbox 887 1922 1009 1961; x_wconf 86' lang='lat' dir='ltr'><strong>modus,</strong></span> <span class='ocrx_word' id='word_1_373' title='bbox 1036 1921 1189 1954; x_wconf 86' lang='lat' dir='ltr'><strong>Horatius</strong></span> <span class='ocrx_word' id='word_1_374' title='bbox 1211 1932 1266 1954; x_wconf 83' lang='lat' dir='ltr'><strong>eas</strong></span> <span class='ocrx_word' id='word_1_375' title='bbox 1294 1931 1353 1953; x_wconf 90' lang='lat' dir='ltr'><strong>nec</strong></span> <span class='ocrx_word' id='word_1_376' title='bbox 1380 1922 1464 1952; x_wconf 89' lang='lat' dir='ltr'><strong>ultra</strong></span> <span class='ocrx_word' id='word_1_377' title='bbox 1494 1922 1637 1963; x_wconf 89' lang='lat' dir='ltr'><strong>quinque</strong></span> 
     </span>
     <span class='ocr_line' id='line_1_67' title="bbox 887 1964 1637 2007; baseline -0.001 -11"><span class='ocrx_word' id='word_1_378' title='bbox 887 1970 979 1996; x_wconf 85' lang='lat' dir='ltr'><strong>actus</strong></span> <span class='ocrx_word' id='word_1_379' title='bbox 994 1965 1222 2007; x_wconf 87' lang='lat' dir='ltr'><strong>producendas,</strong></span> <span class='ocrx_word' id='word_1_380' title='bbox 1240 1975 1298 1996; x_wconf 92' lang='lat' dir='ltr'><strong>nec</strong></span> <span class='ocrx_word' id='word_1_381' title='bbox 1317 1964 1351 1996; x_wconf 90' lang='lat' dir='ltr'><strong>in</strong></span> <span class='ocrx_word' id='word_1_382' title='bbox 1366 1965 1530 2007; x_wconf 81' lang='lat' dir='ltr'><strong>pauciores</strong></span> <span class='ocrx_word' id='word_1_383' title='bbox 1545 1971 1637 1996; x_wconf 82' lang='lat' dir='ltr'><strong>actus</strong></span> 
     </span>
     <span class='ocr_line' id='line_1_68' title="bbox 887 2007 1636 2049; baseline -0.001 -10"><span class='ocrx_word' id='word_1_384' title='bbox 887 2007 1075 2049; x_wconf 82' lang='lat' dir='ltr'><strong>redigendas</strong></span> <span class='ocrx_word' id='word_1_385' title='bbox 1097 2018 1166 2040; x_wconf 85' lang='lat' dir='ltr'><strong>esse</strong></span> <span class='ocrx_word' id='word_1_386' title='bbox 1188 2008 1302 2046; x_wconf 81' lang='lat' dir='ltr'><strong>docet;</strong></span> <span class='ocrx_word' id='word_1_387' title='bbox 1333 2007 1417 2046; x_wconf 89' lang='lat' dir='ltr'><strong>ideo,</strong></span> <span class='ocrx_word' id='word_1_388' title='bbox 1442 2013 1478 2039; x_wconf 82' lang='lat' dir='ltr'><strong>ut</strong></span> <span class='ocrx_word' id='word_1_389' title='bbox 1499 2007 1636 2044; x_wconf 83' lang='lat' dir='ltr'><strong>videtur,</strong></span> 
     </span>
     <span class='ocr_line' id='line_1_69' title="bbox 886 2050 1636 2094; baseline -0.001 -12"><span class='ocrx_word' id='word_1_390' title='bbox 886 2050 962 2093; x_wconf 87' lang='lat' dir='ltr'><strong>quia</strong></span> <span class='ocrx_word' id='word_1_391' title='bbox 978 2057 1044 2082; x_wconf 85' lang='lat' dir='ltr'><strong>tum</strong></span> <span class='ocrx_word' id='word_1_392' title='bbox 1061 2052 1179 2094; x_wconf 86' lang='lat' dir='ltr'><strong>saepius</strong></span> <span class='ocrx_word' id='word_1_393' title='bbox 1197 2051 1391 2094; x_wconf 86' lang='lat' dir='ltr'><strong>peccabatur</strong></span> <span class='ocrx_word' id='word_1_394' title='bbox 1411 2051 1445 2082; x_wconf 90' lang='lat' dir='ltr'><strong>in</strong></span> <span class='ocrx_word' id='word_1_395' title='bbox 1468 2056 1636 2092; x_wconf 85' lang='lat' dir='ltr'><strong>utramque</strong></span> 
     </span>
     <span class='ocr_line' id='line_1_70' title="bbox 886 2099 1021 2137; baseline 0.007 -12"><span class='ocrx_word' id='word_1_396' title='bbox 886 2099 1021 2137; x_wconf 85' lang='lat' dir='ltr'><strong>partem.</strong></span> 
     </span>
    </p>

    <p class='ocr_par' dir='ltr' id='par_1_36' title="bbox 885 2135 1637 2308">
     <span class='ocr_line' id='line_1_71' title="bbox 932 2135 1633 2179; baseline 0.001 -12"><span class='ocrx_word' id='word_1_397' title='bbox 932 2138 1006 2170; x_wconf 88' lang='lat'>190.</span> <span class='ocrx_word' id='word_1_398' title='bbox 1040 2137 1140 2173; x_wconf 77' lang='lat' dir='ltr'><strong>Posci,</strong></span> <span class='ocrx_word' id='word_1_399' title='bbox 1166 2147 1211 2169; x_wconf 90' lang='lat' dir='ltr'><strong>sc.</strong></span> <span class='ocrx_word' id='word_1_400' title='bbox 1234 2135 1275 2168; x_wconf 89' lang='lat' dir='ltr'><strong>ad</strong></span> <span class='ocrx_word' id='word_1_401' title='bbox 1304 2136 1523 2179; x_wconf 83' lang='lat' dir='ltr'><strong>spectandum.</strong></span> <span class='ocrx_word' id='word_1_402' title='bbox 1571 2137 1633 2168; x_wconf 86' lang='lat' dir='ltr'><strong>Re-</strong></span> 
     </span>
     <span class='ocr_line' id='line_1_72' title="bbox 885 2179 1635 2222; baseline -0.003 -10"><span class='ocrx_word' id='word_1_403' title='bbox 885 2182 969 2220; x_wconf 81' lang='lat' dir='ltr'><strong>poni,</strong></span> <span class='ocrx_word' id='word_1_404' title='bbox 993 2180 1106 2212; x_wconf 80' lang='lat' dir='ltr'><strong>iterum</strong></span> <span class='ocrx_word' id='word_1_405' title='bbox 1130 2179 1278 2222; x_wconf 84' lang='lat' dir='ltr'><strong>spectari,</strong></span> <span class='ocrx_word' id='word_1_406' title='bbox 1305 2179 1417 2222; x_wconf 83' lang='lat' dir='ltr'><strong>repeti,</strong></span> <span class='ocrx_word' id='word_1_407' title='bbox 1438 2180 1544 2212; x_wconf 85' lang='lat' dir='ltr'><strong>iterari</strong></span> <span class='ocrx_word' id='word_1_408' title='bbox 1557 2192 1566 2220; x_wconf 89' lang='lat'>;</span> <span class='ocrx_word' id='word_1_409' title='bbox 1589 2180 1635 2211; x_wconf 84' lang='lat' dir='ltr'><strong>sic</strong></span> 
     </span>
     <span class='ocr_line' id='line_1_73' title="bbox 886 2224 1636 2266; baseline 0.001 -12"><span class='ocrx_word' id='word_1_410' title='bbox 886 2233 959 2266; x_wconf 87' lang='lat' dir='ltr'><strong>sup.</strong></span> <span class='ocrx_word' id='word_1_411' title='bbox 975 2234 1008 2255; x_wconf 83' lang='lat' dir='ltr'><strong>v.</strong></span> <span class='ocrx_word' id='word_1_412' title='bbox 1036 2224 1111 2260; x_wconf 83' lang='lat'><strong>120,</strong></span> <span class='ocrx_word' id='word_1_413' title='bbox 1134 2234 1276 2264; x_wconf 78' lang='lat' dir='ltr'><strong>reponere</strong></span> <span class='ocrx_word' id='word_1_414' title='bbox 1293 2224 1444 2254; x_wconf 79' lang='lat' dir='ltr'><strong>Achillem</strong></span> <span class='ocrx_word' id='word_1_415' title='bbox 1467 2234 1534 2266; x_wconf 85' lang='lat' dir='ltr'><strong>pro,</strong></span> <span class='ocrx_word' id='word_1_416' title='bbox 1554 2234 1636 2255; x_wconf 91' lang='lat' dir='ltr'><strong>novo</strong></span> 
     </span>
     <span class='ocr_line' id='line_1_74' title="bbox 886 2266 1637 2308; baseline 0.003 -11"><span class='ocrx_word' id='word_1_417' title='bbox 886 2266 1025 2298; x_wconf 87' lang='lat' dir='ltr'><strong>carmine</strong></span> <span class='ocrx_word' id='word_1_418' title='bbox 1039 2266 1079 2298; x_wconf 87' lang='lat' dir='ltr'><strong>de</strong></span> <span class='ocrx_word' id='word_1_419' title='bbox 1092 2266 1215 2308; x_wconf 74' lang='lat' dir='ltr'><strong>integro</strong></span> <span class='ocrx_word' id='word_1_420' title='bbox 1230 2266 1342 2297; x_wconf 83' lang='lat' dir='ltr'><strong>laudes</strong></span> <span class='ocrx_word' id='word_1_421' title='bbox 1361 2266 1498 2298; x_wconf 87' lang='lat' dir='ltr'><strong>Achillis</strong></span> <span class='ocrx_word' id='word_1_422' title='bbox 1512 2277 1637 2299; x_wconf 85' lang='lat' dir='ltr'><strong>canere.</strong></span> 
     </span>
    </p>

    <p class='ocr_par' dir='ltr' id='par_1_37' title="bbox 885 2309 1644 3045">
     <span class='ocr_line' id='line_1_75' title="bbox 934 2309 1636 2345; baseline 0 -4"><span class='ocrx_word' id='word_1_423' title='bbox 934 2311 1007 2341; x_wconf 88' lang='lat'>191.</span> <span class='ocrx_word' id='word_1_424' title='bbox 1030 2310 1095 2340; x_wconf 89' lang='lat' dir='ltr'><strong>Nec</strong></span> <span class='ocrx_word' id='word_1_425' title='bbox 1122 2310 1206 2340; x_wconf 86' lang='lat' dir='ltr'><strong>Deus</strong></span> <span class='ocrx_word' id='word_1_426' title='bbox 1228 2311 1361 2345; x_wconf 76' lang='lat' dir='ltr'><strong>intersit,</strong></span> <span class='ocrx_word' id='word_1_427' title='bbox 1385 2314 1461 2341; x_wconf 81' lang='lat' dir='ltr'><strong>cett.</strong></span> <span class='ocrx_word' id='word_1_428' title='bbox 1508 2310 1579 2342; x_wconf 88' lang='lat' dir='ltr'><strong>Nec</strong></span> <span class='ocrx_word' id='word_1_429' title='bbox 1603 2309 1636 2341; x_wconf 89' lang='lat' dir='ltr'><strong>in</strong></span> 
     </span>
     <span class='ocr_line' id='line_1_76' title="bbox 887 2352 1635 2394; baseline 0.001 -11"><span class='ocrx_word' id='word_1_430' title='bbox 887 2358 990 2394; x_wconf 83' lang='lat' dir='ltr'><strong>partes</strong></span> <span class='ocrx_word' id='word_1_431' title='bbox 1006 2358 1134 2384; x_wconf 83' lang='lat' dir='ltr'><strong>vocetur</strong></span> <span class='ocrx_word' id='word_1_432' title='bbox 1153 2354 1227 2384; x_wconf 81' lang='lat' dir='ltr'><strong>deus</strong></span> <span class='ocrx_word' id='word_1_433' title='bbox 1244 2352 1349 2394; x_wconf 92' lang='lat' dir='ltr'><strong>(quod</strong></span> <span class='ocrx_word' id='word_1_434' title='bbox 1364 2352 1459 2393; x_wconf 85' lang='lat' dir='ltr'><strong>vulgo</strong></span> <span class='ocrx_word' id='word_1_435' title='bbox 1478 2362 1564 2384; x_wconf 90' lang='lat' dir='ltr'><strong>nunc</strong></span> <span class='ocrx_word' id='word_1_436' title='bbox 1586 2353 1635 2384; x_wconf 90' lang='lat' dir='ltr'><strong>di-</strong></span> 
     </span>
     <span class='ocr_line' id='line_1_77' title="bbox 886 2394 1636 2438; baseline 0.001 -12"><span class='ocrx_word' id='word_1_437' title='bbox 886 2395 985 2436; x_wconf 86' lang='lat' dir='ltr'><strong>citur)</strong></span> <span class='ocrx_word' id='word_1_438' title='bbox 999 2407 1030 2427; x_wconf 65' lang='lat' dir='ltr'><strong>ea</strong></span> <span class='ocrx_word' id='word_1_439' title='bbox 1045 2397 1199 2433; x_wconf 78' lang='lat' dir='ltr'><strong>machina,</strong></span> <span class='ocrx_word' id='word_1_440' title='bbox 1212 2395 1274 2427; x_wconf 88' lang='lat' dir='ltr'><strong>nisi</strong></span> <span class='ocrx_word' id='word_1_441' title='bbox 1288 2405 1337 2427; x_wconf 88' lang='lat' dir='ltr'><strong>res</strong></span> <span class='ocrx_word' id='word_1_442' title='bbox 1352 2394 1520 2438; x_wconf 86' lang='lat' dir='ltr'><strong>implicita,</strong></span> <span class='ocrx_word' id='word_1_443' title='bbox 1538 2407 1636 2438; x_wconf 87' lang='lat' dir='ltr'><strong>quam</strong></span> 
     </span>
     <span class='ocr_line' id='line_1_78' title="bbox 886 2437 1638 2482; baseline 0.003 -13"><span class='ocrx_word' id='word_1_444' title='bbox 886 2437 964 2470; x_wconf 84' lang='lat' dir='ltr'><strong>deus</strong></span> <span class='ocrx_word' id='word_1_445' title='bbox 995 2438 1111 2480; x_wconf 87' lang='lat' dir='ltr'><strong>aliquis</strong></span> <span class='ocrx_word' id='word_1_446' title='bbox 1140 2444 1268 2480; x_wconf 82' lang='lat' dir='ltr'><strong>repente</strong></span> <span class='ocrx_word' id='word_1_447' title='bbox 1298 2448 1453 2481; x_wconf 81' lang='lat' dir='ltr'><strong>apparens</strong></span> <span class='ocrx_word' id='word_1_448' title='bbox 1477 2439 1638 2482; x_wconf 85' lang='lat' dir='ltr'><strong>expediat,</strong></span> 
     </span>
     <span class='ocr_line' id='line_1_79' title="bbox 886 2481 1638 2524; baseline 0.003 -12"><span class='ocrx_word' id='word_1_449' title='bbox 886 2481 985 2522; x_wconf 89' lang='lat' dir='ltr'><strong>digna</strong></span> <span class='ocrx_word' id='word_1_450' title='bbox 1013 2482 1064 2512; x_wconf 87' lang='lat' dir='ltr'><strong>sit.</strong></span> <span class='ocrx_word' id='word_1_451' title='bbox 1111 2481 1222 2524; x_wconf 81' lang='lat' dir='ltr'><strong>Carpit</strong></span> <span class='ocrx_word' id='word_1_452' title='bbox 1251 2481 1376 2513; x_wconf 89' lang='lat' dir='ltr'><strong>scilicet</strong></span> <span class='ocrx_word' id='word_1_453' title='bbox 1406 2482 1558 2514; x_wconf 85' lang='lat' dir='ltr'><strong>Horatius</strong></span> <span class='ocrx_word' id='word_1_454' title='bbox 1584 2493 1638 2514; x_wconf 88' lang='lat' dir='ltr'><strong>eos</strong></span> 
     </span>
     <span class='ocr_line' id='line_1_80' title="bbox 887 2524 1635 2568; baseline 0.001 -13"><span class='ocrx_word' id='word_1_455' title='bbox 887 2531 1007 2566; x_wconf 88' lang='lat' dir='ltr'><strong>poetas,</strong></span> <span class='ocrx_word' id='word_1_456' title='bbox 1024 2524 1080 2566; x_wconf 86' lang='lat' dir='ltr'><strong>qui</strong></span> <span class='ocrx_word' id='word_1_457' title='bbox 1092 2526 1133 2556; x_wconf 86' lang='lat' dir='ltr'><strong>ad</strong></span> <span class='ocrx_word' id='word_1_458' title='bbox 1146 2536 1210 2557; x_wconf 88' lang='lat' dir='ltr'><strong>rem</strong></span> <span class='ocrx_word' id='word_1_459' title='bbox 1225 2535 1454 2567; x_wconf 83' lang='lat' dir='ltr'><strong>quamcunque</strong></span> <span class='ocrx_word' id='word_1_460' title='bbox 1465 2525 1635 2568; x_wconf 85' lang='lat' dir='ltr'><strong>expedien-</strong></span> 
     </span>
     <span class='ocr_line' id='line_1_81' title="bbox 886 2567 1637 2610; baseline 0.003 -12"><span class='ocrx_word' id='word_1_461' title='bbox 886 2569 960 2598; x_wconf 89' lang='lat' dir='ltr'><strong>dam</strong></span> <span class='ocrx_word' id='word_1_462' title='bbox 986 2567 1092 2599; x_wconf 82' lang='lat' dir='ltr'><strong>statim</strong></span> <span class='ocrx_word' id='word_1_463' title='bbox 1119 2568 1158 2599; x_wconf 87' lang='lat' dir='ltr'><strong>ad</strong></span> <span class='ocrx_word' id='word_1_464' title='bbox 1182 2568 1277 2599; x_wconf 90' lang='lat' dir='ltr'><strong>deum</strong></span> <span class='ocrx_word' id='word_1_465' title='bbox 1302 2567 1503 2610; x_wconf 86' lang='lat' dir='ltr'><strong>confugiunt,</strong></span> <span class='ocrx_word' id='word_1_466' title='bbox 1530 2574 1637 2600; x_wconf 81' lang='lat' dir='ltr'><strong>utrum</strong></span> 
     </span>
     <span class='ocr_line' id='line_1_82' title="bbox 887 2609 1639 2653; baseline 0.005 -13"><span class='ocrx_word' id='word_1_467' title='bbox 887 2609 1054 2652; x_wconf 68' lang='lat' dir='ltr'><strong>dignean</strong></span> <span class='ocrx_word' id='word_1_468' title='bbox 1084 2610 1215 2652; x_wconf 88' lang='lat' dir='ltr'><strong>indigne</strong></span> <span class='ocrx_word' id='word_1_469' title='bbox 1244 2610 1312 2646; x_wconf 83' lang='lat' dir='ltr'><strong>fiat,</strong></span> <span class='ocrx_word' id='word_1_470' title='bbox 1336 2621 1448 2653; x_wconf 87' lang='lat' dir='ltr'><strong>parum</strong></span> <span class='ocrx_word' id='word_1_471' title='bbox 1479 2618 1639 2645; x_wconf 80' lang='lat' dir='ltr'><strong>curantes,</strong></span> 
     </span>
     <span class='ocr_line' id='line_1_83' title="bbox 888 2653 1640 2697; baseline 0.003 -13"><span class='ocrx_word' id='word_1_472' title='bbox 888 2653 975 2684; x_wconf 90' lang='lat' dir='ltr'><strong>Hinc</strong></span> <span class='ocrx_word' id='word_1_473' title='bbox 998 2653 1111 2685; x_wconf 88' lang='lat' dir='ltr'><strong>Cicero</strong></span> <span class='ocrx_word' id='word_1_474' title='bbox 1134 2653 1174 2685; x_wconf 87' lang='lat' dir='ltr'><strong>de</strong></span> <span class='ocrx_word' id='word_1_475' title='bbox 1189 2654 1268 2685; x_wconf 85' lang='lat' dir='ltr'><strong>Nat.</strong></span> <span class='ocrx_word' id='word_1_476' title='bbox 1284 2655 1328 2685; x_wconf 93' lang='lat' dir='ltr'><strong>D.</strong></span> <span class='ocrx_word' id='word_1_477' title='bbox 1344 2664 1374 2685; x_wconf 87' lang='lat' dir='ltr'><strong>c.</strong></span> <span class='ocrx_word' id='word_1_478' title='bbox 1389 2655 1444 2692; x_wconf 87' lang='lat'><strong>20,</strong></span> <span class='ocrx_word' id='word_1_479' title='bbox 1465 2655 1507 2685; x_wconf 86' lang='lat' dir='ltr'><strong>Ut</strong></span> <span class='ocrx_word' id='word_1_480' title='bbox 1528 2657 1640 2697; x_wconf 79' lang='lat' dir='ltr'><strong>tragici</strong></span> 
     </span>
     <span class='ocr_line' id='line_1_84' title="bbox 885 2698 1639 2738; baseline 0.004 -11"><span class='ocrx_word' id='word_1_481' title='bbox 885 2703 990 2736; x_wconf 77' lang='lat' dir='ltr'><strong>poetae,</strong></span> <span class='ocrx_word' id='word_1_482' title='bbox 1006 2708 1075 2728; x_wconf 85' lang='lat' dir='ltr'><strong>cum</strong></span> <span class='ocrx_word' id='word_1_483' title='bbox 1089 2698 1241 2736; x_wconf 74' lang='lat' dir='ltr'><strong>explicare</strong></span> <span class='ocrx_word' id='word_1_484' title='bbox 1254 2699 1432 2738; x_wconf 82' lang='lat' dir='ltr'><strong>argumenti</strong></span> <span class='ocrx_word' id='word_1_485' title='bbox 1449 2701 1562 2729; x_wconf 61' lang='lat' dir='ltr'><strong>exitum</strong></span> <span class='ocrx_word' id='word_1_486' title='bbox 1578 2711 1639 2730; x_wconf 80' lang='lat' dir='ltr'><strong>non</strong></span> 
     </span>
     <span class='ocr_line' id='line_1_85' title="bbox 887 2740 1639 2781; baseline 0.004 -11"><span class='ocrx_word' id='word_1_487' title='bbox 887 2741 1020 2779; x_wconf 80' lang='lat' dir='ltr'><strong>potestis,</strong></span> <span class='ocrx_word' id='word_1_488' title='bbox 1047 2740 1216 2781; x_wconf 75' lang='lat' dir='ltr'><strong>confugitis</strong></span> <span class='ocrx_word' id='word_1_489' title='bbox 1239 2741 1279 2771; x_wconf 83' lang='lat' dir='ltr'><strong>ad</strong></span> <span class='ocrx_word' id='word_1_490' title='bbox 1304 2742 1404 2772; x_wconf 82' lang='lat' dir='ltr'><strong>deum.</strong></span> <span class='ocrx_word' id='word_1_491' title='bbox 1451 2741 1537 2773; x_wconf 89' lang='lat' dir='ltr'><strong>Hinc</strong></span> <span class='ocrx_word' id='word_1_492' title='bbox 1563 2747 1639 2773; x_wconf 82' lang='lat' dir='ltr'><strong>nata</strong></span> 
     </span>
     <span class='ocr_line' id='line_1_86' title="bbox 888 2782 1640 2825; baseline 0.004 -12"><span class='ocrx_word' id='word_1_493' title='bbox 888 2787 938 2813; x_wconf 85' lang='lat' dir='ltr'><strong>est</strong></span> <span class='ocrx_word' id='word_1_494' title='bbox 959 2782 1175 2824; x_wconf 87' lang='lat' dir='ltr'><strong>proverbialis,</strong></span> <span class='ocrx_word' id='word_1_495' title='bbox 1191 2792 1288 2825; x_wconf 89' lang='lat' dir='ltr'><strong>quam</strong></span> <span class='ocrx_word' id='word_1_496' title='bbox 1303 2793 1389 2825; x_wconf 86' lang='lat' dir='ltr'><strong>saepe</strong></span> <span class='ocrx_word' id='word_1_497' title='bbox 1408 2783 1569 2822; x_wconf 84' lang='lat' dir='ltr'><strong>audimus,</strong></span> <span class='ocrx_word' id='word_1_498' title='bbox 1594 2784 1640 2816; x_wconf 88' lang='lat' dir='ltr'><strong>lo-</strong></span> 
     </span>
     <span class='ocr_line' id='line_1_87' title="bbox 889 2825 1640 2869; baseline 0.004 -13"><span class='ocrx_word' id='word_1_499' title='bbox 889 2825 988 2861; x_wconf 71' lang='lat' dir='ltr'><strong>cutio,</strong></span> <span class='ocrx_word' id='word_1_500' title='bbox 1019 2827 1092 2856; x_wconf 79' lang='lat' dir='ltr'><strong>deus</strong></span> <span class='ocrx_word' id='word_1_501' title='bbox 1115 2837 1149 2856; x_wconf 70' lang='lat' dir='ltr'><strong>es</strong></span> <span class='ocrx_word' id='word_1_502' title='bbox 1180 2827 1333 2862; x_wconf 65' lang='lat' dir='ltr'><strong>machina,</strong></span> <span class='ocrx_word' id='word_1_503' title='bbox 1363 2825 1403 2858; x_wconf 88' lang='lat' dir='ltr'><strong>de</strong></span> <span class='ocrx_word' id='word_1_504' title='bbox 1434 2827 1527 2859; x_wconf 88' lang='lat' dir='ltr'><strong>rebus</strong></span> <span class='ocrx_word' id='word_1_505' title='bbox 1556 2838 1640 2869; x_wconf 80' lang='lat' dir='ltr'><strong>quae,</strong></span> 
     </span>
     <span class='ocr_line' id='line_1_88' title="bbox 891 2868 1639 2912; baseline 0.004 -13"><span class='ocrx_word' id='word_1_506' title='bbox 891 2868 952 2900; x_wconf 82' lang='lat' dir='ltr'><strong>nisi</strong></span> <span class='ocrx_word' id='word_1_507' title='bbox 974 2868 1022 2900; x_wconf 86' lang='lat' dir='ltr'><strong>vis</strong></span> <span class='ocrx_word' id='word_1_508' title='bbox 1042 2869 1190 2910; x_wconf 83' lang='lat' dir='ltr'><strong>quaedam</strong></span> <span class='ocrx_word' id='word_1_509' title='bbox 1207 2869 1315 2900; x_wconf 85' lang='lat' dir='ltr'><strong>divina</strong></span> <span class='ocrx_word' id='word_1_510' title='bbox 1334 2879 1373 2901; x_wconf 88' lang='lat' dir='ltr'><strong>ex</strong></span> <span class='ocrx_word' id='word_1_511' title='bbox 1392 2869 1562 2912; x_wconf 87' lang='lat' dir='ltr'><strong>improviso</strong></span> <span class='ocrx_word' id='word_1_512' title='bbox 1586 2881 1639 2902; x_wconf 87' lang='lat' dir='ltr'><strong>ac-</strong></span> 
     </span>
     <span class='ocr_line' id='line_1_89' title="bbox 891 2911 1640 2954; baseline 0.001 -11"><span class='ocrx_word' id='word_1_513' title='bbox 891 2911 995 2948; x_wconf 83' lang='lat' dir='ltr'><strong>cedat,</strong></span> <span class='ocrx_word' id='word_1_514' title='bbox 1008 2911 1150 2954; x_wconf 87' lang='lat' dir='ltr'><strong>expediri</strong></span> <span class='ocrx_word' id='word_1_515' title='bbox 1171 2918 1347 2953; x_wconf 87' lang='lat' dir='ltr'><strong>nequeunt.</strong></span> <span class='ocrx_word' id='word_1_516' title='bbox 1391 2913 1564 2944; x_wconf 84' lang='lat' dir='ltr'><strong>Translata</strong></span> <span class='ocrx_word' id='word_1_517' title='bbox 1584 2923 1640 2944; x_wconf 88' lang='lat' dir='ltr'><strong>au-</strong></span> 
     </span>
     <span class='ocr_line' id='line_1_90' title="bbox 892 2954 1643 2991; baseline 0.003 -6"><span class='ocrx_word' id='word_1_518' title='bbox 892 2960 955 2986; x_wconf 83' lang='lat' dir='ltr'><strong>tem</strong></span> <span class='ocrx_word' id='word_1_519' title='bbox 975 2959 1024 2986; x_wconf 82' lang='lat' dir='ltr'><strong>est</strong></span> <span class='ocrx_word' id='word_1_520' title='bbox 1040 2954 1110 2986; x_wconf 86' lang='lat' dir='ltr'><strong>haec</strong></span> <span class='ocrx_word' id='word_1_521' title='bbox 1130 2955 1250 2986; x_wconf 88' lang='lat' dir='ltr'><strong>locutio</strong></span> <span class='ocrx_word' id='word_1_522' title='bbox 1264 2966 1282 2987; x_wconf 93' lang='lat' dir='ltr'><strong>e</strong></span> <span class='ocrx_word' id='word_1_523' title='bbox 1302 2965 1334 2986; x_wconf 87' lang='lat' dir='ltr'><strong>re</strong></span> <span class='ocrx_word' id='word_1_524' title='bbox 1353 2955 1494 2991; x_wconf 87' lang='lat' dir='ltr'><strong>scenica,</strong></span> <span class='ocrx_word' id='word_1_525' title='bbox 1515 2956 1541 2986; x_wconf 91' lang='lat' dir='ltr'><strong>si</strong></span> <span class='ocrx_word' id='word_1_526' title='bbox 1564 2957 1643 2987; x_wconf 84' lang='lat' dir='ltr'><strong>deus</strong></span> 
     </span>
     <span class='ocr_line' id='line_1_91' title="bbox 895 2998 1644 3045; baseline 0.003 -17"><span class='ocrx_word' id='word_1_527' title='bbox 895 3002 1006 3040; x_wconf 81' lang='lat' dir='ltr'><strong>praeter</strong></span> <span class='ocrx_word' id='word_1_528' title='bbox 1026 3007 1152 3030; x_wconf 88' lang='lat' dir='ltr'><strong>omnem</strong></span> <span class='ocrx_word' id='word_1_529' title='bbox 1170 2998 1435 3045; x_wconf 78' lang='lat' dir='ltr'><strong>expectationem,</strong></span> <span class='ocrx_word' id='word_1_530' title='bbox 1454 3008 1507 3040; x_wconf 88' lang='lat' dir='ltr'><strong>per</strong></span> <span class='ocrx_word' id='word_1_531' title='bbox 1523 2999 1644 3031; x_wconf 85' lang='lat' dir='ltr'><strong>machi-</strong></span> 
     </span>
    </p>
   </div>
   <div class='ocr_carea' id='block_1_16' title="bbox 39 3036 1646 3084">
    <p class='ocr_par' dir='ltr' id='par_1_38' title="bbox 39 3036 1646 3084">
     <span class='ocr_line' id='line_1_92' title="bbox 39 3036 1646 3084; baseline 0.004 -15"><span class='ocrx_word' id='word_1_532' title='bbox 39 3059 43 3062; x_wconf 55' lang='lat'>&gt;</span> <span class='ocrx_word' id='word_1_533' title='bbox 103 3036 280 3070; x_wconf 72' lang='lat' dir='ltr'><strong>Cavendum</strong></span> <span class='ocrx_word' id='word_1_534' title='bbox 310 3044 366 3074; x_wconf 74' lang='lat' dir='ltr'><strong>est,</strong></span> <span class='ocrx_word' id='word_1_535' title='bbox 395 3048 434 3069; x_wconf 81' lang='lat' dir='ltr'><strong>ne</strong></span> <span class='ocrx_word' id='word_1_536' title='bbox 457 3038 574 3079; x_wconf 80' lang='lat' dir='ltr'><strong>fabula</strong></span> <span class='ocrx_word' id='word_1_537' title='bbox 603 3039 690 3070; x_wconf 78' lang='lat' dir='ltr'><strong>ultra</strong></span> <span class='ocrx_word' id='word_1_538' title='bbox 720 3040 854 3080; x_wconf 80' lang='lat' dir='ltr'><strong>quinque</strong></span> <span class='ocrx_word' id='word_1_539' title='bbox 897 3051 971 3072; x_wconf 88' lang='lat' dir='ltr'><strong>nam</strong></span> <span class='ocrx_word' id='word_1_540' title='bbox 992 3040 1130 3083; x_wconf 82' lang='lat' dir='ltr'><strong>aliquam</strong></span> <span class='ocrx_word' id='word_1_541' title='bbox 1152 3041 1323 3079; x_wconf 87' lang='lat' dir='ltr'><strong>demissus,</strong></span> <span class='ocrx_word' id='word_1_542' title='bbox 1339 3051 1372 3073; x_wconf 75' lang='lat' dir='ltr'><strong>in</strong></span> <span class='ocrx_word' id='word_1_543' title='bbox 1389 3051 1487 3074; x_wconf 82' lang='lat' dir='ltr'><strong>scena</strong></span> <span class='ocrx_word' id='word_1_544' title='bbox 1505 3049 1646 3084; x_wconf 77' lang='lat' dir='ltr'><strong>apparet.</strong></span> 
     </span>
    </p>
   </div>
  </div>
 </body>
</html>
