1884 3288
315 207 404 244 xxiv
578 204 592 208 ’
827 203 1056 241 HORATII
1084 202 1300 241 METRA.
1318 197 1320 199 ’

423 299 606 349 Insalmis
623 296 797 347 Helelnoe
819 297 957 334 Castor
975 298 1143 346 offensus
1164 298 1291 333 vicem.
1347 293 1468 344 Epod.
1490 294 1551 340 17,
1569 294 1636 334 42.

426 361 547 409 Optat
565 361 738 410 quieltem
759 355 927 406 Pelolpz‘s
945 359 1056 406 infidi
1069 363 1198 406 pater.
1255 355 1378 404 Epod.
1399 355 1460 403 17,
1480 356 1543 393 65.

423 421 603 472 Alit2'1bus
622 418 749 470 atique
769 418 937 464 canilbus
958 418 1192 464 Itomz'lcidam
1213 416 1430 453 Hectorem.
1483 416 1606 467 Epod.
1627 416 1688 460 17,
1710 415 1770 453 12.

433 480 627 526 Vectalbor
646 479 823 525 hurnelrz's
844 486 933 516 tunc
955 477 960 527 Ι
983 492 1051 527 ego
1068 477 1242 524 inilmicis
1261 490 1386 527 eques.
1439 478 1564 529 Epod.
1586 477 1647 523 17,
1667 477 1729 522 74.

318 543 362 579 In
384 542 543 592 Epodon
561 555 673 579 carm.
695 541 757 587 16,
778 541 960 577 Horatius
979 541 1082 588 puris
1100 540 1233 577 iambis
1253 553 1341 577 usus¹
1359 546 1429 577 est.

424 603 494 641 Est
512 604 552 640 in
570 610 690 640 metro
708 603 762 646 xi,
781 602 858 646 xiv,
878 614 939 646 xv,
959 601 1051 638 xvii.

889 694 926 730 b.
962 693 1101 747 Versa-s·
1120 692 1316 730 trochaici.

319 771 357 810 4.
388 771 673 822 Ithyphallicus.

423 898 467 935 In
486 897 701 946 logaoedicis
719 903 796 941 aut,
814 830 848 935 ¹si
866 896 996 940 mavis,
1016 896 1241 946 asynartetis
1258 909 1364 934 num.
1386 897 1447 935 19.

320 960 357 998 5.
387 959 532 997 Versus
551 958 759 995 trochaicus
778 957 1173 995 dimeterffiatalectus.

657 1018 1017 1031 -υ-υ-υδιί

638 1085 826 1121 Truditur
844 1085 923 1121 dies
943 1085 1016 1121 die.
1071 1085 1113 1132 ii,
1135 1084 1196 1129 18,
1219 1085 1279 1122 15.

321 1147 500 1184 Horatius
518 1146 724 1196 spondeum
743 1146 783 1182 in
801 1146 966 1184 secunda
984 1146 1072 1183 sede
1091 1159 1166 1183 non
1184 1146 1366 1183 admittit.

425 1208 495 1245 Est
513 1208 553 1244 in
570 1214 690 1244 metro
709 1207 812 1243 xviii.

784 1314 816 1338 c.
852 1301 992 1338 Versus
1011 1301 1268 1339 choriambici.

318 1394 355 1430 6.
393 1395 535 1431 Versus
566 1394 837 1431 Pherecrateus
871 1408 901 1432 s.
935 1394 1206 1431 choriambicus
1241 1400 1472 1432 monometer
1501 1394 1828 1445 hypercatalectus

423 1452 508 1493 cum
526 1456 619 1500 basi,
638 1456 678 1491 in
697 1469 770 1504 qua
789 1455 891 1505 apud
911 1455 1115 1492 Horatium
1133 1469 1280 1506 semper
1298 1455 1486 1505 spondeus
1504 1462 1574 1493 est.

658 1520 706 1526 --ι
834 1516 941 1529 -υυ-
1002 1514 1007 1565 Ι
1070 1515 1094 1530 δι

635 1571 700 1608 Vis
711 1571 888 1620 formosa
909 1571 1042 1608 videri.
1095 1571 1147 1617 iv,
1167 1571 1229 1615 13,
1247 1571 1284 1608 3.

424 1633 497 1670 Est
516 1632 556 1668 in
574 1638 695 1669 metro
713 1632 764 1670 iv.

317 1694 353 1737 7.
381 1693 523 1731 Versus
543 1693 758 1742 Glyconeus
775 1706 805 1730 s.
827 1693 1096 1731 choriambicus
1115 1693 1277 1731 dimeter
1294 1692 1499 1731 catalectus
1516 1693 1557 1730 in
1571 1692 1828 1743 pyrrhichium

421 1761 487 1792 aut
515 1754 696 1799 iambum,
724 1767 810 1792 cum
837 1755 929 1799 basi,
958 1768 1072 1804 quam
1099 1755 1201 1805 apud
1229 1755 1436 1792 Horatium
1466 1767 1614 1805 semper
1643 1754 1829 1805 spondeus

422 1822 541 1854 tenet.

660 1881 708 1887 -—
779 1876 891 1890 -υυ-
952 1874 959 1925 I
1018 1876 1070 1891 υδι

628 1931 702 1968 Nil
719 1932 941 1968 mortalibus
960 1931 1120 1969 arduum
1135 1938 1203 1970 est.
1258 1933 1284 1977 i,
1303 1933 1343 1980 3,
1358 1932 1425 1977 37.

423 1993 492 2030 Bis
510 1993 551 2029 in
568 1992 648 2030 basi
666 1994 893 2042 reperiretur
911 1994 1107 2038 trochaeus,
1126 1994 1159 2031 si
1183 1994 1296 2032 lectio
1313 1993 1495 2032 servanda
1514 2000 1625 2031 esset.
1686 1994 1831 2031 Teucer

425 2060 462 2091 et
479 2054 506 2099 i,
524 2053 586 2098 15,
606 2053 670 2099 24,
690 2061 729 2092 et
753 2054 862 2103 I9nz‘s
885 2054 1034 2092 Iliacas
1057 2055 1148 2092 ibid.
1167 2056 1232 2093 36.
1289 2055 1452 2105 Syllabae
1475 2054 1632 2099 ultimae,
1650 2066 1725 2104 qua
1744 2067 1829 2092 ver-

423 2128 486 2152 sus
505 2115 684 2161 abundat,
703 2115 868 2153 vocalem
885 2115 1013 2153 elisam
1032 2117 1172 2165 reperis
1190 2117 1240 2160 iv,
1263 2117 1299 2161 1,
1319 2116 1382 2154 35.

426 2175 495 2213 Est
514 2176 555 2212 in
573 2182 694 2213 metro
712 2177 753 2222 ii,
773 2177 827 2221 iii,
847 2177 896 2214 iv.

319 2237 356 2274 8.
388 2237 528 2274 Versus
553 2237 823 2287 Asclepiadeus
847 2238 969 2275 minor
986 2251 1017 2275 s.
1041 2251 1172 2275 versus
1197 2239 1468 2277 choriambicus
1490 2239 1664 2278 trimeter
1680 2245 1829 2277 antece-

422 2298 528 2336 denti
547 2299 692 2343 similis,
712 2299 786 2336 nisi
807 2299 907 2348 quod
925 2312 1000 2336 uno
1018 2299 1232 2338 choriambo
1250 2299 1469 2350 locupletior
1486 2307 1557 2339 est.

525 2415 765 2453 Crescentem
784 2415 954 2466 sequitur
974 2429 1067 2453 cura
1082 2418 1297 2464 pecuniam.
1351 2417 1406 2462 iii,
1428 2417 1490 2463 16,
1511 2416 1572 2462 17.

421 2477 573 2514 Caesura
586 2477 644 2514 bis
663 2477 799 2514 omissa
817 2483 875 2514 est
890 2490 898 2514 :

525 2537 632 2574 Dum
640 2538 859 2587 flayrantia
879 2538 1079 2588 detorquet
1097 2539 1150 2576 ad
1167 2539 1308 2576 oscula.
1363 2539 1405 2584 ii,
1425 2539 1488 2587 12,
1507 2539 1570 2577 25.

526 2599 615 2636 Non
633 2599 823 2648 stipendia
846 2599 1095 2648 Carthayinis
1113 2602 1246 2648 impiae.
1301 2601 1353 2647 iv,
1372 2600 1410 2646 8,
1431 2601 1491 2645 17.

422 2659 556 2696 Mirari
585 2659 688 2704 licet,
720 2659 952 2704 Bentleium,
981 2661 1085 2707 dum,
1115 2661 1156 2698 in
1185 2669 1275 2699 nota
1301 2662 1348 2699 ad
1375 2675 1527 2700 versum
1546 2668 1751 2712 posterum,
1779 2673 1827 2698 ex

422 2734 539 2770 pausa
556 2721 596 2758 in
615 2722 739 2759 media
753 2735 841 2760 voce
860 2722 1066 2760 constituta
1085 2730 1350 2772 argumentum
1368 2737 1498 2762 versus
1516 2722 1666 2760 delendi
1680 2729 1827 2772 petens,

420 2782 691 2828 vehementior,
706 2784 764 2821 uti
782 2783 890 2827 solet,
909 2783 949 2820 in
967 2785 1224 2822 tenebrionem
1239 2784 1361 2830 illum,
1375 2785 1442 2834 qui
1455 2785 1555 2822 hunc
1573 2797 1722 2822 versum
1740 2797 1827 2822 con-

418 2844 598 2889 texuerit,
617 2845 821 2890 invehitur,
840 2845 1018 2894 adjecisse
1033 2859 1041 2883 :
1073 2848 1096 2867 ‘⁶
1109 2859 1304 2896 nunquam
1322 2859 1370 2884 ne
1388 2845 1502 2885 semel
1520 2844 1672 2895 quidem
1690 2845 1827 2895 (sciens

1879 482 1882 495 A>
1876 401 1884 442 —-
1882 386 1884 391 .
1871 63 1884 367 ‘oefflmm-ehu
1874 6 1884 34 -ἶιι
