1884 3288
648 209 884 277 ’LIBER
915 210 997 260 IV,
1029 212 1070 252 5.

1550 216 1578 255 m

1585 215 1600 255 —a

1609 215 1636 255 Q!

379 316 482 357 Mos
504 321 548 356 et
568 313 638 355 lex
661 311 927 354 maculosum
949 312 1146 354 edomuit
1166 313 1311 354 nefas:

381 382 640 424 Laudantur
659 379 784 422 simili
805 378 927 434 prole
950 393 1182 435 puerperae
1201 397 1210 421 :

721 448 906 503 Culpam
928 447 1069 489 Poena
1090 449 1246 503 premit
1268 463 1427 491 comes,

285 518 345 560 25
359 517 485 566 -Quis
508 516 722 558 Parthum
741 518 931 572 paveat?
963 516 1060 571 quis
1082 516 1276 572 gelidum
1298 517 1492 573 Scythen
1511 521 1527 561 ἲ

373 585 499 635 Quis,
523 585 762 627 Germania
782 600 893 640 quos
916 585 1097 627 horrida
1117 586 1307 640 parturit

370 652 520 704 Fetus,
539 653 743 695 incolumi
766 653 970 695 Caesare?
1001 654 1099 708 quis
1123 653 1226 695 ferae

719 721 890 762 Bellum
912 730 1034 763 curet
1058 721 1248 763 Iberiae?

369 789 531 831 Condit
552 790 737 845 quisque
759 790 874 831 diem
895 789 1077 831 collibus
1100 790 1143 830 in
1167 790 1275 840 suis,

284 858 343 900 30
373 857 435 899 Et
455 858 583 900 vitem
605 858 758 900 viduas
781 859 902 900 ducit
922 859 979 900 ad
1000 859 1178 900 arbores
1198 876 1207 900 ε

370 925 488 969 Hinc
509 927 564 969 ad
586 927 683 968 vina
705 927 819 968 redit
840 926 983 977 laetus,
1006 935 1049 968 et
1070 927 1216 968 alteris

716 995 784 1037 Te
806 995 965 1037 mensis
987 995 1167 1038 adhibet
1192 996 1359 1038 Deum:

78 1141 207 1174 quoque
212 1130 356 1163 celeriter
363 1136 527 1163 currentes
535 1132 598 1162 vola
605 1142 635 1162 re
643 1132 698 1174 (ut
705 1131 734 1163 G
740 1130 829 1162 raecis

81 1173 270 1215 πετᾶσθαι)
293 1173 454 1213 dicuntur,
474 1174 566 1216 Virg.
588 1175 668 1206 AEn.
686 1174 732 1211 iii,
754 1175 828 1211 124,

81 1217 205 1249 Catuli.
227 1218 271 1256 iV,
302 1219 335 1254 5,
359 1217 399 1249 de
422 1217 573 1253 Phaselo,
596 1220 656 1249 sive
682 1218 830 1258 palmulis

81 1260 166 1301 Opus
186 1260 276 1303 foret
306 1261 419 1299 volare,
449 1263 510 1292 sive
539 1262 643 1298 linteo,
672 1260 726 1292 ubi
758 1260 829 1292 vide

79 1313 152 1345 qum
166 1303 361 1335 notavimus.
399 1304 549 1334 Pacatum
561 1315 615 1343 per
628 1315 727 1334 mare:
753 1303 827 1335 hinc

77 1347 227 1388 Augusto
253 1346 358 1378 sinum
382 1346 599 1378 Puteolanum
624 1352 828 1389 praetervecto

79 1395 197 1429 naute,
225 1394 262 1421 ut
291 1389 388 1421 tradit
419 1390 550 1421 Sueton.
578 1389 665 1431 Aug.
695 1390 749 1426 98,
772 1401 827 1429 per

77 1433 168 1464 illum
184 1443 215 1464 se
234 1434 342 1471 vicere,
359 1444 414 1472 per
439 1433 527 1464 illum
553 1435 711 1474 navigare,
735 1434 824 1463 liber-

77 1481 141 1507 tate
157 1483 248 1518 atque
258 1475 405 1518 fortunis
426 1487 479 1516 per
501 1477 591 1506 illum
604 1478 692 1518 frui,
716 1475 822 1506 accla-

77 1528 181 1551 masse
210 1519 372 1551 dicuutur.
433 1519 565 1559 Calpur-i
595 1522 714 1555 metuit,
743 1518 776 1550 h.
798 1529 825 1550 e.

77 1572 142 1593 non
164 1562 325 1605 culpatur,
347 1561 386 1593 de
409 1573 474 1604 quo
492 1562 635 1603 elegante
655 1561 741 1594 verbi
766 1574 824 1593 me-

77 1611 163 1637 tuere
183 1616 244 1637 usu
267 1604 332 1636 vid.
357 1615 431 1647 sup.
458 1605 497 1635 ad
522 1603 555 1640 ii.
581 1607 612 1641 2,
638 1606 668 1636 7.
714 1605 825 1636 Fides.-

77 1647 120 1680 cf.
131 1648 193 1680 inf.
206 1649 314 1681 Carm.
329 1649 413 1679 Saec.
428 1658 460 1678 v.
477 1648 529 1678 57.

119 1692 262 1723 21—24.
294 1691 400 1722 Nullis
428 1691 583 1731 polluitur
612 1697 693 1721 casta
724 1692 825 1722 domus

75 1737 211 1775 stupri25
233 1734 371 1766 Romani
386 1734 484 1769 enim,
501 1734 532 1764 in
549 1744 681 1775 quorum
693 1743 824 1776 corrup-

76 1783 127 1809 tos
142 1788 244 1810 mores
261 1777 413 1809 Horatius
428 1787 497 1818 sup.
513 1776 559 1812 iii,
582 1778 602 1808 6
619 1776 755 1816 graviter
775 1776 824 1808 in-

75 1867 279 1905 quinaverant
302 1864 364 1895 huc
388 1873 501 1905 usque,
524 1868 560 1893 ut
582 1862 626 1893 ibi
650 1873 678 1893 v.
704 1863 742 1894 18
767 1862 823 1899 ait,

75 1913 105 1938 et
118 1917 214 1950 genus
229 1914 258 1938 et
271 1909 380 1938 domos.
425 1906 539 1947 Itaque
552 1906 732 1947 Augustus,
749 1916 823 1937 cum

75 1950 130 1981 hoo
141 1950 248 1992 sonte,
265 1956 300 1982 ut
324 1949 477 1981 Horatius
495 1948 539 1979 ibi
559 1948 659 1985 addit,
683 1950 823 1980 derivata

74 1994 176 2025 clades
186 1995 221 2025 in
232 1995 364 2035 patriam
374 1992 730 2034 populumquefluaerit,
742 1992 822 2033 pris-

75 2035 177 2068 tinum
188 2037 312 2069 virtutis
324 2037 479 2068 Romanae
493 2035 641 2066 honorem
660 2045 823 2067 revocasse

74 2078 192 2111 dicitur
205 2079 356 2122 eo,'quod
379 2089 436 2121 per
457 2089 563 2109 morem
582 2079 736 2119 (veterem
756 2078 821 2108 dis-

77 2121 264 2166 ciplinam).
289 2128 321 2154 et
342 2123 436 2164 legem
457 2121 575 2163 (legem
592 2121 713 2153 Juliam
728 2122 766 2152 de
787 2132 819 2152 a·

75 2164 251 2208 dulteriis),
269 2167 459 2197 macularum
471 2166 556 2206 nesus
571 2164 687 2206 (foeda,
705 2164 823 2206 quibus

74 2209 295 2252 conjugiorum
309 2207 583 2241 contaminabatur
604 2207 768 2243 sanctitas,
787 2219 821 2239 a-

75 2250 244 2294 dulterit),
277 2253 410 2284 edomuit
448 2250 638 2293 (exstirpare
669 2250 821 2291 studuit).

74 2294 228 2328 Similiter
243 2294 396 2328 Horatius
412 2293 452 2326 de
467 2294 618 2335 Augusto
635 2293 689 2324 inf.
715 2294 821 2336 Epist.

73 2337 108 2377 ii,
125 2339 157 2375 1,
168 2339 209 2371 ab
217 2338 310 2371 initio
322 2350 332 2377 ς
354 2339 456 2373 Quum
470 2343 513 2368 tot
527 2339 675 2368 sustineas
688 2343 715 2368 et
733 2343 822 2368 tanta

76 2383 198 2422 negotia
211 2383 302 2416 solus.
321 2381 382 2412 Res
401 2381 500 2412 Italas
514 2382 606 2411 armis
623 2382 744 2416 tuteris,
759 2393 820 2412 mo-

74 2425 158 2456 ribus
175 2436 273 2461 ornes,
294 2425 426 2466 Legibus
446 2425 594 2460 emendes,
614 2429 688 2454 cett.
736 2423 821 2454 Lau-

74 2468 193 2500 damur
206 2469 302 2500 simili
316 2468 400 2508 prole
419 2478 585 2508 puer-perer,
607 2473 721 2498 matres
739 2467 820 2508 pari-

74 2516 135 2542 unt
146 2510 263 2543 liberos
276 2510 357 2554 patri
378 2521 436 2541 suo
454 2509 594 2549 similes3
619 2509 715 2552 prolis
735 2509 819 2540 enim

73 2562 147 2586 eum
178 2559 266 2597 patre
295 2553 471 2585 similitudo
504 2552 613 2584 matris
641 2552 820 2584 castitatem

74 2597 204 2640 probare
221 2598 412 2640 putabatur:
438 2595 503 2627 vid.
514 2597 692 2638 Interprett.
703 2595 742 2626 ad
755 2597 785 2627 h.
802 2596 822 2626 1.

73 2645 106 2672 et
129 2650 210 2683 quos
233 2639 432 2672 laudavimus
458 2638 498 2669 ad
524 2638 644 2670 Catuli.
663 2637 720 2673 lxi,
745 2640 821 2670 221.

77 2683 209 2724 culpam
228 2683 320 2715 Poenn
335 2685 444 2724 premit
460 2692 571 2713 comes.-
589 2681 644 2723 qui
658 2681 689 2712 iu
704 2681 822 2723 flagitio

73 2725 365 2771 deprehenduntur,
393 2727 434 2756 ab
464 2724 503 2755 iis
535 2724 640 2755 statim
666 2735 763 2766 poena
790 2724 822 2755 in

74 2768 199 2812 legibus
215 2769 386 2801 constituta
400 2768 572 2810 expetitur.

118 2813 262 2844 25-28,
297 2813 375 2848 Quis
407 2811 559 2842 Parthum
589 2811 721 2851 paveat?
751 2815 824 2841 cett.

77 2854 218 2892 Parthis,
236 2855 376 2897 Scythis,
395 2853 575 2890 Germanis,
600 2859 631 2885 et
654 2852 826 2885 Cantabris

74 2897 118 2931 ab
128 2899 277 2940 Augusto
289 2897 483 2941 perdomitis,
496 2897 586 2928 nulla
596 2896 734 2939 amplius
745 2896 826 2927 foras

77 2941 169 2975 nobis
186 2941 330 2974 timenda
351 2947 426 2973 suut
450 2940 611 2983 pericula3
635 2939 668 2970 h.
685 2949 714 2970 e.
733 2949 824 2988 pace,

77 2982 152 3022 otio.
169 2988 202 3017 et
216 2984 385 3017 securitate
406 2995 460 3027 per
479 2983 661 3026 Augustum
683 2982 827 3015 fruimur.

81 3026 156 3063 Quis
180 3026 332 3060 Parthum
350 3028 482 3068 paveat?
506 3027 558 3059 De
582 3025 671 3058 victis
697 3027 736 3057 ab
758 3026 826 3057 Au-

874 1137 967 1172 gusto
988 1132 1114 1164 Parthis
1139 1131 1203 1163 vid.
1228 1143 1299 1175 sup.
1327 1131 1373 1169 iii,
1399 1132 1440 1171 3;
1465 1131 1540 1163 hinc
1564 1131 1622 1162 inf.

875 1175 982 1206 earm.
999 1177 1081 1207 Saec.
1098 1187 1128 1207 v.
1145 1177 1198 1214 53,
1219 1176 1289 1206 Jam
1308 1178 1387 1206 mari
1403 1181 1543 1216 terraque
1559 1187 1622 1206 ma-

876 1229 931 1249 nus
952 1226 1086 1259 potentes
1112 1219 1232 1254 Medus.
1258 1220 1449 1260 Albanasque
1475 1220 1561 1249 timet
1577 1229 1622 1249 se-

873 1272 970 1292 cures.
1022 1262 1099 1297 Quis
1124 1263 1262 1304 gelidum
1293 1262 1445 1303 Scythen?
1479 1261 1522 1292 cs.
1548 1272 1621 1304 sup.

873 1303 918 1340 iii,
942 1306 974 1341 8,
990 1305 1044 1341 23,
1062 1306 1126 1341 ubi,
1150 1305 1221 1336 Jam
1241 1305 1360 1346 Scythae
1384 1306 1450 1336 laxo
1468 1306 1620 1335 meditan-

873 1353 926 1376 tur
941 1359 1015 1379 arcu
1035 1348 1148 1379 Cedere
1163 1350 1297 1387 cumpis;
1322 1353 1354 1379 et
1367 1348 1475 1379 Carm.
1490 1348 1574 1379 Saec.
1590 1359 1621 1379 v.

871 1391 926 1425 55,
956 1390 1026 1420 Jam
1059 1391 1176 1432 Scylhoe
1206 1402 1343 1432 responsa
1366 1397 1486 1431 petunt.
1533 1391 1620 1429 Quis,

874 1432 1041 1464 Germania
1058 1445 1128 1475 quos
1144 1434 1269 1465 horrida
1283 1435 1423 1474 parturit
1442 1433 1546 1469 Fetus,
1563 1444 1621 1476 pro

867 1475 1004 1517 vulgari,
1025 1477 1097 1519 quis
1117 1482 1230 1519 paveat
1248 1476 1389 1508 horridos
1416 1476 1618 1509 Germanos2

870 1519 922 1550 De
952 1519 1044 1551 victis
1078 1531 1132 1563 per
1172 1521 1311 1551 Drusum
1351 1519 1521 1551 Germanis
1554 1519 1618 1551 vid.

869 1572 967 1594 earm.
987 1563 1133 1595 anteced.
1181 1563 1347 1594 Germania
1365 1569 1419 1603 (ut
1439 1573 1510 1605 sup.
1530 1562 1564 1601 ii,
1586 1565 1619 1599 6,

871 1606 904 1641 3,
923 1607 1027 1646 Syrtes
1052 1608 1198 1640 bai-barm,
1218 1612 1250 1638 et
1276 1606 1309 1643 ii,
1328 1608 1362 1642 9,
1386 1607 1440 1642 20,
1471 1606 1619 1646 Niphates

868 1648 1024 1690 rigidus.)
1041 1650 1080 1680 ab
1100 1650 1169 1691 ejus
1189 1649 1364 1680 incolarum
1386 1657 1498 1680 natura
1513 1656 1545 1679 et
1564 1660 1619 1680 ex-

870 1697 957 1722 terno
989 1702 1154 1735 corporum
1186 1691 1297 1722 habitu
1325 1690 1443 1722 dicitur
1468 1693 1618 1723 horrida:

869 1735 972 1765 Tacit.
992 1735 1042 1765 ΓΜ.
1064 1736 1176 1767 Germ.
1198 1733 1238 1770 iv,
1263 1735 1394 1765 Habitus
1413 1746 1616 1774 corporum—

869 1779 947 1808 idem
963 1780 1122 1815 omnibus;
1148 1785 1248 1808 truces
1268 1784 1295 1808 e!
1315 1778 1436 1808 caernlei
1452 1779 1546 1814 oculi,
1563 1790 1619 1809 ru-

871 1821 931 1851 25]ae
941 1832 1040 1856 comae,
1055 1832 1164 1862 magna
1179 1831 1327 1860 corpora‚·
1347 1820 1498 1851 hinc.inf.
1517 1821 1620 1864 Epocl.

871 1865 922 1901 16,
939 1864 970 1899 7,
991 1863 1139 1906 Nec-fera
1161 1864 1288 1894 caerulea
1308 1865 1425 1894 domuit
1447 1863 1617 1896 Germania

865 1908 954 1946 pube.
999 1907 1061 1944 Qui
1083 1907 1209 1937 horrida
1234 1906 1274 1937 ad
1293 1906 1393 1949 ipsam
1418 1911 1567 1938 terrarum
1586 1911 1618 1939 in

869 1950 1044 1980 Germania
1060 1955 1204 1980 naturam
1228 1949 1378 1985 referunt,
1398 1948 1532 1981 laudant
1554 1951 1616 1981 Ta-

869 1992 925 2023 cit.
945 1994 1028 2023 Mor.
1046 1992 1156 2024 Germ.
1171 2003 1200 2023 c.
1216 1992 1250 2028 ii,
1273 1993 1430 2034 informem
1449 1995 1551 2027 terris,
1567 2006 1616 2024 as.

865 2046 969 2075 peram
1007 2037 1088 2071 coelo,
1129 2038 1243 2067 tristem
1275 2037 1365 2067 cultu
1403 2038 1618 2078 adspectnqne,

867 2089 897 2110 c.
928 2090 959 2116 v,
984 2081 1068 2110 silvis
1099 2080 1267 2114 horridam,
1294 2080 1464 2119 paludibus
1484 2080 1617 2122 foedum.

869 2123 950 2156 Quos
979 2124 1117 2161 parturii
1142 2122 1246 2165 fetus,
1278 2122 1460 2154 contemtim
1494 2134 1549 2165 pro
1579 2124 1619 2155 iis

867 2165 922 2206 qui
949 2164 991 2196 ibi
1020 2172 1206 2201 nascuntur,
1234 2165 1325 2208 quasi
1355 2165 1465 2196 horum
1490 2177 1616 2208 quoque

867 2208 1054 2250 prodigiosa>
1084 2208 1191 2239 formae
1222 2208 1384 2240 hominum
1410 2214 1493 2240 terra
1517 2218 1617 2242 mater

866 2251 919 2282 sit.
967 2252 1089 2283 Bellum
1112 2252 1230 2286 Ihm-im,
1250 2252 1283 2283 h.
1299 2262 1328 2283 e.
1351 2251 1470 2283 bellum
1495 2253 1616 2284 Canta·

866 2293 987 2326 bricum
1002 2307 1008 2325 :
1033 2295 1097 2326 vid.
1114 2306 1184 2336 sup.
1202 2294 1243 2326 ad
1259 2294 1292 2329 ii,
1309 2296 1340 2333 6,
1356 2296 1387 2325 2.

909 2339 1050 2369 29—36.
1076 2339 1187 2369 Condit
1205 2339 1296 2374 diem,
1313 2348 1369 2381 pro
1390 2337 1527 2379 vulgari,
1549 2340 1618 2371 finit

866 2381 914 2412 vel
932 2381 1032 2422 exigit
1047 2380 1150 2412 diem:
1175 2380 1321 2412 similiter
1343 2381 1511 2412 Menalcas
1530 2384 1616 2425 apud

868 2424 960 2465 virg.
986 2424 1058 2456 Bel.
1081 2424 1125 2460 ix,
1146 2425 1201 2459 52,
1225 2426 1297 2454 soles
1326 2426 1480 2455 cantando
1509 2429 1615 2457 condi-

866 2469 952 2504 disse,
966 2467 997 2498 h.
1010 2478 1037 2498 e.
1055 2467 1210 2508 exegisse,
1226 2466 1364 2506 dicitur3
1387 2467 1520 2499 laudant
1535 2480 1615 2511 quo-

865 2520 926 2551 que
959 2510 997 2541 ‹le
1025 2512 1083 2541 hac
1115 2510 1266 2552 loquendi
1289 2510 1410 2542 ratione
1435 2514 1615 2554 exemplum

867 2553 1061 2585 Callimachi
1079 2554 1141 2596 Ep.
1155 2553 1187 2590 ii,
1200 2552 1368 2589 3,’Ἡλιον
1383 2553 1420 2585 ἐν
1433 2554 1539 2597 λέσχῃ
1556 2569 1614 2588 κα-

867 2595 1068 2638 τεδύσαμεν.
1105 2596 1237 2628 Scilicet
1251 2598 1330 2628 diem
1345 2598 1459 2632 condit.
1472 2600 1527 2640 qui
1543 2610 1617 2631 eum

867 2639 960 2670 condi
977 2645 1009 2671 et
1024 2639 1167 2671 occidere
1183 2639 1289 2678 videt;
1314 2650 1386 2671 nam
1407 2641 1530 2683 proprie
1549 2642 1618 2674 dies

866 2683 1024 2717 conditur,
1036 2683 1083 2714 vel
1098 2681 1323 2724 sol‚qui,dum
1341 2686 1372 2714 in
1388 2686 1487 2714 undas
1501 2696 1531 2716 se
1545 2697 1619 2717 con.

866 2728 913 2757 dit
935 2729 986 2767 (ut
1010 2725 1104 2767 Virg.
1123 2726 1207 2757 Geo.
1224 2726 1245 2756 i.
1261 2727 1322 2756 437
1348 2726 1517 2767 loquitur),
1533 2728 1618 2760 diem

867 2768 961 2800 simul
991 2768 1130 2800 inductis
1161 2768 1300 2800 tenebris
1323 2769 1452 2807 coudit;
1481 2771 1528 2802 uti
1556 2771 1619 2804 sere

868 2813 954 2854 apud
970 2813 1062 2854 virg.
1078 2813 1158 2844 AEn.
1174 2812 1197 2847 i.
1217 2813 1293 2847 374,
1314 2812 1423 2853 Vesper
1442 2815 1520 2844 diem
1540 2826 1619 2845 com-

866 2866 987 2895 ponere,
1017 2855 1047 2885 h.
1073 2866 1101 2886 e..
1127 2855 1290 2886 absolvere
1315 2855 1398 2887 diem
1425 2862 1454 2887 et
1474 2857 1567 2888 finem
1589 2860 1619 2890 ei

868 2897 1027 2941 imponere
1043 2897 1171 2929 dicitur.
1220 2899 1315 2929 Vitem
1329 2900 1416 2929 ducit
1431 2900 1472 2929 ad
1484 2902 1616 2938 arbores,

869 2940 902 2971 h.
919 2951 944 2972 e.
963 2941 1058 2972 vitem
1074 2941 1194 2973 arboris
1217 2947 1331 2973 trunco
1354 2942 1495 2983 applicat
1509 2949 1539 2973 et
1563 2953 1620 2972 an-

871 2984 967 3015 nectit
982 2997 1000 3014 x·
1016 2986 1134 3019 viduas,
1153 2989 1187 3016 ut
1202 2994 1273 3026 sup.
1296 2984 1330 3019 ii,
1350 2986 1400 3019 15.
1424 2985 1455 3016 4.
1473 2986 1619 3023 platanus

871 3028 994 3066 celebs-3
1019 3027 1093 3060 hinc
1114 3028 1186 3059 vitis
1207 3027 1344 3064 arbores,
1366 3026 1549 3057 nominatim
1569 3031 1618 3059 111·
