1904 3314
683 184 912 228 LIBER
943 185 978 237 1,
1015 187 1080 228 12.

1567 190 1646 232 471

231 285 380 330 Stellae
402 293 558 344 sponte
579 302 672 337 sua,
687 287 881 342 jussaene
901 292 1115 342 vagentur
1136 293 1181 329 et
1200 293 1370 339 errent3

231 353 355 402 Quid
375 362 544 410 premat
563 355 799 396 obscurum
820 353 976 404 Lunae,
998 354 1105 409 quid
1126 354 1321 410 proferat
1342 355 1513 406 orbem;

232 420 355 470 Quid
375 422 476 464 velit
496 429 540 464 et
560 423 700 478 possit
720 437 867 464 rerum
887 423 1122 464 concordia
1143 423 1309 464 discors
1326 441 1337 474 ;

142 489 202 531 20
231 489 539 546 Empedocles,
561 506 616 532 an
638 490 895 532 Stertinium
915 490 1072 532 deliret
1092 506 1286 533 acumen.

230 558 397 601 Verum
418 574 497 601 seu
518 559 660 614 pisces
682 574 759 600 seu
781 573 960 613 porrum
981 565 1026 601 et
1047 573 1168 614 caepe
1191 560 1398 610 trucidas,

230 625 371 676 Utere
391 625 601 681 Pompeio
624 626 859 681 Grospho;
892 634 950 676 et,
975 627 1010 667 si
1031 627 1138 682 quid
1159 634 1282 682 petet
1303 626 1431 677 ultro,

230 693 396 736 Defer:
428 693 488 736 nil
511 694 747 750 Grosphus
769 695 852 735 nisi
871 709 1020 736 verum
1042 695 1184 736 orabit
1205 703 1250 737 et
1272 710 1459 751 aequum.

230 761 343 805 Vilis
365 763 598 805 amicorum
619 770 687 804 est
707 778 892 812 annona,
913 763 1041 804 bonis
1063 763 1140 804 ubi
1161 763 1267 818 quid
1290 763 1428 805 deest.

143 833 200 875 25
229 831 302 875 Ne
324 838 467 874 tamen
487 832 676 888 ignoreS‚
699 846 786 886 quo
809 832 866 873 sit
886 831 1086 873 Romana
1106 830 1202 873 loco
1223 846 1292 873 res
1310 848 1319 873 :

230 899 452 942 Cantaber
472 898 700 955 Agrippae,
724 899 884 941 Claudi
902 899 1063 942 virtute
1084 899 1277 942 Neronis

230 966 465 1010 Armenius
487 967 668 1010 cecidit:
696 967 770 1022 jus
792 967 1107 1022 imperiumque
1130 967 1344 1009 Phraates

231 1035 418 1078 Caesaris
439 1035 608 1090 accepit
628 1035 814 1090 genibus
835 1035 998 1077 minor:
1031 1049 1163 1076 aurea
1184 1035 1333 1091 fruges

231 1103 370 1147 Italiae
390 1102 520 1160 pleno
542 1103 714 1145 defudit
735 1102 874 1159 Copia
894 1118 1043 1145 cornu.

114 1229 202 1272 leges
230 1228 434 1262 constitutis:
466 1229 612 1271 Propert.
634 1228 659 1260 1.
686 1229 717 1260 1.
746 1239 776 1260 v.
806 1230 860 1266 38,

117 1273 235 1305 Plenus
246 1279 275 1304 et
290 1274 323 1303 in
337 1278 439 1313 partes
453 1278 586 1312 quatuor
600 1282 701 1302 annus
714 1279 774 1303 ent.

162 1316 215 1348 17.
234 1315 371 1346 Jussaene
389 1320 543 1356 vagentur
561 1320 589 1345 et
612 1321 727 1351 errent,
750 1314 861 1356 plane-

114 1363 165 1390 tas
178 1357 335 1400 intellige.

162 1402 214 1440 18,
245 1401 296 1432 19.
329 1401 415 1436 Quid
439 1406 558 1439 prernat
587 1400 756 1435 obscurum,
787 1398 865 1441 quid

114 1444 226 1476 lunam
247 1444 406 1479 obscuret,
429 1441 508 1484 quid
529 1442 663 1474 eandem
686 1453 724 1474 ex
747 1443 863 1474 obscu-

115 1487 208 1519 ritate
236 1487 383 1529 proferat,
413 1491 446 1516 et
474 1485 636 1517 lucentem
666 1485 775 1516 sistat:
810 1496 865 1528 per

114 1529 228 1562 lunam
252 1529 452 1561 obscuratam
478 1527 623 1569 intellige
646 1528 732 1560 lunae
757 1528 864 1560 defec-

116 1578 198 1610 tum,
229 1572 297 1604 sive
326 1573 383 1614 (ut
406 1569 498 1611 Virg.
520 1570 598 1602 dicit
626 1571 648 1602 1.
678 1571 701 1603 1.
727 1581 758 1602 v.
783 1571 865 1611 478)

116 1617 198 1648 luna
227 1616 354 1646 labores.
397 1613 516 1644 Rerum
542 1615 703 1644 concordia
730 1615 861 1645 discors.-

115 1658 157 1690 ad
169 1657 429 1702 philosophorum
443 1655 567 1688 scilicet
581 1663 730 1694 mentem,
742 1667 779 1688 ea
791 1667 863 1698 quae

115 1701 150 1733 in
162 1711 265 1734 rerum
281 1707 395 1733 natura
412 1698 493 1730 inter
507 1709 541 1731 se
562 1704 717 1742 pugnant,
735 1699 863 1731 mirifice

115 1745 157 1777 ad
179 1743 336 1776 mundum
361 1741 615 1775 conservandum
638 1742 866 1782 consentiunt;

115 1787 200 1820 hanc
224 1788 414 1819 concordiam
436 1787 602 1817 discordem
625 1785 782 1816 Manilius
802 1786 824 1817 l.
842 1786 864 1817 1.

117 1842 150 1862 v.
169 1832 229 1863 141
247 1835 340 1862 vocat
354 1830 537 1860 discordiam
548 1831 732 1860 concordem.
770 1829 866 1860 ovid.

116 1875 202 1906 Met.
223 1873 247 1910 i,
271 1874 336 1905 430
364 1882 448 1914 sqq„
472 1872 591 1912 Quippe
616 1873 669 1902 ubi
697 1875 866 1912 temperiem

114 1927 246 1949 summe
263 1917 424 1957 humorque
441 1915 593 1955 calorque,
619 1915 814 1955 concipiunt,
837 1922 867 1946 et

69 1994 72 1997 ,
117 1961 157 1992 ab
173 1961 219 1992 his
233 1961 382 1992 oriuntur
396 1964 507 1989 cimela
518 1959 655 1994 duobus5
683 1958 816 1999 Cumque
825 1960 867 1990 sit

115 2004 200 2045 ignis
221 2014 306 2045 aquae
327 2012 468 2043 pugnax.
490 2003 583 2041 impor-
603 2002 746 2032 humidus
767 2013 865 2032 omnes

118 2046 180 2077 Res
193 2052 290 2084 creat,
304 2051 334 2077 et
348 2046 459 2076 discors
474 2044 773 2086 concordiafoetibus
791 2051 864 2085 apta

116 2096 171 2121 est.

161 2133 216 2164 20.
262 2131 465 2171 Empedocles,
500 2129 739 2171 Agrigentinus,
772 2135 865 2172 poeta

117 2179 151 2206 et
181 2173 402 2218 philomphus,
434 2173 490 2216 qui
518 2173 558 2204 de
593 2173 687 2204 rebus
723 2173 865 2216 physicis

118 2217 244 2261 scripsit
257 2217 349 2260 (Cic.
361 2217 454 2248 Orat.
470 2215 492 2254 i,
504 2217 559 2252 50,
576 2215 628 2255 3),
643 2222 779 2257 quatuor
799 2217 863 2248 ele-

117 2260 233 2292 mentis
260 2259 383 2292 addidit
413 2258 617 2290 concordiam
647 2258 802 2301 (φιλὶαν)
833 2265 866 2291 et

115 2302 309 2336 discordiam
319 2302 478 2346 (νεῖκος).
507 2302 708 2332 Stertinium.-
729 2302 768 2334 de
779 2303 864 2334 Ster-

116 2345 196 2379 tinio
208 2345 274 2378 vid.
288 2356 360 2389 sup.
375 2345 416 2377 ad
433 2346 502 2376 Sat.
518 2344 552 2382 ii,
567 2346 600 2381 3,
618 2346 674 2376 33.

161 2390 216 2421 21.
231 2389 292 2422 Seu
301 2391 395 2430 pisces
406 2401 415 2419 .·
438 2387 590 2429 intelligit
602 2393 695 2430 poeta
708 2398 764 2431 per
773 2390 864 2428 pisces

115 2431 230 2476 epulas
258 2431 430 2466 lautiores;
466 2433 614 2466 trucidas,
647 2441 701 2473 per
733 2441 866 2473 zeugma

118 2475 334 2508 reformatum
351 2474 391 2506 ad
409 2476 514 2515 pisces,
531 2474 571 2505 ad
593 2485 719 2514 porrum
740 2479 772 2505 et
790 2485 865 2515 cepe

117 2518 231 2562 supple
255 2518 330 2555 fere,
353 2517 548 2555 contundis3
573 2519 760 2548 contundere
781 2518 865 2548 euim

117 2567 166 2594 082
180 2561 265 2604 quod
284 2571 342 2593 nos
360 2559 506 2595 dicimus,
522 2561 866 2597 zusammenschneiden,

118 2610 157 2636 ut
171 2605 256 2647 apud
274 2604 366 2646 Virg.
383 2603 458 2635 Ecl.
475 2603 511 2639 ii,
530 2604 669 2639 ll,allia
684 2603 867 2644 serpyllum-

120 2649 390 2722 quggpnssbugge·
400 2689 539 2729 Pompeio
571 2688 721 2728 Grospho,
754 2687 870 2720 adhibe

118 2741 222 2764 eoenae
255 2738 338 2764 tuae:
375 2733 416 2764 de
447 2732 604 2773 Pompeio
637 2730 796 2773 Grospho,
827 2732 869 2763 cs.

119 2785 194 2819 sup.
216 2775 258 2808 ad
278 2775 343 2808 Od.
365 2775 401 2812 ii,
423 2776 456 2811 7,
476 2773 509 2806 in
535 2775 670 2815 Argum.
719 2774 822 2809 Ultro,
843 2774 869 2805 si

118 2818 222 2850 mavis
261 2818 375 2850 referre
411 2818 452 2849 ad
492 2818 600 2859 Differ,
637 2816 707 2853 erit,
748 2822 870 2860 promto

256 2871 298 2893 ue
311 2861 430 2893 animo.

166 2904 221 2936 23.
271 2915 370 2941 erum,
386 2902 471 2947 quod
486 2907 608 2934 rectum
624 2908 656 2935 et
670 2902 718 2934 fas
734 2909 803 2935 est:
829 2903 873 2935 cf.

124 2955 197 2989 sup.
211 2946 253 2979 ad
270 2946 374 2990 Epist.
390 2947 414 2983 i,
429 2948 461 2983 7,
478 2947 532 2978 98.

167 2990 222 3022 24.
253 2991 329 3022 Vilis
353 2992 518 3022 amicorum
542 2996 584 3022 est
614 3001 749 3026 ιυιησιιιι,
777 2990 873 3035 bonis,

905 1234 981 1261 cett.
1026 1229 1215 1272 Respondet
1241 1228 1296 1262 hic
1330 1239 1439 1262 versus
1469 1227 1648 1264 sententiae,

907 1272 1088 1314 Grosphum
1105 1273 1162 1309 nil,
1175 1273 1236 1304 nisi
1252 1273 1337 1314 quod
1348 1278 1468 1304 rectum
1480 1278 1513 1303 et
1524 1281 1654 1313 aequum

906 1314 959 1350 sit,
982 1315 1154 1357 petiturum
1174 1325 1243 1347 esse
1255 1327 1264 1355 ;
1287 1326 1400 1347 sensus
1419 1315 1535 1356 igitur:
1561 1314 1588 1345 si
1608 1313 1655 1345 vir

909 1358 1025 1392 bonus,
1041 1358 1146 1399 qualis
1158 1364 1208 1390 est
1222 1358 1401 1407 Grosphus,
1413 1368 1446 1389 re
1461 1357 1579 1398 aliqua,
1590 1365 1656 1398 qua

908 1399 963 1430 ille
976 1399 1110 1441 indiget,
1126 1410 1146 1431 a
1163 1407 1192 1431 te
1203 1399 1381 1442 juvabitur,
1398 1400 1453 1431 vili
1470 1397 1568 1442 pretio
1582 1409 1657 1430 eum

908 1442 967 1473 tibi
985 1443 1121 1475 amicum
1143 1453 1254 1485 parare
1277 1443 1406 1486 poteris,
1427 1442 1504 1485 quia
1526 1452 1564 1474 ea
1583 1446 1655 1472 tan-

908 1490 987 1523 tum,
1007 1496 1081 1528 quae
1100 1486 1220 1517 vilioris
1239 1486 1332 1529 pretii
1352 1491 1441 1523 sunt,
1466 1496 1485 1517 a
1507 1490 1538 1516 te
1582 1490 1657 1517 etet.

912 1528 990 1560 Vilis
1007 1541 1142 1568 annona,
1160 1529 1350 1572 proverbiali
1371 1528 1534 1560 locutione
1577 1538 1595 1559 e
1615 1527 1655 1558 iis

909 1582 994 1613 quae,
1008 1571 1092 1604 sicut
1108 1582 1246 1610 annona,
1259 1572 1315 1604 vili
1327 1572 1427 1615 pretio
1439 1571 1659 1613 acquiruntur.

910 1615 1013 1649 Deest,
1045 1625 1110 1646 una
1144 1615 1270 1657 syllaba
1301 1613 1591 1657 pronunciandum,
1622 1619 1658 1644 ut

908 1667 980 1699 sup.
998 1659 1053 1688 Sat
1068 1658 1102 1694 ii,
1119 1658 1152 1693 2,
1169 1659 1211 1689 98
1227 1660 1324 1689 deerit
1341 1658 1465 1689 duabus
1481 1656 1626 1699 syllabis.

951 1701 1093 1731 26—28.
1119 1701 1170 1731 Ad
1187 1711 1237 1732 res
1258 1710 1356 1732 novas
1370 1710 1444 1731 cum
1463 1699 1553 1732 Iccio
1570 1709 1658 1730 com·

910 1743 1120 1775 municandas
1130 1743 1187 1774 tria
1198 1743 1395 1786 potissimum
1406 1742 1514 1774 refert:
1531 1744 1546 1773 1
1554 1766 1561 1778 ,
1572 1741 1660 1784 quod

911 1785 1065 1817 Cantabri
1092 1786 1263 1828 Agrippae:
1299 1787 1332 1822 2,
1364 1785 1509 1818 Armenii
1539 1784 1660 1817 Tiberii

911 1828 1041 1860 Claudii
1068 1829 1205 1861 Neronis
1231 1829 1347 1861 virtute
1370 1828 1486 1861 devicti
1513 1827 1599 1860 sint:
1626 1830 1660 1867 3,

910 1872 995 1912 quod
1011 1872 1174 1907 Phraates,
1185 1871 1285 1903 fracta
1295 1871 1423 1903 tandem
1435 1871 1535 1914 ipsius
1546 1882 1657 1920 super-

909 1913 975 1950 bia,
989 1915 1044 1957 jus
1059 1921 1091 1947 et
1106 1914 1271 1957 imperium
1283 1914 1425 1956 Augusti
1442 1920 1616 1955 agnoverit.
1629 1921 1661 1946 et

911 1968 996 1989 nunc
1021 1958 1154 1989 formam
1179 1957 1391 2000 supplicantis
1412 1957 1562 1988 induerit.
1607 1958 1659 1990 De

913 2001 1087 2038 Cantabris,
1106 2001 1146 2032 ab
1164 2000 1307 2043 Agrippa
1318 2000 1446 2032 tandem
1461 2000 1658 2043 perdomitis,

909 2043 973 2075 vid.
991 2043 1055 2076 Dio
1072 2043 1128 2082 liii,
1144 2045 1206 2081 253
1231 2044 1305 2075 hinc
1321 2053 1391 2086 sup.
1409 2042 1472 2075 Od.
1487 2043 1533 2078 iii,
1552 2044 1585 2078 8,
1603 2045 1658 2081 22,

912 2086 1067 2118 Cantaber
1089 2098 1156 2118 sera
1180 2088 1311 2118 domitus
1333 2093 1452 2118 catena.
1497 2087 1593 2124 Quod
1619 2087 1661 2118 ad

908 2130 1003 2161 verba
1035 2131 1150 2161 Claudi
1182 2133 1298 2161 virtute
1327 2129 1458 2161 Neronis
1496 2131 1659 2161 Armenius

908 2174 1018 2204 cecidit
1046 2172 1171 2208 attinet,
1199 2173 1373 2204 tenendum
1402 2179 1463 2209 est,
1490 2173 1658 2204 Horatium

909 2226 971 2247 non
987 2226 1042 2247 eos
1056 2215 1147 2258 sequi
1161 2215 1217 2257 qui
1233 2216 1352 2248 caedem
1376 2215 1526 2253 Artaxiae‚
1546 2216 1659 2248 Arme-

909 2258 1034 2291 niorum
1060 2259 1154 2300 regis,
1179 2258 1253 2291 dolo
1284 2258 1530 2301 propinquorum
1560 2259 1659 2290 tribu-

908 2309 979 2339 unt,
1019 2302 1074 2334 sed
1109 2302 1142 2333 in
1175 2302 1294 2333 Tiberii
1328 2302 1463 2344 gratiam
1498 2301 1660 2343 vulgarem

909 2355 1026 2382 amam,
1042 2355 1109 2387 qua
1128 2345 1231 2377 caedes
1245 2355 1375 2386 quoque
1397 2344 1538 2376 Artaxiae
1554 2345 1595 2376 ad
1612 2356 1660 2377 res

910 2398 929 2419 a
944 2388 1073 2420 Tiberio
1084 2395 1189 2430 gestas
1201 2388 1393 2420 referebatur
1405 2400 1411 2418 :
1436 2388 1568 2419 Tacitus
1580 2398 1658 2430 quo-

909 2442 984 2473 que,
1006 2431 1130 2462 Annal.
1146 2431 1181 2467 ii,
1198 2433 1231 2469 3,
1254 2437 1325 2474 post
1346 2432 1451 2467 verba,
1472 2432 1575 2462 Occiso
1599 2433 1660 2462 Ar-

910 2477 992 2505 tuxia
1007 2485 1061 2514 per
1074 2475 1176 2506 dolum
1191 2477 1444 2516 propinquorum,
1459 2474 1558 2510 addit,
1572 2476 1662 2506 dotus

909 2530 929 2548 α
957 2518 1074 2549 Caesare
1098 2519 1252 2549 Armeniis
1274 2517 1435 2559 Tigranes,
1454 2519 1661 2558 deductusque

912 2562 944 2591 in
961 2571 1091 2602 regnum
1106 2573 1125 2591 α
1139 2561 1258 2592 Tiberio
1273 2561 1395 2592 Nerone
1407 2573 1417 2598 ,·
1442 2566 1474 2591 et
1490 2560 1663 2592 Suetonius

913 2603 953 2635 de
968 2602 1095 2635 Tiberio
1115 2613 1187 2646 cap.
1204 2605 1237 2641 9,
1258 2604 1359 2635 Ducto
1373 2605 1413 2635 ad
1436 2604 1591 2634 Orientem
1612 2615 1661 2634 ex·

913 2647 1024 2682 ercitu,
1040 2657 1170 2688 reguum
1187 2648 1338 2678 Arme‘m'ae
1363 2647 1495 2688 Tigra-ni
1511 2648 1661 2678 restitnit.

916 2690 1036 2725 Verba,
1053 2692 1112 2730 jus
1135 2691 1355 2730 imperiumque
1381 2690 1528 2721 Phraates
1548 2693 1662 2729 occepit

910 2734 1039 2774 genibus
1066 2734 1165 2763 minm-
1189 2732 1388 2775 interpretor,
1407 2738 1443 2764 ut
1463 2733 1558 2771 modo
1580 2733 1665 2764 indi-

914 2774 996 2811 cavi,
1023 2775 1063 2806 de
1084 2780 1223 2817 tempore
1242 2786 1306 2818 quo
1326 2775 1493 2810 Phraates,
1513 2786 1586 2807 cum
1604 2775 1662 2806 im—

914 2818 1039 2849 minens
1055 2818 1275 2850 Romanorum
1298 2818 1416 2849 bellum
1435 2818 1665 2854 extimesceret,

915 2861 1066 2903 majorem
1075 2861 1292 2893 Romanorum
1302 2861 1474 2904 potentiam
1486 2861 1625 2902 agnovit,
1635 2866 1667 2892 et

916 2903 1151 2945 quodammodo
1163 2904 1226 2947 juri
1250 2910 1282 2936 et
1296 2904 1428 2946 imperio
1445 2903 1583 2935 Caesaris
1596 2913 1665 2934 sese

918 2947 1067 2989 subjecit,
1079 2958 1110 2978 a.
1122 2948 1166 2979 U.
1178 2949 1221 2980 C.
1236 2957 1430 2978 nccxxxxv.
1460 2945 1582 2977 Justin.
1595 2945 1664 2982 xlii,

919 2992 951 3028 5,
971 2991 1077 3022 Finito
1094 2991 1259 3031 His-,unico
1275 2991 1362 3026 bello,
1375 3001 1442 3020 cum
1461 2989 1563 3019 Caesar
1575 2988 1664 3029 (Au-
