1904 3314
301 192 385 233 346

837 188 1268 231 SATIRARUM

334 295 385 335 15
413 293 511 335 Jam
531 293 694 335 dudum
715 293 861 335 video:
895 294 971 335 sed
991 294 1050 335 nil
1069 295 1183 348 agis:
1215 306 1352 347 usque
1375 291 1554 342 tenebo;

414 361 673 415 Prosequar.
716 360 846 410 Hinc,
867 375 952 414 quo
973 375 1085 401 nunc
1105 361 1185 401 iter
1205 367 1271 401 est
1291 360 1395 400 tibi?
1426 357 1503 399 Nil
1522 370 1631 412 opus
1642 361 1708 398 est
1727 362 1769 397 te

414 426 676 480 Circumagi:
708 427 920 480 quendam
942 426 1037 467 volo
1057 427 1192 467 visere
1213 441 1298 467 non
1319 426 1396 466 tibi
1415 431 1588 473 notum;

413 493 555 534 Trans
575 492 767 533 Tiberim
786 493 912 547 longe
933 494 1061 534 cubat
1081 493 1115 533 is
1135 507 1271 547 prope
1294 492 1474 533 Caesaris
1495 491 1657 532 hortos.

413 560 490 601 Nil
510 560 649 601 habeo
670 561 786 614 quod
806 575 941 615 agam,
963 566 1006 601 et
1026 575 1111 601 non
1132 574 1223 600 sum
1240 560 1385 614 piger3
1416 572 1553 612 usque
1570 568 1726 610 sequar
1740 559 1797 596 te.

329 628 385 668 20
415 626 607 668 Demitto
629 625 854 675 auriculas,
877 633 924 666 ut
945 626 1099 680 iniquae
1121 626 1272 666 mentis
1293 624 1464 674 asellus,

416 694 562 740 Quum
581 693 750 747 gravius
772 693 901 734 dorso
923 693 1052 733 subiit
1072 707 1194 733 onus.

1254 691 1408 745 Incipit
1427 690 1520 732 ille:

415 761 462 800 Si
482 761 591 800 bene
612 774 678 800 me
699 759 811 807 novi,
832 774 918 799 non
937 758 1115 800 Viscum
1136 758 1270 812 pluris
1292 758 1485 806 amicum,

415 827 519 867 Non
537 826 732 875 Varium,
754 826 906 866 facies:
939 840 1034 866 nam
1054 826 1149 879 quis
1171 839 1236 865 me
1259 825 1444 865 scribere
1464 822 1624 877 plures,

415 892 507 934 Aut
528 894 652 934 citius
675 893 810 946 possit
833 894 1009 933 versus?
1039 893 1133 946 quis
1156 893 1343 933 membra
1362 905 1531 932 movere

329 961 384 1002 25
415 959 621 1001 Mollius?
652 959 838 1000 invideat
859 960 975 1012 quod
996 965 1038 999 et
1061 959 1470 1012 Hermogenes,⁴ego
1491 962 1630 998 canto.

415 1025 724 1080 Interpellandi
743 1025 862 1066 locus
883 1025 952 1065 hic
973 1032 1064 1065 erat
1081 1040 1089 1064 :
1123 1024 1205 1064 Est
1225 1024 1299 1064 tibi
1319 1030 1466 1072 mater,

415 1093 613 1146 Cognati,
635 1091 731 1145 quis
754 1098 796 1132 te
819 1090 932 1131 salvo
953 1098 1018 1131 est
1039 1092 1176 1144 opus?

893 1156 1082 1198 Felices!

417 1159 578 1199 Omnes
601 1158 833 1212 composui.

1237 1090 1370 1130 Haud
1390 1089 1495 1130 mihi
1514 1088 1763 1143 quisquam3

1143 1156 1274 1196 Nunc
1295 1170 1376 1210 ego
1392 1162 1523 1196 resto.

417 1224 615 1275 Confice;
648 1238 829 1278 namque
851 1224 980 1265 instat
1001 1223 1133 1264 fatum
1156 1222 1255 1262 mihi
1277 1223 1413 1271 triste,
1436 1219 1608 1262 Sabella

331 1291 387 1331 30
417 1290 550 1336 Quod
570 1304 704 1344 puero
726 1290 892 1339 cecinit,
915 1290 1057 1330 divina
1077 1295 1190 1329 mota
1210 1302 1315 1328 anus
1338 1302 1466 1328 urna:

303 1421 375 1451 noch
389 1427 476 1450 etwas
490 1431 527 1450 zu
544 1419 687 1460 befehlen.
698 1420 823 1450 Terent.
838 1419 984 1450 Eunuch.
999 1418 1031 1454 ii,

305 1464 336 1499 3,
352 1464 404 1498 50,
423 1462 516 1502 Rogo,
532 1463 676 1501 numquid
696 1463 785 1491 velit.-
808 1469 895 1497 recte,
912 1463 1032 1502 inquit,·

304 1506 385 1535 abeo.
429 1503 503 1534 Alia
518 1504 660 1544 exempla
675 1503 802 1543 collegit
818 1503 931 1534 lleind.

348 1547 380 1576 7.
404 1547 496 1576 Novis
511 1556 572 1580 nos,
588 1545 692 1579 velim,
708 1551 742 1574 ut
759 1555 814 1575 uos
830 1546 924 1576 neris.

349 1590 380 1618 8.
404 1589 470 1618 Hoc
486 1597 551 1628 pro.
569 1597 605 1618 eo
620 1586 729 1628 pluris,
746 1588 794 1617 vel
815 1597 880 1628 pro,
903 1587 943 1617 ob
965 1587 1035 1617 hoc.

306 1629 428 1663 Misere,
444 1635 480 1659 ut
500 1639 528 1659 v.
547 1630 597 1662 14.
621 1639 685 1669 pro,
708 1628 807 1664 valde,
828 1629 1034 1663 vehementer,

307 1676 342 1701 ut
368 1671 482 1701 docent
511 1670 642 1701 Lexica:
680 1669 838 1711 praecipue
870 1671 909 1701 de
944 1671 1036 1700 rebus

305 1723 376 1753 quar:
392 1713 586 1743 vehementer
600 1711 738 1742 animum
755 1711 909 1748 cruciant,
925 1718 955 1742 et
978 1711 1036 1742 mi-

306 1765 407 1785 serum
435 1754 590 1791 reddunt;
620 1753 693 1784 hinc
719 1764 748 1784 v.
773 1755 823 1790 10,
844 1754 941 1784 Sudor
970 1755 1034 1784 llo·

306 1796 381 1828 ratio
396 1796 434 1828 de
450 1795 615 1837 importuni
639 1795 770 1825 hominis
793 1796 973 1836 garrulitate
996 1799 1035 1827 ud

306 1841 377 1868 imus
391 1839 463 1868 talos
478 1849 607 1868 inuitasse
621 1837 746 1868 dicitur.

352 1882 403 1910 11.
429 1880 454 1909 Ο
466 1886 503 1914 te,
517 1879 641 1914 Bolune,
653 1881 763 1909 cerebri
782 1879 928 1909 Felicem!
953 1879 1035 1910 Feli-

306 1931 372 1952 cem
389 1920 537 1962 praedicat
554 1921 713 1956 Bolanum,
731 1921 784 1961 qui
802 1926 838 1950 ut
855 1921 946 1951 homo
957 1932 1035 1951 cere-

306 1964 405 1994 brosus
430 1962 639 2003 (ferventioris
665 1967 696 1992 et
726 1962 881 1992 calidioris
906 1962 1034 2002 ingenii,

309 2015 378 2039 nos,
397 2004 544 2044 Tollkopf',
562 2003 602 2033 cf.
626 2013 697 2045 sup.
714 2004 751 2034 ad
777 2005 842 2034 Sat.
866 2005 887 2040 i,
909 2007 939 2040 5,
964 2005 1035 2044 21),

308 2046 478 2087 garrulum,
502 2045 606 2086 qualis
628 2045 679 2076 hic
702 2045 898 2080 describitur,
919 2046 950 2075 in
972 2057 1036 2076 ma-

307 2088 371 2119 lam
388 2098 449 2118 rem
466 2087 550 2117 abire
565 2087 710 2127 jussurus
727 2087 844 2117 fuisset.
890 2088 1035 2124 Bolanus,

309 2136 343 2160 ut
369 2134 455 2160 notat
484 2128 589 2160 Schol.
622 2128 731 2168 Cruq.,
760 2129 832 2169 filit
866 2129 958 2164 homo,
986 2133 1037 2169 qui

309 2171 484 2213 ὀξύχολος,
500 2171 616 2201 nullius
632 2172 756 2210 ineptias
765 2171 899 2210 jerebat,
914 2174 962 2201 sed
977 2178 1036 2201 sta-

315 2216 367 2244 tim
396 2214 440 2244 rel
466 2212 625 2253 infaciem
649 2214 776 2251 quemvis
796 2213 1037 2251 reprehendebat,

310 2256 367 2293 vel,
391 2257 427 2285 de
454 2266 484 2286 eo
511 2255 582 2294 qnid
607 2256 741 2288 sentiret,
773 2265 830 2283 non
857 2256 1040 2285 dissimulate

312 2298 437 2328 dicebat.

357 2339 407 2370 15.
431 2339 487 2368 Sed
513 2338 557 2367 nil
583 2339 658 2377 agis,
685 2337 736 2367 sed
766 2337 886 2367 frustra.
945 2338 1041 2377 Usque

311 2381 422 2415 tenebo.
450 2389 494 2410 sc.
517 2384 565 2417 te3
589 2384 766 2409 constanter
788 2378 843 2409 tibi
866 2379 1041 2417 adliaerebo,

313 2433 370 2454 nec
385 2420 541 2452 discedam
559 2431 576 2451 a
592 2426 644 2451 tuo
661 2421 773 2458 latere;
796 2426 830 2451 ut
851 2422 945 2462 paulo
961 2427 1040 2463 post,

318 2465 415 2504 Usque
447 2474 551 2503 sequar
580 2469 617 2493 te.
669 2463 747 2492 Mox
775 2473 841 2503 pro,
876 2463 1040 2503 Prosequor

332 2507 363 2537 h.
378 2516 406 2536 e.
422 2511 452 2536 te
467 2503 654 2543 comitabor)
670 2505 709 2534 ad
724 2504 814 2535 fidem
839 2505 1038 2546 plurimorum

343 2547 415 2579 odd.
440 2547 503 2578 Fea
527 2546 668 2576 exhibuit
690 2547 863 2586 Persequar.
909 2547 1039 2578 Librarii

313 2589 481 2631 saepissime
491 2587 698 2618 confuderunt
710 2592 840 2629 persequi
850 2594 878 2618 et
890 2592 1022 2629 prosequi
1033 2602 1040 2619 .·

311 2632 375 2663 vid.
394 2630 552 2662 Drakenb.
566 2630 605 2660 ad
622 2630 690 2660 Liv.
713 2631 797 2672 Epit.
822 2631 876 2661 lib.
902 2630 982 2667 xcix,
1006 2633 1043 2662 T.

313 2674 356 2705 vi.
371 2684 402 2715 p.
416 2673 490 2704 408.
511 2672 617 2712 Magis
632 2682 706 2702 sane
721 2674 823 2713 placet
837 2672 929 2703 lectio
943 2684 1040 2712 perse—

313 2727 401 2757 quar,
417 2713 531 2756 quippe
546 2723 617 2754 quae
627 2713 740 2743 melius
752 2715 915 2755 respondet
926 2725 1040 2755 praece·

313 2757 400 2790 denti
420 2757 538 2791 tenebo,·
563 2761 610 2786 est
624 2755 706 2786 enim
726 2766 884 2796 persequar
905 2766 1041 2797 premam

315 2800 442 2841 urgebo,
459 2797 626 2828 inhaerebo.

362 2843 411 2872 18.
434 2840 543 2874 cubat,
569 2843 719 2880 aegrotat;
742 2847 809 2873 nOS,
829 2849 861 2868 er
877 2840 914 2868 ist
935 2841 1037 2870 bettio-

311 2885 397 2924 grig,
419 2887 454 2912 ut
474 2881 532 2912 inf.
553 2882 619 2912 Sat.
641 2879 674 2915 ii,
691 2881 723 2915 3,
745 2880 819 2915 295,
845 2880 943 2921 Epist.
959 2881 991 2915 ii,
1008 2883 1039 2918 2,

316 2928 367 2958 68.
414 2924 535 2956 Caesuris
549 2924 655 2960 hortos,
667 2933 745 2964 quos
760 2923 779 2953 J
785 2943 793 2952 .
809 2921 916 2953 Caesar
931 2922 963 2954 in
979 2930 1040 2955 tes—

1077 1423 1223 1455 tamento,
1239 1424 1274 1449 ut
1290 1423 1393 1449 narrat
1407 1419 1497 1448 Suet.
1511 1417 1544 1448 in
1561 1416 1669 1448 Jul.c.
1686 1417 1805 1459 83,po-

1078 1461 1151 1502 pulo
1168 1461 1330 1500 legaverat.

1119 1504 1173 1533 21.
1196 1504 1294 1533 Subiit
1307 1515 1314 1532 .-
1338 1501 1448 1533 ultima
1462 1511 1516 1544 per
1527 1510 1678 1532 caesuram
1692 1500 1805 1543 produ-

1078 1550 1171 1575 citur.

1121 1587 1175 1617 22,
1201 1587 1269 1616 Non
1286 1586 1412 1621 Viscum,
1429 1585 1561 1616 alterum
1575 1595 1593 1616 e
1608 1583 1730 1616 duobus
1745 1583 1807 1616 fra-

1079 1627 1197 1666 tribus;
1220 1628 1252 1658 in
1278 1627 1377 1658 Satira
1401 1633 1549 1668 sequente
1572 1637 1603 1657 v.
1625 1628 1677 1662 83,
1698 1633 1726 1658 et
1747 1628 1807 1659 hose

1079 1672 1197 1700 utinam
1211 1671 1359 1700 Viscorum
1376 1670 1478 1700 laudet
1492 1675 1626 1709 uterque,
1635 1668 1691 1700 ubi
1701 1669 1807 1701 schol.

1080 1712 1169 1748 Aen,
1198 1712 1275 1742 Visci
1301 1714 1360 1742 duo
1376 1711 1496 1754 fratres
1515 1712 1658 1751 suerum.
1701 1711 1807 1748 Pater,

1082 1755 1183 1786 Vibius
1201 1755 1313 1789 Viscus,
1324 1755 1454 1794 quamvis
1463 1759 1492 1784 et
1506 1755 1619 1784 divitiis
1631 1759 1660 1784 et
1672 1754 1807 1785 amicitia

1079 1797 1210 1837 Augusti
1225 1796 1451 1837 elatusftierat,
1467 1797 1499 1826 in
1510 1796 1636 1835 equestri
1650 1802 1747 1826 tamen
1758 1807 1807 1826 or-

1079 1840 1148 1868 diue
1169 1841 1358 1878 perduravit,
1385 1849 1452 1868 cum
1468 1838 1553 1878 filios
1577 1847 1641 1867 suos
1663 1844 1808 1869 senatores

1069 1880 1205 1921 fecisset.
1250 1880 1317 1911 Non
1336 1881 1478 1910 Varium:
1502 1879 1544 1910 cf.
1560 1888 1629 1921 sup.
1643 1878 1682 1910 ad
1705 1878 1769 1911 od.
1784 1879 1807 1917 i,

1122 1966 1174 1995 24.
1197 1965 1271 1998 Quis
1289 1964 1414 1994 membra
1437 1973 1549 1993 movere
1570 1963 1716 1994 Mallias?
1737 1963 1810 2005 quis

1079 2006 1219 2036 molliore
1245 2012 1276 2036 et
1300 2004 1497 2036 concinniore
1526 2004 1640 2046 pedum
1666 2005 1809 2036 brachio-

1079 2058 1208 2088 rumque
1218 2047 1386 2088 agitatione
1396 2047 1506 2077 saltare
1517 2049 1528 2077 ‘l
1546 2047 1664 2077 Notum
1674 2052 1722 2078 est
1731 2047 1811 2079 illud

1081 2089 1185 2119 Ovidii
1204 2090 1273 2119 Art.
1289 2089 1362 2119 Am.
1377 2088 1399 2124 i,
1421 2090 1496 2123 595,
1524 2089 1556 2119 Si
1570 2099 1622 2119 vox
1636 2095 1688 2125 est,
1704 2096 1808 2126 canta,

1079 2133 1104 2160 si
1138 2132 1239 2160 mollia
1277 2132 1408 2166 brachia,
1445 2132 1534 2160 salta.
1590 2131 1787 2173 Hermogenes
1800 2144 1809 2162 .-

1080 2172 1222 2203 homines
1258 2172 1418 2206 ridiculos,
1464 2172 1567 2212 qualis
1608 2172 1667 2202 fuit
1705 2180 1810 2204 cantor

1083 2215 1294 2254 Hermogenes
1310 2213 1463 2254 Tigellius
1479 2213 1539 2254 (cs.
1554 2224 1624 2255 sup.
1643 2214 1683 2244 ad
1704 2216 1770 2246 Sat.
1785 2215 1808 2251 i,

1082 2256 1114 2290 2,
1144 2254 1194 2302 3),
1225 2254 1335 2296 quavis
1365 2261 1485 2296 arrepta
1519 2255 1682 2287 occasione
1719 2262 1810 2298 poeta

1083 2307 1135 2327 car
1158 2303 1192 2327 it.

1125 2308 1179 2369 2123.
1203 2338 1423 2378 Interpellandi
1450 2339 1528 2368 locas
1557 2339 1603 2369 hic
1635 2346 1720 2370 erat:
1758 2339 1810 2372 hic

1083 2386 1201 2422 poterat
1222 2386 1313 2421 poeta
1334 2380 1527 2411 occasionem
1549 2386 1674 2422 captare
1694 2392 1810 2414 sermo·

1084 2433 1153 2453 nem
1164 2433 1181 2452 a
1197 2422 1311 2463 garruli
1321 2422 1476 2463 jactantia
1485 2421 1669 2453 deflectendi
1678 2422 1717 2454 ad
1729 2423 1810 2463 ali83

1083 2464 1192 2505 quaerit
1208 2464 1301 2504 igitur
1315 2475 1353 2494 ex
1370 2475 1417 2499 eo,
1433 2474 1524 2504 quem
1549 2464 1672 2497 habeat.
1694 2465 1750 2506 qui
1770 2475 1809 2498 ex

1082 2506 1177 2536 tantis
1191 2506 1258 2547 ejus
1275 2506 1440 2536 virtutibus
1455 2506 1575 2537 fructus
1598 2505 1810 2548 ‘capiam-tna-

1082 2554 1198 2579 tremne
1214 2557 1253 2577 an
1269 2550 1438 2587 cognatos?
1462 2558 1592 2589 quorum
1614 2548 1746 2580 multum
1762 2548 1810 2580 iu-

1086 2595 1198 2621 teresse
1212 2589 1334 2627 debeat,
1354 2591 1471 2620 salvum
1490 2595 1522 2620 et
1545 2589 1730 2622 incolumem
1755 2591 1810 2622 flo-

1086 2643 1150 2663 rere
1164 2633 1260 2662 virum
1277 2637 1339 2662 tam
1355 2632 1509 2672 egregium
1523 2631 1529 2660 !

1127 2675 1181 2705 28.
1204 2674 1368 2712 composui,
1392 2673 1447 2704 rite
1474 2672 1668 2714 sepeliendos
1691 2674 1812 2706 curavi.

1087 2715 1218 2747 Felices!
1264 2715 1295 2745 N
1298 2728 1355 2746 unc
1386 2726 1438 2756 ego
1465 2721 1552 2745 resto.
1596 2711 1746 2746 Horatius
1774 2725 1812 2747 ea

1084 2767 1155 2798 quae
1178 2768 1261 2788 nunc
1286 2768 1391 2788 secum
1416 2757 1590 2797 reputabat,
1613 2755 1686 2787 inde
1710 2766 1811 2798 usque

1084 2800 1122 2830 ad
1139 2810 1167 2830 v.
1184 2801 1237 2836 35,
1255 2799 1424 2830 lectoribus
1441 2798 1592 2838 aperiens.
1605 2796 1742 2828 imitatur
1756 2808 1810 2829 ac-

1084 2847 1165 2872 tores
1178 2841 1210 2872 in
1227 2841 1368 2877 Fabulis,
1384 2839 1438 2882 qui
1453 2839 1551 2871 aversi
1570 2839 1609 2870 ab
1622 2849 1660 2870 eo
1673 2849 1810 2880 quocum

1084 2883 1266 2924 loquuntur,
1283 2894 1354 2924 quae
1369 2892 1474 2914 secum
1489 2881 1620 2923 agitant,
1631 2882 1810 2923 spectatori-

1084 2925 1144 2956 bus
1160 2924 1312 2967 aperiunt.
