1884 3288
316 200 374 240 38

865 166 1265 242 CARMINUM

837 393 1107 434 CARMEN
1141 394 1291 435 XVII.

779 530 859 561 AD
901 530 1348 561 TYNDARIDEM.

596 634 639 675 V
643 647 759 675 ELox
780 650 991 676 amoenum
1013 649 1127 688 saepe
1149 633 1407 674 Lucretilem

596 700 741 742 Mutat
763 701 920 755 Lycaeu
942 701 1130 749 Faunus,
1153 708 1195 740 et
1213 701 1380 754 igneam

651 766 861 807 Defendit
881 774 1071 807 aestatem
1092 766 1265 820 capellis

707 832 858 886 Usque
878 833 994 882 meis,
1015 832 1270 886 pluviosque
1290 839 1453 873 ventos.

538 898 564 938 5
593 898 773 952 Impune
795 906 932 939 tutum
953 913 1030 952 per
1050 913 1196 940 nemus
1219 900 1395 940 arbutos

593 964 806 1011 Quaerunt
825 965 1006 1006 latentes
1027 972 1070 1006 et
1091 966 1235 1019 thyma
1255 966 1390 1006 deviae

649 1031 818 1072 Olentis
838 1046 995 1072 uxores
1015 1033 1178 1072 mariti:

704 1097 801 1138 Nec
821 1098 977 1138 virides
997 1105 1193 1138 metuunt
1213 1096 1426 1147 colubras,

306 1223 411 1253 essent,
439 1218 544 1258 agebat
569 1219 703 1249 consilia.
749 1217 834 1248 Misit
860 1219 892 1248 in
922 1218 1038 1250 iambos,

308 1259 477 1289 concitavit
486 1260 523 1290 ad
535 1261 715 1291 scribendos
727 1259 857 1290 iambos.
890 1259 950 1290 Sed
967 1259 1039 1288 nolu

307 1302 493 1332 contendere
503 1312 572 1332 cum
586 1312 755 1343 quoquam,
768 1303 822 1342 qui
835 1304 941 1333 celeres
953 1301 1041 1331 malit

306 1341 347 1373 ad
364 1350 504 1374 naturam
522 1344 615 1375 iambi
632 1346 752 1375 referre.

349 1386 488 1416 25—28.
535 1387 662 1416 Nimbus
689 1393 806 1416 mutare
833 1387 952 1415 tristia.-

307 1436 377 1467 quae
395 1433 426 1458 te
441 1428 564 1458 tristitia
578 1435 608 1459 et
626 1428 839 1465 indignatione
855 1427 1036 1461 affecerunt,

305 1470 492 1499 remunerari
517 1470 554 1500 iis
576 1481 646 1511 quse
669 1470 723 1500 tibi
747 1471 855 1500 suavia
877 1476 970 1509 atque
984 1469 1037 1510 ju-

303 1511 408 1541 cunda
434 1518 518 1542 sunt·
565 1513 739 1543 Rea-antur&
761 1514 929 1551 opprobriis.
976 1512 1036 1541 Re-

304 1560 430 1584 cantare
450 1556 603 1594 opprobria
630 1561 688 1589 est,
713 1554 877 1595 opprobria
900 1560 1036 1590 cantata,

305 1595 396 1634 quasi
417 1606 477 1625 non
492 1602 630 1632 cantata,
646 1606 801 1630 revocare,
823 1596 900 1625 falsa
918 1602 950 1625 et
966 1595 1037 1625 ficta

302 1637 398 1667 fuisse
419 1643 545 1668 cantata
566 1638 729 1680 opprobria
746 1638 922 1668 declarare:
947 1637 1033 1666 sinri-

303 1677 372 1708 liter
390 1680 474 1719 apud
492 1680 582 1720 Virg.
610 1682 686 1711 AEn.
712 1679 770 1723 xii,⁴
796 1680 847 1714 11,
870 1685 1037 1710 retractare

301 1721 384 1750 dicta
407 1731 472 1762 pro,
497 1732 652 1756 revocare,
679 1727 849 1752 recantare.
894 1722 1036 1751 Animum

301 1765 419 1797 reddas,
439 1763 566 1804 pristino
582 1775 685 1795 amore
703 1773 750 1794 me
773 1762 983 1804 amplectaris,
1005 1768 1035 1794 te

302 1805 379 1835 mihi
394 1805 549 1836 restituas.

988 1394 1037 1418 ea,

504 1891 699 1922 CARMEN
723 1891 833 1922 XVII.

343 1932 562 1973 Tyndaridem,
582 1933 663 1963 utin
680 1933 799 1969 villam,
815 1941 908 1973 quam
927 1930 958 1960 in
974 1931 1031 1960 Sa-

302 1973 385 2004 binis
416 1975 551 2005 habebat
579 1981 680 2016 poeta,
714 1985 818 2004 secum
851 1972 1032 2003 rusticatum

303 2017 418 2051 veniat,
445 2016 647 2052 duleissimae,
674 2026 736 2058 qua
762 2016 805 2045 ibi
835 2015 894 2045 frui
923 2014 1032 2056 possit,

300 2057 460 2088 felicitatis
485 2058 691 2100 descriptione
714 2067 891 2100 permovere
918 2056 1033 2086 studet.

299 2099 471 2130 Auctorem
500 2100 596 2141 hujus
615 2099 773 2131 felicitatis
795 2098 937 2140 inprimis
958 2098 1034 2128 facit

301 2142 455 2173 Faunum.
500 2143 584 2173 Nam
600 2153 670 2172 cum
687 2142 739 2172 ille
750 2142 827 2172 deus
841 2140 986 2180 regionis,
999 2140 1033 2170 in

299 2194 362 2224 qua
386 2184 445 2214 sita
466 2184 526 2215 fuit
546 2185 621 2214 villa
645 2183 827 2220 Horatiana,
852 2182 1034 2213 amoenitate

298 2226 343 2256 ita
359 2233 532 2268 caperetur,
546 2232 581 2257 ut
594 2226 700 2257 relicto
714 2227 828 2266 Lycaeo
840 2225 953 2266 saepius
964 2234 1033 2254 eam

299 2268 456 2304 inviseret,
470 2275 501 2299 et
519 2268 625 2299 dulcia
642 2269 780 2299 carmina
800 2266 843 2298 ibi
858 2267 962 2297 fistula
976 2277 1028 2297 ca-

300 2317 387 2341 neret
417 2312 497 2352 (quo
533 2310 610 2341 nibil
647 2311 686 2340 ad
722 2309 783 2340 loci
817 2309 1029 2339 amoenitatem

297 2353 574 2383 commendandam
601 2352 676 2392 fingi
699 2362 716 2382 a
741 2358 831 2394 poeta
855 2350 955 2392 potuit
974 2361 1028 2392 ap-

299 2394 399 2434 tius);
429 2395 555 2436 dignam
586 2405 724 2436 quoque,
755 2405 849 2435 quarn
880 2393 1028 2432 singulari

297 2437 395 2467 tutela
409 2437 535 2473 foveret,
557 2437 678 2467 habuit.
722 2437 807 2467 Hine
833 2436 961 2466 Faunus
981 2435 1028 2465 ni-

298 2478 394 2509 mium
413 2479 488 2510 solis
509 2486 617 2510 aestum
639 2489 728 2520 aeque
751 2489 787 2509 ac
810 2477 935 2508 nimiam
959 2477 1029 2518 plu-

297 2521 416 2552 viarum
444 2522 564 2563 copiam
591 2531 608 2551 a
633 2521 708 2551 villa
735 2519 856 2550 Horatii
881 2525 1027 2555 avertere,

297 2564 493 2594 securitatem
507 2563 652 2603 gregibus
667 2568 823 2604 praestare,
839 2567 870 2592 et
886 2571 974 2602 agros
985 2562 1028 2603 pii

296 2612 395 2647 poetae
424 2606 532 2647 quovis
561 2605 717 2636 felicitatis
746 2614 856 2645 genere
894 2610 1028 2635 mactare

295 2648 421 2679 dicitur.
465 2647 622 2678 Promittit
635 2647 730 2688 igitur
744 2653 835 2688 poeta
848 2646 1029 2687 Tyndaridi,

297 2689 323 2720 si
345 2690 385 2721 ad
409 2701 440 2721 se
462 2690 494 2721 in
517 2690 622 2721 villam
643 2699 728 2720 suam
745 2688 873 2723 venerit,
893 2687 1027 2729 primum

297 2732 450 2768 omniurn,
466 2743 537 2774 quae
560 2732 591 2762 in
613 2732 694 2773 agris
712 2730 906 2772 proveniant,
924 2741 1025 2760 rerum

295 2775 541 2813 abundantiam3
567 2774 679 2805 deinde
699 2774 808 2810 otium,
833 2783 895 2813 quo
920 2782 1028 2819 vacare

297 2817 341 2848 ibi
351 2816 609 2859 possit-canendis
621 2815 823 2850 carminibus,
833 2814 1026 2856 jucundissi-

295 2870 400 2899 mum3
431 2869 521 2902 porro
551 2859 679 2889 hilarem
707 2857 740 2888 in
767 2856 845 2888 locis
874 2856 1026 2887 umbrosis

295 2901 578 2944 compotationem3
607 2900 742 2942 denique
767 2905 869 2930 tutum
898 2898 938 2929 ab
965 2898 1021 2929 im-

295 2949 439 2986 portuno,
461 2943 554 2986 cujus
572 2942 632 2974 vim
656 2942 761 2985 puella
781 2942 920 2979 timebat,
939 2951 1022 2972 ama-

1082 1221 1145 1247 tore
1162 1217 1245 1257 Cyro
1263 1216 1449 1258 perfugium.
1495 1217 1640 1249 Ceterum
1659 1219 1814 1260 Tyndari-

1082 1258 1151 1288 dem
1189 1259 1361 1294 honestam,
1393 1259 1528 1296 doctam,
1556 1266 1588 1290 et
1616 1260 1815 1302 elegantioris

1082 1300 1198 1340 ingenii
1222 1301 1315 1332 fuisse
1338 1302 1486 1342 puellam,
1502 1312 1540 1332 ex
1556 1312 1586 1332 v.
1605 1303 1642 1333 17
1659 1313 1728 1345 sqq.
1747 1304 1814 1336 col-

1084 1342 1137 1381 ligi
1155 1350 1264 1382 potest.

1130 1386 1222 1414 l*4.
1251 1386 1358 1415 Velox:
1381 1384 1423 1415 dii
1450 1385 1532 1416 enim
1557 1386 1740 1428 capripedes
1762 1386 1812 1418 in-

1083 1425 1189 1466 primis
1204 1427 1366 1458 velocitate
1379 1428 1550 1459 excellunt.
1597 1430 1681 1468 Caepe
1696 1429 1812 1460 Lucre-

1083 1471 1163 1498 tilem
1179 1476 1276 1499 mutat
1293 1470 1407 1509 Lyaeo,
1423 1480 1504 1511 saepe
1519 1481 1557 1501 ex
1573 1471 1688 1511 Lycaeo
1703 1471 1814 1503 transit

1080 1509 1111 1540 in
1140 1511 1351 1550 Lucretilem3
1387 1517 1435 1542 est
1464 1512 1545 1542 enim
1578 1512 1706 1543 Faunus
1734 1513 1812 1544 deus

1078 1552 1268 1593 ὀρειβάτης,
1284 1553 1349 1594 qui,
1366 1558 1401 1583 ut
1416 1553 1548 1584 Ovidius
1564 1554 1668 1596 (Fast.
1682 1554 1716 1589 ii.
1732 1557 1812 1595 285)

1079 1594 1117 1624 de
1134 1605 1170 1624 eo
1187 1595 1334 1635 loquitur,
1355 1597 1524 1626 discurrere
1547 1598 1659 1637 gaudet
1682 1598 1715 1627 in
1741 1599 1812 1629 ultis

1079 1638 1235 1676 montibus.
1268 1637 1460 1673 Lucretilem,
1473 1645 1609 1669 montem
1626 1639 1658 1668 in
1673 1639 1811 1678 Sabinis,

1078 1678 1162 1708 villae
1181 1678 1300 1709 Horatii
1316 1679 1540 1710 imminentem.
1573 1680 1690 1720 Lycao,
1707 1688 1811 1714 monte

1080 1720 1110 1750 in
1132 1721 1278 1756 Arcadia,
1296 1722 1404 1752 Fauno
1424 1727 1455 1752 et
1477 1721 1560 1752 Pani
1582 1731 1690 1754 sacro:
1715 1723 1810 1756 ovid.

1080 1762 1163 1792 Fast.
1185 1762 1219 1794 ii.
1243 1765 1316 1798 424,
1340 1767 1466 1796 Faunus
1487 1766 1519 1795 ἰη
1546 1765 1678 1796 Arcadia
1701 1769 1810 1806 templa

1080 1805 1203 1845 Lyceus
1219 1806 1315 1836 hebet.
1361 1806 1507 1847 D‘fe'l'ffl
1529 1813 1656 1838 testatem
1677 1810 1810 1848 capellis.

1079 1847 1250 1888 Defendere
1285 1854 1414 1878 testatem
1446 1850 1568 1887 capellis
1603 1854 1661 1887 est,
1694 1859 1809 1889 arcere,

1077 1895 1211 1920 avertere
1232 1890 1362 1931 capellis
1375 1896 1525 1926 aestatem,
1542 1890 1704 1933 prohibere
1718 1898 1808 1924 aesta-

1076 1937 1136 1961 tem
1157 1941 1175 1961 a
1194 1931 1348 1973 capellis3
1372 1933 1416 1962 sic
1438 1933 1523 1974 apud
1545 1933 1636 1974 Virg.
1659 1934 1729 1965 Ecl.
1752 1934 1808 1971 vii,

1077 1974 1128 2007 47,
1153 1976 1309 2004 solstisium
1337 1977 1434 2012 pecori
1463 1975 1639 2017 defendite3
1669 1975 1810 2008 similiter

1076 2015 1160 2056 apud
1177 2015 1308 2046 Graecos
1324 2016 1452 2058 ἀρκεῖν,
1463 2017 1618 2058 ἀρήγειν,
1629 2017 1806 2055 ἀλαλκεῖν,

1077 2057 1228 2098 ἀμύνειν.
1274 2059 1453 2099 I‘luviosque
1474 2065 1589 2090 ventos.-
1613 2059 1718 2101 itaque
1732 2060 1806 2092 villa

1077 2099 1210 2133 Horatii,
1236 2110 1306 2130 cum
1335 2110 1436 2141 neque
1460 2107 1537 2131 aestu
1565 2111 1665 2142 neque
1691 2102 1807 2143 pluviis

1076 2140 1241 2176 laboraret,
1257 2147 1319 2172 tam
1334 2142 1516 2174 salubritate
1535 2153 1627 2185 quam
1649 2143 1807 2177 fertilitate

1075 2193 1183 2223 gavisa
1198 2190 1256 2214 est.

1119 2227 1179 2256 5-
1187 2227 1233 2256 12.
1247 2226 1384 2266 Impune,
1395 2226 1462 2258 sine
1471 2227 1538 2258 ullo
1547 2226 1677 2270 periculi
1686 2228 1805 2268 timore,

1072 2276 1202 2298 securae.
1248 2269 1364 2300 Olentis
1384 2280 1487 2301 urm‘es
1508 2271 1622 2305 mariti,
1636 2269 1737 2302 faceta
1751 2281 1804 2302 ca-

1073 2319 1195 2350 prarum
1210 2309 1395 2352 descriptio;
1415 2322 1507 2353 caper
1520 2311 1602 2343 enim
1618 2317 1666 2343 est
1676 2316 1805 2346 maritus

1073 2351 1120 2381 vel
1137 2354 1184 2382 vir
1197 2355 1309 2394 gregis,
1327 2359 1362 2383 ut
1376 2360 1504 2384 vocatur
1519 2353 1605 2396 apud
1625 2354 1714 2396 Virg.
1731 2356 1804 2388 Ecl-

1073 2393 1127 2428 vii,
1156 2395 1187 2429 7,
1213 2396 1386 2425 secuudum
1412 2395 1616 2427 imitationem
1647 2396 1805 2429 Theocriti

1073 2435 1137 2471 viii,
1155 2438 1207 2472 49,
1224 2437 1326 2478 τράγε
1339 2439 1463 2470 λευκᾶν
1476 2438 1578 2480 αἰγᾶν
1593 2438 1686 2480 ἄνερ.
1729 2440 1802 2472 Hoe-

1073 2479 1178 2514 drtleae,
1205 2479 1306 2520 proles
1326 2490 1500 2521 caprarum,
1529 2490 1631 2523 parvae
1659 2482 1804 2524 capellae.

1074 2520 1233 2552 Martiales
1250 2523 1348 2561 lupos.-
1371 2522 1464 2564 lupus
1479 2522 1635 2553 Martialis
1649 2523 1698 2553 vel
1711 2525 1800 2555 Mar-

1072 2562 1133 2593 tius
1154 2564 1252 2605 (apud
1280 2564 1310 2595 V
1313 2563 1370 2604 irg.
1396 2565 1474 2595 AEn.
1500 2564 1548 2600 ix.
1571 2563 1652 2605 566)
1675 2564 1804 2603 dicitur,

1072 2605 1147 2645 quia
1176 2605 1273 2636 Marti
1301 2617 1388 2637 sacer
1414 2611 1474 2637 est.
1533 2607 1690 2648 Utcunque
1717 2610 1803 2641 dulci

1061 2648 1173 2687 fistula
1193 2653 1268 2679 cett.
1291 2649 1364 2678 dum
1388 2649 1516 2679 Faunus
1538 2648 1642 2680 dulcia
1663 2650 1801 2682 carmina

1070 2689 1155 2719 canit
1170 2689 1285 2725 fistula,
1307 2700 1378 2730 quae
1400 2689 1434 2721 in
1456 2691 1536 2722 valle
1561 2691 1664 2722 saxosi
1688 2692 1802 2724 montis

1072 2731 1189 2762 Usticae
1212 2738 1371 2768 resonant,
1390 2743 1444 2780 pro
1464 2733 1598 2774 vulgari,
1618 2733 1693 2765 dum
1715 2735 1798 2765 Fau·

1071 2783 1130 2804 nus
1155 2785 1292 2815 praesens
1318 2785 1446 2805 numine
1474 2785 1530 2806 suo
1553 2785 1663 2816 greges
1685 2781 1800 2808 tuetur.

1071 2816 1143 2846 Jam
1170 2817 1308 2852 Faunus,
1331 2817 1472 2848 similiter
1495 2821 1531 2847 ut
1556 2817 1638 2852 Pan,
1661 2828 1797 2860 quocum

1067 2857 1201 2899 plurima
1218 2859 1397 2890 communia
1413 2859 1504 2890 babet
1519 2857 1698 2901 (utriusque
1713 2860 1795 2892 enim

1067 2899 1117 2931 dei
1136 2900 1262 2941 mythus
1280 2901 1312 2932 in
1337 2911 1433 2932 unum
1454 2901 1616 2936 confluxit,
1638 2902 1682 2933 cf.
1703 2903 1798 2935 Voss.

1069 2942 1108 2972 ad
1140 2942 1229 2983 Virg.
1259 2943 1330 2975 Ecl.
1362 2942 1403 2980 vi,
1438 2942 1516 2983 27),Δ
1545 2942 1648 2975 fistula
1678 2954 1796 2976 canens
