1884 3288
296 196 377 236 174

839 197 1235 243 CARMINUM

630 297 718 338 Seu
737 298 872 339 rixa-m
891 307 934 340 et
955 301 1126 342 insanos
1147 315 1324 350 amores,

683 364 771 406 Seu
792 366 969 416 facilem,
990 368 1061 421 pia
1082 374 1205 416 testa,
1230 383 1434 417 somnum,

517 430 544 470 5
574 429 845 485 Quocunque
865 431 1022 473 lectum
1042 433 1210 474 nomine
1233 433 1467 474 Massicum

573 496 744 546 Servas,
766 499 926 538 moveri
948 499 1075 553 digna
1095 500 1209 540 bono
1231 500 1299 540 die
1317 516 1326 540 z

628 564 872 614 Descende,
896 565 1078 606 Corvino
1093 566 1274 619 jubente

685 630 888 671 Promere
907 630 1174 685 languidiora
1196 632 1304 672 vina.

572 695 676 736 Non
698 695 780 745 ille,
802 711 1055 750 quamquam
1077 697 1306 738 Socraticis
1326 697 1470 738 madet

490 762 541 801 10
571 762 865 810 Sermonibus,
888 770 928 803 te
950 763 1138 817 negliget
1158 764 1360 804 horridus
1381 780 1390 804 z

627 827 843 868 Narratur
864 835 906 868 et
927 828 1057 882 prisci
1078 828 1252 868 Catonis

685 894 810 948 Saepe
831 909 945 935 mero
967 893 1146 935 caluisse
1168 895 1315 935 virtus.

573 959 644 1000 Tu
665 959 759 1000 lene
782 967 1036 1002 tormentum
1056 961 1226 1015 ingenio
1247 961 1446 1002 admoves

290 1105 360 1136 sup.
383 1095 404 1132 i¹
429 1094 484 1133 18)
502 1094 685 1136 digreditur,
701 1100 731 1126 et
752 1094 850 1142 ipsius
870 1095 1018 1125 Messalae

286 1136 398 1168 laudes
413 1137 577 1168 scitissime
592 1148 663 1168 cum
679 1137 734 1168 illa
748 1137 923 1178 conjungit.
969 1137 1019 1167 De

290 1179 442 1214 Messala,
460 1179 524 1210 viro
546 1186 606 1210 tarn
631 1190 730 1210 rerum
749 1186 901 1219 gestarum
923 1178 1021 1218 gloria

277 1231 382 1260 ,quam
399 1221 547 1252 doctrinae
564 1221 656 1252 laude
678 1221 883 1256 nobilissimo,
897 1221 1020 1262 copiose

288 1262 427 1310 disputat
455 1264 575 1294 Illustr.
603 1263 746 1305 Heynius
768 1264 800 1293 in
824 1264 954 1294 Observ.
981 1263 1021 1293 ad

287 1304 405 1335 'libuit
421 1305 442 1340 i,
460 1307 491 1340 3,
513 1307 540 1336 l.

334 1348 393 1376 1-
398 1348 428 1377 8.
461 1348 487 1377 0
511 1355 584 1378 nata
608 1358 718 1378 mecum
744 1349 861 1378 consule
890 1347 1020 1381 DIanlio,

283 1390 339 1427 ,piu
353 1395 437 1426 testa,
454 1389 486 1420 h.
509 1399 538 1420 e.
559 1400 577 1420 o
598 1394 687 1426 testa,
703 1400 774 1430 quae
793 1389 901 1419 vinum
919 1387 1020 1418 conti-

291 1440 345 1461 nes
372 1437 479 1461 natum
504 1431 622 1466 eodem,
649 1442 711 1471 quo
738 1441 795 1471 ego
822 1436 912 1460 natus
937 1441 1018 1466 sum,

290 1481 385 1507 anno,
408 1474 446 1503 L.
466 1473 588 1503 Manlio
606 1474 763 1514 Torquato
783 1478 813 1503 et
834 1473 871 1502 L.
892 1472 1021 1503 Aurelio

290 1514 383 1545 Cotta
406 1515 496 1546 Coss.
521 1516 583 1557 (U.
607 1516 646 1546 C.
672 1514 894 1554 ιιεωικκνιι).
940 1514 1020 1544 Nota

290 1566 352 1587 non
375 1557 413 1587 ad
437 1563 551 1594 testam,
569 1557 622 1588 sed
643 1557 682 1587 ad
703 1557 810 1587 vinum
833 1556 916 1597 quod
939 1561 1019 1586 testa

289 1598 439 1633 continet,
474 1598 688 1630 referendum:
719 1601 801 1638 piam
832 1608 904 1629 vero
938 1598 1018 1628 hane

289 1645 400 1671 testam
421 1640 501 1676 ideo,
522 1647 607 1688 putu.
626 1645 728 1675 vocat,
750 1639 833 1687 quod
854 1650 916 1671 uno
937 1650 1019 1670 anno

289 1692 359 1713 cum
376 1690 466 1724 poeta
480 1690 552 1713 nata
565 1682 689 1724 pietatis
703 1693 794 1729 quasi
805 1681 928 1712 vinculo
939 1692 1017 1723 quo-

287 1724 358 1754 dam
374 1735 446 1755 cum
461 1725 516 1755 illo
532 1725 703 1772 conjuncta
717 1724 776 1754 sit.
801 1724 852 1754 alii
867 1726 946 1763 piam
964 1730 1019 1754 tes-

287 1771 361 1802 tam,
376 1766 554 1807 benignam,
569 1766 746 1797 munificam
762 1765 932 1807 explicant.
963 1767 1020 1796 Seu

288 1814 323 1839 m
346 1810 490 1849 querelas,
514 1815 586 1839 cett.
611 1808 675 1840 sive
700 1809 784 1843 vino,
809 1808 891 1848 quod
918 1807 1019 1849 capiS,

284 1849 356 1882 haec
372 1851 417 1881 vis
438 1851 532 1881 insita
546 1856 603 1887 est,
619 1856 653 1881 ut
672 1856 793 1892 potores
814 1850 923 1881 reddat
943 1861 1018 1890 que-

287 1893 395 1930 rulos;
419 1893 482 1923 sive
498 1902 544 1927 ea,
561 1899 593 1923 ut
605 1893 675 1923 illos
690 1893 748 1922 ad
739 1902 826 1934 Jocos
837 1898 867 1922 et
882 1891 1020 1922 hilarita-

283 1939 349 1965 tem
373 1935 525 1976 proclives
548 1934 663 1971 faciat;
689 1934 752 1964 sive
774 1941 809 1964 ut
833 1934 916 1981 apud
944 1934 1022 1964 alios

288 1975 437 2012 rixarum,
454 1977 538 2017 apud
557 1976 662 2006 alios
651 1976 758 2006 ansani
778 1986 891 2006 amoris
908 1975 1020 2007 incita-

287 2023 425 2049 mentum
448 2019 520 2056 fiat;
551 2018 614 2049 sive
640 2028 677 2049 ea
703 2017 850 2059 denique
875 2023 908 2048 ut
934 2017 1019 2048 facili

286 2070 395 2090 somno
409 2060 575 2102 opprimat.
621 2061 804 2107 Opportune
820 2059 871 2090 Cl.
890 2059 1018 2091 Mitsch.

285 2112 358 2132 cum
369 2102 426 2133 hoc
442 2103 514 2132 loco
528 2110 687 2144 comparat
700 2102 799 2132 Eveni
811 2100 897 2131 Parii
913 2102 1017 2132 Carm.

287 2154 338 2179 xv,
361 2144 492 2175 Anthol.
517 2144 620 2175 Graec
644 2145 681 2174 ’.Γ
705 2143 726 2178 i,
751 2154 781 2184 p.
804 2145 857 2177 99,
884 2143 1017 2184 Βάκχου

284 2185 408 2238 μέτρον
423 2188 574 2227 ἄριστον,
588 2187 605 2217 ’ὁ
620 2186 664 2227 μὴ
682 2186 781 2222 πολὺ,
792 2184 866 2226 μηδ’
882 2185 1014 2226 ἐλάχισ·

286 2238 357 2259 τον·
363 2227 459 2259 Ean
469 2229 532 2269 γὰρ
542 2228 825 2266 ὴλύπηςαῖτιοςῆ
835 2228 972 2268 μανίης.
975 2246 1016 2250 -

286 2269 326 2301 Εἰ
341 2269 373 2301 δὲ
390 2271 476 2301 πολὺ
472 2282 496 2307 ’ς
513 2270 699 2304 πνεύσειεν,
709 2268 946 2322 ἀπέστραπται
956 2270 1015 2310 μὲν

276 2311 444 2364 Ἔρωτας,
469 2313 628 2348 Bam-ecel
650 2311 676 2345 δ’
700 2311 797 2352 ὕπνῳ
821 2312 945 2360 yst'rovt
967 2323 1013 2353 τῳ

285 2354 448 2386 θανάτου.
475 2354 656 2394 Quocunque
666 2355 773 2384 lectum
783 2355 898 2383 nomine
910 2353 1017 2384 Mussi—

285 2407 351 2427 cum
368 2397 484 2431 servas,
500 2399 608 2426 moveri
628 2399 724 2436 digna
739 2397 811 2426 bono
828 2397 899 2426 die:
922 2395 1018 2435 digna

282 2449 330 2474 es,
351 2449 422 2479 quae
446 2439 518 2469 laeto
535 2444 570 2468 et
592 2438 670 2469 sesto
693 2437 743 2467 die
767 2437 964 2478 protraharis,
983 2438 1016 2468 in

278 2490 508 2528 quemcunque
531 2479 664 2528 denique
691 2479 783 2509 finem
809 2484 840 2509 et
863 2489 953 2510 usum
982 2485 1015 2510 tu

284 2521 388 2553 vinum
405 2532 443 2552 ex
459 2532 539 2557 uV1S,
555 2523 587 2552 in
603 2522 786 2563 Campaniae
803 2526 906 2551 monte
925 2521 1014 2551 Mas·

281 2563 346 2595 sico
364 2564 464 2599 lectis,
485 2574 662 2604 expressum
685 2573 801 2594 servas·
848 2563 1015 2593 Haerebam

283 2605 358 2636 olim
383 2606 415 2637 in
439 2606 497 2637 hoc
524 2606 604 2639 loco,
625 2605 708 2647 quod
731 2615 793 2635 non
821 2607 936 2640 vinum,
961 2605 1015 2636 sed

280 2659 345 2679 nvae
370 2647 488 2690 proprie
516 2649 575 2688 legi
597 2649 754 2682 dicuntur,
778 2653 808 2677 et
830 2657 884 2688 pro
908 2648 1014 2677 lectum

281 2689 410 2721 fortasse
437 2697 544 2721 tectum
577 2689 743 2730 legendum
773 2698 840 2719 esse
866 2688 1013 2736 conjicie-

281 2732 366 2768 bam,
382 2733 438 2767 ita,
455 2732 796 2762 utvinumreconditum
814 2730 907 2777 (inf.
900 2732 944 2765 ui
960 2733 1013 2767 28,

281 2773 319 2822 52)
337 2774 385 2805 vel
399 2776 504 2805 vinum
519 2775 672 2804 interioris
683 2779 757 2803 norae
774 2774 861 2814 (sup.
877 2772 910 2806 ιι,
926 2773 956 2806 3,
976 2775 1013 2812 8)

281 2815 518 2857 intelligeretur,
536 2821 567 2846 et
588 2825 758 2855 quocunque
774 2821 883 2845 tectum
901 2817 1014 2845 nomine

278 2864 372 2895 esset,
399 2858 431 2888 in
455 2868 676 2906 quemcunque
698 2857 822 2887 demum
845 2867 934 2886 usum
964 2857 1012 2887 vel

278 2882 504 2932 solemnitatem
528 2899 744 2931 reconditum.
772 2897 826 2929 sed
854 2908 935 2928 nunc
960 2909 1010 2929 ve

277 2952 356 2979 reor,
379 2947 417 2973 ut
446 2941 517 2972 huic
547 2942 734 2983 conjecturae
758 2950 838 2971 -usus
863 2940 1011 2982 loq-uendi

1063 1094 1138 1125 satis
1154 1095 1274 1132 faveat3
1297 1094 1359 1125 imo
1375 1093 1420 1125 uti
1439 1101 1512 1125 mita
1533 1104 1595 1124 non
1616 1093 1736 1136 proprie
1755 1095 1795 1125 ad

1063 1142 1178 1172 testam,
1202 1137 1245 1167 ita
1272 1138 1380 1167 Lectum
1403 1147 1464 1166 non
1487 1135 1608 1178 proprie
1630 1137 1668 1168 ad
1690 1138 1794 1167 vinum

1063 1160 1255 1209 referendum
1271 1184 1328 1210 est.
1364 1179 1534 1209 Descende:
1558 1178 1640 1209 cella
1651 1178 1732 1209 enim
1750 1177 1796 1208 vi·-

1063 1220 1150 1251 naria
1166 1220 1197 1250 in
1219 1222 1374 1268 superiore
1391 1220 1506 1251 aedium
1525 1226 1611 1261 parte
1631 1220 1708 1251 suit:
1733 1219 1796 1251 vid.

1064 1272 1134 1308 sup.
1158 1263 1196 1293 ad
1220 1274 1264 1296 ιιι.
1293 1265 1323 1299 8,
1350 1264 1397 1293 ll.
1445 1263 1667 1301 Languidiora,
1690 1267 1795 1292 vetus-

1064 1304 1153 1340 tiora,
1175 1305 1304 1340 leniora,
1328 1304 1466 1342 mitiora;
1490 1303 1561 1335 hinc
1583 1303 1689 1334 vinum
1711 1303 1796 1345 quod

1064 1346 1235 1383 veterascit,
1266 1357 1336 1388 sup.
1363 1347 1408 1382 iii,
1445 1328 1493 1382 1'6,
1522 1347 1575 1380 35,
1607 1346 1797 1388 languescere

1063 1388 1185 1419 dicitur.
1231 1389 1357 1418 Corvum
1365 1390 1492 1429 jubente
1508 1397 1652 1427 promere,
1669 1397 1714 1418 sc.
1733 1398 1795 1435 me.

1064 1430 1178 1461 Jocose
1208 1441 1318 1471 nempe
1343 1430 1497 1461 Corvinus
1530 1429 1692 1460 Horatium
1722 1429 1796 1460 vina.

1064 1471 1259 1512 languidiora
1275 1482 1410 1520 ριοιιιειε
1422 1472 1558 1518 jussisse
1577 1471 1698 1502 videtur
1715 1478 1794 1508 tum,

1065 1524 1136 1544 cum
1152 1514 1215 1550 ille,
1232 1520 1266 1544 ut
1281 1513 1431 1555 suspicati
1446 1523 1552 1544 sumus
1567 1513 1599 1543 in
1615 1523 1746 1554 argum„
1762 1523 1795 1545 se

1062 1556 1146 1596 apud
1170 1555 1335 1586 Horatium
1354 1565 1480 1586 coenare
1499 1555 1577 1586 velle
1596 1555 1797 1596 promitteret.

1063 1598 1124 1627 Sed
1147 1597 1275 1628 fortasse
1304 1597 1454 1628 Horatius
1481 1603 1545 1629 toto
1571 1597 1630 1628 hoc
1658 1597 1795 1629 carmine

1063 1639 1140 1669 nihil
1163 1639 1259 1674 aliud,
1283 1639 1344 1670 nisi
1363 1649 1396 1670 se
1418 1639 1468 1671 die
1486 1638 1619 1680 quodam
1639 1640 1711 1669 bono
1729 1639 1795 1671 sive

1062 1680 1133 1711 laeto
1159 1681 1191 1711 in
1215 1681 1344 1713 Corvini
1368 1682 1512 1713 honorem
1541 1681 1702 1728 depromto
1723 1681 1795 1713 vino

1063 1724 1180 1764 optimo
1202 1734 1264 1754 una
1290 1734 1361 1754 cum
1385 1723 1440 1754 illo
1462 1722 1611 1754 hilaritati
1633 1722 1794 1765 indulgere

1062 1765 1156 1801 velle,
1185 1765 1341 1797 declarare
1369 1766 1476 1797 voluit.
1520 1766 1560 1796 Et
1587 1764 1631 1796 sic
1665 1765 1795 1796 Corvino

1053 1809 1181 1846 jubente
1199 1807 1267 1846 erit,
1282 1808 1357 1838 dum
1376 1818 1515 1838 summus
1532 1817 1604 1848 erga
1625 1806 1793 1838 Corvinum

1063 1859 1147 1880 amor
1159 1849 1262 1890 jubet,
1277 1855 1352 1881 cett.

1105 1893 1222 1922 9—12.
1247 1893 1432 1932 Quamquam
1444 1893 1602 1923 Socraticis
1616 1893 1713 1923 madet
1725 1891 1794 1922 Ser·

1063 1935 1208 1969 monibus,
1219 1944 1406 1975 quamquam
1420 1934 1578 1965 Socratica
1589 1932 1794 1982 philosophia,

1064 1976 1114 2005 cui
1133 1975 1256 2007 deditus
1274 1982 1332 2012 est,
1354 1976 1503 2006 imbutum
1524 1975 1618 2007 habet
1632 1976 1792 2007 animum·

1062 2017 1289 2067 philosophiam
1306 2018 1495 2048 Socraticam
1511 2028 1565 2060 per
1583 2027 1726 2048 sermones
1740 2017 1794 2047 So-

1061 2062 1187 2090 craticos
1206 2060 1359 2101 designat,
1381 2060 1456 2100 quia
1475 2061 1619 2091 Socrates
1638 2069 1794 2091 sermones

1062 2100 1204 2142 inprimis
1220 2112 1290 2132 cum
1312 2101 1475 2143 discipulis
1491 2102 1556 2132 suis
1576 2101 1705 2133 serendo
1723 2101 1794 2143 phi-

1061 2142 1233 2185 losophiam
1264 2143 1372 2175 docere
1401 2143 1542 2175 solebat:
1579 2146 1688 2179 madet,
1719 2153 1792 2175 cum

1059 2183 1182 2216 delectu
1198 2195 1264 2227 pro,
1280 2186 1418 2216 imbutus
1437 2191 1495 2221 est,
1511 2185 1575 2216 vini
1591 2195 1714 2233 nempe,
1729 2195 1793 2227 quo

1059 2227 1131 2267 quis
1147 2230 1264 2258 mudeie
1278 2227 1404 2262 dicitur,
1418 2233 1560 2269 respectu
1575 2227 1705 2266 babito;
1727 2239 1792 2258 ma·

1057 2270 1126 2299 dere
1149 2269 1232 2299 enim
1254 2274 1286 2300 et
1311 2270 1449 2299 madidus
1471 2269 1510 2300 de
1535 2279 1635 2300 rerum
1660 2251 1793 2300 scientia

1058 2320 1191 2352 quoque,
1216 2321 1279 2352 qua
1300 2311 1372 2351 quis
1394 2311 1519 2352 largiter
1539 2311 1710 2342 instructus
1733 2315 1793 2349 est,

1061 2352 1124 2383 dici
1152 2354 1239 2384 solet.
1285 2352 1431 2383 Laudant
1458 2353 1598 2384 Martial.
1627 2354 1651 2390 i,
1679 2355 1732 2390 40,
1757 2353 1791 2388 3.

1061 2395 1093 2424 Si
1120 2397 1185 2435 quis
1210 2395 1356 2434 Cecropiae
1380 2396 1520 2426 madidus
1547 2395 1702 2436 Latioeque
1727 2395 1792 2426 Ma·-

1060 2447 1156 2467 νωι-ιη’
1180 2439 1326 2474 Artibus3
1352 2441 1383 2467 et
1403 2436 1458 2472 vii,
1481 2438 1535 2474 69,
1558 2439 1591 2475 2,
1616 2438 1711 2478 Cujus
1735 2437 1791 2467 Ce-

1059 2480 1160 2518 cropia
1189 2485 1307 2518 pectora
1332 2480 1398 2509 ἀυιε
1423 2480 1554 2510 madent.
1600 2479 1639 2510 Te
1661 2480 1792 2520 negliget

1059 2521 1210 2556 horridus,
1230 2521 1337 2551 tetrico
1356 2520 1611 2569 philosophorum
1633 2521 1720 2552 vultu
1741 2530 1791 2551 as-

1059 2563 1259 2604 pernabitur3
1281 2564 1430 2598 horridus,
1444 2562 1592 2599 difficilis,
1609 2572 1710 2606 asper,
1725 2573 1790 2594 mo-

1059 2615 1157 2636 rosus.
1202 2605 1301 2635 Prisci
1329 2605 1449 2635 Catonis
1475 2607 1584 2642 varius,
1612 2614 1736 2636 severus
1759 2610 1792 2636 et

1059 2646 1180 2677 virtutis
1209 2647 1300 2677 laude
1330 2646 1518 2695 conspicuus
1547 2629 1650 2686 Ciam
1676 2649 1791 2686 priscus

1059 2689 1172 2729 aliquis
1191 2688 1320 2724 dicitur,
1337 2688 1393 2729 qui
1411 2688 1593 2730 priscorum,
1605 2688 1643 2719 ΑΙι.
1660 2698 1690 2720 e.
1703 2698 1790 2720 seve-

1058 2741 1158 2761 rorum
1175 2741 1294 2761 morum
1310 2735 1358 2761 est
1367 2730 1596 2761 observantior:
1621 2730 1678 2762 inf.
1692 2730 1790 2772 Epist.

1057 2772 1091 2808 ii,
1112 2775 1143 2810 2,
1163 2774 1236 2808 117,
1256 2773 1327 2807 Qua:
1347 2772 1536 2814 (vocabula)
1554 2773 1663 2813 priscis
1684 2783 1789 2803 memo-

1058 2822 1127 2845 rata
1147 2815 1310 2845 Catonibus
1324 2821 1412 2855 atque
1434 2814 1590 2862 Cethego,-
1613 2814 1658 2846 sic
1672 2816 1789 2854 priscus

1055 2868 1163 2896 parens
1190 2857 1274 2898 apud
1301 2855 1704 2892 Catull.lxiv,159,ubi
1725 2855 1790 2888 vid.

1056 2904 1139 2930 not.:
1164 2898 1206 2928 cf.
1218 2898 1274 2929 inf.
1291 2898 1410 2946 Epist.
1403 2897 1436 2933 ii,
1451 2899 1484 2934 2,
1503 2898 1570 2929 117.
1607 2898 1711 2930 Virtus
1728 2899 1788 2928 Ca.

1055 2943 1130 2971 tonis
1146 2950 1200 2982 pro
1222 2941 1290 2982 ipso
1305 2940 1427 2971 virtutis
1445 2939 1584 2971 studioso
1602 2940 1734 2978 Catone,
1748 2945 1787 2973 m
