1884 3288
313 194 340 232 6
876 197 1272 242 CARMINUM

566 298 647 338 Cui
668 298 788 340 dabit
806 305 951 353 partes
972 300 1109 342 scelus
1130 302 1332 356 expiandi

477 364 534 404 30
563 363 733 419 Jupiter
749 366 766 406 2
795 365 990 408 Tandem
1010 368 1166 418 venias,
1186 383 1423 422 precamur,

561 430 694 473 Nube
714 432 943 473 candentes
965 433 1164 475 humeros
1186 435 1362 476 amictus

950 498 1107 554 Augur
1127 499 1309 555 Apollo;

561 563 659 605 Sive
681 571 727 605 tu
747 566 892 614 mavis,
915 565 1102 619 Erycina
1121 565 1278 615 ridens,

560 629 702 676 Quam
720 630 854 671 Jocus
875 630 1146 672 circumvolat
1166 638 1210 671 et
1230 631 1424 686 Cupido;

474 696 528 736 35
559 695 657 736 Sive
676 696 916 750 neglectum
937 711 1073 751 genus
1095 703 1138 737 et
1158 704 1336 751 nepotes

951 762 1165 816 Respicis,
1186 770 1350 812 auctor,

556 827 681 869 Heu!
703 829 823 869 nimis
844 829 973 883 longo
996 829 1146 869 satiate
1166 828 1284 880 ludo,

556 893 699 941 Quem
714 895 837 949 juvat
857 895 1014 936 clamor
1034 895 1253 950 galeaeque
1273 895 1403 946 leves,

554 958 672 1000 Acer
691 968 734 1001 et
755 961 891 1002 Marsi
910 962 1066 1016 peditis
1087 970 1311 1004 cruentum

467 1025 523 1065 40

946 1027 1106 1068 Vultus
1127 1028 1171 1068 in
1189 1027 1354 1070 hostem
1371 1045 1380 1069 t

553 1091 651 1132 Sive
670 1100 831 1133 mutata
846 1094 1044 1147 juvenem
1066 1093 1207 1148 figura

551 1157 657 1198 Ales
678 1159 720 1199 in
742 1160 865 1200 terris
884 1161 1076 1209 imitaris,
1098 1160 1217 1200 almae

549 1224 682 1266 Filius
705 1225 846 1275 Maiae,
867 1226 1034 1280 patiens
1056 1228 1198 1267 vocari

941 1292 1123 1332 Caesaris
1145 1292 1279 1333 ultor:

462 1357 518 1397 45
548 1357 679 1398 Serus
699 1359 742 1399 in
764 1358 918 1399 coelum
939 1359 1103 1407 redeas,
1127 1359 1287 1412 diuque

547 1423 695 1465 Laetus
715 1425 884 1466 intersis
906 1423 1066 1479 populo
1088 1424 1281 1474 Quirini3

542 1490 665 1534 Neve
686 1498 728 1532 te
749 1491 904 1532 nostris
925 1491 1034 1530 vitiis
1058 1491 1251 1544 iniquum

944 1557 1075 1599 Ocior
1096 1571 1200 1598 aura

286 1735 377 1777 cujus
393 1738 545 1779 peculiari
555 1739 651 1771 tutela
664 1739 763 1781 posita
773 1740 834 1770 fuit
845 1738 1027 1781 reipublicae

285 1777 438 1810 Romanae
455 1781 559 1811 salus:
583 1782 624 1812 cf.
643 1782 734 1822 Virg.
751 1783 833 1813 Geo.
849 1781 871 1817 i,
887 1783 962 1812 498.

327 1821 466 1852 29—32.
489 1823 589 1854 Scelus
601 1824 657 1864 (τὸ
674 1823 774 1864 ἄγος)
788 1823 938 1854 bellorum
951 1823 1026 1853 civi-

284 1861 374 1897 lium,
385 1864 526 1899 scelesta,
536 1875 606 1905 quae
617 1866 654 1895 ad
666 1866 746 1896 bella
756 1866 861 1896 civilia
870 1871 1025 1907 spectant,

283 1904 426 1935 consilia.
474 1906 591 1943 Venias,
618 1917 662 1937 sc.
688 1907 726 1937 ad
754 1907 870 1938 scelera
894 1913 926 1938 et
950 1907 1027 1937 vitia

283 1951 387 1976 nostra
413 1947 581 1988 expianda.
626 1949 713 1978 Nube.
737 1949 869 1978 humeros
889 1950 1026 1985 amictus,

283 1987 403 2029 νεφέλῃ
425 1989 596 2031 εἰλυμένος
619 1989 726 2031 ὤμους
742 1991 869 2021 Homer.
887 1990 978 2021 lliad.
995 2001 1024 2025 ν,

285 2029 366 2067 186;
390 2030 434 2060 dii
450 2041 570 2073 nempe,
588 2043 627 2063 ne
642 2031 817 2062 mortalium
833 2032 934 2062 oculis
949 2042 1024 2062 con—

281 2070 464 2112 spiciantur,
483 2075 564 2104 nube
583 2073 762 2104 circumfusi
777 2074 809 2104 in
826 2073 914 2104 terris
929 2083 1024 2114 appa-

279 2118 358 2144 rent.
405 2115 581 2150 (laudentes,
598 2116 629 2146 h.
647 2127 675 2146 e.
693 2117 839 2149 nitentes,
856 2115 1022 2156 pulchros;

279 2156 357 2185 nube
379 2158 536 2187 candentes
551 2157 602 2188 Cl.
619 2157 752 2188 Mitsch.
775 2157 864 2187 docte
886 2157 1023 2198 explicat

279 2206 344 2237 pro,
359 2197 546 2238 refulgentes
567 2200 650 2229 nube
672 2210 696 2229 s.
717 2199 821 2229 nimbo
841 2200 951 2234 lucido,
967 2199 1021 2239 qui

278 2238 404 2270 deorum
440 2241 655 2283 propitiorum,
687 2241 734 2271 uti
766 2247 831 2271 atei·
862 2241 1019 2278 iratorum,

276 2280 399 2320 signum
416 2282 467 2313 sit.
995 2278 1004 2288 ⁴

320 2324 459 2354 33—36.
476 2324 588 2360 Manis,
597 2334 640 2354 sc.
653 2324 755 2355 venire
769 2324 807 2355 ad
820 2325 937 2356 scelera
949 2335 1018 2355 nos-

277 2368 324 2394 tra
345 2365 510 2406 expianda.
554 2368 694 2406 Erycina
714 2367 824 2397 Venus
846 2366 888 2396 ita
912 2367 1020 2408 appel-

275 2405 340 2437 lata
355 2407 394 2438 ab
411 2408 523 2449 Eryce,
535 2414 641 2438 monte
657 2408 786 2443 Siciliae,
801 2408 852 2439 ubi
867 2409 1017 2450 templum

274 2448 304 2478 ei
320 2454 508 2480 exstructum
525 2450 584 2480 fuit
596 2450 819 2481 nobilissimum
836 2462 842 2480 :
867 2451 908 2481 cf.
927 2451 1015 2490 Virg.

276 2491 356 2522 AEn.
370 2501 398 2527 v,
411 2492 486 2527 759,
499 2497 530 2522 et
541 2492 594 2522 Ill.
605 2492 722 2533 Heynii
738 2493 872 2523 Excurs.
889 2492 927 2523 ad
943 2493 974 2522 h.
990 2495 1018 2523 l.

273 2531 388 2581 ⁴Ridens
410 2533 653 2576 (φιλομμειδὴς,
674 2533 862 2574 μειδιόωσα)
885 2534 1018 2565 Veneris
1061 2545 1081 2575 q

272 2584 397 2614 ingenio
419 2575 682 2606 accommodatum
705 2576 874 2617 epitheton.
919 2576 1016 2610 Quam

271 2616 362 2647 Joeus
387 2623 458 2648 cett.
483 2617 524 2648 cf.
541 2617 658 2648 Anacr.
681 2617 714 2655 li,
737 2619 789 2649 24.
813 2617 908 2649 Ovid.
929 2618 1016 2648 Fast.

271 2657 312 2693 iv,
329 2660 356 2689 l.
389 2659 566 2699 Negleczum
575 2670 682 2700 genus,
697 2659 822 2701 stirpem
837 2666 934 2695 tuam,
949 2660 1015 2690 Ro-

270 2709 391 2736 manos,
406 2711 483 2742 quos
498 2711 606 2743 parum
622 2701 723 2732 adhuc
741 2701 868 2732 curasti.
909 2702 1016 2741 Respi-

269 2743 321 2772 cis.
348 2743 503 2782 Respicere
514 2748 545 2774 et
555 2745 704 2783 adspicere
715 2744 792 2785 (Gr.
806 2742 1013 2783 ἐπιβλέπειν,

268 2783 420 2826 εἰσορᾷν)
435 2785 474 2816 de
495 2785 556 2816 diis
578 2785 728 2827 propitiiS.
771 2787 895 2822 Auctor,
911 2787 1012 2822 Mars,

268 2831 355 2868 pater
371 2827 512 2858 Romuli.

309 2869 447 2899 37-40.
470 2869 558 2900 Ludo
573 2868 706 2910 graviter
721 2879 786 2910 pro,
803 2869 898 2904 bello,
913 2868 1009 2909 quod,

265 2910 348 2942 sieut
377 2910 581 2950 gladiatorum
612 2911 674 2942 fere
703 2911 798 2942 ludus
826 2910 1007 2952 spectatori·-

265 2953 334 2988 bus,
345 2953 523 2994 jucundum
538 2954 633 2984 Marti
650 2953 767 2996 praebet
781 2953 1008 2994 spectaculum.

1071 1739 1160 1778 Acer,
1177 1744 1296 1777 torvus,
1316 1738 1411 1770 ferox.
1454 1739 1523 1770 Pro·
1535 1738 1645 1777 Marsi,
1668 1739 1752 1782 quod
1772 1750 1811 1772 ex

1071 1781 1241 1812 admodum
1264 1781 1416 1822 probabili
1429 1780 1645 1812 emendatione
1659 1782 1698 1812 T.
1720 1783 1812 1813 Fabri

1067 1822 1133 1864 jam
1160 1825 1199 1854 ab
1223 1823 1293 1854 aliis
1318 1823 1351 1853 in
1376 1827 1495 1854 textum
1517 1828 1676 1865 receptum
1697 1829 1756 1859 est,
1778 1824 1812 1855 in

1070 1865 1160 1895 codd.
1191 1871 1223 1896 et
1250 1870 1323 1896 vett.
1352 1865 1438 1896 editt.
1468 1865 1576 1895 Mauri
1604 1870 1722 1905 exstat3
1755 1866 1811 1898 sed

1069 1917 1141 1937 cum
1170 1907 1277 1938 Mauri
1305 1906 1412 1948 populi
1436 1905 1575 1937 imbelles
1601 1906 1726 1944 suerint.
1750 1909 1810 1939 mi-

1069 1949 1215 1990 nimeque
1231 1948 1370 1990 peditatu
1382 1947 1547 1983 valuerint,
1558 1947 1740 1980 adumbrata
1753 1959 1810 1981 au-

1068 1996 1130 2020 tem
1145 1992 1184 2021 ab
1200 1989 1330 2021 Horatio
1346 1990 1447 2031 imago
1463 1989 1596 2020 fortioris
1610 1991 1736 2022 omnino
1750 1992 1810 2022 mi-

1068 2032 1133 2061 litis
1161 2032 1461 2073 repraesentationem
1483 2031 1629 2073 postulet,
1653 2034 1810 2082 proposita

1068 2083 1141 2104 sane
1165 2074 1222 2104 illa
1243 2074 1335 2104 lectio
1360 2074 1457 2104 Marsi
1483 2083 1538 2114 pro
1555 2074 1674 2111 Mauri,
1694 2085 1721 2105 si
1744 2085 1808 2106 rem

1066 2121 1200 2156 spectas,
1214 2116 1305 2156 longe
1319 2115 1509 2156 praeferenda
1524 2120 1591 2154 est;
1611 2116 1711 2147 Marsi
1724 2117 1809 2148 euim

1067 2158 1279 2188 Romanorum
1305 2157 1419 2187 milites
1444 2157 1570 2187 fuerunt
1591 2157 1683 2198 longe
1707 2159 1808 2190 sortis-

1065 2199 1155 2229 simi:
1180 2199 1220 2230 cf.
1237 2199 1291 2229 inf.
1307 2199 1339 2234 ii,
1352 2199 1471 2234 20,18‚
1484 2204 1516 2229 et
1530 2198 1575 2234 iii,
1587 2201 1617 2233 5.
1627 2199 1658 2231 9.
1691 2201 1807 2232 Omen·
1865 2237 1870 2240 ,

1065 2248 1141 2276 tum,
1157 2251 1175 2271 a
1191 2251 1223 2272 se
1245 2241 1416 2283 perfossum
1435 2246 1467 2272 et
1486 2241 1640 2281 sanguine
1661 2251 1806 2285 consper-

1065 2293 1147 2314 sum.

1107 2325 1244 2356 41-45,
1268 2325 1333 2355 Sive
1347 2326 1614 2365 mutata-juvenem
1637 2329 1711 2355 cett.
1732 2335 1804 2356 sen-

1064 2377 1136 2397 sus:
1173 2366 1237 2397 sive
1267 2371 1313 2402 tu,
1340 2366 1422 2397 alate
1449 2365 1538 2402 deus,
1570 2366 1720 2403 Mercuri,
1749 2369 1804 2408 qui

1059 2408 1176 2439 caedem
1195 2408 1330 2440 Caesaris
1345 2407 1518 2439 ulciscendi
1537 2408 1704 2439 consilium
1721 2407 1804 2441 haud

1060 2450 1251 2486 dissimulas,
1266 2450 1407 2492 deposita
1429 2450 1543 2480 divinae
1565 2449 1671 2481 formae
1687 2451 1804 2492 majes-

1061 2498 1123 2523 tate
1140 2496 1276 2533 (mutatu
1313 2492 1420 2532 gum)
1435 2493 1494 2522 sub
1512 2491 1638 2533 juvenis
1652 2492 1802 2533 Augusti,

1084 2545 1154 2565 uam
1182 2534 1321 2569 induisti,
1345 2543 1476 2576 persona
1500 2534 1532 2564 iu
1555 2534 1641 2564 terris
1663 2535 1803 2567 versaris.

1060 2578 1140 2611 Ales,
1155 2575 1343 2610 Mercurius,
1357 2575 1455 2606 alatos
1470 2575 1603 2610 calceos,
1616 2575 1680 2606 sive
1692 2576 1802 2608 talaria

1060 2617 1199 2660 (πέδιλα
1217 2617 1349 2657 πτηνὰ)
1367 2623 1500 2658 gestans.
1543 2617 1633 2647 Serus
1646 2618 1678 2646 in
1694 2620 1800 2649 coelum

1058 2662 1170 2692 redeas.
1215 2661 1406 2701 Coinparant
1431 2660 1556 2689 Lucret.
1581 2658 1604 2694 i,
1629 2659 1680 2689 46.
1704 2660 1800 2691 Ovid.

1059 2702 1153 2733 Trist.
1165 2713 1195 2737 v,
1208 2703 1228 2732 2
1240 2713 1248 2739 ;
1270 2701 1324 2732 sed
1340 2700 1479 2742 inprimis
1493 2701 1554 2731 huc
1565 2699 1698 2741 pertinet
1711 2701 1801 2734 locus

1058 2744 1152 2775 Ovid.
1179 2745 1259 2774 Met.
1286 2754 1335 2778 xv.
1361 2744 1435 2779 868,
1463 2742 1563 2772 Tarda
1584 2743 1622 2773 sit
1645 2743 1702 2773 illa
1725 2746 1799 2780 dies,

1055 2793 1083 2816 et
1113 2792 1214 2816 nostro
1240 2787 1333 2815 serior
1362 2796 1426 2822 aevo,
1462 2785 1530 2819 Qua
1554 2790 1647 2823 caput
1677 2785 1798 2826 Augus-

1055 2834 1131 2863 tum,
1154 2839 1237 2867 quem
1261 2833 1415 2866 temperat,
1438 2827 1506 2856 orbe
1529 2826 1644 2862 relicto,
1667 2827 1798 2860 Accedat

1054 2871 1133 2902 coelo.

1096 2911 1235 2942 49—52.
1257 2909 1439 2941 Honorifica
1467 2909 1572 2940 Patris
1597 2909 1714 2940 Patriae
1743 2921 1798 2952 ap-

1054 2952 1180 2995 pellatio
1217 2952 1341 2994 publice
1374 2961 1500 2992 quoque
1534 2955 1642 2992 postea
1681 2952 1722 2982 U.
1757 2954 1797 2984 C.

1881 408 1884 416 ,
1875 303 1884 378 ..t-2
1863 0 1884 283 „nmm-
