1904 3314
687 179 915 223 LIBER
946 179 1006 230 11,
1037 181 1078 221 3.

1570 182 1652 223 391

223 284 464 341 Postquam
483 292 551 328 est
571 284 778 340 impransi
796 290 1025 338 correptus
1047 296 1152 324 voce
1173 283 1398 339 magistri?

224 352 419 410 Porrigis
439 354 548 395 irato
569 366 706 408 puero
722 365 861 406 ,quum
881 365 1026 406 poma,
1048 357 1246 392 recusat:

223 421 370 472 Sume,
393 420 580 463 Catelle!
611 426 766 475 negat:
799 419 837 460 si
857 433 944 460 non
963 418 1057 468 des,
1080 424 1218 473 optat.

1281 417 1466 460 Amator

106 488 194 530 260
222 489 445 531 Exclusus
465 486 542 543 qui
560 487 707 537 distat,
731 486 821 542 agit
840 485 918 528 ubi
934 500 1095 535 secum,
1117 492 1201 536 eat,
1224 500 1279 527 an
1300 501 1401 537 non,

223 555 327 604 Quo
346 556 566 598 rediturus
586 561 681 596 erat
699 569 787 596 non
807 554 1059 604 arcessitus,
1081 560 1126 595 et
1146 553 1287 595 haeret

210 622 377 670 ,Invisis
398 623 598 666 foribus?
658 621 730 664 Ne
751 636 881 671 nunc,
904 636 1037 677 quum
1058 636 1126 662 me
1147 628 1273 663 vocat
1293 620 1425 671 ultro,

222 691 473 734 Accedam?
505 706 560 733 an
583 690 725 746 potius
747 690 931 732 mediter
951 689 1076 731 finire
1098 689 1272 731 dolores
1292 691 1309 730 ’ἐ

223 757 441 810 Exclusit,
463 765 661 800 revocat:
692 758 898 800 redeam?
930 772 1031 807 non,
1055 757 1089 798 si
1110 758 1326 799 obsecret.

1388 755 1507 799 Ecce

106 827 192 870 265
222 826 400 878 Servus,
422 842 509 869 non
529 826 660 882 paulo
683 827 939 881 sapientior:
974 826 1016 867 O
1040 825 1160 875 here,
1183 841 1282 880 quae
1302 840 1372 867 res

221 894 320 937 Nec
340 895 517 937 modum
536 894 685 945 habet,
707 909 850 949 neque
871 893 1112 943 consilium,
1133 894 1299 935 ratione
1321 893 1539 948 modoque

221 962 424 1005 Tractari
444 978 530 1004 non
550 961 669 1004 vult:
702 963 746 1003 in
767 977 912 1003 amore
933 961 1028 1003 haec
1050 969 1150 1002 sunt
1170 961 1281 1002 mala
1298 980 1307 1012 3
1340 960 1514 1012 bellum,

223 1031 319 1074 Pax
339 1045 527 1081 rursum,
550 1030 645 1072 haec
668 1031 702 1072 si
724 1030 820 1085 quis
844 1030 1114 1085 tempestatis
1136 1045 1276 1086 prope
1298 1031 1386 1072 ritu

223 1098 423 1149 Mobilia,
445 1106 489 1140 et
510 1114 626 1141 caeca
645 1099 861 1140 fluitantia
883 1106 1014 1148 sorte,
1035 1097 1205 1140 laboret

107 1167 194 1211 270
223 1167 433 1210 Reddere
455 1174 573 1210 certa
596 1168 692 1218 sibi,
716 1166 849 1209 nihilo
871 1166 969 1221 plus
991 1166 1196 1221 explicet,
1218 1181 1267 1208 ac
1290 1166 1326 1207 si

225 1235 422 1278 Insanire
443 1242 568 1291 paret
590 1243 710 1278 certa
731 1235 897 1276 ratione
918 1235 1150 1289 modoque.

109 1363 264 1393 luxuriam
286 1363 382 1404 coegit
399 1361 586 1393 Polemonem
607 1362 752 1402 paenitere
766 1362 814 1391 sui
829 1367 858 1391 et

107 1415 233 1447 coronas
246 1405 397 1445 abjicere.-
413 1407 464 1446 qui
478 1411 578 1445 postea
592 1410 698 1435 tantus
713 1405 744 1434 ιἰι
756 1404 855 1444 philo-

107 1448 213 1488 sophia
227 1448 450 1489 (Academica)
464 1450 576 1485 extitit,
595 1454 630 1478 ut
646 1448 760 1487 dignus
781 1449 854 1478 eers·

110 1493 238 1523 timatas
258 1493 310 1529 sit,
330 1493 383 1532 qui
407 1491 576 1522 Xenocrati
598 1491 788 1521 succederet:
814 1489 856 1521 cf.

109 1533 209 1575 Diog.
226 1534 333 1565 Laert.
353 1533 398 1569 iv,
417 1533 478 1572 163
503 1533 638 1564 Lucian.
659 1532 717 1563 Bis
734 1531 856 1564 Acc‘us.

113 1578 175 1615 173
200 1576 274 1608 Val.
288 1577 381 1607 Max.
395 1575 438 1611 vi,
454 1577 487 1612 9,
508 1577 536 1606 1.
569 1576 732 1606 Mutatus.-
755 1575 858 1606 factus

109 1630 150 1652 ex
165 1618 295 1651 homine
309 1618 472 1650 luxurioso
489 1619 606 1661 probus
620 1624 653 1649 et
666 1623 858 1659 temperans.

111 1664 214 1695 Panas
227 1663 363 1704 insignia
377 1663 472 1692 morbi.
486 1675 495 1693 :
518 1661 659 1704 deponas
676 1667 707 1692 et
726 1660 859 1702 abjicias

110 1711 242 1738 externa
254 1705 346 1747 signa
359 1704 513 1736 mollioris
528 1705 612 1742 vitaz,
625 1710 660 1735 ut
675 1703 735 1734 inf.
753 1703 856 1745 Epist.

110 1748 134 1785 i,
152 1751 183 1786 1,
205 1749 261 1786 35,
284 1759 427 1789 magnam
447 1755 566 1788 partem
588 1748 681 1778 morbi.
703 1748 859 1786 deponere.

111 1792 240 1824 Morbus
263 1801 361 1834 saepe,
377 1795 414 1822 ut
434 1790 535 1829 νόσος
556 1790 640 1833 apud
658 1790 803 1825 Graecos,
820 1789 859 1821 de

110 1834 208 1870 vitiis,
217 1834 262 1866 cf.
277 1844 349 1876 sup.
362 1844 392 1865 v.
406 1834 447 1864 27
460 1846 468 1864 ι
489 1834 558 1876 jam
573 1839 621 1864 est
636 1833 779 1868 insanus,
795 1843 859 1874 quo

110 1877 195 1921 quie,
209 1882 362 1919 tanquam
378 1877 502 1912 morbo,
518 1877 653 1913 laborat,
669 1886 769 1906 amor.
796 1876 856 1906 Fa-

109 1922 229 1956 sciolas,
248 1920 377 1955 cubitat,
390 1919 525 1960 focalia,
546 1919 710 1950 hominum
733 1917 857 1949 mollio-

111 1974 181 1995 rum
210 1968 245 1995 et
268 1962 434 1994 mulierum
462 1968 657 2004 ornamenta.
701 1962 855 1997 Fasciolae,

113 2006 243 2038 vincula
259 2010 293 2037 et
310 2004 475 2046 ligamina,
492 2016 565 2047 quae
585 2003 731 2048 placendi
754 2004 858 2036 studio

114 2059 134 2081 a
147 2047 295 2082 delicatis
310 2048 566 2080 adolescentibus
582 2047 723 2080 brachiis
738 2048 787 2079 vel
804 2058 859 2090 pe-

113 2093 191 2124 dum
226 2091 373 2123 cruribus
404 2091 749 2125 ,circumvolvebantun
806 2090 859 2122 Sic

109 2134 430 2178 purpureoefasciolae,
440 2140 476 2165 ut
488 2134 652 2166 muliebria
665 2139 860 2172 ornamenta,

114 2178 200 2222 apud
223 2177 411 2210 Ciceronem
434 2177 540 2208 Har-us
566 2200 575 2208 .
600 2179 636 2208 21
666 2176 780 2208 Clodio
801 2187 857 2208 ex-

114 2222 314 2265 probrantur.
346 2220 483 2256 Cubital,
500 2189 651 2262 puiilillus
666 2219 775 2251 cubito
791 2230 858 2251 coe-

114 2264 260 2296 nantium
281 2262 487 2306 suppositus;
511 2262 585 2295 hinc
610 2263 642 2294 in
667 2263 734 2293 Sat.
757 2273 805 2304 sq.
830 2274 859 2294 v.

115 2308 171 2344 39,
186 2307 315 2339 convivet
330 2309 365 2337 in
383 2308 520 2338 cubitum
538 2318 567 2338 se
581 2316 724 2347 reponere
745 2306 859 2336 dicun·

114 2354 178 2382 tur.
223 2349 350 2381 Fomlia
366 2349 474 2392 (quasi
484 2349 664 2391 fauentia),
679 2348 755 2380 colli
770 2354 860 2390 tegu-

114 2397 247 2426 menta:
274 2392 383 2424 Schol.
411 2392 522 2434 Cruq.,
550 2393 700 2427 collaria,
731 2404 749 2422 a
778 2393 863 2422 collis

115 2437 327 2477 dependentia,
343 2435 559 2478 adfovendum
581 2437 693 2467 collum
709 2441 738 2466 et
749 2434 865 2476 fauces

114 2485 224 2511 eontra
227 2478 342 2522 frigus
355 2480 545 2510 muniendas.

161 2522 238 2554 256.
278 2521 326 2552 Et
346 2522 435 2558 collo,
457 2521 490 2552 in
510 2519 686 2552 laetioribus
709 2520 864 2552 conviviis

117 2564 168 2598 vel
191 2563 470 2597 comissationibus
496 2564 638 2595 convivae
665 2563 746 2594 duas
774 2574 863 2595 coro-

118 2618 176 2640 nas
199 2607 377 2650 gestabant,
393 2607 523 2638 alteram
546 2607 579 2637 in
602 2616 640 2637 ca
663 2605 719 2642 ite,
734 2606 866 2638 alteram

119 2650 154 2682 in
177 2650 283 2683 collo:
309 2650 381 2682 Cic.
405 2650 439 2681 in
460 2651 554 2682 Verr.
579 2649 625 2685 iii,
669 2650 700 2687 7,
725 2660 865 2680 coronam

119 2694 244 2725 habebat
258 2704 353 2724 unam
368 2695 402 2724 in
417 2695 528 2733 capite,
541 2694 672 2724 atteram
686 2693 720 2722 in
735 2693 823 2724 collo.

163 2737 242 2768 257.
264 2736 431 2777 Impransi,
447 2735 555 2767 sobrii.

165 2780 245 2812 258.
266 2779 408 2822 Por-rigis
429 2781 520 2814 irato,
536 2783 612 2810 cett.
631 2776 712 2809 redit
729 2776 769 2808 ad
793 2788 870 2821 pue-

104 2833 194 2865 ros„
213 2821 407 2865 quibuscum
436 2831 542 2854 amore
572 2820 767 2852 insanientes
795 2831 872 2852 con-

124 2865 311 2898 tenduntur.

169 2909 247 2941 259.
277 2909 379 2945 Sume,
395 2908 534 2940 Catelle!
557 2906 696 2939 suaviter
713 2906 806 2938 vertit
818 2907 876 2938 has

128 2950 235 2994 pueris
247 2950 481 2983 blandientium
494 2961 586 2984 voces
601 2950 748 2988 Vossius,
762 2950 876 2988 Nimm‚

130 2995 207 3024 mein
229 2993 427 3026 Wieseechen.

945 1361 1021 1392 260.
1047 1361 1174 1392 Amator
1191 1360 1353 1396 EJclusus.
1371 1366 1448 1392 cett.
1478 1359 1650 1393 Perfectis·

901 1402 1015 1434 simum
1037 1404 1149 1436 misere
1172 1403 1310 1435 amantis
1331 1404 1511 1446 exemplum
1536 1415 1652 1446 propo-

901 1446 966 1477 suit
977 1446 1152 1480 Terentius.
1165 1447 1263 1478 Phaed
1269 1446 1346 1478 riam
1357 1445 1481 1478 scilicet
1490 1447 1523 1477 in
1538 1447 1649 1478 Eunu-

900 1490 960 1520 cho
977 1490 1052 1522 Act.
1072 1490 1095 1525 i,
1113 1491 1165 1522 Sc.
1184 1492 1212 1521 1.
1258 1491 1297 1521 In
1318 1489 1466 1521 Phaedria
1481 1490 1565 1522 enim
1583 1490 1650 1532 (uti

900 1532 962 1564 fere
983 1533 1017 1564 in
1042 1533 1134 1564 Alexi
1161 1532 1246 1575 apud
1270 1532 1443 1574 Virgilium
1470 1533 1504 1564 in
1529 1533 1650 1575 Ecloga

900 1577 1073 1616 secunda),
1090 1576 1214 1617 egregie
1234 1586 1383 1618 expressa
1398 1582 1446 1607 est
1463 1587 1588 1607 summa
1602 1578 1650 1607 vis

901 1624 933 1649 et
947 1629 1090 1650 summus
1114 1619 1212 1650 animi
1227 1618 1378 1660 impetuS‚
1396 1629 1460 1660 quo
1483 1619 1547 1650 huc
1572 1619 1650 1651 illuc

903 1661 1061 1702 agitentur
1080 1667 1111 1692 et
1130 1662 1170 1692 ad
1186 1662 1344 1692 insaniam
1367 1672 1458 1703 paene
1481 1661 1651 1703 adigantur

902 1703 1021 1746 perdite
1037 1710 1193 1735 amantes.
1238 1705 1336 1735 Huni:
1355 1704 1451 1745 igitur
1466 1704 1571 1735 locum
1586 1706 1649 1736 Te-

903 1747 1081 1777 rentianum
1105 1747 1192 1788 (qui,
1219 1747 1307 1788 quod
1338 1747 1377 1777 ad
1405 1746 1650 1788 descriptionem

903 1789 1040 1820 hominis
1059 1802 1127 1821 cam
1142 1792 1261 1820 ratione
1280 1789 1312 1819 in
1329 1800 1445 1826 amore,
1463 1796 1500 1821 ut
1514 1789 1556 1820 ait
1574 1791 1650 1821 Par-

903 1842 996 1864 meno
1014 1832 1100 1875 apud
1114 1831 1310 1869 Terentium,
1327 1835 1506 1864 insanientis
1525 1832 1650 1871 attinet,

902 1875 942 1906 ad
965 1875 1274 1907 consummatissima
1295 1875 1494 1917 antiquitatis
1514 1875 1585 1907 loca
1601 1887 1649 1908 re-

902 1918 1050 1950 ferendus
1063 1918 1217 1959 videtur),
1232 1918 1381 1950 Horatius
1391 1918 1525 1960 dignum
1538 1919 1651 1950 habuit

906 1972 1000 2003 quem
1017 1972 1108 2003 paene
1123 1967 1225 1992 totum
1243 1962 1275 1992 in
1293 1961 1491 1992 hexametros
1502 1962 1652 1994 transfer-

902 2010 959 2035 ret.
1004 2005 1198 2047 Compar-ent
1215 2004 1299 2036 hunc
1315 2004 1422 2035 locum
1437 2004 1555 2036 tirones
1573 2016 1646 2036 cum

903 2047 1063 2082 Terentio,
1084 2047 1291 2089 animumque
1314 2047 1354 2079 ad
1378 2053 1488 2084 artem,
1505 2058 1570 2089 qua
1589 2059 1648 2079 nu-

904 2090 981 2121 meri
998 2091 1029 2121 in
1046 2090 1201 2133 ejusmodi
1218 2090 1298 2122 locis
1314 2090 1429 2122 mutari
1444 2091 1576 2133 possint,
1593 2092 1649 2123 ad-

903 2139 1038 2164 vertant.
1088 2134 1238 2165 Ceterum
1256 2133 1424 2165 Horatium
1445 2133 1588 2165 imitatus
1602 2140 1651 2166 est

902 2177 989 2208 Pers.
1019 2187 1051 2212 v,
1086 2178 1144 2208 161
1178 2187 1251 2219 sqq.
1297 2179 1373 2219 Agit
1400 2187 1511 2214 secum,
1539 2188 1650 2210 secum

902 2219 1069 2255 deliberat,
1082 2225 1217 2262 reputat.

946 2264 1023 2294 261.
1049 2262 1154 2294 Hoeret
1170 2263 1433 2306 Invisisforibus:
1458 2264 1542 2306 apud
1558 2264 1650 2303 sores,

904 2316 986 2347 quas
1000 2306 1118 2337 invisas
1133 2305 1193 2337 sibi
1209 2317 1278 2338 esse
1292 2306 1391 2338 videri
1406 2306 1486 2344 vult,
1498 2312 1651 2350 tanquam

905 2354 995 2380 terrae
1010 2348 1133 2380 adfixus
1147 2355 1222 2381 stat.

949 2394 1024 2424 262.
1064 2392 1111 2423 Ne
1138 2404 1222 2424 nunc
1249 2403 1317 2435 pro,
1344 2404 1382 2424 ne
1407 2404 1490 2424 nunc
1517 2396 1650 2434 quidem,

906 2436 993 2477 quod
1018 2435 1100 2466 dixit
1125 2436 1311 2475 Terentius3
1339 2446 1398 2467 nec.
1426 2437 1544 2468 desunt
1572 2437 1654 2475 loca,

905 2478 961 2508 ubi
984 2477 1118 2520 simplex
1139 2490 1176 2509 ne
1200 2489 1267 2520 pro,
1285 2481 1485 2520 vce—quidem
1507 2480 1654 2522 ponitur:

907 2520 970 2552 vid.
983 2522 1109 2552 Ernest.
1123 2522 1217 2554 Clav.
1228 2521 1300 2554 Cic.
1312 2533 1338 2554 s.
1352 2534 1383 2553 v.
1399 2522 1468 2560 Ne,-
1492 2523 1655 2556 Drakenb.

909 2563 950 2594 ad
963 2564 1032 2594 Liv.
1050 2564 1160 2600 xxxiii,
1174 2566 1228 2600 49,
1246 2567 1261 2604 ς
1278 2566 1298 2596 3
1312 2577 1320 2604 ;
1343 2566 1456 2596 Burm.
1468 2566 1509 2597 ad
1525 2567 1657 2599 Sueton.

912 2607 1000 2650 Aug.
1018 2608 1059 2638 37
1074 2618 1082 2645 3
1105 2613 1148 2643 et,
1165 2618 1260 2649 quem
1282 2608 1484 2640 Heindorfius
1502 2609 1657 2648 laudavit,

911 2650 1045 2681 Ruhnk.
1061 2650 1101 2681 ad
1120 2651 1224 2682 Rutil.
1239 2651 1322 2693 Lup.
1340 2663 1373 2694 p.
1392 2653 1467 2683 129.

952 2694 1030 2724 263.
1056 2694 1193 2730 Dolores,
1208 2694 1422 2734 significanter
1444 2705 1512 2738 pro,
1538 2706 1659 2728 amores

910 2746 984 2767 cum
1000 2736 1162 2768 doloribus
1180 2738 1390 2780 conjunctos3
1414 2748 1500 2775 nam,
1515 2745 1552 2770 ut
1572 2739 1661 2771 canit

917 2778 1054 2810 Ovidius
1083 2780 1152 2812 Art.
1180 2781 1257 2811 Am.
1288 2781 1323 2816 ii,
1355 2781 1432 2816 519,
1460 2781 1566 2813 Litore
1591 2789 1661 2823 quot

916 2823 1046 2859 conchae,
1064 2829 1107 2854 tot
1122 2831 1194 2854 sunt
1213 2826 1243 2854 in
1260 2835 1360 2854 amore
1372 2825 1498 2856 dotores.

958 2866 1034 2897 266.
1073 2866 1177 2907 Neque
1199 2868 1377 2898 consilium:
1402 2876 1506 2908 neque
1530 2867 1665 2898 consilio

919 2918 952 2939 se
965 2908 1032 2950 regi
1047 2908 1178 2951 patitur.

963 2952 1152 2984 268—270.
1192 2952 1264 2983 Hoec
1289 2954 1314 2983 si
1340 2954 1418 2994 qais,
1442 2958 1516 2983 cett.
1545 2952 1571 2982 si
1594 2954 1667 2994 quis

922 2994 993 3026 haec
1007 3000 1119 3026 natura
1133 2995 1236 3026 suain
1249 3005 1353 3028 amore
1366 2994 1559 3037 tempestatis
1574 3005 1668 3039 prope
