1884 3288
638 184 868 230 LIBER
895 183 980 236 111,
1010 185 1081 226 27.

1554 182 1635 224 185

435 294 624 350 Regina,
646 290 819 334 sublimi
840 287 1014 345 flagello

490 361 647 417 Tange
668 358 838 402 Chloen
860 356 994 400 semel
1014 362 1305 411 arrogantem.

606 529 883 573 CARMEN
917 499 1130 572 XXVII}

569 661 657 693 AD
710 659 1154 691 GALATEAM.

376 771 534 814 Iumos
554 783 696 825 parrae
717 768 952 810 recinentis
975 781 1102 809 omen

376 839 542 887 Ducat,
564 845 608 879 et
629 851 862 892 praegnans
885 835 1020 885 canis,
1044 841 1120 876 aut
1141 835 1196 877 ab
1218 850 1325 891 agro

377 909 504 950 Rava
525 909 764 950 decurrens
786 905 890 962 lupa
913 906 1142 947 Lanuvino

783 975 983 1029 Fetaque
1004 973 1157 1030 vulpes
1175 990 1184 1015 ε

317 1045 344 1087 5
374 1044 571 1100 Rumpat
592 1052 636 1086 et
659 1059 840 1100 serpens
862 1044 944 1085 iter
965 1043 1227 1092 institutum,

377 1112 425 1154 Si
445 1128 525 1167 per
546 1112 770 1168 obliquum
793 1112 940 1153 similis
963 1112 1134 1167 sagittae

377 1180 561 1223 Terruit
582 1197 776 1224 mannos

841 1180 956 1235 Ego,
979 1181 1049 1221 cui
1071 1180 1247 1230 timebo,

786 1249 1004 1291 Providus
1026 1263 1210 1303 auspex,

84 1362 236 1396 habuisse
258 1362 410 1396 traditur:
436 1361 500 1395 vid.
522 1361 676 1394 Herodot.
702 1363 736 1399 ii,
762 1363 836 1399 112,

86 1407 192 1439 strab.
213 1406 290 1445 xvii,
312 1417 346 1450 p.
368 1406 449 1438 1161
477 1416 507 1438 a.
554 1406 714 1437 carentem
737 1406 837 1437 Sitho-

85 1451 139 1481 m'a
168 1451 249 1488 nive,
278 1449 312 1480 in
342 1449 471 1491 regione
503 1449 589 1480 haud
626 1449 751 1490 frigida,
784 1448 839 1480 sed

85 1493 192 1524 calida
213 1493 321 1526 sitam.
365 1493 505 1524 Sithonia
525 1492 689 1534 epitheton
712 1502 841 1527 ornans,

86 1541 124 1567 ut
146 1537 232 1578 apud
260 1535 357 1568 Ovid.
382 1537 490 1566 Amor.
515 1536 562 1571 iii,
590 1537 621 1572 7,
647 1538 678 1572 8,
707 1535 839 1566 Brachia

87 1579 228 1610 Sithonia
242 1581 424 1610 candidiora
439 1581 520 1610 nive.
566 1579 697 1609 Sublimi
709 1579 842 1620 flagello

88 1627 192 1663 tange,
224 1632 281 1664 pro
311 1621 443 1663 vulgari,
476 1621 638 1653 contunde
670 1628 702 1653 et
734 1622 843 1661 frange

88 1665 208 1697 Chloes
232 1664 424 1707 superbiam.
473 1664 624 1704 Flageuo,
647 1665 733 1706 quod
758 1675 843 1695 nunc

91 1707 209 1740 Veneri
224 1707 386 1746 tribuitur,
403 1706 521 1750 saepius
542 1707 585 1738 dii
610 1708 678 1738 irati
699 1708 844 1738 sontibus

87 1750 252 1783 imminere
270 1751 444 1793 finguntur.
491 1750 585 1781 Locis
603 1761 621 1781 a
638 1751 690 1782 Cl.
708 1751 844 1781 Mitsch.

89 1794 124 1826 in
145 1794 228 1826 hauc
244 1805 308 1826 rem
326 1793 432 1826 allatis
455 1793 535 1824 adde
553 1794 694 1836 Oppian.
712 1794 788 1825 Hal.
813 1794 846 1832 ii,

91 1838 145 1874 14,
162 1837 220 1869 ubi
242 1837 370 1880 sapiens
392 1835 454 1868 diis
476 1837 693 1879 obtemperare
716 1836 845 1873 dicitur,

90 1880 184 1924 Πρὶν
193 1881 334 1923 χαλεπῇ
341 1879 484 1923 μάστιγι
495 1881 552 1911 καὶ
562 1880 621 1912 οὐκ
630 1881 755 1912 ἐθέλων
767 1879 844 1911 ἐλά-

91 1936 182 1964 ηται.
225 1924 368 1960 Sublimi,
386 1923 418 1954 in
440 1923 539 1954 altum
557 1923 663 1960 elat03
688 1934 750 1964 quo
774 1933 842 1963 gra-

89 1966 162 1998 vius
181 1966 266 1998 enim
287 1966 405 2008 aliquis
421 1966 546 2006 flagello
563 1967 700 2008 aliquem
724 1967 845 1997 caedere

90 2010 191 2052 cupit.
208 2020 246 2042 eo
261 2010 359 2042 altius
380 2009 460 2041 illud
475 2009 515 2040 ad
537 2010 726 2041 caedendum
743 2009 842 2040 extol-

90 2052 155 2086 lere
170 2052 264 2085 solet.

280 2137 484 2171 CARMEN
508 2138 656 2170 XXVII.

136 2182 306 2214 Galateam
330 2182 372 2213 ab
394 2182 517 2220 itinere,
532 2181 619 2223 quod
640 2180 713 2212 navi
735 2180 768 2212 in
788 2192 844 2213 ex-

91 2230 176 2259 teras
190 2231 288 2257 terras
308 2231 496 2268 susceptura
514 2231 594 2260 erat,
611 2235 672 2256 non
690 2224 844 2256 malorum

91 2267 221 2311 quidem
244 2269 400 2304 ominum,
426 2269 482 2299 sed
506 2267 676 2303 manifesti,
705 2268 757 2299 cui
784 2268 844 2300 ini-

93 2312 204 2355 quiore
221 2321 305 2343 nunc
328 2311 524 2353 navigationi
548 2311 623 2342 anni
650 2317 789 2353 tempore
812 2323 845 2344 se

91 2360 243 2398 exponat,
264 2354 396 2397 periculi
420 2354 719 2386 commemoratione
743 2354 844 2386 deter-

92 2408 161 2431 rere
183 2397 299 2430 studet.
343 2398 580 2429 Sententiarum
599 2407 698 2429 nexus
713 2404 763 2428 est
784 2399 845 2430 fere

92 2439 166 2473 hic:
190 2451 254 2473 non
279 2440 374 2472 malis
393 2441 542 2483 equidem
566 2441 726 2472 ominibus
750 2447 780 2472 te
804 2442 845 2472 ab

94 2483 206 2517 itinere
241 2484 329 2526 quod
365 2484 526 2516 meditaris
568 2483 743 2522 deterrebo‚
781 2484 844 2515 imo

93 2526 169 2560 deos
187 2527 370 2565 venerabor,
387 2534 422 2559 ut
441 2527 533 2558 bonis
556 2527 670 2558 avibus
695 2533 726 2558 te
750 2528 844 2569 profi-

94 2569 172 2602 cisci
195 2570 353 2613 jubeant;
376 2570 433 2602 sed
460 2570 537 2602 licet
561 2581 635 2602 aves
661 2569 766 2601 itineri
792 2577 848 2602 tuo

94 2613 261 2650 addicant,
276 2613 394 2655 cogita,
407 2624 529 2657 quaeso,
545 2623 644 2655 quam
659 2623 770 2655 graves
786 2613 845 2645 hoc

94 2655 178 2699 ipso,
203 2656 288 2699 quod
310 2658 420 2693 instat,
445 2657 521 2688 anni
544 2662 684 2699 tempore
711 2662 845 2698 tempes-

96 2704 178 2732 tates
199 2699 234 2732 in
254 2700 333 2732 mari
352 2700 424 2732 oriri
448 2700 582 2731 soleant.
627 2701 715 2731 Cave
737 2699 846 2741 igitur,

97 2752 138 2775 ne
151 2742 209 2775 tibi
230 2743 333 2775 fraudi
354 2743 407 2780 sit,
424 2754 521 2792 quam
544 2753 630 2774 nunc
653 2742 772 2774 coelum
797 2753 847 2774 os·

97 2785 212 2823 tendit,
225 2786 389 2818 serenitas.
413 2787 466 2818 Sic
486 2787 613 2828 Europa
629 2796 758 2828 quoque
773 2787 848 2817 olim

97 2838 153 2872 per
166 2836 327 2861 externam
356 2829 445 2861 bovis
469 2830 498 2861 ei
520 2829 757 2860 adblandientis
777 2840 848 2872 spe-

99 2871 181 2904 ciem
194 2872 228 2904 in
245 2873 386 2905 fraudem
403 2872 534 2904 inducta
549 2878 608 2904 est.
645 2873 740 2910 Quod
756 2883 852 2916 supra

100 2913 136 2947 in
158 2921 346 2958 arg-umento
367 2915 408 2948 ad
431 2916 526 2958 hujus
545 2915 618 2946 libri
639 2925 767 2947 carmen
788 2922 849 2948 ter-

100 2957 193 2998 tium,
210 2958 252 2992 de
273 2958 414 3001 longiore
436 2959 504 2996 illa,
525 2969 588 3001 qua
607 2959 696 2991 Juno
719 2959 852 3001 loquens

102 2999 278 3042 inducitur,
291 3001 487 3045 digressione
506 3001 701 3041 monuimus,
718 3002 751 3034 id
769 3013 850 3046 quo·

883 1373 946 1404 que
962 1363 1001 1395 de
1019 1365 1157 1406 Europae
1175 1363 1295 1400 sabula,
1312 1362 1391 1395 scite
1407 1363 1504 1406 hujus
1522 1368 1638 1399 carmi-

885 1406 934 1436 nis
949 1412 1136 1447 argumento
1160 1407 1411 1442 accommodata,
1428 1408 1524 1440 valet.
1569 1411 1638 1442 Sci-

885 1449 959 1480 licet
981 1456 1073 1491 poeta
1096 1450 1130 1480 in
1152 1450 1289 1492 Europae
1315 1449 1424 1481 fabula
1447 1462 1532 1483 nunc
1549 1453 1644 1486 unice

887 1493 1108 1529 temeritatem,
1133 1503 1197 1534 qua
1219 1492 1276 1523 illa
1300 1499 1389 1524 tauro
1413 1504 1446 1525 se
1474 1496 1646 1529 credidisse

889 1535 997 1572 fertur,
1015 1537 1181 1578 spectavit¹
1196 1547 1292 1578 quam
1309 1547 1382 1567 cum
1401 1538 1558 1575 Galateae,
1578 1539 1645 1572 hie-

887 1579 963 1609 mali
979 1586 1119 1621 tempore
1135 1581 1206 1610 navi
1223 1591 1255 1610 se
1273 1580 1503 1614 commissurae,
1518 1584 1643 1614 temeri-

889 1629 953 1653 tate
969 1629 1143 1663 comparat.
1191 1624 1354 1660 Quantam
1379 1623 1567 1655 suavitatem
1586 1636 1644 1657 au-

890 1670 964 1700 tem,
983 1666 1224 1700 sublimitatem,
1241 1671 1272 1695 et
1288 1665 1474 1704 dignitatem
1494 1668 1646 1701 Horatius

888 1707 964 1738 huic
980 1705 1116 1738 carmini
1141 1708 1360 1739 conciliaverit
1376 1719 1424 1742 eo.
1441 1710 1527 1749 quod
1544 1712 1645 1743 Euro-

891 1760 963 1792 pam
990 1757 1053 1781 tam
1084 1758 1228 1792 agentem
1259 1761 1354 1792 quam
1385 1751 1565 1793 loquentem
1595 1754 1646 1786 in-

891 1793 993 1827 duxit.
1012 1794 1143 1825 lectores
1169 1794 1229 1835 ipsi
1254 1794 1402 1825 sentient.
1447 1795 1530 1826 Cum
1551 1808 1645 1838 argu·

892 1843 999 1868 mento
1015 1837 1111 1879 hujus
1126 1836 1276 1868 carminis
1301 1844 1488 1879 comparant
1504 1840 1648 1883 Propert.

892 1879 914 1915 i,
931 1881 962 1910 8.

937 1924 1053 1954 1—12.
1085 1923 1228 1954 Sensus:
1258 1923 1365 1953 omina
1398 1922 1465 1958 illa,
1495 1934 1568 1965 quae
1596 1925 1645 1957 in—

894 1965 996 1996 fausta
1013 1976 1080 1996 esse
1098 1966 1200 1997 solent
1215 1966 1273 1997 iter
1289 1965 1418 2007 aliquod
1437 1966 1644 2006 instituturis,

891 2008 998 2051 impiis
1025 2010 1196 2044 eveniant;
1224 2014 1256 2040 at
1283 2008 1406 2043 faustis,
1434 2020 1507 2051 quae
1540 2021 1559 2041 a
1585 2012 1647 2043 diis

890 2058 1051 2094 expetam,
1087 2051 1248 2083 ominibus
1287 2052 1502 2094 proficiscetur
1534 2065 1571 2086 ea
1606 2055 1647 2088 de

890 2095 985 2137 cujus
1018 2095 1081 2126 vita
1111 2106 1170 2137 ego
1200 2106 1270 2127 sum
1299 2095 1468 2127 sollicitus.
1516 2097 1644 2130 Parrae:

890 2138 997 2180 qualis
1026 2138 1094 2170 avis
1125 2149 1179 2181 per
1204 2150 1330 2179 parram
1358 2139 1567 2180 intelligenda
1594 2142 1651 2179 sit,

891 2191 954 2213 non
979 2181 1058 2213 satis
1082 2182 1194 2224 liquet.
1240 2181 1389 2213 Relatam
1413 2182 1503 2213 illam
1527 2183 1568 2215 ad
1591 2195 1647 2217 eas

891 2235 965 2256 aves
994 2225 1102 2263 fuisse,
1129 2237 1201 2267 quae
1230 2236 1306 2257 voce
1337 2236 1397 2257 sua
1425 2231 1646 2268 tempestatem

890 2269 1124 2310 portenderent,
1136 2279 1174 2300 ex
1189 2268 1247 2300 hoc
1264 2268 1334 2309 ipso
1351 2269 1421 2300 loco
1434 2269 1622 2311 intelligitur
1636 2285 1644 2303 :

889 2314 1064 2347 recinentis,
1081 2322 1189 2343 vocem
1205 2311 1439 2353 inauspicatam
1454 2314 1568 2344 iterum
1586 2314 1645 2347 ite-

890 2365 1025 2397 rumque
1060 2355 1242 2397 repetentis.
1289 2356 1389 2391 Rava,
1425 2356 1465 2387 ad
1498 2357 1645 2399 luporum

890 2399 1039 2435 colorem,
1055 2399 1110 2440 qui
1134 2398 1215 2430 inter
1237 2399 1367 2430 caesium
1389 2404 1421 2430 et
1443 2399 1560 2431 flavum
1579 2412 1646 2434 me-

890 2441 961 2473 dius
976 2441 1040 2473 sere
1053 2447 1113 2478 est,
1126 2442 1324 2473 referendum
1340 2454 1346 2472 :
1370 2443 1538 2485 uos‚jizhl,
1550 2455 1647 2486 grau.

890 2485 1043 2516 Similiter
1063 2486 1153 2525 zupus
1177 2486 1260 2528 apud
1287 2485 1383 2517 Ovid.
1408 2487 1491 2517 Met.
1510 2486 1552 2523 vi,
1570 2489 1646 2525 528,

888 2540 995 2563 canus,
1026 2534 1057 2559 et
1089 2529 1172 2559 Met.
1206 2528 1250 2564 xi,
1279 2529 1353 2564 772,
1373 2530 1489 2572 sulvus
1519 2530 1648 2564 dicitur.

893 2571 1007 2602 Minus
1022 2572 1104 2602 bene
1122 2570 1178 2602 alii
1197 2572 1238 2602 ad
1254 2572 1420 2603 oculorum
1443 2573 1580 2604 colorem
1598 2586 1645 2607 re-

891 2614 1006 2649 ferunt,
1022 2619 1057 2646 ut
1073 2614 1113 2645 sit
1128 2625 1195 2656 pro,
1215 2615 1408 2646 truculenta.
1454 2616 1645 2655 Lanuvium,

892 2657 978 2688 Latii
1008 2657 1173 2700 oppidum,
1202 2669 1298 2700 prope
1327 2658 1410 2690 viam
1443 2660 1582 2702 Appiam
1613 2661 1647 2693 in

892 2701 1098 2732 locoacclivi
1121 2701 1238 2740 situm;
1265 2701 1339 2733 hinc
1356 2703 1428 2742 lupa
1446 2702 1520 2734 inde
1536 2706 1646 2735 decur-

893 2755 960 2775 rere
974 2743 1100 2780 dicitur,
1114 2744 1208 2786 cujus
1223 2755 1278 2788 per
1291 2745 1372 2776 viam
1387 2745 1533 2788 Appiam‘
1545 2752 1647 2779 trans-

893 2798 1004 2818 cursus
1021 2787 1231 2829 Campaniam
1252 2794 1284 2819 et
1302 2789 1523 2820 Brundusium
1540 2801 1647 2822 versus

895 2830 1082 2872 profecturis
1097 2831 1181 2862 male
1198 2831 1384 2874 auspicatus
1399 2832 1469 2862 suit.
1510 2833 1647 2873 Rumpat

894 2875 954 2905 iter
968 2876 1158 2909 institutum,
1174 2875 1259 2906 malo
1284 2875 1390 2906 omine
1414 2885 1471 2906 suo
1493 2876 1532 2906 ab
1555 2876 1646 2907 insti-

896 2922 964 2948 tuto
1001 2916 1113 2950 itinere
1150 2918 1315 2949 deterreat.
1367 2919 1511 2954 Manuos,
1548 2929 1647 2960 equos

895 2961 1058 3003 parvulos,
1076 2961 1244 2993 velocitate
1259 2971 1318 2992 sua
1335 2961 1478 3003 inprimis
1492 2960 1647 3002 insignes,

897 3003 1050 3046 (Ζήταν.)
1098 3005 1248 3036 Providus
1272 3015 1395 3044 auspex,
1414 3004 1489 3035 dum
1510 3004 1646 3046 pruden-
