1904 3314
638 216 786 245 INDEX
807 217 1074 247 VERBORUM.

18 301 23 304 '
85 301 139 334 16.
181 302 280 335 verba
305 311 431 335 movere
455 302 528 336 loco
551 303 613 346 Ep.
637 302 671 340 ii,
697 303 731 339 2,
759 304 833 334 113.

23 378 30 384 Χ
82 342 218 387 pedibus
246 346 395 378 claudere
425 346 520 378 verba
549 347 617 378 Sat.
649 345 684 382 ii.
717 346 748 382 1,
779 345 841 376 285

82 385 232 420 virtutem
255 389 351 420 verba
374 394 467 432 putes
491 389 554 432 Ep.
575 389 597 426 i,
619 389 653 425 6,
676 389 730 420 31.
774 398 833 419 nec

20 450 34 462 e
79 430 179 465 verbo
194 431 319 474 parcius
333 431 448 463 absens
462 432 522 474 Ep.
534 431 557 470 i,
571 433 602 468 7,
617 433 671 463 38.
702 431 834 463 verbum

81 472 212 506 reddere
226 474 321 506 verbo
342 475 404 517 Ep.
422 474 462 506 ad
478 475 545 507 Pis.
563 475 637 506 133.
681 474 715 505 in
731 473 835 505 verbis

21 515 35 561 ᾗ
82 516 190 549 tenuis
209 517 350 549 serendis
372 517 452 550 ibid.
477 519 532 549 45.
575 516 623 549 bis
642 517 744 548 verbis
765 527 834 559 per-

19 554 33 616 ’ἢ

81 558 223 592 muleeat
244 570 336 595 aures
362 561 422 603 Ep.
439 561 462 598 i,
480 561 533 596 16,
548 561 604 592 26.
643 560 716 602 jure
732 560 833 590 Trau-

26 618 34 630 ι
84 600 155 635 nius
176 601 248 642 istis
267 602 415 645 jurgatur
435 603 538 635 verbis
561 604 628 634 Sat.
654 603 690 641 ii,
709 603 743 638 2,
765 603 838 634 100.

19 650 40 693 51*
81 643 159 677 huic
173 645 200 677 si
214 647 355 678 mutonis
370 646 472 678 verbis
486 646 604 678 diceret
619 646 689 677 baec
711 644 837 677 animus

22 717 26 724 ,
83 687 151 719 Sat.
181 686 205 725 i,
229 690 263 725 2,
290 689 345 721 68.
390 691 512 727 locutio,
541 689 616 722 dare
643 688 739 720 verba
762 691 785 721 i.
809 701 838 730 q.

24 734 31 783 3
73 730 205 773 fallere,
222 730 327 780 δαὶ-,1,
339 733 375 780 3,
389 733 443 765 23.
530 773 537 780 ·
705 773 711 780 ⁸
739 773 746 780 ¹

82 806 96 848 i'
122 784 215 849 ξ”ἔὸ
249 774 838 849 ⁰E÷2⁰¹3‡.}⁶3.;12“2222²3..¹3¹2233&

20 843 44 861 «μ
96 839 108 854 ,
146 841 156 854 ,
219 840 228 849 .

26 885 42 893 -
82 868 176 892 curas
195 859 262 892 Od.
280 860 329 895 iii,
346 861 398 897 14,
417 861 470 892 13.
512 860 540 892 si
555 860 634 903 quid
655 860 838 902 promittere

82 911 214 945 possum
238 901 329 952 aliud
349 913 420 952 isere
444 905 512 935 Sat.
536 903 559 939 i,
583 905 616 951 4,
644 905 720 934 103.
766 913 836 945 per-

24 959 39 974 ‚,
82 944 199 978 suada
223 945 284 978 hoc
308 946 366 977 tibi
390 956 463 978 vere
487 947 557 978 Sat.
582 957 605 984 1,
631 947 664 982 6,
688 947 722 978 8.
765 956 837 978 vere

21 1321 38 1353 :w
20 1170 44 1306 „meve->2
19 1047 39 1163 ..n-affl.
19 1007 29 1038 ··-'

83 987 171 1031 quod
184 987 293 1032 placet
306 989 368 1031 Ep.
382 988 407 1025 i,
427 990 480 1025 18,
499 989 550 1022 17.

128 1033 329 1064 verecundus.
387 1033 418 1068 1,
449 1032 535 1064 color
564 1032 668 1074 Epod.
700 1031 753 1068 17,
783 1032 841 1062 21.

55 1099 60 1103 .
84 1073 120 1112 2,
146 1075 319 1106 modestus.-
347 1084 431 1117 saepe
457 1075 671 1107 verecundum
701 1073 840 1105 laudasti

85 1116 150 1159 Ep.
169 1115 192 1156 i,
211 1118 244 1154 7,
269 1118 325 1149 37.
368 1127 434 1159 quo
459 1119 599 1160 populus
623 1123 730 1148 castus
752 1127 839 1148 vere-

85 1159 172 1191 cund
235 1171 277 1192 ue
291 1160 399 1192 coibat
415 1161 477 1204 Ep.
491 1161 532 1192 ad
549 1161 617 1192 Pis.
631 1161 710 1192 207.
753 1160 839 1192 Bac-

85 1201 168 1234 chus
185 1203 216 1235 Ο
243 1226 251 1234 .
265 1203 288 1240 i,
303 1203 358 1240 27,
376 1204 409 1235 3.

130 1247 241 1278 vereri.
284 1256 404 1283 vereor,
421 1256 473 1281 ne,
487 1245 566 1277 dum
583 1245 688 1282 futuo,
705 1245 752 1277 vir
770 1256 841 1278 rure

86 1293 228 1321 recanat
241 1289 310 1320 Sat.
323 1289 347 1326 i,
363 1290 397 1325 2,
415 1289 489 1320 127.
527 1289 581 1320 sed
599 1299 717 1325 vereor,
734 1299 775 1320 ne
789 1288 842 1319 cui

87 1330 128 1364 de
152 1336 184 1364 te
209 1331 283 1375 plus
305 1341 402 1373 quam
428 1331 487 1364 tibi
514 1332 624 1363 credas
652 1333 712 1374 Ep.
738 1331 760 1368 i,
788 1332 840 1368 16,

91 1374 144 1406 19.
189 1385 265 1406 nam
286 1379 324 1406 ut
348 1374 449 1407 serula
472 1375 580 1406 caedas
602 1375 748 1406 meritum
773 1384 840 1405 ma-

83 1413 158 1460 jora
177 1417 285 1450 subire
302 1418 442 1455 verbera,
462 1428 527 1449 non
546 1428 654 1449 vereor
677 1419 744 1449 Sat.
765 1416 787 1453 i,
809 1418 841 1452 3,

92 1461 167 1492 121.
210 1459 338 1492 insanos
363 1460 420 1503 qui
448 1460 531 1492 inter
555 1470 680 1492 vereare
708 1459 843 1490 insanus

90 1502 200 1536 haberi
223 1504 292 1536 Sat.
313 1503 349 1540 ii.
372 1505 406 1541 3,
430 1505 484 1536 40.
528 1515 557 1535 e.
580 1502 844 1539 accus.;,veritus

89 1546 274 1590 pauperiem
305 1547 367 1589 Ep.
396 1546 420 1583 i,
453 1548 506 1586 10,
537 1547 594 1580 39.
648 1556 707 1578 nos
735 1545 841 1588 majus

89 1589 186 1623 veriti
201 1590 272 1622 Sat.
286 1588 321 1626 ii,
336 1591 370 1626 8,
385 1591 440 1622 57.

131 1642 268 1676 vergere.
310 1632 413 1675 vergit
435 1631 476 1664 ad
501 1631 602 1663 imum
624 1631 688 1675 Ep.
714 1631 753 1663 ad
778 1631 844 1664 Pis.

91 1675 169 1711 378.

94 1761 170 1793 117.
211 1771 361 1805 procaces
384 1762 454 1794 Sat.
467 1761 503 1796 ii,
520 1762 551 1797 6,
569 1761 624 1792 66.

92 1813 168 1836 cum
181 1803 362 1838 renidentes
376 1805 458 1836 lares
475 1804 579 1846 Epod.
594 1805 628 1840 2,
643 1805 699 1835 65.

24 1863 37 1888 ἰ
93 1889 237 1932 fungitur
250 1889 364 1922 officiis
377 1891 444 1922 Sat.
457 1889 493 1926 ii,
508 1891 541 1926 6,
559 1891 633 1922 108.

137 1729 244 1751 uerna.
289 1718 317 1750 si
342 1728 438 1751 verna
459 1722 575 1761 praesto
599 1722 649 1749 est
674 1716 788 1766 Sat-..L
805 1718 845 1766 2,

668 1767 762 1803 positi
785 1770 845 1791 cir-

136 1849 311 1880 verniliter.
373 1858 434 1879 nec
471 1857 536 1878 non
573 1846 732 1878 verniliter
767 1845 846 1890 ipsis

136 1943 261 1966 mus.
586 1932 627 1964 ad
665 1932 735 1964 Pis.
771 1934 849 1964 302.

325 1939 450 1976 tempus
487 1934 549 1976 Ep.

84 1975 188 2052 gom
211 1975 277 2010 od.
302 1975 339 2015 ii,
363 1978 416 2016 11,
442 1977 506 2023 ιο.
538 1975 624 2008 venti
652 1976 718 2008 od.
741 1976 785 2013 iv,
813 1978 846 2014 4.

117 2042 219 2094 'vm
262 2063 330 2095 Sat.
351 2062 376 2102 i,
394 2063 428 2100 9,
443 2063 508 2103 763
532 2063 594 2106 Ep.
617 2062 657 2094 ad
677 2062 746 2094 Pis.
771 2063 847 2099 422,

100 2105 178 2143 4³3.
194 2105 270 2138 47⁵.

137 2159 267 2181 verrere.
309 2148 463 2192 quicquid
493 2148 532 2180 de
565 2148 691 2191 Libycis
714 2147 848 2180 verritur

95 2190 178 2224 ucis
205 2191 271 2224 Od.
299 2191 322 2230 i,
353 2193 384 2228 1,
417 2192 467 2223 10.
521 2191 625 2234 pisces
654 2202 695 2223 ex
722 2201 850 2234 aequore

54 2235 55 2238 ¹
97 2233 196 2267 101·ήὶ
211 2235 277 2267 Sat.
292 2234 327 2273 ii,
342 2235 376 2271 3,
391 2236 470 2266 235.

99 2406 135 2445 3.
151 2406 206 2440 74.

139 2288 253 2310 verres.
294 2277 462 2320 obliquum
481 2276 639 2309 meditans
662 2277 762 2309 ictum
785 2277 850 2310 Od.

98 2314 148 2357 ὶὶὶ,
162 2321 218 2358 22,
234 2321 268 2353 7.

140 2373 284 2396 urraca.
326 2363 470 2406 ignoscet
482 2363 622 2396 verrucis
636 2362 724 2394 iilius
740 2365 808 2396 Sat.
826 2361 850 2402 i,

141 2459 273 2482 versare.
318 2450 348 2490 1,
364 2449 506 2481 omnium
523 2455 666 2482 versatur
686 2459 765 2481 urna
786 2459 853 2480 sors

48 2486 71 2492 ⁴
100 2490 166 2525 Od.
183 2491 220 2529 ii,
234 2493 268 2529 3,
283 2493 338 2525 26.
382 2492 460 2524 dum
475 2493 584 2524 turdos
601 2498 703 2524 versat
722 2493 756 2524 in
779 2491 853 2533 igne

52 2544 71 2574 'g
100 2534 168 2575 818.
193 2535 217 2573 i.
245 2537 277 2572 5.
305 2536 360 2567 72.
402 2535 566 2577 ligonibus
591 2546 714 2568 versare
742 2535 853 2577 glebas

100 2577 167 2619 911.
187 2577 235 2615 iii,
260 2579 294 2614 6,
318 2579 374 2610 39.
418 2578 610 2620 exemplaria
634 2579 751 2610 Graeca
775 2588 852 2609 noc-

56 2639 69 2659 ,·
100 2625 195 2657 turno
215 2626 340 2653 versate
365 2631 475 2656 manu,
500 2626 623 2653 versate
647 2620 763 2652 diurno
790 2622 853 2669 Ep.

48 2684 54 2700 -,
100 2662 144 2697 ad
169 2663 238 2696 Pis.
266 2664 344 2696 269.
387 2669 508 2695 versate
534 2665 596 2707 (sc.
627 2665 748 2705 animo)
775 2664 854 2705 quid

58 2711 69 2722 ’“
101 2705 182 2746 ferre
205 2711 366 2742 recusent,
389 2706 468 2749 quid
491 2707 620 2738 valeant
642 2707 767 2739 humeri
791 2708 854 2750 Ep.

66 2787 70 2790 ⁴
102 2749 146 2783 81
158 2749 228 2782 Pis.
241 2751 296 2782 39.
331 2750 365 2786 2,
379 2751 515 2791 agitare,
531 2761 648 2788 venre,
663 2757 834 2790 pervertere
844 2763 853 2781 :

46 2794 56 2832 ,’
67 2807 86 2834 ¹..
101 2790 212 2826 ludere
230 2803 288 2835 par
300 2792 414 2835 impar,
433 2791 460 2823 si
475 2803 568 2834 quem
586 2793 725 2824 delectet
741 2793 854 2825 barba·

56 2845 74 2872 ί.
103 2835 341 2874 tum,·amentia
355 2841 458 2867 verset
479 2836 547 2867 Sat.
566 2835 600 2871 ii,
618 2837 651 2872 3,
667 2837 743 2868 249.
786 2846 856 2868 ver-

30 2881 69 2907 ’ἓ
103 2883 219 2922 tuque
246 2883 415 2920 negantem
440 2879 701 2920 (repugnantem)
728 2880 796 2911 Sat.
821 2879 856 2916 ii,

30 2927 54 2952 ‘2
72 2933 86 2950 τ
105 2921 139 2960 7,
167 2922 222 2954 94.
265 2922 462 2954 carminibus
495 2932 570 2963 quae
603 2927 731 2954 versant
763 2928 858 2964 atque

67 2994 71 2998 ,
105 2964 238 3003 menis
253 2964 410 2996 humanos
425 2964 547 2996 animos
563 2965 632 2996 Sat.
648 2964 671 3002 i,
686 2966 718 3000 8,
739 2966 790 2996 19.

75 3019 78 3021 ·
120 3042 122 3044 ,
147 3009 276 3042 versari.
319 3018 419 3051 quum
450 3017 551 3050 genus
584 3008 642 3040 hoc
673 3007 755 3040 inter
786 3007 859 3041 vitat

1545 209 1629 251 813

877 309 1016 336 versetur
1045 305 1114 335 Sat.
1145 303 1168 339 i,
1197 305 1230 342 3,
1257 304 1311 336 60.
1355 310 1516 338 versentur
1547 309 1630 340 intra

878 346 1054 388 penetralia
1071 347 1179 379 Vestae
1195 347 1256 390 Ep.
1270 347 1305 383 ii,
1321 349 1355 384 2,
1375 349 1450 380 114.

922 392 1102 421 versiculus.
1145 396 1257 421 euntes
1282 391 1407 422 mollius
1434 392 1501 422 Sat.
1527 392 1550 429 i,
1579 394 1631 430 10,

879 433 933 462 58.
991 443 1089 474 quum
1125 433 1257 464 Graecos
1290 433 1426 465 facerem
1459 435 1633 466 versiculos

879 474 956 505 ibid.
986 476 1039 506 32.
1084 475 1254 507 versiculos
1281 476 1418 508 scribere
1447 478 1551 519 Epod.
1580 479 1632 515 11,

879 518 912 548 2.
955 517 1119 548 versiculis
1144 529 1252 560 speras
1277 518 1332 550 tibi
1354 530 1446 561 posse
1469 520 1594 552 dolores
1615 532 1633 553 e

881 566 1008 602 pectore
1026 561 1119 591 tolli'!
1143 562 1211 591 Sat.
1229 561 1251 596 i,
1269 564 1300 599 2,
1320 563 1393 594 109.

925 614 1040 634 versus.
1087 605 1115 639 1,
1140 603 1244 634 Zeile:
1269 604 1347 646 quid
1371 605 1472 648 prima
1494 606 1634 638 secundo

881 645 959 678 velit
983 656 1056 677 cera
1075 656 1167 677 versu
1192 648 1260 677 Sat.
1287 647 1321 683 ii,
1342 651 1373 683 5.
1393 650 1446 679 54.
1491 651 1525 686 2,
1545 649 1634 681 Ver-s.-

883 688 994 731 paullo
1019 689 1207 720 concinnior
1234 689 1294 731 Ep.
1318 690 1353 725 ii,
1383 692 1412 727 l,
1440 692 1494 722 74.
1542 692 1637 723 tristis

883 734 953 762 Sat.
982 731 1014 769 ii,
1045 733 1072 768 1,
1098 734 1153 763 21.
1199 732 1310 772 tragici
1338 733 1398 774 Ep.
1424 733 1464 764 ad
1490 734 1556 765 Pis.
1584 737 1638 767 89.

883 773 1033 815 Sibyllini
1059 776 1166 806 Carm.
1191 776 1273 813 Saec.
1293 777 1326 806 5.
1372 777 1454 808 male
1473 775 1548 807 facti
1570 778 1638 809 Sat.

881 818 904 854 i,
933 819 984 856 10,
1013 818 1068 848 3⁶.
1113 828 1208 860 prave
1240 818 1316 849 facti
1348 819 1410 860 Ep.
1439 819 1474 855 ii,
1503 821 1532 854 1,
1559 821 1637 852 266.

882 861 965 891 male
979 860 1095 892 tornati
1119 861 1181 903 Ep.
1205 860 1246 891 ad
1272 861 1335 892 Pis.
1356 863 1433 893 441.
1477 861 1591 894 inculti
1607 870 1640 895 et

883 903 966 934 male
985 904 1051 934 nati
1074 905 1135 946 Ep.
1156 904 1190 939 ii,
1211 905 1242 938 l,
1256 905 1334 935 233.
1380 905 1467 936 Enni
1487 906 1640 946 gravitate

882 945 1020 977 minores
1051 948 1119 978 Sat.
1152 947 1174 984 i,
1208 947 1260 983 10,
1293 948 1348 978 54.
1394 947 1502 990 inopes
1535 959 1640 980 rerum

883 989 947 1031 Ep.
979 988 1019 1020 ad
1056 989 1122 1020 Pis.
1155 990 1232 1021 322.
1300 989 1416 1021 inertes
1450 990 1528 1022 ibid.
1562 993 1640 1023 445.

883 1032 969 1063 leves
985 1031 1064 1063 ibid.
1078 1033 1157 1063 231.
1202 1033 1486 1065 teneriibid.246.
1531 1035 1640 1066 canori

886 1075 947 1116 Ep.
979 1075 1014 1109 ii,
1043 1076 1076 1110 2,
1108 1076 1163 1106 76.
1206 1075 1320 1106 alterni
1351 1077 1409 1118 Ep.
1442 1076 1476 1113 ii,
1507 1078 1537 1115 1,
1565 1078 1639 1109 146.

884 1117 1044 1159 impariter
1074 1117 1179 1159 juncti
1210 1118 1272 1160 Ep.
1308 1117 1348 1149 ad
1382 1118 1450 1150 Pis.
1484 1120 1539 1151 75.
1605 1120 1639 1152 in

884 1170 1012 1192 scenam
1037 1161 1124 1191 missi
1149 1170 1265 1201 magno
1297 1172 1369 1192 cum
1397 1162 1534 1204 pondere
1563 1163 1642 1195 ibid.

884 1204 961 1234 260.
1005 1203 1118 1234 famosi
1142 1204 1207 1234 Sat.
1234 1204 1268 1239 ii.
1294 1205 1324 1240 1,
1351 1205 1405 1236 68.
1451 1205 1509 1236 atri
1534 1207 1594 1248 Ep.
1617 1206 1640 1242 i,

889 1247 939 1282 19,
971 1247 1025 1278 30.
1072 1246 1280 1288 incomposito
1309 1247 1376 1278 dixi
1405 1247 1485 1289 pede
1515 1259 1639 1281 currere

884 1299 993 1320 versus
1019 1290 1084 1320 Sat.
1111 1290 1133 1325 i,
1161 1290 1213 1325 10,
1244 1291 1272 1321 1.
1317 1290 1344 1320 si
1368 1291 1440 1332 quis
1464 1291 1638 1323 amicorum

885 1338 936 1363 est
963 1342 1061 1363 ausus
1090 1333 1272 1374 reprendere
1296 1343 1422 1364 versum
1453 1335 1515 1376 Ep.
1542 1334 1576 1373 ii,
1609 1336 1639 1373 1,

886 1376 962 1406 222.
1006 1375 1197 1406 concludere
1225 1386 1348 1407 versum
1380 1377 1446 1407 Sat.
1474 1377 1495 1414 i,
1523 1378 1555 1415 4,
1583 1379 1639 1410 40.

885 1427 996 1448 versus
1022 1428 1210 1460 componere
1239 1419 1309 1449 Sat.
1339 1419 1362 1455 i,
1387 1420 1419 1454 4,
1443 1420 1476 1450 8.
1522 1421 1639 1461 fingere

887 1461 950 1502 Ep.
973 1460 1014 1491 ad
1033 1461 1100 1492 Pis.
1123 1462 1200 1491 382.
1244 1461 1346 1492 facere
1372 1463 1440 1493 Sat.
1460 1462 1483 1500 i,
1502 1464 1553 1499 10,
1572 1464 1637 1502 26;

889 1504 956 1535 Sat.
978 1503 1012 1539 ii,
1029 1503 1061 1538 7,
1082 1504 1164 1541 117;
1189 1504 1251 1546 Ep.
1273 1504 1309 1539 ii.
1325 1505 1357 1542 2,
1373 1506 1428 1535 52.
1475 1505 1514 1536 ad
1531 1516 1639 1537 versus

884 1545 943 1577 tibi
967 1546 1069 1578 factos
1093 1547 1208 1578 ducere
1235 1546 1365 1589 plenum
1387 1547 1498 1578 laetitia
1517 1549 1577 1590 Ep.
1598 1549 1640 1580 ad

885 1589 954 1620 Pis.
980 1590 1056 1620 427.
1101 1589 1134 1620 in
1159 1600 1249 1621 versu
1275 1589 1422 1621 faciendo
1447 1591 1515 1622 Sat.
1541 1591 1563 1626 i,
1589 1594 1640 1628 10,

888 1632 944 1663 70.
990 1631 1135 1663 factitare
1161 1633 1221 1675 Ep.
1246 1632 1287 1663 ad
1311 1633 1378 1664 Pis.
1398 1634 1475 1665 470.
1519 1634 1641 1666 dictare

887 1676 955 1706 Sat.
971 1674 993 1713 i,
1011 1677 1042 1711 4,
1063 1677 1113 1706 10.
1158 1675 1293 1706 scribere
1315 1676 1381 1707 Sat.
1401 1676 1423 1711 i,
1439 1678 1473 1713 9,
1487 1677 1550 1714 24;
1574 1679 1642 1710 Sat.

889 1717 912 1756 i,
930 1719 980 1755 10,
997 1719 1051 1749 61.
1097 1719 1158 1761 Ep.
1180 1718 1215 1754 ii,
1236 1720 1266 1753 1.
1287 1719 1341 1749 111
1359 1730 1367 1755 ;
1394 1720 1455 1761 Ep.
1478 1719 1513 1756 ii,
1533 1721 1566 1756 2,
1587 1723 1641 1753 54.

889 1761 978 1804 puris
998 1771 1120 1792 versum
1147 1761 1340 1804 perscribere
1358 1762 1459 1793 verbis
1485 1763 1552 1794 Sat.
1569 1763 1592 1800 i,
1611 1766 1643 1802 4,

890 1806 946 1836 54.
990 1804 1079 1835 mille
1094 1804 1145 1835 die
1160 1815 1271 1836 versus
1289 1804 1404 1836 deduci
1419 1816 1510 1847 posse
1526 1807 1592 1837 Sat.
1608 1807 1642 1844 ii,

890 1848 921 1883 1,
947 1849 977 1878 4.
1023 1847 1168 1878 sublimis
1195 1858 1303 1880 versus
1327 1854 1471 1879 ructatur
1500 1854 1532 1880 et
1560 1857 1644 1882 errat

890 1891 953 1932 Ep.
969 1890 1009 1922 ad
1026 1890 1094 1922 Pis.
1110 1891 1186 1921 457.
1224 1901 1333 1922 versus
1350 1896 1446 1929 amat,
1462 1891 1522 1923 hoc
1538 1893 1644 1925 studet

890 1944 989 1964 unum
1018 1934 1082 1976 Ep.
1108 1933 1143 1970 ii,
1171 1935 1201 1970 l,
1227 1935 1301 1965 120.
1348 1945 1457 1965 versus
1482 1940 1513 1966 et
1538 1942 1644 1968 cetera

889 1976 1014 2008 ludicra
1043 1987 1125 2018 pono
1155 1977 1216 2019 Ep.
1247 1976 1268 2013 i,
1295 1978 1326 2012 1,
1356 1978 1407 2008 10.
1451 1988 1561 2009 omnes
1588 1979 1645 2010 hos

891 2025 1040 2050 metuunt
1063 2030 1182 2055 versus,
1210 2020 1304 2051 odere
1331 2026 1440 2062 poetas
1471 2021 1539 2052 Sat.
1563 2021 1586 2057 i,
1611 2024 1643 2058 4,

892 2063 947 2093 33.
1006 2063 1150 2104 Tyrtaeus
1184 2065 1308 2094 animos
1340 2063 1374 2094 in
1408 2063 1529 2095 Martia
1561 2065 1648 2096 bella

892 2105 1035 2137 versibus
1056 2106 1186 2137 exacuit
1204 2107 1267 2148 Ep.
1289 2106 1328 2137 ad
1348 2106 1414 2137 Pis.
1436 2108 1511 2138 403.
1556 2108 1645 2150 oppi-

890 2147 1017 2186 dulum,
1031 2148 1119 2190 quod
1141 2159 1230 2181 versu
1252 2149 1356 2181 dicere
1375 2160 1440 2180 non
1460 2155 1508 2181 est
1531 2151 1599 2182 Sat.
1624 2151 1647 2187 i,

935 2241 1064 2266 vertere.
1112 2236 1142 2270 1,
1170 2239 1331 2266 verterunt
1357 2234 1406 2266 bis
1435 2235 1522 2267 mille
1547 2246 1647 2278 equos

895 2277 986 2310 Galli
1023 2278 1128 2320 Epod.
1165 2279 1198 2310 9.
1234 2278 1285 2309 17.
1350 2278 1448 2309 versis
1485 2278 1647 2312 animosus

894 2320 985 2363 equis
1009 2321 1148 2352 Parthus
1167 2319 1231 2351 Od.
1248 2320 1269 2356 i,
1292 2321 1343 2356 19,
1364 2321 1417 2351 11.
1461 2332 1551 2353 versa
1566 2328 1647 2354 retro

895 2364 980 2396 acies
1003 2364 1067 2395 Od.
1095 2364 1141 2400 iii,
1167 2365 1198 2399 4,
1226 2364 1281 2394 26.
1326 2363 1351 2394 si
1374 2373 1455 2405 quos
1481 2364 1582 2396 hiems
1608 2367 1647 2397 ad

894 2407 956 2438 hoc
984 2412 1085 2439 vertat
1113 2416 1200 2437 mare
1230 2405 1333 2448 Epod.
1366 2408 1399 2443 2,
1430 2408 1484 2438 52.
1530 2415 1565 2439 ιιι
1595 2419 1649 2440 ora

894 2455 996 2482 vertat
1017 2450 1080 2481 huc
1102 2455 1135 2481 et
1156 2449 1219 2480 huc
1245 2449 1388 2481 euntium
1414 2449 1575 2482 liberrima
1598 2452 1648 2482 in-

897 2493 1040 2535 dignatio
1065 2493 1168 2535 Epod.
1185 2495 1216 2528 4.
1232 2494 1265 2524 9.
1310 2491 1403 2523 vertit
1426 2492 1504 2525 iram
1525 2495 1566 2525 ab
1586 2494 1649 2526 Ilio

897 2535 931 2568 in
948 2535 1062 2579 Ajacis
1077 2542 1176 2568 ratem
1195 2535 1298 2578 Epod.
1315 2537 1367 2569 10.
1385 2537 1436 2566 13.
1469 2536 1501 2568 in
1519 2537 1649 2569 hostiles

896 2579 1007 2611 domos
1032 2579 1111 2610 iram
1136 2579 1247 2610 vertite
1280 2578 1383 2620 Epod.
1414 2582 1446 2613 5.
1473 2581 1526 2612 54.
1570 2581 1650 2622 quin

897 2622 962 2654 huc
983 2622 1099 2665 ‚inanes
1116 2622 1212 2653 vertis
1235 2621 1337 2652 minas
1362 2622 1465 2664 Epod.
1485 2624 1517 2658 6,
1538 2624 1570 2654 3.
1615 2625 1651 2660 2,

897 2672 1037 2696 mutare:
1059 2665 1092 2696 in
1116 2674 1207 2695 avem
1229 2665 1354 2696 Procne
1367 2671 1506 2696 vertatur
1524 2666 1587 2708 Ep.
1610 2666 1651 2697 ad

899 2708 968 2739 Pis.
994 2709 1066 2739 187.
1111 2707 1302 2749 Ligurinum
1329 2708 1363 2738 in
1390 2708 1504 2739 faciem
1527 2710 1652 2740 verterit

900 2751 1059 2793 hispidam
1092 2751 1156 2782 Od.
1186 2750 1228 2787 iv,
1258 2752 1310 2787 10,
1342 2753 1373 2782 5.
1419 2751 1503 2782 Ilion
1540 2751 1652 2783 mulier

898 2795 995 2825 vertit
1023 2794 1057 2825 in
1090 2794 1249 2836 pulverem
1276 2793 1341 2825 od.
1372 2792 1416 2828 iii,
1441 2795 1473 2828 3,
1499 2795 1552 2825 20.
1597 2794 1651 2825 ubi

899 2847 994 2868 omne
1008 2842 1143 2868 verterat
1159 2837 1192 2867 in
1207 2837 1329 2867 fumum
1345 2842 1373 2867 et
1391 2836 1529 2867 cinerem
1547 2837 1609 2879 Ep.
1629 2838 1651 2873 i,

905 2882 955 2917 15,
977 2881 1032 2911 39.
1077 2879 1186 2911 dulcia
1209 2890 1243 2910 se
1267 2879 1301 2910 in
1325 2878 1420 2909 bilem
1440 2885 1559 2910 vertent
1585 2880 1651 2910 Sat.

902 2923 936 2958 ii,
953 2925 986 2959 2,
1004 2924 1057 2954 75.
1097 2922 1130 2954 in
1147 2922 1265 2953 rabiem
1284 2922 1359 2953 verti
1374 2920 1472 2962 coepit
1482 2921 1575 2962 jocus
1591 2922 1654 2964 Ep.

902 2966 938 3001 ii,
965 2967 996 3002 1,
1025 2966 1099 2996 149.
1142 2965 1319 3006 Asinaeque
1346 2969 1509 3005 paternum
1535 2975 1652 3006 cogno-

902 3019 974 3042 men
999 3014 1102 3041 vertas
1125 3008 1159 3039 in
1182 3007 1279 3039 risum
1304 3007 1364 3049 Ep.
1389 3006 1410 3043 i,
1434 3007 1486 3045 13,
1508 3007 1540 3039 9.
1584 3018 1654 3039 ver-
