1904 3314
299 225 383 266 378

415 326 615 380 Excepto
637 325 841 379 sapiente,
864 333 994 367 tenet.

837 224 1273 268 SATIRARUM

1055 326 1184 367 Nunc
1206 327 1365 382 accipe,
1387 342 1537 382 quare-

415 393 642 446 Desipiant
663 407 806 433 omnes
828 407 949 446 aeque
970 407 1019 434 ac
1041 400 1101 443 tu,
1124 395 1197 447 qui
1219 395 1296 434 tibi
1318 410 1470 435 nomen

413 459 568 499 Insano
590 473 787 512 posuere.

849 458 982 500 Velut
1004 459 1133 508 silvis,
1156 460 1229 500 ubi
1249 462 1408 514 passim

414 525 614 566 Palantes
636 539 754 566 error
775 532 891 566 certo
914 526 968 566 de
991 526 1155 566 tramite
1177 526 1295 580 pellit
1313 545 1322 577 ;

327 593 383 633 50
412 592 488 633 Ille
511 594 815 642 sinistrorsum,
839 592 908 633 hic
929 593 1202 633 dextrorsum
1222 594 1337 644 abit;

417 659 568 708 Error,
594 659 668 699 sed
690 659 814 699 variis
836 658 975 699 illudit
997 658 1215 712 partibus:

1369 608 1478 634 unus
1499 593 1671 647 utrique

1250 658 1330 699 hoc
1354 666 1393 699 te

416 726 556 767 Crede
578 726 704 766 modo
726 726 934 774 insanum,
957 724 1087 765 nihilo
1109 731 1156 765 ut
1178 725 1409 778 sapientior
1430 723 1513 774 ille,

416 792 503 839 Qui
525 799 566 833 te
588 792 769 842 deridet,
794 793 972 833 caudam
994 791 1147 832 trahat.

1209 791 1291 831 Est
1311 805 1447 845 genus
1468 805 1600 831 unum

417 859 619 900 Stultitiae
640 859 815 899 nihilum
836 859 1062 899 metuenda
1083 858 1290 907 timentis3
1323 865 1370 898 ut
1390 858 1524 912 ignes,
1596 882 1610 897 ο

420 927 481 967 Ut
502 941 645 980 rupes,
667 926 905 979 fluviosque
927 926 968 965 in
989 939 1138 978 campo
1160 925 1334 965 obstare
1356 930 1583 977 queratur:

416 992 630 1042 Alterum,
653 1000 696 1034 et
717 993 817 1034 huic
838 1007 996 1040 varum,
1019 999 1062 1032 et
1082 990 1213 1031 nihilo
1235 991 1484 1043 sapientius,
1504 989 1625 1042 ignes

418 1057 503 1098 Per
524 1058 685 1098 medios
706 1058 943 1111 fluviosque
966 1057 1142 1105 ruentis,
1165 1056 1316 1096 clamet
1336 1055 1483 1103 amica,

417 1124 576 1172 Mater,
599 1124 779 1164 honesta
801 1138 919 1164 soror
940 1138 1035 1164 cum
1056 1123 1263 1176 cognatis,
1286 1130 1422 1175 pater,
1448 1135 1581 1161 uxor:

417 1190 503 1231 Hic
525 1190 639 1231 fossa
660 1198 725 1231 est
746 1191 920 1244 ingens!
952 1189 1022 1230 hie
1044 1204 1172 1243 rupes
1195 1188 1398 1228 maxima'
1431 1189 1578 1228 serva!

304 1288 396 1320 dolus
417 1289 567 1320 dicendus
590 1296 671 1322 esset
696 1292 802 1321 mulus.
847 1289 966 1321 Ibidem
988 1299 1035 1319 se-

304 1338 419 1372 quente
435 1332 537 1373 capite
552 1333 651 1374 pergit
667 1334 788 1368 Cicero,
807 1333 918 1367 Quodsi
930 1332 1036 1379 ᾼᾳιιὶἰ-

305 1375 388 1404 [iana
404 1375 540 1415 definitio
556 1386 625 1405 vela
641 1382 693 1406 eat.
731 1376 870 1414 Populos,
881 1373 1037 1404 civitates.

306 1416 433 1455 Magnos
459 1427 552 1456 reges,
577 1417 805 1463 potentissimos
826 1417 873 1447 vel
900 1425 1036 1446 summos

306 1468 459 1498 quosque,
477 1459 532 1499 qui
547 1458 723 1489 civitatibus
741 1464 888 1500 praesunt.
934 1458 1036 1492 Tenet,

307 1501 535 1541 complectitur.

349 1543 488 1573 48-53,
517 1543 603 1573 Velut
626 1544 720 1578 silvis,
748 1546 820 1572 cett.
865 1542 982 1572 Sensus
1007 1547 1038 1571 et

306 1593 422 1614 nexus:
447 1585 710 1625 quemadmodum
726 1584 789 1614 fieri
805 1583 898 1614 solet'
893 1594 923 1613 ιιι
939 1583 1036 1618 silvis,

307 1625 362 1656 ubi
378 1637 440 1656 non
454 1637 520 1657 raro
538 1626 580 1657 ibi
597 1627 737 1668 palantes
753 1636 771 1656 a
788 1631 869 1656 recta
887 1625 935 1655 via
950 1626 1037 1655 aber-

308 1674 388 1703 rant,
417 1667 466 1698 hic
493 1668 715 1702 sinistrorsum,
745 1667 798 1698 ille
824 1667 1037 1704 dextrorsum

308 1715 438 1750 uterque
453 1716 542 1746 errat,
558 1711 612 1741 sed
627 1710 747 1740 diverso
769 1710 880 1746 modo;
904 1710 948 1739 ita
969 1710 1040 1750 (hoc

308 1752 408 1790 modo)
430 1759 458 1783 te
478 1763 602 1794 quoque
621 1753 713 1783 crede
734 1752 890 1786 insanum,
912 1762 984 1782 cum
1001 1762 1039 1785 is.

309 1794 408 1834 quite
424 1794 553 1830 deridet,
574 1794 672 1825 nihilo
697 1803 727 1825 te
751 1794 919 1835 sapientior
943 1793 993 1827 sit,
1010 1799 1042 1824 et

308 1836 449 1908 (proinde,
467 1837 580 1878 pariter
594 1847 630 1867 ac
649 1842 694 1872 tu,
711 1843 746 1867 ut
762 1836 892 1866 insanus
916 1836 955 1866 ab
971 1835 1041 1866 aliis

331 1878 494 1909 erideatur.

353 1922 406 1951 53.
425 1922 690 1951 Caudamthohut
706 1919 890 1961 antiquitus,
902 1930 989 1961 aeque
1005 1930 1040 1950 ac

312 1972 409 1999 nunc,
424 1963 522 2004 pueri,
537 1962 608 1992 vel
602 1973 633 1992 ιιι
653 1962 774 1992 lusibus
799 1962 970 2003 puerilibus
994 1962 1042 1993 vel

310 2009 398 2035 extra
413 2005 512 2038 lusus,
527 2003 567 2039 ei,
584 2015 677 2044 quem
691 2004 796 2034 ludere
806 2010 836 2034 et
847 2004 978 2035 aliorum
987 2005 1041 2034 de

313 2045 389 2076 risui
401 2056 553 2087 exponere
563 2047 720 2080 volebant,
732 2046 911 2077 clanculum
925 2057 942 2076 a
957 2052 1043 2086 tergo

311 2088 443 2118 caudam
460 2088 603 2118 animalis
619 2088 754 2128 alicujus
768 2088 907 2119 adsuisse
924 2088 971 2118 vel
987 2089 1042 2118 ad-

314 2130 416 2161 fixisse
433 2130 595 2167 videntur;
618 2130 701 2160 unde
716 2130 818 2169 iS,qui
829 2130 984 2160 deridetur
994 2131 1041 2160 vel

311 2171 447 2203 ludibrio
459 2172 600 2208 habetur,
608 2171 791 2213 proverbiali
803 2172 863 2202 fere
876 2172 1042 2209 locutione,

312 2217 439 2245 caudam
454 2215 572 2244 trahere
592 2213 654 2244 dici
677 2213 807 2244 videtur.
852 2213 904 2243 Sic
924 2214 963 2244 de
986 2196 1042 2243 hae’

314 2256 471 2287 locutione
492 2256 558 2297 jam
583 2255 679 2287 sensit
704 2255 810 2285 Scliol.
835 2255 963 2296 Porph..
989 2255 1044 2296 qui

314 2299 433 2328 notavit
457 2298 542 2328 hirc:
577 2309 610 2328 ex
643 2299 856 2328 consuetudine
882 2308 1044 2336 puerorum

313 2348 440 2371 sumtum
464 2351 528 2379 pro,
549 2342 726 2375 deridemr3
750 2341 842 2370 solent
858 2341 935 2369 enim
957 2341 1044 2379 pueri

313 2384 480 2413 deridentes
494 2383 690 2413 nescientibus
704 2394 721 2411 α
738 2387 820 2422 tergo
835 2383 960 2411 caudam
980 2392 1043 2411 sus-

310 2427 450 2465 pendere.
471 2430 503 2454 ut
518 2426 598 2455 velut
612 2435 699 2464 pecus
712 2426 839 2454 caudam
856 2424 989 2454 trahant.

356 2468 408 2498 54.
447 2466 608 2496 Timentis:
643 2466 753 2507 junge,
783 2477 878 2496 unum
906 2467 1045 2496 stultitiae

312 2519 407 2550 gemis
433 2515 473 2539 est
501 2507 633 2538 hominis
660 2509 810 2544 timentis;
835 2514 870 2538 *ut
891 2510 984 2549 ignes,
1003 2508 1046 2538 ita

318 2550 456 2592 quidem,
470 2557 505 2581 ut
520 2561 618 2590 ignes
635 2557 707 2581 cett.

357 2594 408 2624 56.
433 2593 517 2623 Huic
531 2604 648 2627 varum,
665 2593 695 2623 h.
710 2602 736 2622 e.
752 2591 867 2633 dispar,
884 2591 1045 2628 dissimile,

315 2635 492 2671 diversum
515 2635 698 2666 translatum
715 2634 754 2664 ab
767 2633 944 2667 hominibus
958 2636 1047 2671 varis,

315 2677 368 2719 qui
384 2677 495 2718 pedes'
489 2687 521 2707 ιιι
537 2677 689 2707 diversum
706 2677 800 2707 flexos
817 2676 941 2706 liabent.

358 2720 497 2751 57-62,
522 2719 666 2749 Rueutis:
687 2718 798 2759 junge,
815 2719 943 2748 alterum
968 2717 1047 2747 stul-

315 2761 391 2792 titiae
414 2771 512 2802 genus
528 2766 575 2792 est
602 2760 735 2790 hominis
758 2762 886 2790 volemis.
933 2760 1045 2790 Clamet

315 2805 423 2839 amica,
448 2808 520 2834 cett.
543 2803 581 2838 is,
607 2802 680 2833 licet
705 2802 817 2836 amica,
842 2808 949 2838 mater,
970 2808 1046 2832 cett.

315 2846 442 2882 clamet,
468 2845 530 2877 Hic
557 2845 638 2876 fossa
661 2850 826 2875 est—cave
850 2844 918 2878 tibi,
941 2850 1043 2874 tamen

316 2897 380 2918 non
396 2887 495 2928 magis
511 2886 654 2923 audierit,
672 2897 764 2928 quam
781 2886 853 2916 olim
867 2885 971 2916 ebrius
984 2887 1044 2916 Fu-

315 2930 385 2966 fius,
400 2935 474 2960 cett.

358 2954 496 3004 5’9—62.
508 2972 615 3002 Serta.-
631 2971 679 3004 vel
690 2970 810 3013 supple,
821 2975 1046 3012 teapraescnte

1080 1287 1229 1328 periculo,
1254 1287 1301 1319 vel
1329 1287 1436 1328 accipe
1460 1296 1526 1328 pro,
1553 1286 1694 1322 observa,
1722 1284 1753 1316 h.
1781 1296 1810 1317 e.

1080 1329 1159 1364 vide,
1177 1339 1238 1370 quo
1253 1340 1335 1360 ruas.
1380 1331 1488 1370 Imago
1504 1327 1649 1363 hominis,
1661 1338 1715 1369 per
1730 1338 1809 1369 prae-

1079 1371 1187 1412 cipitia
1222 1371 1338 1402 ruentis
1370 1382 1425 1402 nec
1454 1371 1549 1401 ullam
1578 1369 1809 1401 dehortantium

1080 1423 1184 1444 vocem
1202 1413 1417 1447 auscultantis,
1432 1412 1596 1443 Stertinio
1589 1422 1622 1442 ιιι
1633 1412 1812 1442 memoriam

1081 1461 1204 1486 revocat
1225 1456 1355 1486 facetam
1383 1454 1540 1485 historiam
1564 1454 1603 1485 de
1635 1453 1722 1484 Fufio
1748 1453 1811 1484 his-

1082 1497 1190 1532 trione,
1208 1498 1273 1537 qui,
1290 1508 1360 1528 cum
1377 1497 1482 1527 ebrius
1497 1495 1530 1525 in
1547 1495 1699 1535 tragoedia
1709 1494 1814 1526 Iliona

1084 1549 1243 1579 personam
1260 1538 1367 1568 matris
1379 1537 1559 1569 dormientis
1575 1538 1686 1568 llionae
1697 1543 1812 1578 ageret,

1081 1587 1145 1610 tam
1162 1582 1223 1611 alto
1241 1581 1271 1610 in
1286 1590 1379 1611 scena
1395 1590 1502 1621 sopore
1524 1589 1689 1627 oppressus
1703 1585 1762 1614 est,
1779 1584 1814 1610 ut

1081 1623 1121 1653 ab
1143 1623 1203 1653 alio
1230 1622 1386 1657 histrione,
1413 1622 1554 1657 Catieno.
1582 1621 1637 1662 qui
1662 1622 1812 1653 Umbram

1082 1665 1128 1695 vel
1147 1665 1224 1705 Poly
1227 1665 1293 1695 dori
1310 1666 1356 1695 vel
1375 1663 1515 1706 Deiphili
1530 1673 1636 1704 agens,
1658 1663 1813 1694 dormien-

1083 1712 1144 1737 tem
1171 1676 1306 1738 Ilionam
1330 1707 1518 1749 appellabat,
1542 1716 1581 1736 ne
1606 1704 1814 1736 intentissima

1082 1749 1209 1796 quidem
1240 1759 1314 1780 voce
1342 1760 1360 1780 e
1397 1758 1504 1779 somno
1538 1747 1666 1778 excitari
1699 1752 1816 1788 posset.

1086 1790 1243 1822 Pacuvius
1267 1790 1388 1822 scilicet
1413 1790 1452 1821 ad
1474 1789 1652 1837 exemplum
1674 1789 1842 1820 Hecubae--

1085 1833 1263 1874 Euripideae
1288 1833 1483 1874 tragoediam,
1507 1832 1604 1862 Iliona
1623 1830 1814 1879 inscriptam,

1083 1875 1278 1917 composuit;
1299 1881 1331 1906 at
1353 1885 1423 1916 quae
1442 1874 1523 1916 apud
1546 1873 1728 1922 Euripidem
1751 1873 1814 1904 He-

1084 1919 1159 1947 cuba
1188 1925 1326 1952 vocatur,
1362 1927 1398 1947 ea
1427 1916 1511 1958 apud
1546 1916 1720 1947 Pacuvium
1750 1920 1818 1946 erat

1088 1960 1198 1990 Iliona.
1243 1959 1420 1990 Secundum
1446 1957 1684 2000 mythographos
1711 1962 1816 1988 autem

1087 2002 1186 2032 Iliona
1201 2008 1266 2032 erat
1278 2002 1342 2032 filia
1356 2001 1486 2036 Priami,
1499 2011 1570 2031 cum
1581 2000 1816 2046 Polymnestore

1086 2044 1283 2074 matrimonio
1307 2043 1440 2084 juncta3
1476 2042 1568 2084 cujus
1597 2040 1816 2083 discrepantiae

1085 2086 1293 2134 expediendae
1305 2086 1418 2127 duplex
1443 2085 1481 2115 ab
1503 2084 1722 2126 interpretibus
1744 2093 1815 2124 pro·

1087 2128 1209 2168 ponitur
1238 2129 1334 2159 ratio:
1376 2137 1451 2162 una,
1482 2133 1517 2157 ut
1553 2126 1687 2157 Hecuba
1722 2125 1817 2157 etiam

1087 2169 1186 2199 Iliona
1199 2170 1354 2211 appellata
1367 2169 1477 2206 fuerit3
1493 2169 1600 2205 altera,
1611 2173 1648 2199 ut
1658 2167 1818 2198 Pacuvius

1087 2211 1192 2246 aliam,
1209 2222 1302 2251 quam
1321 2211 1496 2252 Euripides,
1519 2217 1644 2241 secutus
1666 2209 1706 2240 sit
1728 2209 1818 2240 fabu-

1087 2252 1160 2283 lam.
1206 2254 1245 2283 Et
1261 2253 1328 2283 haec
1343 2253 1469 2293 quidem
1485 2252 1582 2282 altera
1597 2252 1687 2292 longe
1703 2252 1816 2293 proba-

1087 2294 1188 2324 bilior.
1235 2295 1350 2325 Narrat
1374 2294 1456 2325 enim
1483 2294 1641 2334 HyginuS,
1658 2304 1696 2324 ex
1717 2299 1818 2324 vetere

1088 2337 1194 2377 procul
1207 2336 1313 2372 dubio,
1328 2342 1364 2367 ut
1376 2337 1465 2371 solet,
1479 2335 1644 2376 tragoedia,
1662 2335 1739 2366 Fab.
1755 2335 1817 2371 cix,

1090 2380 1212 2409 Priamo
1240 2379 1406 2419 Polydorus
1424 2379 1516 2418 filius
1543 2389 1576 2409 ez·
1599 2377 1723 2408 Hecuba
1750 2388 1817 2408 cum

1088 2427 1158 2452 esset
1173 2427 1273 2456 natus,
1292 2421 1393 2451 Iliona:
1409 2422 1480 2456 filia:
1503 2431 1560 2451 511ae
1583 2421 1730 2450 dederunt
1752 2430 1819 2450 eum

1088 2465 1288 2499 educandum,
1313 2474 1375 2503 quw
1402 2463 1618 2502 Polymnestori
1633 2463 1698 2502 regi
1723 2461 1818 2492 Thra-

1087 2516 1154 2535 cum
1171 2513 1235 2536 erat
1251 2512 1358 2544 nupta,
1375 2515 1458 2544 quem
1473 2505 1529 2534 illa
1542 2504 1672 2545 profilia
1681 2515 1732 2534 suo
1746 2505 1820 2534 edu-

1088 2550 1178 2578 cavit.
1223 2548 1396 2586 Deiphilum
1413 2553 1523 2581 nutem,
1546 2557 1629 2586 quem
1642 2557 1675 2577 ει
1701 2546 1820 2587 Polym-

1090 2597 1202 2620 nestore
1216 2595 1436 2629 procreaverat,
1450 2600 1504 2629 pro
1517 2600 1568 2619 suo
1581 2589 1690 2629 fratre
1711 2590 1820 2619 educa-

1090 2635 1145 2666 vit,
1163 2638 1208 2666 ut,
1226 2634 1251 2662 si
1267 2633 1356 2662 alteri
1371 2642 1470 2662 eorum
1486 2633 1558 2671 quid
1570 2631 1669 2672 joret,
1684 2632 1820 2671 purenti-

1092 2675 1145 2704 Ims
1172 2681 1335 2713 praestaret.
1391 2674 1448 2704 Sed
1477 2684 1544 2703 cum
1573 2673 1692 2709 Achivi,
1731 2672 1822 2712 Trqja

1091 2722 1189 2755 capla,
1202 2718 1314 2755 prolem
1335 2717 1449 2746 Priami
1463 2717 1624 2754 exstirpare
1646 2716 1766 2752 vellent,
1781 2716 1821 2746 ud

1093 2758 1342 2795 Polymnestorem
1373 2759 1483 2798 legatos
1511 2758 1667 2791 miserunt,
1703 2759 1754 2796 qui
1789 2758 1817 2786 ei

1089 2801 1317 2840 Agamemnonis
1321 2800 1436 2842 filiam,
1452 2801 1568 2829 nomine
1581 2799 1744 2834 Electram,
1751 2799 1817 2838 pol·

1089 2844 1254 2874 lie-eventui·
1275 2845 1308 2873 in
1331 2842 1516 2882 conjugium,
1540 2848 1566 2870 et
1587 2842 1659 2871 auri
1681 2851 1822 2881 magnum

1088 2887 1212 2924 copiam,
1224 2887 1249 2916 si
1265 2885 1458 2924 Polydorum,
1474 2883 1713 2923 Primnifilium,
1726 2884 1821 2913 inter—

1078 2929 1224 2969 jecissess
1252 2927 1455 2967 Polymnestor
1471 2926 1635 2966 legatorum
1657 2926 1739 2955 dicto
1762 2935 1821 2955 mm

1089 2971 1272 3010 repudiavit,
1293 2969 1526 3009 Deiphilumque
1539 2967 1648 3008 filium
1663 2977 1750 2998 suum
1764 2968 1822 2998 im-
