1904 3314
676 202 904 246 LIBER
935 204 973 255 Ι,
1010 207 1073 248 18.

1550 209 1634 251 487

588 404 911 448 EPISTOLA
941 406 1120 451 XVIII.

667 536 740 568 AD
771 536 1036 570 LOLLIUM.

200 632 251 674 S1
271 633 383 674 bene
404 638 447 674 te
467 631 581 682 novi,
603 638 786 682 metues,
808 631 1028 674 liberrime
1052 632 1183 684 Lolli,

197 700 446 742 Scurrantis
468 699 658 755 speciem
678 701 894 754 praebere,
916 700 1141 756 professus
1162 703 1359 745 amicum.

197 767 262 810 Ut
281 775 476 810 matrona
496 768 713 809 meretrici
734 768 885 823 dispar
906 769 989 810 erit
1009 776 1141 824 atque

196 835 416 886 Discolor,
438 834 576 877 infido
598 850 760 877 scurrae
782 836 962 878 distabit
981 838 1159 880 amicus.

136 903 165 946 5
195 903 282 946 Est
301 903 402 946 huic
423 903 642 946 diversum
662 903 765 946 vitio
790 904 938 946 vitium
958 920 1097 961 prope
1117 907 1271 962 majus,

194 970 428 1028 Asperitas
446 971 632 1027 agr-estis
653 978 698 1013 et
718 972 976 1014 inconcinna
996 974 1247 1030 gravisque,

195 1039 310 1088 Quae
331 1054 378 1081 se
397 1040 670 1082 commendat
691 1046 819 1081 tonsa
839 1047 954 1090 cute,
979 1040 1186 1082 dentibus
1207 1042 1336 1093 atris;

194 1107 316 1150 Dum
335 1107 428 1149 vult
447 1107 626 1149 libertas
649 1106 735 1149 dici
756 1122 888 1157 mera,
909 1122 1098 1162 veraque
1119 1108 1271 1150 virtus.

193 1175 349 1218 Virtus
370 1182 438 1217 est
459 1174 649 1216 medium
670 1174 885 1224 vitiorum,
908 1181 952 1216 et
971 1175 1175 1230 utrinque
1196 1175 1438 1218 reductum.

109 1243 163 1285 10
192 1241 321 1285 Alter
340 1243 383 1284 in
405 1243 664 1297 obsequium
684 1241 783 1297 plus
804 1257 932 1297 aequo
952 1258 1135 1298 pronus,
1157 1250 1202 1284 et
1222 1243 1295 1284 imi

193 1310 378 1352 Derisor
398 1309 500 1352 lecti
521 1310 581 1351 sic
602 1316 755 1351 nutum
777 1310 923 1351 divitis
944 1310 1110 1359 horret,

191 1378 266 1420 Sic
284 1378 414 1419 iterat
434 1391 578 1426 voceS,
600 1384 645 1418 et
666 1377 799 1418 verba
820 1376 1022 1418 cadentia
1043 1376 1168 1426 tollit,

191 1445 255 1488 Ut
274 1441 595 1502 puerum'saevo
616 1444 770 1487 credas
793 1444 958 1486 dictata
978 1445 1184 1501 magistro

66 1579 371 1617 circumforaneum,
381 1579 583 1622 impostorem
596 1590 602 1609 :
628 1579 714 1621 apud
726 1579 820 1611 Cice-

73 1634 182 1655 ronem
196 1633 325 1666 quoque
341 1622 410 1654 haec
425 1633 486 1655 vox
502 1622 652 1660 occurrit,
666 1632 723 1665 pro
739 1622 819 1655 Clu-

74 1667 321 1744 eniiof‘dg'rzm,
343 1717 363 1738 a
382 1708 474 1751 plebe
499 1707 642 1750 inprimis
664 1706 716 1738 hic
743 1707 822 1738 deus

75 1751 302 1795 AEgyptiorum
329 1751 414 1793 apud
444 1751 609 1782 Romanos
632 1750 820 1788 colebatur3

71 1795 158 1869 gude
179 1804 308 1838 quoque
338 1795 452 1834 planus
487 1804 540 1836 per
563 1792 684 1824 Osirim
713 1793 822 1835 jurare

95 1843 304 1917 ncggirbuaew
325 1881 536 1923 peregrinum,
563 1889 621 1910 nos
643 1879 728 1910 enim
751 1879 819 1921 jam

70 1923 152 1957 bene
168 1930 200 1957 te
214 1923 373 1956 novimus.
421 1923 538 1959 Rauca,
551 1933 596 1954 sc.
613 1922 764 1954 clamore.

255 2008 482 2041 EPISTOLA
506 2010 533 2039 X
545 2009 640 2040 VIII.

115 2052 173 2086 Uti
189 2052 222 2084 in
236 2052 434 2095 praecedente
458 2051 603 2094 Epistola
617 2052 749 2087 Scaevae,
773 2051 818 2082 ita
836 2087 837 2091 Ἰ

68 2095 104 2127 in
127 2096 188 2128 hac
217 2095 321 2127 Lollio
349 2100 509 2137 praecepta
530 2094 596 2131 dat,
619 2094 659 2125 ad
682 2105 755 2136 quae
778 2093 816 2132 is,

69 2140 126 2182 qui
143 2146 250 2181 gratus
263 2144 296 2170 et
314 2138 478 2180 jucundus
493 2147 562 2169 esse
576 2137 666 2179 cupit
681 2137 816 2179 potenti-

68 2182 188 2220 oribus,
203 2192 238 2214 se
253 2191 361 2223 gerere
375 2180 501 2212 debeat.
544 2181 583 2211 In
606 2180 707 2222 prima
722 2180 816 2222 hujus

69 2225 223 2268 Epistolae
260 2230 348 2267 parte
381 2223 511 2255 mirifice
547 2223 654 2266 placet
689 2223 814 2265 egregie

68 2268 256 2300 adumbrata
269 2278 380 2299 wurrae
392 2273 424 2298 et
435 2267 562 2297 hominis
574 2268 674 2306 asperi
688 2265 793 2307 imago
804 2279 813 2306 ;

67 2309 213 2343 ultimam
226 2316 332 2342 autern
342 2310 413 2352 ejus
422 2315 542 2352 partem
555 2319 647 2341 nemo
657 2308 815 2340 erectioris

68 2353 186 2386 indolis
204 2353 308 2394 legere
322 2358 438 2395 potest,
454 2351 531 2394 quin
548 2357 612 2383 tam
635 2351 675 2383 iis
697 2351 814 2394 quibus

67 2397 108 2429 ud
133 2407 213 2430 νει-ω
234 2395 395 2428 felicitatis
416 2395 476 2427 sibi
498 2394 648 2437 parandae
671 2394 813 2426 studium

0 2463 3 2467 -
67 2439 224 2472 excitatur
253 2438 388 2477 Lollius,
414 2448 511 2480 quam
542 2443 615 2469 voto
641 2449 705 2480 quo
731 2438 813 2470 hanc

0 2489 2 2491 '
57 2481 248 2525 Epistolam
260 2483 412 2513 Horatius
423 2481 504 2517 finit,
515 2491 611 2512 sensu
623 2480 815 2523 percutiatur

68 2524 270 2557 suavis-imo.
321 2525 471 2557 Ceterum
502 2524 634 2559 Lollius,
664 2530 701 2555 ut
730 2529 816 2556 reete

63 2567 190 2610 iudicat
212 2568 266 2600 el.
288 2567 475 2605 Wetzelius,
497 2566 581 2598 idem
601 2577 672 2598 esse
692 2566 817 2598 videtur

70 2610 112 2642 ad
132 2621 226 2653 quem
250 2610 368 2658 scripta
391 2615 439 2642 est
459 2609 604 2651 Epistola
625 2609 723 2650 hujus
742 2609 816 2640 libri

3 2671 6 2676 ·
54 2654 222 2691 >secundm
259 2653 383 2685 scilicet
413 2653 566 2683 Maximus
598 2652 730 2688 Lollius,
766 2652 815 2684 M.

0 2705 14 2718 ·”
71 2696 169 2728 Lauri
187 2698 344 2732 Palicani,
359 2696 399 2727 ad
416 2706 510 2737 quem
521 2694 674 2737 scriptum
687 2701 734 2726 est
745 2705 815 2727 car-

6 2755 14 2781 ῄ
69 2749 143 2772 men
159 2739 294 2782 lyricum
310 2750 382 2782 sup.
398 2739 465 2770 Od.
482 2738 526 2774 iv,
543 2739 576 2773 9,
591 2738 686 2769 filius.

117 2783 147 2820 1,
161 2784 194 2814 2.
218 2783 398 2814 Liber-rime.
431 2781 524 2813 Liber
539 2780 655 2812 dicitur
667 2780 723 2822 qui
740 2780 816 2812 alie-

12 2856 14 2859 ,
69 2834 131 2856 nus
152 2825 194 2858 ab
215 2825 303 2857 omni
331 2823 547 2861 simulatione,
570 2834 643 2865 quae
669 2823 766 2855 sentit
787 2829 818 2856 et

2 2909 7 2914 ι
67 2866 204 2910 judicat,
215 2868 314 2900 libere
326 2872 360 2899 et
373 2868 511 2909 ingenue
527 2866 646 2909 profert
660 2872 692 2898 et
707 2866 818 2908 aperit.

113 2911 147 2943 2.
167 2911 365 2943 scurrantis:
388 2911 429 2942 cf.
445 2910 548 2959 Epist·
563 2909 700 2952 praeced.
717 2921 749 2940 v.
769 2911 820 2942 19.

910 1581 942 1617 3,
961 1580 994 1611 4.
1019 1579 1190 1622 Eleganter
1204 1585 1358 1618 matrona,
1373 1580 1424 1623 cuj
1431 1591 1468 1612 us
1483 1580 1615 1613 honesta

867 1622 991 1664 species
1005 1622 1130 1654 diversa
1144 1629 1192 1654 est
1209 1633 1227 1654 a
1244 1623 1419 1655 meretricis
1434 1624 1540 1666 specie
1563 1625 1615 1656 in-

867 1665 1012 1700 honesta,
1022 1671 1152 1697 vocatur
1160 1666 1316 1697 meretrici
1326 1667 1464 1705 discolor,
1475 1678 1531 1709 pro
1544 1667 1614 1698 vul-

866 1709 946 1748 gari,
970 1707 1130 1739 dissimilis
1142 1721 1150 1747 ;
1174 1708 1220 1739 sic
1241 1710 1322 1739 color
1344 1719 1474 1751 quoque
1495 1709 1535 1741 de
1557 1720 1613 1741 ex-

866 1756 956 1782 terna
975 1751 1092 1793 specie,
1116 1751 1167 1782 vel
1189 1750 1228 1782 de
1250 1757 1378 1783 externo
1400 1752 1510 1783 habitu
1532 1758 1565 1784 et
1579 1763 1614 1784 se

865 1793 994 1834 gerendi
1004 1794 1139 1830 ratione,
1149 1793 1182 1824 in
1194 1793 1392 1836 praecedente
1404 1794 1503 1837 Epist.
1517 1796 1611 1832 v.23,

867 1837 972 1868 Omnis
987 1838 1178 1877 Aristippum
1192 1838 1295 1868 decuit
1310 1839 1391 1867 color
1413 1844 1441 1868 et
1463 1843 1562 1869 status
1582 1845 1612 1869 et

864 1890 921 1910 res.
979 1879 1082 1921 Infidu
1110 1891 1224 1911 scurroe
1256 1881 1382 1911 distabit
1409 1882 1535 1917 amicus,
1566 1879 1612 1913 ita

864 1922 986 1954 amicus
1012 1933 1031 1954 a
1059 1922 1151 1953 malae
1178 1922 1251 1954 fidei
1275 1933 1383 1954 scurra
1406 1922 1612 1965 discrepabit.

864 1965 1031 1997 Particula
1053 1968 1109 2001 ita,
1133 1971 1204 2007 post
1226 1971 1261 1996 ut
1277 1965 1326 1997 vel
1348 1968 1440 2002 sicut,
1456 1977 1520 1998 non
1539 1977 1609 1998 raro

863 2008 964 2040 omitti
978 2009 1074 2040 solet:
1100 2008 1165 2039 vid.
1182 2008 1344 2039 Drakenb.
1358 2008 1398 2039 ad
1413 2009 1483 2040 Liv.
1495 2009 1541 2045 ix,
1557 2010 1609 2046 17,

862 2052 878 2092 §
902 2054 944 2091 4;
968 2052 1008 2083 ad
1031 2051 1139 2089 xxxiv,
1153 2052 1186 2087 9,
1205 2052 1300 2093 §105
1323 2057 1356 2083 et
1371 2052 1411 2082 ad
1428 2052 1536 2089 xxxix,
1553 2054 1608 2088 41,

862 2097 878 2136 §
904 2139 938 2169 5.
964 2137 1049 2168 Huic
1064 2139 1150 2173 vitio,
1165 2136 1288 2169 scurrili
1302 2136 1463 2169 dicacitati
1474 2143 1507 2170 et
1521 2138 1607 2170 face-

860 2180 911 2212 tiis
926 2180 1071 2223 placendi
1087 2179 1205 2212 studio.
1510 2210 1523 2216 ,

901 2225 933 2259 6,
951 2224 980 2254 7.
1007 2223 1207 2262 Inconcinna,
1222 2223 1350 2255 inficeta
1362 2235 1371 2262 ς
1393 2227 1566 2266 gravisque,
1576 2229 1609 2256 et

858 2265 1001 2298 molesta.
1048 2266 1122 2301 Quae
1145 2277 1174 2298 se
1199 2268 1397 2304 commendat,
1421 2278 1455 2299 se
1478 2267 1605 2310 conspi-

858 2309 1005 2341 ciendam
1021 2310 1140 2351 praebet
1153 2321 1161 2347 ;
1184 2312 1334 2350 asperitas
1356 2310 1440 2341 enirn
1466 2311 1606 2353 profecto

858 2363 890 2384 se
908 2363 971 2384 non
987 2353 1190 2384 commendat
1204 2363 1300 2384 sensu
1323 2353 1461 2395 proprio.
1510 2354 1607 2385 Tonsa

856 2402 944 2427 cute:
968 2405 1054 2435 ergo,
1067 2395 1122 2437 qui
1132 2395 1170 2426 ad
1188 2402 1296 2427 cutem
1310 2406 1412 2438 usque
1429 2397 1607 2428 tondeban-

857 2443 919 2474 tur,
946 2438 1109 2469 faciebant
1141 2438 1265 2481 aliquid
1297 2439 1383 2480 quod
1413 2439 1455 2471 ad
1481 2451 1606 2472 morum

858 2481 1060 2524 asperitatem
1077 2481 1266 2523 pertinebat.

903 2526 936 2555 8.
960 2524 1045 2555 Dum
1059 2525 1125 2555 vult
1140 2526 1276 2561 libertas,
1289 2525 1366 2556 dum
1379 2525 1496 2567 asperis
1513 2525 1606 2557 mori-

859 2567 918 2599 bus
945 2566 1088 2598 homines
1113 2566 1212 2598 videri
1237 2567 1347 2599 volunt
1375 2573 1441 2599 tam
1467 2568 1607 2606 candidi,

859 2610 917 2652 qui
932 2609 1040 2641 omnia
1052 2609 1149 2641 libere
1163 2609 1285 2647 dicant,
1300 2621 1398 2653 quam
1411 2621 1492 2643 verae
1508 2611 1606 2643 virtu-

859 2653 898 2684 tis
914 2651 1059 2683 studiosi.

902 2697 934 2727 9.
962 2695 1066 2726 Virtus
1078 2702 1121 2726 est
1137 2697 1280 2734 medium,
1303 2702 1379 2728 cett.
1425 2696 1488 2728 Sed
1511 2696 1609 2729 virtus

861 2738 998 2770 medium
1012 2738 1105 2780 quasi
1121 2739 1227 2770 sedem
1244 2739 1324 2771 inter
1338 2739 1402 2771 duo
1425 2739 1512 2771 dicta
1534 2740 1611 2771 vitia.

861 2786 958 2818 tenet,
973 2780 1042 2824 pari
1064 2781 1167 2825 spatio
1190 2782 1231 2813 ab
1246 2788 1382 2824 utroque
1401 2782 1532 2814 reducta
1544 2783 1611 2814 sive

861 2830 993 2856 remota.

908 2868 960 2904 10,
980 2868 1029 2898 11.
1046 2868 1146 2906 Alter,
1157 2878 1276 2900 scurra.
1312 2868 1371 2899 1ιηί
1384 2868 1508 2898 Derisor
1520 2869 1612 2898 lecti.-

864 2912 991 2946 derisor,
1007 2909 1063 2952 qui
1086 2910 1165 2942 alios
1187 2911 1352 2943 illudendo
1375 2910 1470 2941 risum
1493 2915 1613 2951 captat,

59 2952 232 3003 .Pruseuus
260 2957 404 2990 amicum,
436 2964 463 2984 st
492 2952 590 2986 semel
619 2958 650 2985 te
687 2952 822 2995 alicujus
866 2963 994 2992 scurra;
1016 2963 1132 2984 scurrae
1147 2954 1232 2986 enim
1249 2964 1396 2985 unacum
1413 2952 1614 2984 convivatore

74 3005 215 3028 amicum
229 2997 389 3040 professus
401 3007 446 3029 es.

868 2997 902 3028 in
924 2998 981 3028 imo
1005 2997 1079 3028 teoto
1101 2997 1232 3029 triclinii
1247 2996 1435 3028 accumbere
1450 2995 1592 3028 solebant
1604 3007 1614 3035 3
