1884 3288
656 200 882 243 LIBER
915 199 952 251 Ι,
987 201 1051 242 19.

307 306 410 349 Urit
429 311 554 361 grata
573 304 849 359 protervitas,

365 373 427 415 Et
447 371 592 414 vultus
614 371 789 413 nimium
811 370 1006 412 lubricus
1027 370 1210 425 adspici.

306 441 358 483 In
379 456 446 483 me
466 439 566 482 tota
580 455 711 482 ruens
731 438 886 482 Venus
922 461 930 465 -

223 509 276 551 10
363 509 555 564 Cyprum
577 509 795 558 deseruit3
827 521 908 548 nec
930 506 1094 562 patitur
1116 505 1318 560 Scythas,

306 577 367 618 Et
388 578 523 618 versis
545 577 785 618 animosum
806 575 930 630 equis

365 644 579 686 Parthum
600 645 762 694 dicere,
786 658 865 684 nec
886 657 983 697 quae
1004 640 1110 683 nihil
1131 642 1331 682 attinent.

303 711 393 753 Hic
414 712 558 753 vivum
577 711 682 752 mihi
704 711 926 766 cespitem,
948 710 1020 751 hic

360 778 608 828 Verbenas,
630 780 771 834 pueri,
794 778 957 834 ponite,
981 785 1182 832 turaque,

220 847 274 889 15
303 846 418 890 Bimi
439 861 535 889 cum
557 854 710 902 patera
730 847 860 888 meri:

361 915 558 958 Mactata
579 916 723 957 veniet
743 914 883 956 lenior
904 913 1063 956 hostia.

69 1042 128 1068 tem
143 1037 183 1069 de
195 1036 308 1080 jocosa
321 1037 379 1068 illa
393 1037 570 1080 petulantia
586 1037 676 1079 (nos,
692 1037 815 1069 Leicht-

59 1080 240 1124 sertigkeil,
258 1079 451 1122 Muthwille)
475 1081 611 1123 accipio,
635 1091 708 1123 quae
733 1081 817 1112 haud

69 1122 222 1166 displicet
243 1123 277 1155 in
302 1123 430 1166 puellis,
453 1123 550 1155 immo
574 1134 629 1155 eas
656 1123 819 1166 jucundas

71 1171 168 1208 atque
184 1167 338 1198 amabiles
353 1167 466 1198 reddit.
516 1167 553 1197 Et
571 1168 675 1198 vultus
692 1170 819 1198 nimiicm

72 1210 212 1241 lubricus
238 1211 367 1251 adspici,
396 1211 429 1241 h.
456 1220 487 1241 e.
520 1209 606 1241 oculi
637 1210 819 1251 flagrantes,

69 1262 204 1294 quorum
217 1253 387 1295 adspectus
403 1253 496 1284 nimis
514 1253 709 1295 periculosus
722 1260 770 1284 est
781 1253 819 1284 ad

71 1295 236 1327 libidinem
253 1296 430 1338 propensis.
480 1296 591 1326 Vultus
615 1296 752 1327 lubricus
774 1305 822 1327 est

71 1338 259 1370 Graecorum
268 1339 406 1382 βλέμμα
418 1338 540 1381 ὑγρόν,
552 1339 583 1368 h.
595 1349 622 1369 e.
632 1339 717 1369 oculi
730 1345 820 1380 petu-

70 1381 175 1413 lanter
193 1389 226 1414 et
245 1381 362 1413 lascive
385 1383 530 1417 mobiles,
555 1387 710 1418 natanteS,
735 1381 821 1423 pani,

71 1425 231 1468 voluptate
251 1424 376 1463 suffusi,
391 1430 423 1456 et
445 1425 509 1455 fere
535 1425 684 1460 Venerei,
708 1425 821 1465 quales

68 1465 103 1498 in
120 1468 231 1500 amieae
246 1479 314 1499 suae
329 1467 470 1508 imagine
481 1467 632 1510 pictorem
647 1467 821 1509 exprimere

67 1509 162 1552 jubet
186 1511 369 1544 Anacreon.
398 1510 463 1542 Od.
490 1510 599 1547 xxviii,
628 1511 682 1548 21,
714 1511 757 1542 Τὸ
788 1509 819 1542 δὲ

68 1553 208 1597 βλέμμά
223 1556 289 1594 νῦν
303 1553 538 1594 άληθωςἈπὸ
547 1555 610 1585 τοῦ
622 1554 731 1595 πυρὸς
745 1554 818 1585 ποί-

69 1608 178 1636 ησον·
190 1595 286 1638 ’Ἀμα
301 1598 469 1639 γλαυκὸν,
485 1597 531 1634 ὡς
544 1596 697 1636 Ἀθήνης
707 1607 714 1615 ·
726 1595 818 1637 “Apta

69 1638 98 1672 δ’
129 1639 250 1683 ὑγρὸν.
282 1640 327 1678 ὡς
354 1640 532 1681 Κυθὴρης·
565 1639 622 1670 ubi
649 1642 687 1671 τὸ
711 1639 821 1683 ὑγρὸν

68 1683 152 1715 bene
177 1683 269 1715 vertit
292 1683 480 1719 Barnesius,
506 1685 678 1714 lubricum.-
708 1684 749 1714 cf.
775 1683 819 1714 ibi

69 1726 178 1758 Fisch.
193 1732 226 1758 et
241 1727 384 1767 Bergler,
402 1726 442 1757 ad
465 1726 651 1768 Alciphron.
677 1726 704 1761 i,
715 1727 770 1761 28,
787 1737 818 1768 p.

70 1769 145 1800 117.
189 1769 357 1812 Ejusmodi
370 1770 482 1800 oeulos
497 1769 661 1803 Catullus.
683 1769 746 1804 xlv,
765 1770 816 1806 ll,

68 1817 164 1844 vocat
171 1813 276 1849 ebrius,
285 1812 341 1843 ubi
350 1812 392 1844 cf.
401 1818 520 1843 notata.
536 1812 582 1843 Τὸ
590 1813 706 1851 adspici
714 1812 816 1854 possis

69 1854 201 1898 quidem
230 1854 401 1898 explicare,
433 1856 459 1886 si
489 1854 722 1896 adspiciuntur,
758 1855 813 1886 ad-

68 1904 182 1941 spectu
196 1909 204 1927 τ
229 1899 285 1930 sed
298 1898 358 1930 hoc
373 1909 413 1930 ne
424 1909 505 1941 opus
516 1898 644 1940 quidem
657 1903 725 1937 est;
743 1908 814 1929 nam

94 1941 166 1973 lane
189 1940 271 1973 illud
287 1942 402 1974 Graeco
424 1952 508 1972 more
530 1941 684 1975 abundat,
700 1947 736 1971 ut
758 1940 815 1971 inf.

81 1983 126 2016 ib.
141 1983 185 2022 iv,
202 1985 305 2021 259,
329 1986 434 2016 niveus
459 1986 558 2016 videri
582 1994 638 2025 pro
666 1983 815 2026 simplici,

68 2037 191 2060 niveus.

111 2071 234 2102 9—12.
256 2070 296 2102 In
308 2081 354 2102 me
366 2076 431 2102 tota
445 2081 539 2101 ruens
556 2070 655 2100 Verius
679 2069 816 2111 Cyprum

68 2114 223 2145 deseruit.-
258 2114 371 2146 Venus
397 2123 437 2144 ex
455 2112 572 2144 'insula
602 2113 707 2154 Cypro
737 2113 815 2143 emi-

67 2166 177 2198 grasse
192 2161 226 2189 et
238 2162 306 2188 toto
320 2155 452 2188 numine
468 2166 526 2187 suo
536 2156 568 2186 in
585 2162 699 2198 pectus
712 2165 815 2186 meum

67 2199 264 2242 immigrasse
280 2199 414 2236 videtur.
430 2210 486 2248 pro
501 2198 637 2240 vulgari,
654 2209 712 2239 ego
728 2196 816 2229 sum!

67 2252 122 2274 ma
158 2242 291 2276 Veneris
323 2248 464 2285 potentia
500 2252 656 2278 exerceor,
692 2252 816 2273 summo

68 2285 184 2318 amoris
213 2291 293 2318 aestu
322 2286 433 2327 agitor.
491 2285 698 2328 Comparant,
729 2285 815 2316 unde

67 2327 212 2361 hausisse
243 2328 368 2360 videtur
406 2328 571 2365 Horatius,
602 2328 814 2369 fragmentum

67 2370 236 2404 Alemanis
248 2382 266 2403 a
290 2371 335 2403 ud
346 2371 494 2403 Eustath.
503 2373 543 2402 ad
556 2373 724 2413 Homer.p.
736 2372 812 2408 305,

69 2414 110 2447 C.
134 2421 167 2447 et
193 2383 290 2457 apori³
305 2415 415 2457 Stepb.
438 2415 544 2445 Poett.
574 2415 647 2456 Lyr.
676 2425 707 2456 p.
738 2415 813 2452 628,

69 2457 217 2501 Κύπρον
231 2458 374 2502 ἱμερτὰν
388 2459 531 2490 λιποῖσα
545 2459 599 2489 καὶ
618 2456 741 2498 Πάφον
758 2469 815 2489 πε-

69 2499 249 2545 ριῤῥὺταν,
295 2500 448 2533 Laudant
457 2511 582 2543 quoque
597 2501 630 2531 in
647 2500 730 2532 hane
743 2511 815 2532 sen-

69 2544 201 2576 tentiam
225 2544 338 2587 Eurip.
354 2544 485 2586 Hippol.
501 2545 577 2580 443,
602 2542 738 2586 Κύπρις
753 2545 816 2586 γὰρ

69 2586 111 2619 οὗ
125 2589 285 2631 φορητὸς,
310 2588 358 2627 ἢν
381 2588 493 2626 πολλὴ
511 2585 588 2629 ῥυῇ.
632 2587 731 2618 Plura
747 2587 818 2619 vide

68 2631 156 2674 apud
173 2630 306 2662 Mitsch.
338 2631 477 2672 Scyllum,
495 2631 533 2661 Ec
549 2632 640 2661 versis
650 2632 818 2661 animosum

67 2675 149 2715 equis
167 2674 319 2706 Parthum
333 2675 444 2708 dicere,
460 2683 524 2705 rem
548 2672 701 2714 gravioris
723 2683 816 2714 argu-

69 2715 169 2748 menti
194 2716 336 2749 carmine
360 2716 451 2759 epico
477 2715 649 2753 celebrare,
677 2715 821 2756 Augusti>

70 2769 184 2803 nempe
199 2760 312 2792 laudes
327 2759 366 2791 de
389 2759 518 2802 Scythis
532 2764 564 2790 et
587 2758 714 2790 Parthis
733 2759 817 2791 bello

69 2801 162 2835 vietis
173 2813 298 2835 canere.
345 2803 482 2834 Parthus
497 2802 614 2833 dicitur
629 2804 720 2833 versis
733 2805 817 2844 equis

70 2847 234 2883 animemus,
251 2845 326 2888 quia
337 2846 370 2877 in
387 2851 451 2877 arte
463 2855 522 2876 sua
537 2849 627 2876 versis
640 2847 736 2886 equis,
747 2845 816 2878 h.e.

69 2895 152 2922 ntro
166 2889 201 2921 in
217 2890 294 2932 fuga
309 2889 372 2921 tela
386 2889 420 2921 in
434 2889 542 2920 hostes
555 2887 710 2931 jaciendi,
727 2899 814 2932 mag-

861 1048 935 1069 nam
959 1038 1100 1080 ponebat
1121 1036 1269 1068 fiduciam
1283 1048 1292 1076 3
1315 1036 1390 1068 hinc
1415 1037 1509 1079 virg.
1534 1039 1617 1071 Geo.

862 1080 909 1117 iii,
927 1082 981 1116 31,
1002 1081 1217 1121 Fidentemque
1228 1080 1316 1122 fuga
1337 1080 1488 1111 Parthum
1507 1085 1612 1114 versis-

864 1135 920 1164 que
935 1126 1077 1166 sagittis:
1094 1134 1142 1155 res
1160 1129 1247 1158 nota,
1261 1122 1333 1154 vide
1350 1122 1526 1166 interprett.
1555 1129 1612 1157 At-

865 1169 943 1198 rinet
966 1179 1013 1199 sc.
1030 1167 1069 1198 ad
1095 1177 1165 1204 rne;
1189 1165 1266 1196 mihi
1292 1165 1389 1202 enim,
1417 1172 1453 1198 ut
1479 1168 1616 1200 Veneris

865 1210 1020 1243 ministro.
1037 1221 1085 1242 res
1106 1210 1235 1252 jocosas
1250 1214 1373 1239 tantum
1397 1216 1429 1240 et
1445 1212 1616 1243 amatorias

863 1253 1060 1284 mollioribus
1076 1260 1107 1284 et
1123 1253 1253 1284 eithaiae
1267 1252 1368 1282 modis
1378 1259 1487 1294 aptare
1506 1254 1592 1286 licet.

909 1298 1047 1327 13—16.
1075 1297 1136 1327 Hic
1162 1298 1260 1327 vivum
1286 1296 1359 1326 mihi
1374 1298 1524 1335 cespitem,
1541 1305 1616 1330 cett.

866 1339 1022 1370 Venerem
1042 1340 1145 1381 potius
1161 1337 1315 1369 sacrificio
1338 1338 1399 1368 sibi
1426 1338 1615 1380 placandam

864 1392 934 1412 esse
958 1388 1155 1416 ostensurus.
1182 1381 1286 1411 subito
1313 1390 1412 1417 aram,
1442 1392 1505 1423 qua
1531 1383 1615 1415 illud

864 1423 931 1455 deae
948 1425 1068 1460 offerat.
1079 1423 1303 1456 exstruendam
1315 1423 1450 1466 appellit
1459 1425 1615 1464 animum,

865 1474 896 1498 et
912 1478 1027 1505 servos,
1046 1479 1118 1510 qua:
1143 1468 1182 1498 ad
1207 1477 1271 1498 rem
1294 1477 1417 1498 sacram
1444 1469 1614 1515 pertinent,

865 1511 934 1542 sine
949 1521 1036 1543 mora
1052 1511 1161 1542 afferre
1174 1510 1286 1552 jubet;
1311 1521 1383 1552 quae
1397 1511 1526 1552 quidem
1539 1523 1615 1544 con-

866 1555 966 1585 versio
976 1554 1235 1590 vehementiores,
1248 1553 1364 1595 quibus
1374 1554 1504 1585 relevari
1515 1557 1617 1598 cupit,

865 1597 980 1628 amoris
995 1598 1155 1629 cruciatus
1170 1598 1295 1638 egregie
1311 1596 1468 1639 exprimit.
1506 1599 1615 1631 Vivum

863 1644 1013 1680 cespitem,
1041 1641 1080 1672 ad
1105 1651 1190 1671 aram
1221 1651 1336 1682 nempe
1362 1640 1554 1680 gramineam
1575 1653 1615 1674 ex

865 1693 948 1715 more
965 1683 1187 1726 antiquissimo
1208 1683 1449 1714 exstruendam:
1474 1684 1516 1714 cf.
1533 1685 1615 1717 The-

862 1727 952 1757 ocrit.
969 1727 1053 1762 xxvi,
1071 1729 1110 1763 33
1136 1726 1233 1757 Ovid.
1249 1727 1330 1757 Met.
1345 1726 1386 1760 iv.
1404 1727 1491 1766 7525
1519 1728 1610 1770 Virg.

864 1770 944 1799 AEn.
960 1769 1015 1806 xii,
1037 1771 1110 1800 119.
1162 1769 1292 1799 Vei-bena
1317 1768 1412 1799 modo
1434 1769 1475 1800 de
1496 1772 1610 1812 quavis

861 1822 879 1842 e
893 1822 980 1843 sacro
997 1819 1028 1843 et
1043 1818 1165 1844 secreto
1180 1812 1248 1842 loco
1270 1810 1369 1854 petita
1386 1811 1494 1848 herba,
1515 1815 1608 1846 modo

861 1854 900 1885 de
917 1862 1000 1886 certo
1015 1856 1166 1897 quodam,
1183 1855 1277 1896 cujus
1291 1854 1323 1884 in
1334 1855 1432 1885 sacris
1447 1865 1523 1886 usus
1537 1857 1608 1894 fuit,

862 1897 966 1929 herbae
995 1909 1130 1939 genere:
1163 1897 1204 1928 cf.
1231 1898 1416 1939 interpretes
1444 1897 1483 1928 ad
1514 1900 1607 1939 Vir-g.

862 1940 933 1971 Eel.
945 1941 1010 1976 viii,
1027 1943 1081 1977 64,
1099 1940 1153 1972 ubi
1169 1940 1200 1971 in
1217 1939 1315 1971 sacris
1332 1940 1477 1980 magicis,
1492 1943 1609 1975 amoris

860 1993 958 2014 causa
974 1984 1141 2019 institutis,
1158 1985 1302 2014 verbenas
1316 1988 1348 2013 et
1361 1990 1431 2013 tura
1447 1984 1609 2018 ministras

860 2025 982 2058 adolere
995 2026 1088 2068 jubet
1103 2027 1254 2058 venefica.
1278 2026 1373 2062 Rimi,
1387 2026 1469 2058 infra
1479 2038 1608 2071 quoque

860 2068 882 2106 i,
899 2070 954 2104 31,
975 2071 1007 2106 2,
1033 2070 1066 2101 in
1091 2069 1244 2100 libatione
1270 2071 1339 2099 novi
1365 2071 1501 2110 liquoris,
1522 2071 1554 2102 11.
1577 2083 1607 2104 e.

860 2111 985 2148 vini,fit
995 2113 1122 2144 mentio.
1156 2114 1294 2144 Mactata
1309 2113 1417 2144 hostia.
1451 2114 1609 2150 Quamvis

859 2159 1039 2197 sanguinem
1062 2167 1123 2187 arae
1151 2156 1274 2186 Veneris
1294 2155 1453 2197 offundere
1476 2157 1607 2190 vetitum

860 2197 930 2235 fuit,
947 2203 981 2230 ut
1005 2199 1137 2230 Tacitus
1161 2198 1246 2230 Hist.
1267 2197 1301 2234 ii,
1318 2199 1351 2234 3,
1369 2198 1401 2229 in
1428 2200 1607 2233 narratione

860 2240 899 2272 de
926 2242 1043 2284 templo
1073 2242 1208 2274 Veneris
1235 2241 1368 2283 Paphiae
1396 2242 1489 2273 refert
1511 2244 1606 2283 (hinc

861 2285 984 2316 Catull.
1003 2285 1080 2321 lxvi,
1096 2287 1151 2320 91,
1172 2285 1420 2326 leabz‘sseuis
1439 2287 1608 2319 luminibus

863 2327 1005 2359 Venerem
1027 2329 1196 2371 Sanguinis
1214 2331 1392 2367 expertem),
1417 2328 1537 2361 hostias
1560 2336 1607 2363 ta-

859 2381 931 2401 men
961 2371 995 2402 in
1024 2372 1174 2403 honorem
1205 2372 1353 2407 Veneris,
1383 2378 1526 2403 extorum
1557 2373 1607 2404 in-

858 2413 968 2455 primis
996 2414 1267 2458 inspiciendorum
1305 2424 1416 2450 causa,
1453 2422 1610 2448 mactatas

861 2457 970 2495 tuisse,
985 2469 1058 2489 cum
1081 2458 1223 2494 aliunde¹
1241 2468 1269 2488 v.
1284 2467 1312 2488 c.
1330 2457 1472 2489 Martial.
1491 2459 1534 2496 ix,
1551 2461 1606 2496 91,

864 2501 915 2536 16,
933 2505 999 2532 tum
1024 2512 1062 2532 ex
1084 2501 1196 2532 Tacito
1220 2501 1243 2531 l.
1262 2501 1284 2531 1.
1299 2506 1435 2537 constat,
1460 2502 1516 2533 ubi
1538 2502 1606 2539 ille,

863 2543 990 2580 Hostiae,
1007 2552 1043 2575 ut
1058 2547 1183 2586 quisque
1197 2551 1292 2578 vovet,
1302 2555 1398 2575 mares
1409 2546 1606 2588 deliguntur,

861 2589 1027 2618 certissima
1053 2589 1136 2629 fides
1166 2589 1318 2618 haedorum
1343 2589 1460 2628 fibris;
1498 2589 1607 2632 itaque

861 2637 994 2661 mactata
1010 2631 1106 2663 hostia
1122 2631 1245 2673 proprie
1261 2630 1363 2672 accipi
1387 2642 1479 2673 posse
1497 2632 1608 2663 existi-

861 2684 912 2704 mo
927 2687 934 2704 :
959 2673 1026 2710 alii,
1043 2674 1082 2705 de
1097 2674 1268 2706 hostiarum
1285 2675 1441 2714 sanguine
1461 2674 1494 2704 in
1511 2675 1610 2707 sacris

863 2717 998 2748 Veneris
1013 2717 1154 2754 solliciti,
1177 2727 1244 2760 pro,
1262 2723 1420 2748 transacto
1441 2718 1607 2755 sacrificio,

860 2759 999 2801 positum
1028 2771 1097 2792 esse
1127 2766 1306 2792 autumant.
1364 2759 1469 2791 Veniet
1498 2762 1607 2798 lenior,

862 2803 1053 2852 placabitur,
1062 2810 1092 2836 et
1106 2803 1222 2836 amoris
1230 2803 1292 2835 mei
1300 2802 1462 2836 cruciatus
1473 2803 1608 2836 lenitum

860 2854 978 2878 veniet.
