1904 3314
675 195 901 238 LIBER
932 194 993 244 11,
1024 196 1064 236 5.

1572 195 1658 237 405

133 301 192 342 40
223 299 418 342 Infantes
441 305 630 349 statuas;
663 311 741 339 seu
757 296 914 351 pingui
935 301 1084 337 tentus
1107 310 1255 337 omaso

222 368 381 410 Furius
402 367 607 409 hibernas
628 379 736 407 cana
755 365 853 406 nive
874 370 1087 418 conspuet
1106 362 1263 419 Alpes.

221 436 383 478 Nonne
405 436 523 477 vides
545 433 715 489 (aliquis
738 434 887 475 cubito
910 438 1096 474 stantem
1117 446 1255 487 prope
1278 438 1461 486 tangens

223 503 429 559 Inquiet)‚
450 509 499 544 ut
517 501 711 557 patiens!
745 507 794 541 ut
814 500 960 541 amicis
983 495 1140 555 aptus!
1174 506 1222 540 ut
1242 513 1342 541 acer
1359 501 1367 540 !

221 571 379 613 Plures
399 570 621 612 annabunt
642 568 812 618 thunni,
835 574 879 610 et
901 568 1063 610 cetaria
1088 568 1301 608 crescent.

135 639 193 681 45
224 639 272 681 Si
292 639 362 681 cui
380 644 596 694 praeterea
615 636 784 679 validus
805 636 916 678 male
937 635 1053 678 filius
1076 636 1120 676 in
1144 650 1189 677 re

222 705 440 749 Praeclara
461 704 659 747 sublatus
681 703 836 754 aletur,
860 719 913 745 ne
935 703 1210 745 manifestum

221 773 396 816 Caelibis
418 773 676 828 obsequium
697 773 835 814 nudet
857 779 914 822 te,
937 771 1092 813 leniter
1113 771 1158 812 in
1180 786 1301 826 spem

218 841 402 898 Adi-epe
423 842 658 892 officiosus,
681 849 730 883 ut
751 849 795 883 et
817 841 1009 882 scribare
1032 839 1252 882 secundus

220 909 394 960 Ham-es,
416 917 475 960 et,
497 911 532 951 si
552 910 649 965 quis
670 924 797 951 casus
818 923 1004 964 puerum
1025 908 1165 964 egerit
1188 907 1321 958 Orco,

134 978 192 1020 50
221 977 274 1020 In
292 993 475 1020 vacuum
495 979 665 1020 venias:
699 992 879 1033 perraro
900 976 994 1018 haec
1016 975 1110 1018 alea
1130 975 1251 1017 fallit.

222 1046 314 1094 Qui
334 1053 639 1088 testamentum
661 1046 805 1087 tradet
827 1045 906 1086 tibi
927 1059 1100 1100 cunque
1120 1043 1369 1099 legendum,

221 1113 447 1164 Abnuere,
470 1121 514 1156 et
535 1113 704 1155 tabulas
727 1128 752 1154 a
773 1120 816 1154 te
838 1127 1060 1154 removere
1083 1118 1321 1153 memento:

223 1181 296 1223 Sic
318 1189 474 1232 tamen,
496 1188 546 1223 ut
566 1180 675 1222 limis
698 1181 856 1236 rapias,
878 1180 987 1235 quid
1008 1180 1146 1235 prima
1168 1178 1361 1221 secundo

225 1249 340 1291 Cera
361 1249 463 1290 velit
486 1263 641 1299 versu3
674 1249 808 1299 solus,
831 1247 1034 1289 multisne
1056 1247 1266 1296 cohaeres,

127 1318 193 1359 -55
222 1316 378 1360 Veloci
399 1332 606 1372 percurre
628 1317 769 1359 oculo.

107 1463 166 1496 iun
195 1463 296 1500 Furii,
325 1473 346 1495 a
377 1463 486 1495 Schol.
508 1463 586 1495 Aer.
607 1474 646 1495 ex
675 1462 858 1503 Pragmatia

111 1506 199 1538 Belli
225 1505 348 1538 Gallici
371 1506 536 1548 producto,
563 1507 688 1547 Jupiter
718 1508 859 1538 hibernas

110 1561 189 1581 cmm
204 1551 274 1580 nive
289 1551 427 1588 conspuit
451 1550 554 1589 Alpes,
574 1550 594 1581 J
599 1549 648 1580 ovi
667 1549 788 1591 aliquid
805 1549 859 1580 tri-

110 1592 229 1630 buitur,
242 1593 330 1634 quod
340 1602 360 1623 a
375 1592 427 1623 dei
442 1591 607 1634 majestate
621 1592 767 1623 abhorret
782 1603 789 1620 :
814 1593 859 1623 cf.

114 1635 254 1673 Quintil.
273 1634 340 1670 viii.
359 1636 393 1671 6,
416 1635 468 1666 17.
514 1634 608 1665 Alios
625 1634 779 1676 quosdam
804 1635 860 1665 Bi-

68 1679 79 1683 '
113 1677 223 1710 baculi
237 1687 346 1709 versus
361 1677 464 1720 putidi
484 1677 616 1708 tumoris
631 1677 744 1719 plenos
756 1687 860 1708 serva-

111 1721 161 1752 vit
176 1720 257 1752 Aul.
273 1719 362 1752 Gen.
378 1720 466 1756 xviii,
492 1721 542 1750 ll.
588 1720 729 1762 Infantes
747 1727 863 1751 statuas

110 1773 179 1795 non
193 1762 320 1795 disertis
329 1762 458 1805 quidem
471 1762 574 1794 verbis
588 1762 741 1794 Horatius
754 1762 864 1793 tribuit

112 1805 222 1842 Furio,
236 1805 292 1838 sed
305 1817 380 1838 cum
397 1817 436 1838 ne
451 1815 517 1837 una
533 1805 662 1847 quidem
675 1806 789 1836 vocula
804 1805 862 1836 ali-

113 1848 194 1892 quid
217 1848 259 1881 de
284 1849 345 1880 hac
370 1849 479 1892 inepta
508 1848 668 1880 locutione
695 1848 862 1884 monuerit,

112 1902 184 1924 eam
208 1891 326 1935 pariter
352 1892 394 1923 ad
416 1897 542 1934 poetam
565 1901 660 1933 quem
688 1891 864 1922 nominavit

115 1935 263 1972 Furium,
280 1934 474 1966 referendam
487 1944 568 1970 esse,
586 1945 646 1966 non
664 1933 734 1966 sinc
750 1934 863 1966 verita-

115 1977 157 2009 tis
165 1977 270 2021 specie
279 1977 388 2019 colligi
398 1988 491 2021 posse
501 1977 636 2008 videtur.
676 1978 746 2008 Nec
759 1982 864 2008 tamen

113 2030 170 2052 eos
195 2019 252 2062 qui
277 2021 442 2052 Horatium
465 2015 563 2051 alium
587 2019 748 2061 quendam
771 2020 863 2051 tumi-

114 2062 194 2095 dum
212 2069 351 2106 poetam,
367 2068 434 2094 tum
455 2062 531 2094 satis
553 2062 670 2104 cuique
694 2069 814 2101 notum,
831 2063 864 2094 in

115 2105 223 2137 animo
250 2105 400 2138 habuisse
423 2106 630 2144 contendant,
651 2116 753 2137 errare
775 2106 863 2137 dixe-

117 2147 189 2180 rim.
216 2149 336 2191 Pingui
345 2155 446 2180 tentus
454 2160 567 2180 mnaso:
583 2148 682 2189 ipsam
695 2148 794 2185 Furii,
807 2149 862 2180 ad-

114 2191 126 2222 i
169 2201 200 2222 m
214 2202 280 2234 prae
301 2201 336 2223 se
355 2191 495 2228 ferentis,
516 2191 655 2234 corporis
672 2192 803 2232 figuram
821 2192 863 2223 ri-

139 2233 260 2266 iculam
281 2234 411 2266 exhibet
434 2234 608 2266 Horatius:
638 2234 746 2266 Schol.
774 2234 862 2272 Aer„

117 2276 237 2309 Furius
261 2284 351 2318 poeta
376 2279 516 2309 immanis
539 2279 663 2314 ventris,
688 2279 742 2319 qui
765 2280 863 2309 nivem

116 2330 254 2360 spumam
275 2319 441 2363 (sputum)
465 2320 550 2352 Jovis
576 2321 667 2352 dixit.
710 2320 782 2351 Ideo
812 2321 865 2353 hoc

115 2364 181 2403 Qus
205 2373 338 2403 persona
372 2364 467 2397 dedit.
496 2370 640 2404 tanquam
673 2366 734 2403 ipse
763 2370 864 2403 spuat-

88 2414 90 2419 ’
116 2405 213 2442 sane,
241 2405 328 2448 quod
355 2405 507 2438 Horatius
536 2406 569 2437 in
595 2412 747 2448 sequente
778 2407 865 2437 Furii

116 2458 211 2481 vomu
228 2459 268 2480 ex
286 2448 414 2489 Jupiter
427 2448 502 2480 fecit
518 2449 645 2486 Furius,
665 2449 696 2479 in
717 2449 776 2480 hac
801 2450 863 2481 Fu-

116 2490 156 2523 rii
170 2489 314 2523 irrisione
328 2491 451 2524 videtur
463 2491 703 2534 lepidissimum.

162 2535 216 2566 44.
241 2534 352 2566 Plures
373 2536 535 2566 annabunt
561 2536 684 2572 thurini,
702 2539 792 2572 cett„
810 2546 866 2578 pro

120 2575 255 2618 vulgari,
275 2577 336 2609 hac
360 2583 426 2609 arte
451 2577 558 2619 plures
585 2577 734 2608 ditiorum
755 2589 866 2609 senum

64 2631 68 2634 ·
118 2619 239 2662 capies,
261 2625 294 2651 et
318 2620 365 2652 sic
387 2631 436 2652 res
458 2626 522 2652 tuae
545 2626 697 2652 crescent.
743 2621 868 2652 Divites

118 2671 213 2694 cenes
237 2669 460 2706 comparantur
483 2673 557 2694 cum
578 2663 722 2701 thunnis‚
743 2673 868 2695 accom-

118 2705 248 2737 modate
264 2705 305 2737 ad
327 2717 360 2738 v.
381 2707 436 2744 25,
458 2706 512 2736 ubi
535 2706 715 2737 divitiarum
738 2705 868 2738 insidia-

119 2751 204 2780 tores
217 2754 442 2790 comparantur
463 2752 545 2788 cum:
556 2749 690 2791 piscium
708 2749 867 2781 insidiato·

119 2790 222 2823 ribus.
266 2791 403 2826 Cetaria.
423 2797 548 2834 stagna,
571 2792 704 2834 piscinae
726 2792 869 2829 marinae,

122 2833 158 2865 in
173 2833 291 2876 quibus
306 2835 391 2876 capti
410 2833 511 2878 pisces
530 2836 684 2873 aluntur3
707 2835 791 2866 unde
811 2835 870 2867 eti-

120 2885 176 2909 ,ιω
200 2876 352 2909 dicuutur
375 2879 515 2908 vivaria:
539 2878 582 2909 cf.
601 2888 672 2920 sup.
693 2877 734 2908 ad
758 2878 820 2909 Od.
837 2878 871 2916 ii,

129 2919 183 2956 1⁵,
199 2921 231 2955 4.
245 2925 278 2951 ot
292 2919 338 2958 iii,
358 2921 454 2958 1,33,
470 2926 503 2953 et
519 2920 583 2953 vid.
597 2921 657 2952 inf.
675 2921 716 2952 ad
732 2921 836 2963 Epist.
852 2921 874 2958 i,

130 2961 163 2998 1,
179 2961 234 2994 79.

172 3005 228 3036 4⁶.
252 3003 379 3037 validus
400 3008 491 3044 male,
516 3005 730 3039 imbecillioris
755 3007 876 3039 valetu-

832 1316 1096 1370 Plerumque
1120 1322 1319 1357 recoctus

902 1461 987 1494 dinis
1003 1475 1009 1493 :
1036 1464 1114 1494 male
1130 1463 1250 1493 validus
1263 1472 1329 1504 pro,
1342 1460 1514 1498 invalidus,
1527 1465 1563 1492 ut
1578 1462 1659 1491 mate

903 1517 996 1537 sanus
1012 1516 1081 1548 pro,
1100 1505 1244 1536 insanus.

948 1550 1089 1580 46—50.
1107 1549 1253 1579 sublatus
1269 1549 1384 1583 aletur,
1399 1551 1567 1589 susceptus
1578 1546 1657 1578 edu-

904 1591 1047 1623 cabitur:
1073 1603 1110 1622 ne
1128 1591 1325 1632 manifestum
1345 1591 1468 1622 Caelibis
1487 1591 1658 1630 obsequium

905 1637 1001 1665 nudet
1017 1641 1058 1669 te,
1074 1644 1114 1665 ne
1132 1633 1226 1664 nimis
1247 1639 1406 1675 apertum,
1422 1643 1486 1674 quo
1502 1631 1589 1663 vidui
1608 1642 1657 1664 se-

906 1677 956 1707 nis
973 1676 1105 1718 gratiam
1126 1682 1247 1718 captas,
1270 1676 1456 1716 obsequium
1475 1676 1589 1716 (nudet
1610 1674 1657 1715 te)

907 1725 1003 1751 artem
1023 1726 1109 1750 tuam
1126 1719 1246 1759 prodat.
1294 1719 1403 1749 Caetebs
1414 1724 1478 1749 tam
1494 1717 1534 1748 de
1549 1727 1586 1748 eo
1600 1717 1657 1758 qui

907 1772 1031 1804 semper
1055 1762 1160 1792 uxoris
1185 1771 1298 1803 expers
1320 1760 1412 1795 vixit,
1435 1770 1531 1801 quam
1557 1760 1597 1791 de
1619 1771 1658 1791 eo

907 1805 962 1846 qui
992 1815 1079 1836 nunc
1105 1814 1203 1836 uxore
1226 1809 1325 1835 caret.
1372 1803 1509 1838 Leniter,
1537 1802 1602 1834 leni
1624 1808 1658 1834 et

907 1848 997 1879 molli
1013 1848 1144 1884 ratione,
1166 1857 1232 1888 qua
1249 1845 1419 1878 consilium
1439 1845 1567 1886 tegitur,
1584 1856 1655 1877 sus-

907 1901 1004 1933 penso
1019 1891 1111 1932 quasi
1128 1891 1208 1932 pede
1224 1892 1334 1929 adrepe
1350 1891 1382 1920 in
1402 1899 1479 1929 spem
1497 1890 1659 1930 (adrepet-3

909 1937 942 1964 in
957 1945 1037 1974 spem
1052 1933 1265 1974 significanter
1286 1932 1326 1963 de
1342 1931 1556 1973 haeredipefis,
1574 1931 1657 1963 unde

908 1976 955 2007 illi
978 1976 1063 2019 apud
1082 1986 1140 2007 nos
1157 1975 1319 2011 dicuntur,
1343 1973 1603 2014 Erbschleicher),
1627 1980 1659 2006 et

909 2019 1037 2061 assequi
1059 2019 1150 2051 stude
1171 2018 1243 2055 hoc,
1262 2023 1295 2048 ut
1313 2016 1379 2060 (et)
1399 2027 1461 2048 non
1481 2017 1583 2048 solum
1607 2027 1656 2048 se-

908 2063 1034 2094 cundus
1050 2063 1148 2093 haeres
1171 2061 1329 2097 scribaris,
1346 2061 1412 2103 (et)
1430 2059 1486 2091 sed
1503 2059 1610 2097 etiam,
1631 2060 1659 2091 si

909 2106 987 2137 sorte
1010 2105 1135 2137 aecidat
1159 2111 1194 2135 ut
1215 2104 1298 2134 filius
1320 2103 1408 2146 prius
1432 2109 1520 2145 patre
1544 2102 1658 2134 moria-

909 2155 970 2183 tur.
987 2147 1210 2179 vacuefactum
1225 2146 1317 2189 primi
1334 2146 1468 2177 haeredis
1479 2146 1584 2177 locum
1603 2156 1658 2177 oc-

907 2202 1016 2234 cupes.
1058 2191 1180 2222 Primus
1190 2191 1281 2221 hoeres
1293 2188 1607 2231 (Universa-Eme),
1625 2188 1657 2219 in

907 2234 1008 2276 primo
1031 2233 1212 2266 testamenti
1234 2243 1341 2264 versus
1354 2245 1363 2272 3
1386 2234 1535 2264 secundus
1559 2233 1659 2270 haerea,

907 2277 1056 2313 cohaeres,
1095 2277 1147 2308 cui
1184 2282 1269 2308 certa
1305 2281 1429 2306 tanturn
1465 2274 1659 2306 haereditatis

909 2331 1034 2351 summa
1065 2320 1199 2359 legatur,
1235 2319 1268 2349 in
1303 2318 1445 2350 secundo
1478 2318 1659 2349 testamenti

909 2373 999 2394 versu
1016 2363 1178 2395 scribitur.
1224 2361 1276 2393 Sic
1301 2372 1365 2392 non
1388 2372 1468 2404 opus
1483 2366 1544 2394 est.
1566 2367 1603 2391 ut
1626 2361 1659 2392 in

910 2417 940 2436 v.
956 2407 1009 2441 48,
1028 2417 1095 2448 pro,
1118 2412 1153 2436 ut
1173 2412 1202 2436 et
1222 2406 1354 2436 scribare
1377 2415 1450 2436 cum
1476 2403 1660 2435 Heindortio

910 2448 1044 2489 legatur,
1060 2452 1108 2481 uti
1123 2450 1276 2480 scribaris.
1322 2448 1396 2479 Haec
1409 2448 1489 2483 alea,
1513 2446 1580 2477 haec
1597 2456 1658 2483 ars,

911 2491 971 2522 hoc
995 2491 1171 2524 ditescendi
1198 2490 1396 2533 periculum:
1432 2490 1487 2532 qui
1512 2489 1584 2520 alea
1609 2489 1659 2521 lu·

911 2534 951 2565 du
959 2540 1004 2570 nt,
1015 2535 1192 2577 periculum
1205 2533 1338 2570 faciunt,
1348 2543 1390 2564 an
1402 2533 1522 2576 possint
1536 2532 1659 2564 lucrum

911 2577 1026 2609 facere.

956 2622 1010 2658 53,
1035 2621 1090 2651 54.
1130 2620 1223 2650 Limis
1248 2621 1363 2659 rapias,
1391 2618 1532 2660 obliquis
1559 2618 1662 2649 oculis

914 2662 1028 2705 raptim
1051 2663 1150 2703 legas.
1197 2663 1280 2697 Quid
1304 2665 1405 2701 prima
1425 2663 1554 2693 secundo
1583 2662 1661 2692 Cera

913 2708 986 2737 velit
1002 2717 1108 2737 versu.-
1133 2705 1212 2747 quid
1231 2705 1264 2736 in
1285 2705 1429 2736 secundo
1445 2715 1536 2736 versu
1552 2704 1662 2746 primae

914 2749 1032 2780 tabulae
1048 2754 1161 2780 ceratae
1177 2748 1250 2788 (ubi
1271 2754 1334 2780 tam
1356 2748 1475 2790 primus
1495 2757 1592 2788 quam
1612 2757 1662 2778 se-

914 2791 1039 2823 cundus
1065 2791 1163 2823 haeres
1188 2791 1326 2833 scriptus
1349 2790 1414 2832 est)
1438 2790 1589 2832 scripturn
1611 2790 1664 2820 sit.

915 2834 1023 2866 Schol.
1047 2835 1160 2876 Cruq.,
1182 2837 1283 2874 prima
1306 2845 1388 2869 cera,
1406 2836 1508 2874 prima
1533 2834 1662 2868 tabula,-

915 2890 986 2909 nam
1001 2881 1034 2909 in
1050 2881 1154 2918 primae
1170 2879 1280 2908 tubulae
1296 2879 1425 2908 seeundo
1440 2886 1528 2907 versu
1542 2876 1667 2906 haeredis

920 2921 1036 2962 (immo
1050 2920 1244 2959 cohaeredis)
1262 2931 1366 2951 nomen
1385 2921 1570 2950 continetur.
1613 2918 1666 2949 So-

921 2965 980 2999 lus.
1012 2965 1155 2995 multisne
1182 2965 1326 2994 cohaeres:
1361 2968 1468 2993 utrum
1498 2960 1596 2995 solus,
1625 2970 1666 2990 an

921 3017 994 3038 cum
1013 3007 1125 3039 multis
1148 3006 1289 3038 cohaeres
1309 3005 1366 3037 sis.
1414 3003 1549 3035 Vossius
1567 3001 1669 3038 vertit,
