1884 3288
631 211 862 254 LIBER
898 211 934 262 1,
966 211 1035 253 21.

212 315 265 356 10
323 314 397 356 Tu
417 314 542 356 bibes
564 328 712 355 uvam:
745 327 841 354 mea
860 326 941 354 nec
963 311 1161 354 Falernae

324 383 592 438 Temperant
612 381 738 431 vites,
760 395 904 435 neque
924 379 1146 422 Formiani

606 447 773 490 Pocula
793 447 940 490 colles.

611 646 889 690 CARMEN
923 645 1056 688 XXI.

361 824 363 826 Ι
424 780 487 813 IN
527 778 752 811 DIANAM
790 778 859 810 ΕΤ
898 776 1245 809 APOLLINEM.

295 863 493 906 Durium
515 869 678 904 tenerae
701 861 832 903 dicite
853 860 1066 916 virgines:

292 932 534 982 Intonsum,
556 931 697 987 pueri,
720 931 852 972 dicite
875 929 1139 985 Cynthium:

354 1000 658 1055 Latonamque
681 1013 886 1054 supremo

408 1065 630 1110 Dilectam
650 1067 825 1122 penitus
846 1065 876 1107 J
880 1066 962 1108 ovi.

236 1136 264 1178 5
294 1135 391 1179 Vos
412 1135 557 1178 laetam
577 1135 719 1177 fluviis
742 1141 786 1176 et
805 1149 1031 1175 nemorum
1050 1149 1186 1184 coma,

294 1203 584 1259 Quaecunque
605 1210 681 1245 aut
701 1202 849 1258 gelido
870 1203 1088 1258 prominet
1111 1201 1292 1258 Algido,

58 1303 145 1347 quod
166 1297 265 1348 prope
283 1303 424 1336 Tiberim
447 1304 488 1335 ad
510 1309 650 1336 montem
675 1304 810 1336 Vatica-

58 1357 136 1379 num
168 1357 276 1380 versus
303 1347 399 1379 situm
430 1347 500 1379 fuit.
552 1348 669 1378 Montis
696 1349 808 1390 imago,

59 1390 169 1422 Echo:
193 1390 235 1422 ef.
258 1400 332 1433 sup.
357 1390 396 1421 ad
418 1391 468 1427 12,
484 1391 515 1421 4.

101 1434 222 1465 9—12.
245 1434 385 1465 Sensus:
412 1433 486 1464 vina
509 1432 721 1474 generosiora,
747 1433 811 1464 Cae-

0 1496 3 1498 -
57 1478 182 1513 cubum,
199 1477 360 1514 Calenum,
372 1476 553 1512 Falernum,
566 1482 599 1507 et
612 1476 814 1507 Formianum

58 1519 146 1551 domi
166 1519 236 1557 tibi,
259 1518 315 1551 ubi
336 1519 395 1551 illa
417 1529 534 1556 servaS,
556 1519 665 1550 bibere
688 1519 812 1551 licebit.

59 1563 108 1594 Τὸ
135 1563 249 1594 Caleno
274 1562 389 1594 maluit
410 1567 506 1605 poeta
528 1561 669 1594 doctiore
692 1562 815 1594 ratione

58 1604 100 1637 ad
121 1607 216 1646 prelo
238 1615 336 1647 quam
359 1605 400 1637 ad
423 1617 514 1636 uvam
541 1605 667 1637 referre.
713 1605 815 1643 Bibas,

58 1658 106 1683 tc.
121 1649 208 1681 domi
223 1650 309 1690 apud
324 1654 367 1687 te,
382 1658 448 1680 non
462 1649 549 1691 apud
564 1659 626 1680 me.
671 1648 745 1679 Mea
760 1660 814 1680 nec

59 1691 202 1724 Ἑωίου-πω
235 1691 430 1731 Temperavit,
459 1697 535 1723 cett.
571 1691 729 1732 exquisite
758 1702 814 1734 pro

58 1734 204 1776 vulgari:
227 1734 307 1765 mihi
325 1744 430 1776 neque
451 1744 491 1765 ex
511 1734 632 1765 vitibus
657 1734 813 1770 Falernis,

3 1807 9 1813 ,
59 1788 165 1826 neque
177 1788 218 1810 ex
236 1777 305 1808 uvis
319 1776 353 1808 in
366 1776 505 1809 collibus
526 1776 703 1808 Formianis
719 1777 814 1813 natis,

58 1831 170 1853 vinum
185 1819 384 1864 exprimitur,
401 1820 498 1862 quod,
514 1819 638 1868 poculis
660 1819 814 1857 infusum,

59 1869 235 1907 temperare
250 1865 316 1906 (sc.
334 1873 420 1905 aqua
439 1861 599 1903 admixta)
620 1862 760 1905 possim;
784 1863 816 1895 h.

59 1916 88 1939 e.
108 1917 168 1949 ego
186 1917 246 1939 nee
265 1906 438 1938 Falernum
460 1916 520 1939 nec
540 1906 747 1938 Formianum
769 1906 812 1936 vi-

60 1960 139 1982 num
154 1948 314 1994 possideo.

274 2035 479 2068 CARMEN
502 2034 601 2066 XXI.

105 2079 205 2112 Hunc
226 2077 382 2121 hymnum
404 2078 438 2109 in
463 2077 603 2118 Dianam
629 2081 662 2108 et
686 2076 814 2119 Apolli-

0 2155 2 2166 :
61 2132 147 2159 nem,
165 2129 201 2155 ut
222 2126 309 2154 recte
331 2121 404 2157 hoc,
426 2120 554 2152 brevius
577 2121 663 2157 licet,
687 2131 814 2152 carmen

59 2165 192 2202 dixeris,
217 2164 373 2197 cecinisse
398 2164 523 2196 videtur
547 2170 643 2206 poeta
674 2163 815 2195 instante

61 2208 114 2241 die
133 2208 192 2251 qui
206 2207 337 2251 publico
352 2207 470 2238 Dianae
483 2212 516 2238 et
532 2206 694 2249 Apollinis
710 2206 815 2238 cultui

60 2261 152 2284 sacer
167 2257 264 2283 esset.
309 2252 383 2283 Jarn
402 2261 486 2288 vero,
501 2260 575 2281 cum
598 2259 685 2281 more
704 2260 813 2292 recep-

61 2299 132 2327 tum
153 2299 248 2331 esset,
273 2300 309 2326 ut
331 2293 383 2326 die
404 2293 462 2326 illo
490 2293 623 2324 solemni
647 2303 816 2335 puerorum

61 2337 306 2381 puellarumque
322 2337 438 2368 chorus
460 2336 656 2368 carminibus
676 2336 817 2367 celebra-

0 2400 3 2403 ·
60 2386 111 2413 Νι
123 2381 257 2412 numina
272 2379 331 2412 illa
343 2379 495 2411 salutaria
512 2391 521 2419 ;
546 2384 619 2422 apte
631 2378 699 2421 jam
712 2379 814 2410 Hora-

0 2443 3 2465 ;
61 2423 138 2460 tius,
163 2428 201 2455 ut
228 2429 323 2455 notus
346 2428 453 2466 poeta,
480 2428 514 2454 et
537 2421 700 2465 Apollinis
723 2422 816 2463 quasi

0 2919 14 2939 μ’
0 2853 11 2914 W
0 2776 14 2847 ’.ι-ξιτ
0 2552 17 2771 'ww-‘'⁴2'‘
0 2506 3 2531 ''*

0 3015 10 3034 ἡ

63 2465 223 2504 meerdos,
254 2466 354 2508 hujus
385 2465 473 2497 chori
504 2475 538 2497 se
567 2465 754 2506 magistrum
785 2470 818 2497 et

39 2541 51 2552 ‚
61 2509 290 2542 moderatorem
306 2509 481 2552 profitetur,
497 2514 531 2540 et
549 2519 662 2582 pueros
678 2507 816 2550 puellas-

63 2563 139 2596 que,
153 2557 191 2584 ut
205 2552 264 2584 rite
279 2557 386 2595 partes
399 2561 476 2583 suas
491 2562 553 2594 exp
567 2556 654 2586 eant,
670 2551 819 2582 exhorta-

63 2600 126 2628 tur.
169 2595 329 2638 Compara
337 2594 482 2644 inprimis
492 2594 629 2626 Carmen
644 2594 818 2632 Saeculare,

61 2644 96 2672 et
110 2638 232 2671 Catulli
244 2639 366 2681 Hymu.
381 2648 414 2668 in
429 2637 567 2669 Dianam
588 2637 816 2669 Carm.xxxiv.

62 2680 218 2724 Argutis:
236 2681 456 2724 interpretum,
472 2679 528 2723 qui
543 2680 602 2711 hoe
622 2689 751 2711 carmen
765 2681 818 2711 vel

63 2724 214 2767 religioso
228 2724 314 2762 usui,
329 2730 365 2755 ut
380 2724 511 2755 alternis
522 2728 691 2755 caneretur
705 2732 724 2753 a
739 2733 816 2765 pue·

64 2777 170 2800 rorum
199 2767 445 2810 puellarumque
478 2766 587 2802 choro,
623 2764 818 2797 destinatum

63 2820 135 2844 eno
165 2810 406 2846 contenderent,
437 2808 488 2841 vel
521 2808 616 2844 illud,
646 2809 741 2840 modo
775 2809 814 2840 ad

64 2853 158 2887 ludos
176 2853 394 2896 Apollinares,
414 2852 508 2883 modo
528 2851 568 2883 ad
590 2851 684 2883 ludos
707 2852 817 2883 Saecu-

65 2895 162 2933 lares,
177 2897 348 2934 traherent,
362 2896 425 2927 imo
443 2900 564 2938 partem
580 2892 731 2926 carminis
749 2896 817 2925 Sae-

66 2939 187 2972 colaris
204 2939 355 2978 facerent,
376 2939 426 2970 vel
447 2937 587 2980 denique
604 2937 744 2968 infausto
762 2937 819 2968 illo

66 2990 152 3014 mo
175 2993 347 3019 nccxxxr,
369 2992 443 3014 cum
467 2981 550 3013 fame
573 2989 611 3012 ac
638 2979 821 3022 pestilentia

69 3024 178 3058 Runa
190 3025 360 3063 laboraret,
376 3025 531 3068 scriptum
548 3034 617 3056 esse
635 3029 821 3063 statuerent,

854 1305 936 1336 bene
958 1304 991 1336 in
1011 1315 1132 1347 argum.
1156 1306 1188 1338 h.
1212 1316 1242 1338 c.
1263 1304 1412 1337 refutavit
1436 1306 1489 1338 cl.
1513 1306 1609 1338 Mitu-

860 1347 1062 1380 cherlichius.

903 1392 996 1422 1—4.
1020 1392 1094 1429 Quo
1103 1391 1295 1434 spectaverit
1311 1389 1490 1423 communis
1503 1391 1605 1434 Apol·

857 1432 932 1464 linis
950 1440 982 1465 et
997 1434 1114 1465 Dianae
1134 1434 1257 1475 religio,
1273 1434 1306 1466 id
1325 1434 1445 1476 optime
1467 1445 1506 1466 ex
1529 1436 1609 1466 Car-

858 1477 945 1508 mine
957 1477 1111 1508 Saeculari
1125 1478 1276 1519 cognosci
1289 1482 1404 1520 potest.
1452 1476 1613 1508 Nimirum

857 1529 931 1550 eum
948 1519 1008 1550 soli
1030 1525 1061 1551 et
1082 1520 1180 1557 lunae,
1198 1531 1217 1551 a
1240 1521 1358 1563 quibus
1378 1520 1514 1551 salubris
1534 1521 1614 1552 aeris

858 1562 1036 1605 temperies,
1055 1563 1197 1606 adeoque
1210 1570 1275 1594 tam
1293 1574 1439 1605 agrorum
1455 1563 1613 1600 fertilitas,

859 1615 958 1647 quam
979 1615 1146 1648 corporum
1169 1606 1303 1643 sanitas,
1322 1607 1451 1649 pendet,
1473 1606 1614 1638 divinam

859 1649 1021 1690 Apollinis
1037 1654 1070 1681 et
1085 1649 1202 1681 Dianae
1217 1659 1384 1692 personam
1399 1650 1543 1682 indueret
1557 1660 1614 1681 an.

857 1691 999 1733 tiquitas‚
1018 1692 1119 1723 habiti
1135 1693 1182 1724 illi
1199 1698 1273 1724 sunt
1289 1693 1334 1724 dii
1349 1692 1518 1729 salutares,
1531 1693 1612 1734 pub-

859 1734 930 1765 licae
960 1735 1073 1766 salutis
1105 1741 1261 1772 auctores,
1294 1738 1457 1778 σωτῆρες,
1489 1735 1541 1766 vel
1569 1735 1614 1767 dii

859 1779 1036 1813 averrunoi,
1059 1778 1263 1814 ἀλεξίκακοι,
1288 1777 1506 1821 ἀλεξίμοιροι,
1523 1777 1614 1810 ‹irro-

862 1823 1035 1861 τροπ-αἷοι,
1047 1821 1102 1862 qui
1113 1821 1241 1857 famem,
1253 1821 1478 1864 pestilentiam,
1489 1826 1520 1853 et
1531 1822 1614 1864 pub-

863 1862 958 1894 licam
983 1864 1200 1895 calamitatem
1230 1870 1368 1896 avertere
1399 1869 1551 1907 possent;
1583 1870 1616 1896 et

860 1905 935 1938 hinc
958 1906 1055 1937 iidem
1078 1913 1153 1938 sunt
1167 1907 1212 1938 dii
1234 1906 1324 1944 socii,
1346 1905 1518 1950 πάρεδροι,
1534 1906 1614 1940 σύν-

860 1961 950 1986 ναοι,
965 1949 1107 1991 ejusdem
1129 1949 1292 1991 religionis
1312 1949 1346 1980 in
1365 1951 1476 1982 eodem
1496 1951 1615 1993 templo

861 1992 1048 2035 participes.
1089 1992 1262 2028 Intonsum,
1275 1992 1522 2036 α’κερσεκόμην.
1559 1995 1614 2025 Τί-

857 2035 941 2065 bull.
973 2035 996 2071 i,
1026 2037 1058 2070 4,
1087 2036 1142 2073 36,
1171 2036 1249 2066 Solis
1278 2042 1392 2066 aeterna
1423 2043 1465 2067 est
1506 2036 1615 2067 Phoebo

859 2077 1036 2119 Bacchoque
1052 2081 1214 2119 juventas,
1246 2078 1328 2109 Nam
1360 2080 1444 2109 decet
1478 2081 1615 2110 intonsus

858 2122 953 2151 crinis
969 2129 1135 2162 ¹utrumqne
1149 2123 1251 2152 deum.
1298 2122 1479 2162 Cynthium,
1498 2131 1517 2152 a
1538 2122 1615 2154 Deli

861 2170 980 2201 monte,
1017 2164 1158 2206 Cynth0.
1217 2164 1388 2196 Latonam.-
1419 2164 1492 2206 jure
1523 2165 1617 2196 matri

860 2207 950 2238 locus
972 2217 1049 2238 suus
1070 2206 1255 2248 adsignatur
1278 2207 1311 2238 in
1335 2207 1467 2250 hymno,
1495 2207 1529 2238 in
1552 2219 1615 2250 quo

860 2249 982 2291 inclyta
997 2249 1069 2291 ejus
1083 2251 1186 2293 proles
1201 2250 1400 2290 celebratur3
1423 2250 1498 2282 hinc
1513 2251 1614 2283 Calli-

859 2293 996 2324 machus
1009 2294 1126 2334 Hymn.
1136 2293 1170 2324 in
1183 2293 1293 2335 Apoll.
1308 2295 1358 2328 14,
1368 2294 1468 2336 χαῖρε
1477 2292 1614 2337 μάκαιρ’

861 2337 887 2368 ὦ
906 2337 1014 2375 Λητοῖ
1028 2336 1098 2367 ἐπεὶ
1117 2335 1209 2374 τέκες
1222 2335 1342 2379 α’γλαὰ
1357 2338 1470 2368 τέκνα.

904 2380 1024 2410 5—12.
1063 2380 1202 2410 Sensus:
1242 2390 1309 2415 vos,
1348 2380 1478 2422 puellae,
1517 2379 1615 2412 dicite

861 2422 1002 2454 Dianam
1032 2421 1224 2461 gaudentem
1256 2422 1362 2453 fluviis
1389 2428 1422 2454 et
1451 2433 1616 2454 nemorum

859 2465 1037 2501 frondibus,
1050 2475 1254 2507 quaecunque
1266 2466 1506 2508 supereminent
1515 2473 1569 2497 aut
1582 2466 1616 2498 in

861 2508 994 2549 Algido,
1011 2515 1068 2539 aut
1089 2508 1123 2539 in
1146 2509 1334 2551 Erymanthi
1353 2516 1383 2541 et
1403 2510 1500 2550 Cragi
1517 2509 1616 2541 silvis.

863 2552 980 2583 Loetam
1000 2551 1225 2593 (χαίρουσαν,
1247 2551 1480 2595 τερπομένην)
1493 2553 1617 2594 fluviis.

864 2595 939 2626 hinc
956 2595 1042 2636 apud
1058 2595 1181 2626 Catull.
1197 2605 1296 2626 carm.
1314 2595 1402 2627 laud.
1422 2607 1451 2626 v.
1472 2597 1523 2630 12,
1539 2597 1614 2626 Am-

858 2640 946 2669 nium
961 2643 1122 2668 sonantum
1138 2639 1261 2669 domina
1277 2637 1402 2669 dicitur.
1450 2638 1615 2669 Nemorum

859 2693 941 2712 coma
976 2681 1171 2722 Quaecunque
1200 2683 1363 2721 prominet,
1395 2691 1451 2723 pro
1481 2681 1616 2722 vulgari,

861 2722 1042 2755 nemoribus
1062 2734 1134 2765 quae
1157 2729 1243 2760 sunt,
1264 2730 1340 2755 cett.
1386 2723 1452 2762 Qui
1473 2723 1506 2754 in
1526 2725 1614 2755 locu-

861 2766 959 2804 tione,
990 2777 1145 2797 nemorum
1174 2778 1258 2797 coma
1287 2769 1437 2807 prominet
1469 2769 1502 2798 in
1531 2770 1615 2798 silvis

859 2810 1069 2850 tautologiam
1093 2809 1146 2840 vix
1170 2809 1332 2841 ferendam
1355 2809 1416 2840 sibi
1437 2810 1614 2852 deprehen-

861 2853 946 2884 disse
964 2852 1023 2883 visi
1045 2858 1134 2889 sunt,
1156 2852 1313 2884 diversam
1332 2855 1461 2884 nemoris
1482 2858 1514 2884 et
1532 2854 1615 2884 silz'ae

862 2896 1027 2927 notionem
1064 2905 1176 2938 parum
1217 2901 1414 2939 perspectam
1455 2895 1615 2932 habuere;

864 2950 966 2970 nemus
982 2938 1067 2969 enim
1083 2944 1131 2970 est
1146 2949 1219 2981 pars
1234 2939 1326 2975 silvae,
1340 2939 1392 2970 vel
1408 2939 1497 2969 locus
1514 2948 1614 2968 arnoe·

864 2992 926 3013 nus
945 2987 978 3013 et
998 2982 1180 3024 reconditus
1194 2982 1228 3012 in
1251 2982 1347 3012 silva.-
1373 2981 1468 3013 Ovid.
1490 2981 1570 3011 Met.
1592 2979 1614 3016 i,

865 3026 941 3062 568,
962 3027 1022 3056 Est
1043 3035 1147 3056 nemus
1166 3025 1342 3061 Haemoniae,
1359 3030 1519 3064 praerupta
1537 3025 1615 3064 quud
