1884 3288
303 204 381 245 192

895 206 1295 249 CARMINUM

520 304 725 345 Ostendit
746 304 910 358 ignem:
938 306 1026 360 jam
1046 307 1246 361 Procyon
1266 306 1383 356 furit,

578 370 638 411 Et
660 369 782 411 stella
802 373 946 412 vesani
967 372 1143 423 Leonis,

435 437 491 477 20

634 436 733 478 Sole
755 438 847 478 dies
868 438 1079 480 referente
1103 440 1250 481 siccos.

519 502 615 543 Jam
636 509 783 557 pastor
804 506 976 545 umbras
997 520 1092 547 cum
1109 521 1240 560 grege
1261 506 1466 560 languido

519 568 764 623 Rivumque
785 571 924 611 fessus
946 571 1113 624 quaerit,
1134 579 1178 612 et
1198 571 1362 613 horridi

579 635 768 676 Dumeta
790 636 949 676 Silvani
967 652 976 677 :
1009 643 1212 690 caretque

634 702 750 756 Ripa
770 703 888 756 vagis
910 703 1122 743 taciturna
1141 703 1292 743 ventis.

437 767 493 807 25
522 766 608 816 Tu,
631 769 840 808 civitatem
863 770 957 822 quis
979 769 1130 809 deceat
1153 775 1304 818 status,

523 832 674 882 Curas,
692 840 734 874 et
756 834 868 875 Urbi
889 834 1092 875 sollicitus
1114 835 1251 884 times,

581 900 700 946 Quid
723 900 850 941 Seres
873 908 916 941 et
936 909 1115 955 regnata
1135 901 1249 954 Cyro

636 965 796 1006 Bactra
815 973 983 1020 parent,
1005 966 1252 1020 Tanaisque
1274 968 1452 1009 discors.

521 1032 720 1073 Prudens
741 1033 876 1074 futuri
895 1033 1098 1087 temporis
1121 1034 1282 1074 exitum

435 1099 491 1140 30
521 1098 764 1152 Caliginosa
783 1106 908 1140 nocte
929 1099 1083 1152 premit
1105 1099 1252 1140 Deus:

579 1166 816 1219 Ridetque,
840 1167 875 1206 si
890 1165 1079 1206 mortalis
1100 1165 1212 1206 ultra

635 1232 719 1273 Fas
743 1232 946 1286 trepidat.

1009 1232 1140 1279 Quod
1157 1232 1295 1282 adest,
1316 1239 1527 1275 memento

523 1298 791 1352 Componere
811 1313 984 1352 aequus:
1017 1305 1160 1339 cetera
1180 1298 1362 1339 fluminis

295 1433 380 1464 omni
415 1443 516 1465 rerum
549 1434 641 1476 copia
675 1434 842 1466 affluentis.
886 1434 1028 1469 Fumum,

296 1476 467 1506 Maecenati
489 1476 572 1507 enim
594 1486 633 1507 ex
656 1477 721 1507 alta
742 1476 834 1507 domo
856 1486 914 1507 sua
939 1486 1031 1517 super

296 1523 399 1548 cetera
421 1518 508 1548 urbis
527 1523 610 1549 tecta
632 1518 832 1560 prospicienti
851 1518 1030 1559 jucundum

297 1568 372 1590 saue
385 1561 502 1631 dsmnus
526 1560 598 1590 inde
622 1561 653 1590 in
677 1561 774 1591 altum
798 1571 928 1600 surgens
952 1571 1029 1601 prae-

296 1601 369 1632 bere
407 1603 519 1632 ebebat
530 1603 758 1643 spectaculum.
798 1603 883 1641 Opes,
902 1602 1031 1643 opulen-

295 1642 382 1680 tiam,
399 1644 490 1674 luxus
510 1644 724 1674 instrumenta.
770 1644 947 1682 Strepitum.
967 1654 1033 1678 nos,

297 1683 437 1715 Gewnhl.
487 1686 665 1725 Plerumque
677 1694 774 1723 grata*
789 1688 931 1716 divitibus
946 1687 1032 1720 vices,

295 1733 369 1756 cett.
391 1728 546 1757 Lubenter
561 1738 642 1768 ,sa-pe
659 1728 771 1758 divites
786 1729 857 1758 vitae
876 1727 1031 1757 vicissitu-

296 1767 378 1798 dinis
402 1779 497 1799 causa
524 1780 561 1799 ex
590 1771 662 1799 urbe
689 1769 719 1799 in
748 1780 852 1809 agrurn
877 1770 1031 1803 secedere,

298 1809 405 1851 ibique
424 1811 454 1841 in
478 1811 586 1841 humili
610 1822 779 1853 pauperum
799 1812 890 1842 domo
914 1811 951 1841 ad
967 1821 1032 1841 coe-

294 1861 366 1882 nam
391 1853 573 1891 simplicem.
600 1864 659 1883 non
682 1854 713 1883 in
739 1853 873 1884 triclinio
899 1854 1031 1894 quodam

296 1894 460 1930 magnifice
481 1894 641 1933 adornato,
658 1895 711 1925 sed
733 1895 762 1925 in
790 1895 905 1925 munda
927 1906 1034 1925 mensa

296 1937 482 1976 appositam,
510 1947 617 1967 omnes
645 1938 740 1967 animi
767 1947 856 1967 curas
880 1938 1032 1978 deponere

294 1978 406 2008 solent.
457 1979 645 2017 Plerumque,
676 1979 758 2009 haud
794 1989 872 2014 raro,
906 1985 939 2008 ut
978 1979 1033 2009 inf.

297 2019 363 2049 Sat.
383 2019 404 2053 i,
428 2021 478 2054 10.
503 2022 548 2054 15,
572 2027 603 2051 et
624 2020 724 2061 Epist.
744 2021 782 2051 ad
806 2022 871 2051 Pis.
892 2031 921 2050 v.
944 2022 981 2050 14
1003 2027 1034 2051 et

295 2062 346 2091 95.
395 2063 464 2092 Sine
485 2065 588 2092 aulcris
610 2070 637 2092 et
661 2069 748 2099 ostro,
772 2063 849 2093 refer
872 2063 909 2092 ad
932 2068 1031 2093 exter-

297 2113 366 2133 nam
386 2104 589 2134 tricliniorum
604 2104 864 2147 magnificentiam
882 2117 888 2137 z
912 2115 965 2145 per
977 2117 1031 2134 au-

297 2146 361 2182 qu,
378 2152 409 2175 ut
429 2146 518 2176 docet
540 2147 706 2177 scholiam.
726 2147 780 2176 inf.
804 2148 840 2176 ad
865 2148 930 2176 Sat.
953 2147 984 2179 ii,
1001 2148 1031 2179 8.

295 2189 348 2221 54,
373 2188 578 2225 intelligenda
603 2195 677 2218 sunt
699 2189 832 2229 pretiosa
859 2189 938 2222 vela,
963 2199 1032 2229 quae

295 2230 354 2259 sub
377 2239 517 2260 cameras
539 2230 572 2260 in
593 2230 727 2260 triclinio
751 2230 966 2267 tendebantur,
985 2236 1030 2266 ut,

295 2270 322 2301 si
337 2271 411 2312 quid
430 2272 566 2312 pulveris
585 2272 745 2308 deciderit,
762 2273 802 2302 ab
821 2272 859 2302 iis
874 2272 1030 2313 excipere-

295 2318 345 2343 tur
365 2314 478 2352 (Voss.
502 2314 674 2344 Baldachin
697 2314 802 2352 vertit)
819 2326 826 2351 ;
850 2325 902 2355 per
920 2321 1031 2344 ostrum

293 2360 409 2388 autem.
426 2365 579 2397 purpurea
599 2356 647 2387 vel
667 2356 866 2397 conchyliata
885 2356 1028 2397 peristro-

294 2403 379 2427 mata
394 2398 458 2427 sive
479 2398 731 2439 peripetasmata,
748 2399 862 2439 quibus
884 2398 956 2428 lecti
978 2398 1030 2428 tri-

295 2438 441 2469 cliniares
470 2438 744 2471 insternebantur:
782 2440 872 2481 Virg.
905 2441 982 2470 AEn.
1009 2441 1031 2478 i,

295 2481 370 2515 700,
382 2487 532 2522 stratoque
545 2493 633 2521 super
645 2483 842 2513 discumbitur
851 2489 938 2512 ostro.
970 2483 1031 2512 Ex-

290 2524 423 2563 plicuere
438 2534 503 2564 pro,
521 2525 677 2565 explicare
692 2524 805 2559 solent,
823 2530 858 2554 ut
874 2534 968 2565 saepe.

340 2566 475 2596 17—24.
498 2566 567 2595 Jam
582 2568 684 2597 clarus
696 2567 855 2601 occultum,
870 2572 942 2596 cett.
960 2566 1032 2597 Jam

294 2606 374 2637 illud
394 2607 470 2637 anni
490 2613 611 2649 ternpus
635 2609 744 2649 agitur,
763 2619 826 2648 quo
845 2608 920 2638 solis
941 2609 1030 2638 ardor

294 2654 342 2680 est
363 2649 662 2683 vehementissimus,
681 2660 733 2690 pro
755 2651 886 2691 vulgari,
900 2650 966 2691 jam
983 2656 1032 2681 est

295 2697 398 2726 testas.
422 2701 515 2732 quam
544 2702 611 2722 rure
639 2693 808 2731 transigere
831 2692 931 2722 solent
957 2692 1030 2723 bea-

295 2733 410 2770 tiores;
451 2739 587 2764 aestatem
629 2740 745 2769 autem,
779 2739 810 2764 et
847 2734 1031 2765 nominatim

294 2785 432 2806 mensem
469 2776 590 2806 Julium
628 2785 647 2806 a
684 2776 829 2811 siderum,
866 2786 936 2816 quae
973 2776 1031 2807 hoc

294 2827 402 2849 mense
423 2816 575 2851 oriuntur.
598 2827 688 2848 cursu
712 2817 865 2857 designat.
910 2820 1031 2849 Andro-

295 2861 383 2891 medoe
409 2865 507 2900 pater,
539 2860 696 2901 Cepheus,
727 2859 815 2890 sidus
845 2860 903 2890 sub
931 2861 1033 2890 cauda

296 2902 388 2934 Ursae
410 2901 550 2939 minoris,
566 2901 657 2943 cujus
673 2907 758 2932 ortus
779 2901 811 2932 in
827 2912 854 2932 a.
873 2901 906 2932 d.
927 2901 970 2932 vii
984 2903 1034 2933 Id.

295 2944 363 2976 Jul.
393 2942 514 2975 incidit.
576 2944 737 2976 Occultum
767 2945 866 2985 ignem
896 2946 1034 2982 ostendit,

1073 1433 1227 1474 exquisite
1242 1443 1298 1475 pro
1318 1431 1449 1474 vulgari,
1465 1432 1578 1463 oritur:
1603 1430 1807 1468 Catull.1xii‚

1074 1476 1106 1511 7,
1123 1476 1277 1506 Nimirum
1294 1476 1398 1506 OEtaeos
1412 1476 1540 1506 ostendit
1558 1474 1699 1516 Noctifer
1712 1476 1809 1522 ignes.

1078 1518 1223 1558 Procyon,
1253 1516 1440 1552 Antecanis,
1475 1515 1526 1547 Id.
1557 1516 1627 1548 Jul.
1657 1526 1810 1548 exoriens.

1076 1559 1182 1594 Furit,
1207 1565 1282 1590 aestu
1308 1559 1408 1589 saevit.
1451 1558 1546 1589 Stena
1568 1559 1670 1590 vesani
1691 1559 1810 1596 Leonis,

1077 1601 1107 1631 in
1138 1607 1262 1642 pectore
1291 1601 1416 1638 Leonis,
1439 1602 1525 1630 tuber
1555 1600 1661 1632 Leonis
1686 1605 1810 1638 vocam,

1075 1653 1158 1683 quae,
1183 1650 1345 1684 postquam
1368 1642 1420 1673 Sol
1444 1652 1474 1672 a.
1497 1642 1530 1672 d.
1553 1642 1607 1673 xiii
1630 1642 1699 1674 Cal.
1722 1644 1810 1684 Aug.

1077 1685 1108 1715 in
1143 1685 1228 1716 sidus
1258 1685 1372 1716 Leonis
1402 1684 1533 1720 transiit.
1565 1695 1593 1715 a.
1620 1684 1651 1714 d.
1678 1683 1711 1715 ix
1740 1685 1811 1716 Cal.

1079 1728 1162 1766 Aug.
1193 1727 1300 1757 oritur.
1351 1727 1467 1762 Vesuui,
1495 1726 1603 1757 eodem
1630 1736 1723 1757 sensu
1752 1726 1811 1758 inf.

1078 1770 1178 1810 Epist.
1202 1769 1222 1806 i,
1249 1771 1296 1803 10.
1325 1770 1374 1804 17,
1400 1768 1458 1799 Leo
1479 1768 1591 1799 dicitur
1603 1768 1811 1809 j'uribundus.

1077 1812 1145 1841 Jam
1169 1818 1269 1850 pastor
1291 1813 1421 1847 umbi-as,
1443 1817 1538 1841 ceth:
1565 1810 1654 1850 Virg.
1678 1810 1749 1841 Ecl.
1776 1810 1811 1848 ii,

1078 1854 1108 1888 8,
1127 1853 1218 1883 Nunc
1238 1856 1343 1883 etenim
1365 1855 1489 1892 pecudes
1508 1853 1626 1883 umbras
1643 1858 1672 1882 et
1683 1853 1811 1894 frigora

1077 1902 1212 1933 captam.
1238 1895 1287 1926 (21.
1297 1895 1428 1925 Mitsch.
1438 1899 1596 1936 comparat
1606 1895 1665 1936 Ep.
1673 1893 1811 1926 'Admir-

1076 1937 1159 1971 cclx,
1186 1939 1217 1971 5,
1241 1938 1272 1971 6,
1295 1936 1423 1967 Anthol.
1443 1937 1546 1967 Graec.
1567 1937 1606 1966 T.
1628 1936 1670 1972 iv,
1688 1947 1720 1977 p.
1737 1937 1810 1972 171,

1077 1978 1134 2009 Χώ
1145 1979 1272 2019 ποιμὰν
1280 1978 1316 2010 ἐν
1328 1979 1437 2020 ὄρεσσι
1446 1989 1528 2020 μεσα
1555 1977 1677 2019 βρινὸν
1687 1978 1811 2020 ἀγχόθι

1076 2020 1514 2061 παγᾶςΣυρίσδων,λασίας
1543 2019 1712 2062 άμνῳὺπὸ
1723 2022 1810 2052 πλα-

1077 2062 1183 2093 τάνου
1200 2062 1353 2102 Καύματ’
1371 2063 1549 2104 ὀπωρινοῖο
1567 2061 1682 2104 φυγὼν
1696 2063 1810 2100 κυνός.

1081 2104 1208 2134 Hor-ridi
1233 2105 1365 2135 Dumeta
1391 2106 1520 2140 Silvani,
1546 2105 1678 2144 virgulta
1701 2111 1732 2136 et
1753 2106 1811 2136 du-

1078 2152 1172 2182 meta,
1187 2146 1301 2187 quibus
1317 2153 1429 2187 praeest
1443 2147 1609 2183 Silvanus3
1632 2147 1749 2176 horridi
1764 2157 1810 2178 re—

1078 2188 1123 2218 fer
1139 2189 1175 2218 ad
1199 2189 1348 2218 incultam
1365 2195 1395 2218 et
1416 2188 1611 2219 horridiorem
1632 2189 1760 2224 Silvani,
1775 2194 1810 2220 ut

1077 2229 1127 2260 dei
1142 2229 1281 2268 agrestis.
1296 2231 1436 2260 formam.
1476 2230 1621 2270 caretque
1633 2230 1717 2270 Ripa
1728 2233 1811 2271 vagis

1077 2274 1233 2302 taciturna
1248 2274 1354 2307 ventis,
1373 2282 1429 2303 nec
1446 2271 1486 2302 ad
1507 2271 1617 2319 ripam,
1631 2271 1687 2302 ubi
1707 2273 1813 2304 omnia

1075 2319 1192 2349 tacent,
1216 2323 1300 2344 aurae
1327 2314 1455 2355 spirant,
1479 2313 1612 2350 scilicet,
1635 2318 1670 2344 ut
1696 2313 1812 2345 fessum

1075 2356 1149 2386 solis
1166 2362 1241 2386 aestu
1259 2361 1411 2397 pastorem
1425 2360 1574 2387 recreent.

1117 2399 1255 2428 25—28.
1281 2398 1338 2433 Tu,
1362 2399 1513 2428 civitatem
1537 2399 1603 2438 quis
1625 2399 1726 2428 deceat
1750 2403 1812 2428 rta-

1076 2447 1135 2475 tns,
1152 2446 1224 2470 cett.
1270 2440 1315 2470 At
1336 2445 1381 2476 tu,
1398 2441 1572 2475 Maecenas,
1590 2438 1631 2470 ad
1651 2439 1810 2471 civitatem

1074 2481 1240 2523 prudenter
1261 2482 1430 2522 regundam
1453 2481 1486 2512 in
1504 2482 1580 2512 urbe
1598 2491 1717 2517 manea,
1734 2481 1811 2512 dnm

1075 2523 1213 2554 animum
1237 2529 1324 2554 tuum
1352 2524 1391 2554 de
1413 2523 1462 2559 iis,
1485 2522 1679 2564 quaeexteri
1707 2523 1812 2555 hostes

1076 2566 1204 2606 agitent,
1228 2565 1443 2607 nequidquam
1465 2565 1597 2596 crucias.
1641 2565 1812 2598 Maecenati

1074 2608 1213 2649 quidem,
1230 2607 1284 2648 qui
1301 2608 1358 2638 hoc
1374 2617 1456 2637 anno
1472 2606 1539 2637 urbi
1555 2607 1722 2648 praefectus
1738 2607 1809 2644 suit,

1074 2660 1156 2680 curae
1185 2649 1332 2690 cordique
1361 2659 1429 2680 esse
1460 2648 1595 2680 debebat
1626 2648 1811 2691 reipublice

1076 2691 1160 2722 salus
1178 2697 1209 2722 et
1226 2691 1446 2729 incolumitas;
1468 2691 1523 2722 sed
1545 2690 1676 2721 nimium
1695 2691 1751 2722 ine
1772 2691 1811 2723 de

1075 2740 1249 2765 exterorum
1271 2733 1402 2764 hostium
1424 2732 1518 2763 minis
1539 2732 1694 2764 sollicitus
1714 2732 1812 2764 fuisse

1076 2776 1206 2811 videtur,
1238 2776 1320 2806 unde
1349 2774 1500 2806 Horatius
1531 2785 1601 2817 sup.
1631 2773 1678 2811 iii,
1707 2776 1740 2810 8,
1772 2775 1809 2807 17

1076 2818 1210 2849 eundem
1235 2822 1349 2855 monet,
1377 2817 1467 2848 Mine
1491 2817 1593 2847 civiles
1619 2827 1710 2856 super
1737 2818 1810 2848 urbe

1077 2871 1179 2895 curas.
1191 2865 1264 2890 cett.
1281 2859 1334 2890 ubi
1349 2859 1390 2890 cf.
1405 2864 1469 2889 not.
1485 2858 1579 2895 Seres,
1595 2868 1672 2898 gens
1685 2857 1811 2896 Indica,

1079 2913 1133 2944 pro
1147 2901 1236 2933 Indis
1250 2900 1420 2933 universis:
1445 2901 1488 2932 cf.
1503 2910 1540 2932 su
1566 2923 1575 2932 .
1590 2899 1630 2931 ad
1645 2900 1738 2938 i,-12,
1753 2901 1810 2932 56.

1081 2944 1207 2980 Bactra,
1227 2944 1301 2975 urbs
1323 2942 1468 2986 primaria
1486 2942 1519 2974 in
1572 2941 1712 2975 nutriant.
1731 2943 1810 2975 Per·
