1884 3288
18 2471 23 2482 ⁵
35 2491 82 2531 3st

92 2615 323 2688 {flagi-baum
347 2639 413 2672 vid.
428 2641 516 2672 Pnu.
532 2640 576 2677 ix.
593 2642 647 2672 35.

60 2723 62 2725 ‚
79 2682 274 2758 ”
271 2684 427 2726 superbiae
436 2690 470 2716 et
477 2684 643 2726 jactantiae
656 2684 770 2715 habet:
786 2684 850 2716 vid.

665 182 974 228 CARMEN
1004 184 1048 224 9.

1544 183 1630 225 265

237 289 290 330 15
321 288 472 337 Quid?
502 286 624 343 quod
642 285 778 329 libelli
797 285 936 327 Stoici
955 285 1071 327 inter
1092 284 1255 327 sericos

488 355 645 398 «Iacere
665 353 866 410 pulvillos
887 359 1032 395 amant
1049 369 1059 394 ι

319 423 518 467 Illiterati
537 437 640 465 num
659 422 801 464 minus
822 421 943 463 nervi
962 421 1140 476 rigent?

490 489 697 532 Minusve
716 489 899 546 languet
919 488 1163 531 fascinum?

321 557 455 606 Quod
475 564 524 599 ut
545 558 738 612 superbo
758 571 969 613 provoces
992 557 1047 598 ab
1068 556 1264 611 inguine,

233 626 292 669 20

491 625 584 669 Ore
605 624 935 668 allaborandum
955 630 1024 668 est
1045 624 1140 667 tibi.

660 791 939 835 CARMEN
972 792 1056 834 IX.

581 933 660 964 AD
705 931 1145 964 MAECENATEM.

324 1034 529 1083 QUANDO
549 1040 776 1090 repostum
797 1034 1036 1077 Caecubum
1056 1035 1113 1076 ad
1134 1033 1267 1077 festas
1289 1034 1443 1090 dapes,

493 1102 676 1145 Victore
696 1102 823 1145 laetus
846 1103 1038 1154 Caesare,

322 1169 492 1212 Tecum
513 1171 596 1212 sub
618 1170 718 1221 alta,
742 1171 803 1213 sic
823 1171 854 1212 J
857 1171 925 1213 ovi
945 1178 1133 1227 gratum,
1155 1171 1300 1222 domo,

495 1238 634 1280 Beate
657 1239 894 1290 Maecenas,
916 1240 1079 1290 bibam,

265 1305 294 1346 5
323 1303 516 1348 Sonante
537 1307 721 1347 mixtum
741 1307 858 1348 tibiis
880 1321 1054 1348 carmen
1074 1306 1184 1361 lyra,

497 1372 597 1415 Hae
619 1373 820 1424 Dorium,
843 1373 926 1415 illis
950 1374 1228 1416 Barbarum?

137 1478 258 1512 7-10.
281 1479 359 1512 Sed:
380 1479 450 1512 haee
466 1479 623 1522 particula
643 1481 780 1513 irrisioni
795 1482 844 1513 in·

94 1521 204 1560 nervit,
219 1528 267 1554 ‘ut
286 1522 368 1554 alias
393 1524 546 1554 videlicet.
591 1525 701 1556 Multo
725 1524 844 1562 minus,

95 1562 152 1602 ait,
166 1575 219 1599 me
234 1565 368 1598 incitare
382 1571 485 1614 potest
503 1573 619 1606 pectus,
642 1573 718 1599 cett.
767 1568 845 1599 Ven-

95 1613 143 1643 ter
156 1609 268 1646 mollis,
287 1608 470 1649 languidus,
490 1609 659 1651 opponitur
676 1610 765 1642 firmo
788 1611 845 1642 ad-

93 1649 166 1700 huc·
186 1655 219 1683 et
247 1652 445 1684 succulento.
495 1653 660 1689 Additum,
690 1654 845 1696 superim-

157 1699 252 1726 itum.

142 1738 282 1769 11—20.
308 1737 380 1769 Esco
403 1739 503 1774 beata,
534 1743 609 1770 cett.
638 1748 768 1770 sensus:
802 1737 846 1769 sis

97 1779 270 1812 lieetdives
281 1785 314 1812 et.
325 1780 453 1816 nobilis,
466 1791 526 1812 nec
541 1781 608 1813 ulla
623 1781 686 1813 alia
701 1787 848 1812 matrona

94 1822 335 1872 pretiosioribus
360 1824 539 1865 margaritis
564 1830 675 1855 ornata
706 1824 844 1862 incedat,

95 1875 162 1900 mo
171 1865 216 1897 sis
227 1866 322 1898 docta
332 1872 364 1898 et
376 1866 584 1909 philosophiae
600 1867 728 1905 dedita;
745 1867 844 1898 nihilo

97 1908 206 1940 minus
218 1913 326 1941 tamen
339 1909 426 1941 nervi
441 1910 515 1948 mei,
529 1910 586 1951 qui
600 1917 676 1941 sunt
690 1909 843 1946 illiterati,

97 1951 133 1983 h.
159 1961 191 1984 e.
219 1951 278 2026 ‹tjui
307 1962 373 1983 non
402 1953 571 1984 mulierum
604 1953 758 1990 doctrina,
790 1952 845 1984 sed

95 2002 206 2027 earum
233 2005 323 2038 orma
335 1994 522 2032 incitantur,
538 1995 651 2038 rigent,
670 1995 844 2027 fascinum-

97 2047 163 2079 que
191 2037 334 2079 languet,
365 2039 453 2081 quod
485 2038 627 2080 quidem,
658 2049 732 2070 cum
763 2038 844 2070 illud

97 2078 178 2112 anili
208 2085 266 2112 tua
292 2080 392 2113 forma
419 2082 581 2124 provocari
607 2088 755 2124 nequeat,
782 2081 845 2113 alio

95 2123 191 2155 modo
220 2122 280 2155 tibi
308 2124 543 2167 provocandum
572 2131 634 2156 est.
691 2125 846 2166 Imagines

99 2164 326 2208 Triumphales,
340 2167 493 2210 majorum
509 2167 643 2204 scilicet,
657 2168 776 2210 quibus
790 2167 844 2198 tri-

38 2227 40 2230 >
96 2209 208 2252 umphi
227 2209 329 2245 bonor
350 2210 493 2252 contigit,
517 2211 659 2252 adeoque
685 2210 843 2243 nobilissi-

33 2263 53 2296 ι,
96 2261 220 2288 morum
245 2252 383 2287 virorum
410 2252 578 2294 imagines·
625 2254 735 2285 Funus
757 2262 844 2285 tuum

34 2299 35 2302 ’
97 2294 226 2335 damna,
239 2295 342 2328 funeri
364 2301 419 2327 tuo
440 2296 658 2338 praeferantur,
673 2298 760 2338 quod
782 2307 845 2328 non

47 2347 70 2363 1
97 2341 221 2379 mm
246 2338 282 2371 in
306 2338 464 2371 nobilium
491 2341 640 2375 virorum,
668 2340 724 2372 sed
750 2339 846 2372 etiam

97 2378 252 2430 tpbilinm
265 2387 482 2414 matronarum
495 2383 606 2414 funere
621 2382 687 2415 fieri
702 2384 844 2415 solebat:

54 2442 75 2454 01
97 2422 164 2464 pd-
178 2423 251 2458 Cic.
265 2424 306 2457 de
321 2425 410 2457 Orat.
425 2425 459 2462 ii,
484 2427 539 2458 55.
586 2426 717 2458 Funeris
739 2431 846 2457 autem

164 2467 313 2507 acerbius
339 2468 534 2500 mentionem
564 2469 652 2505 facit,
681 2480 755 2500 cum
785 2469 847 2500 ista

163 2533 192 2549 Δ,
214 2515 252 2549 ut
273 2521 344 2554 sup.
368 2510 416 2549 iii,
443 2513 495 2548 15,
519 2513 540 2542 4
565 2512 696 2550 Chloris,
725 2519 846 2543 matu-ro

198 2554 206 2562 ”
225 2556 353 2595 propior
371 2560 466 2586 esset.
518 2555 782 2593 Rotundiuribus,·
813 2555 847 2586 in

238 2606 269 2628 m
283 2597 370 2629 euim
385 2597 580 2629 rotunditate
590 2608 699 2629 earum
711 2599 848 2640 pretium

693 2643 848 2677 Ambutet,

275 2727 350 2768 pod.
362 2728 395 2764 4,
407 2729 440 2759 5.
484 2727 598 2759 Libelli
613 2728 726 2759 Stoici:
749 2727 852 2759 facete

185 2890 190 2898 Ι
218 2854 280 2887 sibi
295 2856 437 2898 placent.
482 2856 635 2888 utiterum·
649 2868 724 2887 num
738 2859 851 2894 minus,

17 2787 21 2807 2
86 2766 101 2803 ,ἦ
153 2760 203 2801 ἰιι
215 2767 419 2802 libidinosam
431 2770 548 2802 Stoicae
560 2770 770 2813 philosophiae
783 2775 852 2802 stu-

15 2819 27 2846 ·]
48 2836 63 2849 ,.
79 2810 98 2824 '⁰
242 2811 385 2845 inducit!
431 2814 546 2845 Amant
558 2816 678 2855 jacere,
697 2812 789 2855 quasi
805 2813 851 2845 sic

59 2770 390 2941 ’ὲῐίοηιίιιῆ
413 2904 451 2930 ut
473 2899 607 2936 videtur,
634 2899 705 2931 vult
731 2899 850 2939 dicere,

290 2965 299 2980 ,
313 2952 424 2974 nervos
440 2952 527 2974 meos
542 2942 625 2979 ideo,
641 2942 714 2984 quia
728 2948 762 2974 tu
774 2942 851 2974 doc-

234 2994 299 3027 pne
314 2990 344 3018 te
355 2984 429 3022 leis,
445 2986 551 3018 minus
566 2985 687 3028 rigere!
732 2985 853 3029 Lepide

890 1481 1044 1514 doctrinae
1071 1485 1277 1524 opponuntur
1296 1479 1387 1512 nervi
1407 1480 1539 1517 indocti,
1560 1480 1593 1512 li.
1611 1491 1642 1513 e.

889 1525 973 1563 duri,
985 1525 1151 1562 indociles,
1167 1523 1273 1565 rigidi,
1290 1524 1346 1565 qui
1356 1523 1502 1556 doctrina
1513 1523 1640 1556 incitari

889 1574 922 1600 et
941 1567 1062 1611 impelli
1085 1573 1260 1609 nequeunt.
1305 1567 1470 1598 Fascinum
1489 1567 1639 1610 (βασκά-

891 1611 987 1651 mov)
1022 1611 1053 1642 h.
1088 1611 1111 1641 l.
1147 1610 1323 1641 membrum
1352 1609 1442 1641 virile
1469 1611 1641 1651 significat.

889 1654 1034 1694 Superbo,
1057 1654 1194 1696 superbe
1214 1652 1393 1684 vetularum
1419 1653 1570 1685 libidines
1591 1663 1639 1685 re·

891 1697 1053 1739 pudiante.

1121 1781 1326 1814 CARMEN
1350 1781 1413 1812 ῙΧ.

933 1823 1017 1855 Cum
1041 1823 1162 1867 primus
1177 1825 1218 1856 de
1238 1824 1381 1855 Antonio
1399 1829 1431 1855 et
1455 1823 1640 1866 Cleopatra,

889 1866 928 1898 ad
952 1867 1083 1899 Actium
1107 1867 1148 1898 ab
1172 1867 1321 1908 Augusto
1342 1866 1510 1908 splendide
1532 1867 1640 1903 victis,

890 1910 1027 1942 Romam
1061 1910 1179 1941 allatus
1209 1915 1294 1941 esset
1322 1909 1471 1947 nuncius,
1500 1909 1640 1952 publicae

889 1952 950 1988 illi,
970 1953 1002 1984 in
1021 1963 1118 1995 quam
1141 1963 1251 1984 omnes
1272 1952 1411 1984 Romani
1432 1952 1640 1991 incesserant,

888 1996 1008 2027 laetitiae
1025 2007 1087 2026 non
1102 1995 1203 2027 defuit
1215 1995 1381 2027 Horatius.
1418 1995 1458 2025 ln
1471 1994 1530 2027 hoc
1543 1995 1640 2038 igitur

888 2039 1038 2076 carmine,
1066 2038 1300 2080 gloriosissimae
1327 2037 1376 2069 illi
1406 2039 1546 2079 Augusti
1574 2038 1640 2070 vic·

889 2082 975 2113 torioe
986 2081 1185 2114 celebrandae
1196 2087 1394 2118 consecrato,
1409 2081 1544 2124 primum
1555 2081 1641 2113 diem

889 2125 1017 2160 festum,
1054 2135 1148 2166 quem
1182 2124 1268 2168 apud
1306 2125 1522 2156 Maecenatem
1559 2124 1642 2156 inter

887 2169 1093 2208 generosioris
1123 2167 1188 2198 vini
1219 2167 1333 2210 pocula
1359 2173 1391 2199 et
1420 2167 1504 2199 inter
1526 2167 1642 2199 mixtos

887 2210 1034 2242 tibiarum
1052 2210 1060 2241 l
1087 2221 1193 2253 raeque
1215 2217 1329 2242 cantus
1347 2216 1565 2242 transacturus
1588 2211 1643 2246 sit,

888 2253 1022 2292 indicit3
1057 2221 1174 2285 deinde
1203 2253 1236 2284 iu
1267 2254 1456 2291 Antonium,
1487 2253 1542 2295 qui
1574 2255 1642 2285 Ro-

888 2307 993 2328 manae
1010 2297 1132 2328 virtutis
1148 2297 1244 2340 plane
1265 2296 1383 2328 oblitus
1408 2297 1588 2339 Cleopatrae
1608 2307 1643 2330 se

889 2340 1026 2383 turpitur
1045 2340 1303 2382 emancipaverit,
1325 2340 1425 2371 nobili
1446 2351 1520 2372 cum
1538 2340 1643 2382 indig-

890 2384 1018 2415 natione
1037 2383 1217 2422 invebitur;
1241 2394 1315 2414 mox
1335 2383 1455 2414 laetitiae
1479 2394 1576 2414 sensu
1597 2383 1642 2415 ita

890 2426 1054 2469 abripitur,
1086 2432 1133 2463 ut,
1156 2426 1247 2468 quasi
1273 2426 1342 2468 jam
1370 2426 1502 2458 Antonii
1530 2426 1642 2464 victor,

892 2470 1075 2510 Augustus,
1092 2480 1165 2500 eum
1183 2480 1301 2512 pompa
1322 2469 1509 2512 triumphali
1533 2469 1643 2501 urbem

889 2512 1098 2554 ingrediatur,
1123 2511 1157 2543 in
1185 2513 1347 2555 publicam
1371 2512 1459 2543 illam
1482 2512 1642 2544 acclama-

889 2554 1020 2590 tionem,
1045 2555 1079 2586 Io
1103 2556 1278 2595 triumphe!
1303 2562 1461 2598 erumpat,
1484 2562 1528 2591 et,
1553 2555 1645 2597 quasi

891 2598 925 2629 in
941 2598 1046 2630 media
1059 2598 1293 2641 compotatione
1305 2599 1372 2641 jam
1390 2599 1520 2630 liberius
1538 2599 1645 2630 Genio

892 2653 948 2673 suo
964 2641 1142 2683 indulgeat,
1165 2641 1300 2683 largiora
1319 2642 1436 2685 pocula
1459 2642 1519 2674 sibi
1541 2642 1645 2673 afferri

889 2685 1013 2726 jubeat.
1057 2685 1184 2727 Impetu
1215 2685 1354 2727 quodam
1388 2690 1483 2728 poeta
1515 2685 1549 2716 in
1582 2685 1643 2716 hoc

894 2727 1034 2759 carmine
1051 2728 1160 2766 fertur,
1172 2728 1228 2770 qui
1241 2728 1372 2767 laetitiae,
1384 2734 1487 2771 poetae
1501 2727 1644 2759 animum

894 2771 1123 2802 confundentis
1151 2771 1252 2812 magis
1280 2781 1377 2813 quam
1415 2771 1648 2820 perfundentis,

896 2814 1149 2856 magnitudinem
1158 2815 1283 2857 egregie
1294 2815 1453 2857 exprimit.
1483 2815 1522 2846 In
1534 2813 1646 2845 eodem

893 2863 1093 2899 argumento,
1107 2857 1157 2889 vel
1170 2858 1204 2888 in
1216 2859 1326 2890 eadem
1339 2857 1477 2899 Augusti
1492 2857 1532 2889 de
1548 2857 1644 2889 Cleo-

894 2906 986 2943 patra
1000 2908 1033 2932 et
1047 2901 1193 2932 Antonio
1205 2901 1348 2939 victoria,
1360 2906 1503 2933 versatur
1519 2908 1647 2942 quoque

895 2943 968 2975 libri
984 2944 1078 2987 primi
1092 2954 1220 2976 carmen
1240 2944 1436 2987 trigesimum
1454 2943 1622 2985 septimum
1638 2953 1647 2980 ;

896 2987 951 3020 sed
974 2987 1007 3019 id
1024 2987 1125 3020 serius
1146 2988 1298 3030 scriptum
1321 2993 1371 3021 est
1391 2992 1470 3023 tum,
1486 2995 1559 3016 cum
1580 2985 1645 3016 Ro-
