1884 3288
302 181 388 222 230

857 179 1252 223 CARMINUM

509 281 561 322 10
590 280 810 322 Cursitant
830 281 972 322 mixtae
993 281 1135 335 pueris
1157 279 1334 335 puellae:

591 346 822 388 Sordidum
841 347 1018 388 flammae
1040 348 1257 402 trepidant
1277 353 1467 388 rotantes

984 414 1160 456 Vertice
1181 414 1355 454 fumum.

588 480 650 521 Ut
670 487 810 521 tamen
830 481 958 530 noris,
981 480 1137 534 quibus
1158 480 1378 520 advoceris

589 547 795 588 Gaudiis:
828 546 933 587 Idus
954 547 1033 587 tibi
1054 553 1152 586 sunt
1173 547 1367 600 agendae,

508 613 558 653 15
589 613 678 660 Qui
698 613 788 654 dies
809 627 995 654 mensem
1016 612 1201 653 Veneris
1221 612 1394 652 marinae

982 679 1128 720 Findit
1148 678 1343 733 Aprilem
1359 695 1369 728 ;

587 745 695 786 Jure
718 745 930 787 sollemnis
951 746 1068 795 mihi,
1091 746 1361 799 sanctiorque

587 811 716 852 Paene
738 811 868 852 natali
887 813 1076 866 proprio,
1099 812 1216 866 qnod
1238 826 1291 852 ex
1312 812 1392 852 hac

587 877 707 919 Luce
730 877 947 919 Maecenas
969 893 1087 918 meus
1109 877 1347 918 adfluentes

500 944 555 984 20

982 944 1169 985 Ordinat
1190 958 1338 984 annos,

586 1009 845 1063 Telephum,
868 1025 993 1064 quem
1015 1017 1062 1051 tu
1082 1010 1208 1064 petiS,
1230 1008 1468 1063 occupavit,

582 1076 792 1116 Non.tuae
814 1078 939 1117 sortis
955 1077 1170 1130 juvenem,
1192 1074 1334 1128 puella

582 1143 719 1183 Dives
741 1149 784 1183 et
803 1141 973 1192 lasciva,
997 1149 1199 1195 tenetque
1221 1148 1343 1195 grata

979 1208 1198 1262 Compede
1219 1209 1418 1248 vinctum.

496 1276 551 1315 25
582 1274 738 1316 Terret
758 1276 981 1316 ambustus
1003 1274 1230 1315 Phaethon
1251 1289 1398 1315 avaras

581 1341 690 1395 Spes
708 1358 726 1384 ε,
750 1350 793 1383 et
813 1341 1053 1396 exemplum
1074 1355 1202 1395 grave
1223 1341 1390 1395 praebet
1410 1339 1497 1381 ales

301 1494 426 1526 Albano
444 1502 572 1526 natum:
596 1496 637 1527 cf.
659 1495 715 1527 inf.
737 1497 803 1527 ΞΜ.
824 1495 857 1532 ii,
878 1497 909 1531 8,
933 1496 982 1530 16,
999 1498 1036 1526 et·

298 1537 359 1567 vid.
375 1537 459 1567 Plin.
479 1538 540 1574 xiV‚
552 1539 584 1570 6.
619 1540 728 1578 Apium
742 1540 891 1568 nectendis
905 1538 1030 1573 coronis,

297 1578 471 1619 elegantius
505 1591 570 1621 pro,
605 1581 643 1610 ad
680 1580 849 1610 nectendas
880 1588 1009 1610 coronas
1021 1589 1030 1616 ;

296 1627 433 1651 ceterum
451 1632 545 1662 supra
563 1632 688 1663 quoque
704 1621 736 1656 ii,
754 1623 783 1656 7,
799 1623 852 1655 24,
867 1621 949 1651 diem
970 1621 1029 1651 fes-

297 1667 363 1692 tum
386 1663 417 1693 in
437 1663 560 1694 felicem
579 1663 722 1705 Pompeii
742 1663 873 1694 reditum
894 1663 1031 1693 celebra-

297 1709 396 1739 turus,
414 1716 534 1735 coronas
558 1717 592 1737 em
613 1709 680 1744 apio
703 1707 898 1745 depr-operari
917 1704 1028 1744 jubet:

297 1745 338 1777 cs.
358 1746 514 1778 Theocrit.
532 1747 578 1782 iii,
598 1749 651 1782 23,
672 1753 701 1778 et
721 1758 790 1789 sup.
810 1748 916 1778 Carm.
934 1746 956 1782 i,
977 1747 1030 1782 36,

300 1789 349 1818 16.
387 1790 434 1819 Vns
453 1790 567 1826 Multa,
585 1799 700 1830 magna
716 1789 818 1831 copia.
855 1790 922 1823 Qua
937 1791 1033 1819 crines

294 1831 425 1872 religata
445 1832 567 1873 fulgeS,
593 1828 774 1874 explicant‚'
793 1841 856 1872 qua
886 1836 1033 1862 coronata

296 1872 456 1907 enitescis,
471 1873 594 1905 nitidior
609 1881 639 1905 et
654 1875 810 1904 venustior
825 1883 966 1915 appares,
982 1873 1032 1904 vel

296 1914 489 1956 simpliciter,
505 1926 566 1956 qua
585 1916 724 1946 coronari
743 1916 842 1946 soles:
869 1916 919 1946 sed
939 1915 1030 1946 hede-

296 1965 361 1986 ram
375 1957 514 1998 accipere
530 1957 654 1988 demum
666 1959 800 1989 debebat
813 1957 935 1998 Phyllis
948 1958 1030 1999 apud

295 1998 486 2037 Horatium3
517 2000 623 2030 malim
656 2000 749 2039 igitur
778 2000 934 2041 explicare
963 2010 1028 2040 pro,

296 2050 359 2080 qua
387 2042 582 2073 coronaberis
608 2042 690 2083 apud
714 2053 782 2080 rne3
808 2048 839 2072 et
863 2042 1030 2082 sic-litlges

294 2088 343 2113 est
364 2083 501 2114 futurum
522 2085 561 2114 ab
584 2084 710 2124 antiquo
729 2085 822 2115 verbo
842 2084 1031 2114 Lucretiano

284 2125 426 2165 sulgfssre.
471 2126 563 2156 Rider
586 2134 711 2166 argento
731 2129 844 2162 domus,
862 2125 1031 2166 depromtis

294 2168 377 2197 vasis
399 2170 553 2207 argenteis
575 2168 684 2199 domus
706 2167 901 2209 resplendet3
928 2169 1028 2198 ridere

294 2208 453 2245 dicuntur,
473 2220 606 2251 quorum
625 2210 790 2256 adspectus
809 2209 942 2239 suaviter
960 2210 1025 2239 affi-

293 2250 347 2281 cit.
392 2252 597 2282 Notissimum
619 2258 665 2282 est
687 2252 766 2282 illud
790 2250 913 2291 Virgilii
935 2252 1026 2288 (Ecl.

293 2292 347 2329 vii,
371 2295 443 2332 55),
469 2295 576 2324 Omnia
600 2306 680 2324 nunc
702 2296 815 2324 rident.
859 2293 964 2333 Magis
987 2293 1027 2324 ad

294 2345 357 2365 rem
380 2335 496 2368 Catull.
519 2335 594 2372 lxiv,
612 2337 686 2372 285,
706 2338 737 2372 5,
762 2336 821 2366 Hos
841 2337 1024 2366 indistinctis

291 2379 389 2416 pleros
416 2381 487 2409 tulit
514 2380 574 2417 ipse
598 2380 727 2414 corollis,
757 2379 847 2412 Queis
874 2379 1025 2417 permulsa

256 2439 258 2441 ·
293 2421 542 2460 domusjucundo
556 2422 624 2451 risit
640 2423 735 2451 odore.
779 2419 927 2450 Similiter
942 2422 1024 2450 reni-

291 2463 362 2493 dere
374 2473 444 2504 sup.
459 2462 492 2498 ii,
510 2464 559 2497 18,
575 2464 607 2497 2,
623 2462 708 2494 etsie
723 2463 828 2504 γελᾷν
837 2461 919 2504 apud
935 2462 1023 2493 Grae-

292 2514 365 2535 cos:
388 2505 452 2535 vid.
469 2504 656 2543 Wesseling.
674 2505 809 2535 Dissert.
825 2504 974 2535 Herodot.
990 2515 1023 2546 p.

296 2547 368 2577 153.
413 2547 462 2578 De
491 2547 655 2589 splendido
685 2547 832 2577 festarum
862 2546 1023 2587 epularum

293 2594 443 2630 apparatu
467 2589 508 2620 cs.
538 2591 642 2620 earm.
668 2589 752 2619 laud.
778 2589 896 2619 Catulli
927 2599 956 2619 v.
984 2591 1024 2619 44

292 2641 363 2672 sqq.
408 2633 472 2662 Ara
496 2633 583 2662 castis
606 2633 706 2662 vincta
729 2632 874 2666 verbenis,
895 2631 962 2672 jain
986 2632 1024 2662 ad

293 2672 424 2704 hostiam
442 2673 662 2704 immolandam
681 2673 833 2703 stat'mih‘i
848 2682 900 2703 ara
919 2673 1023 2703 verbe-

291 2715 340 2746 nis
370 2722 538 2751 coronata;
567 2714 709 2756 intellige
733 2725 816 2745 aram
843 2725 879 2746 ex
905 2714 1025 2756 cespite

291 2763 522 2789 constructam:
547 2767 615 2799 sup.
641 2757 661 2793 i,
690 2759 738 2793 19,
768 2758 815 2792 13,
842 2757 902 2788 Hic
924 2759 1023 2788 vivum

290 2801 363 2830 mihi
384 2803 517 2839 cespitem
539 2801 587 2830 hic
614 2800 768 2834 Verbenus,
789 2801 886 2838 pueri,
909 2802 1021 2839 ponite,

288 2842 342 2873 ubi
360 2842 400 2873 cf.
425 2847 490 2873 not.
535 2841 688 2890 Apposite
707 2841 759 2872 Cl.
778 2841 909 2872 Mitsch.
933 2852 1018 2872 com-

289 2889 378 2926 parat
392 2884 541 2916 Juvenal.
559 2884 612 2918 xii,
636 2886 661 2919 1,
681 2884 801 2918 Natali,
821 2884 956 2920 Corvino,
971 2886 1019 2914 die

288 2928 359 2958 mihi
378 2928 495 2958 dulcior
515 2927 573 2957 haec
593 2928 656 2962 1111,
677 2927 743 2961 Qua
754 2926 856 2967 festus
876 2927 1019 2967 promissa

1075 1494 1147 1525 Deis
1165 1495 1312 1525 animalia
1330 1503 1422 1532 cespes
1441 1492 1612 1532 Exspectat.
1654 1493 1730 1523 Avet
1748 1493 1804 1523 im-

1073 1538 1181 1567 molato
1205 1537 1349 1577 Spargier
1373 1545 1462 1576 agno,
1484 1534 1551 1575 jam
1575 1539 1746 1576 exspectat,
1771 1539 1808 1566 ut

1077 1578 1229 1608 immolati
1248 1579 1322 1618 agni
1337 1576 1488 1617 sanguine
1502 1576 1672 1607 imbuatur.
1714 1575 1807 1607 Simi-

1074 1619 1142 1650 liter
1174 1631 1273 1660 agnus
1303 1630 1388 1650 aram
1417 1620 1547 1650 imbuere
1579 1618 1694 1650 dicitur
1723 1618 1807 1660 apud

1077 1661 1165 1703 Virg.
1190 1662 1258 1693 Ecl.
1282 1661 1304 1697 i,
1327 1663 1357 1692 8.
1403 1661 1474 1691 Huc
1495 1667 1523 1691 et
1547 1661 1622 1692 illuc
1647 1661 1807 1692 Cursitant

1074 1706 1171 1735 miatae
1203 1706 1305 1744 pueris
1337 1704 1462 1743 puella.-
1496 1703 1541 1734 sic
1574 1702 1658 1745 apud
1691 1701 1806 1744 virgil.

1077 1747 1154 1777 AEn.
1191 1746 1213 1783 i,
1248 1747 1322 1782 705,
1357 1744 1391 1776 in
1424 1744 1588 1787 splendido
1620 1744 1688 1780 ino,
1721 1745 1806 1786 quod

1078 1789 1191 1819 AEneae
1210 1788 1383 1830 apparabat
1400 1785 1495 1822 Dido,
1511 1785 1663 1822 convivio,
1680 1787 1806 1818 Centum

1075 1831 1153 1868 aliae,
1174 1832 1351 1871 totidemque
1372 1840 1457 1868 pares
1474 1835 1560 1860 aetate
1577 1830 1719 1867 ministri,
1743 1829 1806 1864 Qui

1074 1874 1201 1912 dapibus
1223 1882 1335 1903 mensas
1356 1878 1482 1902 onerant
1503 1878 1531 1902 et
1552 1872 1659 1910 pocula
1678 1877 1807 1910 ponunt.

1075 1915 1218 1946 Flammae
1234 1915 1399 1954 trepidant.
1417 1913 1550 1944 flammae
1569 1913 1700 1944 tremulo
1719 1919 1806 1945 motu

1074 1955 1348 1998 agitantur(Virg.
1359 1955 1432 1987 Ecl.
1442 1955 1508 1990 viii,
1518 1955 1805 1995 105,Adspice,0or-

1072 2002 1168 2038 ripuz't
1185 2001 1320 2030 tremulis
1334 1999 1449 2029 altaria
1453 1995 1616 2039 flammis).
1661 1997 1808 2029 Rotantes

1073 2043 1225 2072 sordidum
1235 2041 1363 2081 fumum
1379 2043 1499 2075 vertice,
1517 2050 1554 2070 ex
1576 2038 1652 2070 aedis
1667 2039 1805 2072 culmine

1073 2084 1196 2124 nigrum
1219 2083 1433 2124 ejaculantes3
1455 2080 1610 2123 exquisite
1631 2091 1687 2124 pro
1707 2081 1806 2118 tenui,

1073 2126 1206 2156 flammae
1228 2126 1335 2156 lucent
1357 2131 1388 2155 et
1411 2125 1529 2154 sumum
1557 2133 1664 2154 sursus
1685 2129 1802 2165 agunt:

1070 2174 1211 2203 rotantes,
1228 2166 1495 2207 circumagentes;
1517 2165 1561 2196 sic
1578 2164 1661 2207 apud
1678 2166 1805 2198 Lucret.

1072 2210 1113 2244 vi,
1125 2210 1200 2244 201,
1213 2209 1454 2250 ventiflammam
1470 2207 1738 2249 cavisfornacibus
1754 2219 1803 2239 ro-

1070 2258 1134 2281 tare
1147 2251 1306 2281 dicuntur.

1117 2295 1249 2324 14—20.
1265 2293 1338 2324 Idus
1353 2294 1408 2322 tibi
1422 2298 1491 2322 sunt
1507 2293 1641 2333 agendos,
1657 2291 1719 2326 Qui
1732 2293 1804 2329 dies,

1067 2341 1141 2366 cett.
1158 2335 1235 2366 Idus
1251 2335 1377 2377 Apriles
1392 2333 1514 2365 scilicet
1527 2343 1591 2364 una
1607 2343 1728 2364 mecum
1745 2333 1804 2365 tibi

1067 2378 1263 2408 celebrandae
1286 2377 1409 2408 adsunt.
1454 2377 1473 2407 J
1479 2386 1528 2406 am
1551 2386 1622 2407 cum
1645 2375 1722 2412 dies,
1746 2375 1802 2418 qui

1068 2430 1120 2461 per
1135 2419 1208 2450 Idus
1224 2419 1415 2459 designatur,
1426 2417 1507 2449 inter
1519 2417 1672 2460 cujusque
1686 2418 1803 2450 mensis

1067 2461 1134 2492 dies
1148 2462 1242 2493 ferme
1255 2461 1300 2492 sit—
1309 2461 1442 2496 medina
1457 2460 1616 2500 eleganter
1626 2459 1700 2491 Idu-3
1715 2470 1802 2492 men-

1068 2514 1131 2534 sem
1139 2505 1271 2545 findere,
1288 2504 1319 2534 h.
1335 2513 1363 2534 e.
1378 2503 1527 2536 dividere,
1542 2501 1698 2533 dicuntur.
1727 2503 1802 2545 Ipsa

1067 2557 1124 2576 vox
1143 2546 1227 2578 Idus.
1243 2546 1327 2587 apud
1344 2545 1489 2576 Macrob.
1502 2546 1567 2575 Sat.
1581 2543 1604 2579 i,
1624 2545 1674 2581 15,
1689 2544 1728 2574 ab
1743 2554 1801 2575 an-

1069 2589 1156 2630 tiquo
1178 2589 1271 2619 verbo
1289 2589 1396 2618 iduare
1413 2585 1514 2628 (quod
1539 2587 1669 2618 Etrusca
1691 2584 1801 2627 lingua

1068 2632 1201 2662 dividere
1215 2628 1470 2670 est)·deducitur.
1517 2628 1638 2659 Veneris
1650 2629 1774 2659 marinae
1785 2640 1796 2666 ;

1069 2674 1180 2704 Venus
1209 2671 1292 2703 enirn
1316 2670 1537 2711 ἀναδυομένη,
1562 2669 1614 2701 cui
1640 2679 1728 2701 sacer
1743 2676 1799 2702 vest

1068 2714 1201 2757 Aprilis,
1217 2714 1276 2745 hoc
1294 2713 1362 2755 ipso
1376 2723 1482 2744 mense
1500 2723 1518 2743 e
1531 2721 1642 2754 spuma
1655 2711 1749 2743 maris
1767 2718 1799 2744 et

1067 2767 1104 2788 ex
1135 2757 1288 2798 sanguine
1318 2754 1500 2796 genitalium
1526 2753 1610 2786 Coeli
1640 2759 1708 2784 orta
1729 2764 1798 2786 esse

1067 2799 1193 2830 dicitur.
1240 2800 1326 2833 Quod
1339 2808 1371 2828 σε
1389 2798 1442 2828 hac
1460 2797 1541 2828 Luce
1557 2795 1704 2827 Maenas
1717 2807 1798 2828 meus

1063 2842 1230 2883 adfluentes
1247 2841 1379 2872 ordinat
1393 2850 1497 2875 annos,
1511 2837 1594 2881 quod
1612 2838 1652 2870 ab
1669 2837 1728 2870 hoc
1745 2838 1796 2870 die

1063 2884 1163 2914 fautor
1185 2893 1273 2914 meus
1295 2891 1332 2913 ac
1357 2886 1503 2924 patronus
1526 2881 1686 2912 Maecenas
1710 2879 1795 2916 vitm,

1063 2936 1142 2967 quos
1157 2936 1222 2956 sors
1234 2924 1395 2966 benignior
1409 2923 1437 2955 ei
1450 2922 1584 2956 adfluere
1598 2921 1685 2961 sinit,
1699 2932 1796 2954 annos
