<?xml version="1.0" encoding="UTF-8"?>
<!DOCTYPE html PUBLIC "-//W3C//DTD XHTML 1.0 Transitional//EN"
    "http://www.w3.org/TR/xhtml1/DTD/xhtml1-transitional.dtd">
<html xmlns="http://www.w3.org/1999/xhtml" xml:lang="en" lang="en">
 <head>
  <title>
</title>
<meta http-equiv="Content-Type" content="text/html;charset=utf-8" />
  <meta name='ocr-system' content='tesseract 3.04.00' />
  <meta name='ocr-capabilities' content='ocr_page ocr_carea ocr_par ocr_line ocrx_word'/>
</head>
<body>
  <div class='ocr_page' id='page_1' title='image "./operahorac00horauoft_0292.png"; bbox 0 0 1884 3288; ppageno 0'>
   <div class='ocr_carea' id='block_1_1' title="bbox 909 221 1211 263">
    <p class='ocr_par' dir='ltr' id='par_1_1' title="bbox 909 221 1211 263">
     <span class='ocr_line' id='line_1_1' title="bbox 909 221 1211 263; baseline -0.003 0"><span class='ocrx_word' id='word_1_1' title='bbox 909 221 1211 263; x_wconf 91' lang='lat' dir='ltr'>EPODON</span> 
     </span>
    </p>
   </div>
   <div class='ocr_carea' id='block_1_2' title="bbox 539 322 1548 775">
    <p class='ocr_par' dir='ltr' id='par_1_2' title="bbox 539 322 1548 775">
     <span class='ocr_line' id='line_1_2' title="bbox 591 322 1284 364; baseline -0.003 0"><span class='ocrx_word' id='word_1_2' title='bbox 591 323 698 364; x_wconf 85' lang='lat' dir='ltr'>Edit</span> <span class='ocrx_word' id='word_1_3' title='bbox 717 323 866 364; x_wconf 88' lang='lat' dir='ltr'>cicutis</span> <span class='ocrx_word' id='word_1_4' title='bbox 887 322 1030 363; x_wconf 85' lang='lat' dir='ltr'>allium</span> <span class='ocrx_word' id='word_1_5' title='bbox 1047 323 1284 364; x_wconf 86' lang='lat' dir='ltr'>nocentius.</span> 
     </span>
     <span class='ocr_line' id='line_1_3' title="bbox 758 388 1300 430; baseline -0.004 0"><span class='ocrx_word' id='word_1_6' title='bbox 758 389 799 429; x_wconf 93' lang='lat' dir='ltr'>O</span> <span class='ocrx_word' id='word_1_7' title='bbox 821 389 931 430; x_wconf 85' lang='lat' dir='ltr'>dura</span> <span class='ocrx_word' id='word_1_8' title='bbox 949 404 1184 430; x_wconf 84' lang='lat' dir='ltr'>messorum</span> <span class='ocrx_word' id='word_1_9' title='bbox 1204 388 1274 429; x_wconf 85' lang='lat' dir='ltr'>ilia</span> <span class='ocrx_word' id='word_1_10' title='bbox 1291 390 1300 429; x_wconf 88' lang='lat'>!</span> 
     </span>
     <span class='ocr_line' id='line_1_4' title="bbox 539 454 1487 508; baseline -0.003 -11"><span class='ocrx_word' id='word_1_11' title='bbox 539 457 565 497; x_wconf 88' lang='lat'>5</span> <span class='ocrx_word' id='word_1_12' title='bbox 596 455 715 502; x_wconf 86' lang='lat' dir='ltr'><strong>Quid</strong></span> <span class='ocrx_word' id='word_1_13' title='bbox 733 455 817 496; x_wconf 92' lang='lat' dir='ltr'>hoc</span> <span class='ocrx_word' id='word_1_14' title='bbox 837 456 987 496; x_wconf 91' lang='lat' dir='ltr'>veneni</span> <span class='ocrx_word' id='word_1_15' title='bbox 1007 456 1125 496; x_wconf 80' lang='lat' dir='ltr'>saevit</span> <span class='ocrx_word' id='word_1_16' title='bbox 1146 457 1188 495; x_wconf 90' lang='lat' dir='ltr'>in</span> <span class='ocrx_word' id='word_1_17' title='bbox 1208 454 1487 508; x_wconf 70' lang='lat' dir='ltr'>praecordiis?</span> 
     </span>
     <span class='ocr_line' id='line_1_5' title="bbox 761 521 1350 575; baseline -0.003 -12"><span class='ocrx_word' id='word_1_18' title='bbox 761 522 881 563; x_wconf 91' lang='lat' dir='ltr'>Num</span> <span class='ocrx_word' id='word_1_19' title='bbox 900 522 1116 575; x_wconf 85' lang='lat' dir='ltr'>viperinus</span> <span class='ocrx_word' id='word_1_20' title='bbox 1137 521 1203 562; x_wconf 89' lang='lat' dir='ltr'>his</span> <span class='ocrx_word' id='word_1_21' title='bbox 1224 536 1350 562; x_wconf 90' lang='lat' dir='ltr'>cruor</span> 
     </span>
     <span class='ocr_line' id='line_1_6' title="bbox 593 586 1478 630; baseline -0.005 1"><span class='ocrx_word' id='word_1_22' title='bbox 593 589 792 630; x_wconf 87' lang='lat' dir='ltr'>Incoctus</span> <span class='ocrx_word' id='word_1_23' title='bbox 812 588 957 628; x_wconf 84' lang='lat' dir='ltr'>herbis</span> <span class='ocrx_word' id='word_1_24' title='bbox 981 602 1044 627; x_wconf 90' lang='lat' dir='ltr'>me</span> <span class='ocrx_word' id='word_1_25' title='bbox 1066 586 1243 628; x_wconf 69' lang='lat' dir='ltr'>fefellit?</span> <span class='ocrx_word' id='word_1_26' title='bbox 1275 602 1329 627; x_wconf 88' lang='lat' dir='ltr'>an</span> <span class='ocrx_word' id='word_1_27' title='bbox 1347 586 1478 628; x_wconf 85' lang='lat' dir='ltr'>malas</span> 
     </span>
     <span class='ocr_line' id='line_1_7' title="bbox 765 654 1347 707; baseline -0.005 -11"><span class='ocrx_word' id='word_1_28' title='bbox 765 655 944 696; x_wconf 82' lang='lat' dir='ltr'>Canidia</span> <span class='ocrx_word' id='word_1_29' title='bbox 964 654 1161 695; x_wconf 82' lang='lat' dir='ltr'>tractavit</span> <span class='ocrx_word' id='word_1_30' title='bbox 1182 654 1347 707; x_wconf 78' lang='lat' dir='ltr'>dapes?</span> 
     </span>
     <span class='ocr_line' id='line_1_8' title="bbox 593 718 1548 775; baseline -0.006 -11"><span class='ocrx_word' id='word_1_31' title='bbox 593 724 656 764; x_wconf 82' lang='lat' dir='ltr'>Ut</span> <span class='ocrx_word' id='word_1_32' title='bbox 677 723 952 775; x_wconf 84' lang='lat' dir='ltr'>Argonautas</span> <span class='ocrx_word' id='word_1_33' title='bbox 972 726 1129 775; x_wconf 81' lang='lat' dir='ltr'>praeter</span> <span class='ocrx_word' id='word_1_34' title='bbox 1151 734 1294 760; x_wconf 88' lang='lat' dir='ltr'>omnes</span> <span class='ocrx_word' id='word_1_35' title='bbox 1318 718 1548 759; x_wconf 89' lang='lat' dir='ltr'>candidum</span> 
     </span>
    </p>
   </div>
   <div class='ocr_carea' id='block_1_3' title="bbox 514 791 566 830">
    <p class='ocr_par' dir='ltr' id='par_1_3' title="bbox 514 791 566 830">
     <span class='ocr_line' id='line_1_9' title="bbox 514 791 566 830; baseline 0 0"><span class='ocrx_word' id='word_1_36' title='bbox 514 791 566 830; x_wconf 92' lang='lat'>10</span> 
     </span>
    </p>
   </div>
   <div class='ocr_carea' id='block_1_4' title="bbox 765 786 1366 835">
    <p class='ocr_par' dir='ltr' id='par_1_4' title="bbox 765 786 1366 835">
     <span class='ocr_line' id='line_1_10' title="bbox 765 786 1366 835; baseline -0.003 -7"><span class='ocrx_word' id='word_1_37' title='bbox 765 788 925 828; x_wconf 86' lang='lat' dir='ltr'>Medea</span> <span class='ocrx_word' id='word_1_38' title='bbox 945 788 1095 827; x_wconf 84' lang='lat' dir='ltr'>mirata</span> <span class='ocrx_word' id='word_1_39' title='bbox 1115 793 1180 826; x_wconf 85' lang='lat' dir='ltr'>est</span> <span class='ocrx_word' id='word_1_40' title='bbox 1201 786 1366 835; x_wconf 92' lang='lat' dir='ltr'>ducem,</span> 
     </span>
    </p>
   </div>
   <div class='ocr_carea' id='block_1_5' title="bbox 514 853 1600 1356">
    <p class='ocr_par' dir='ltr' id='par_1_5' title="bbox 595 853 1323 960">
     <span class='ocr_line' id='line_1_11' title="bbox 595 853 1318 909; baseline -0.006 -13"><span class='ocrx_word' id='word_1_41' title='bbox 595 856 749 909; x_wconf 84' lang='lat' dir='ltr'>Ignota</span> <span class='ocrx_word' id='word_1_42' title='bbox 770 854 903 894; x_wconf 85' lang='lat' dir='ltr'>tauris</span> <span class='ocrx_word' id='word_1_43' title='bbox 924 853 1183 907; x_wconf 67' lang='lat' dir='ltr'>illigatur-um</span> <span class='ocrx_word' id='word_1_44' title='bbox 1197 853 1318 906; x_wconf 83' lang='lat' dir='ltr'>juga,</span> 
     </span>
     <span class='ocr_line' id='line_1_12' title="bbox 766 918 1323 960; baseline -0.004 0"><span class='ocrx_word' id='word_1_45' title='bbox 766 920 975 960; x_wconf 85' lang='lat' dir='ltr'>Perunxit</span> <span class='ocrx_word' id='word_1_46' title='bbox 995 919 1077 959; x_wconf 89' lang='lat' dir='ltr'>hoc</span> <span class='ocrx_word' id='word_1_47' title='bbox 1098 918 1323 958; x_wconf 85' lang='lat' dir='ltr'>Jasonem:</span> 
     </span>
    </p>

    <p class='ocr_par' dir='ltr' id='par_1_6' title="bbox 594 983 1400 1105">
     <span class='ocr_line' id='line_1_13' title="bbox 594 983 1400 1038; baseline -0.006 -10"><span class='ocrx_word' id='word_1_48' title='bbox 594 987 694 1028; x_wconf 85' lang='lat' dir='ltr'>Hoc</span> <span class='ocrx_word' id='word_1_49' title='bbox 715 986 916 1027; x_wconf 90' lang='lat' dir='ltr'>delibutis</span> <span class='ocrx_word' id='word_1_50' title='bbox 937 984 1026 1024; x_wconf 85' lang='lat' dir='ltr'>ulta</span> <span class='ocrx_word' id='word_1_51' title='bbox 1047 985 1170 1025; x_wconf 90' lang='lat' dir='ltr'>donis</span> <span class='ocrx_word' id='word_1_52' title='bbox 1191 983 1400 1038; x_wconf 88' lang='lat' dir='ltr'>pellicem,</span> 
     </span>
     <span class='ocr_line' id='line_1_14' title="bbox 766 1050 1237 1105; baseline -0.004 -14"><span class='ocrx_word' id='word_1_53' title='bbox 766 1051 975 1105; x_wconf 84' lang='lat' dir='ltr'>Serpente</span> <span class='ocrx_word' id='word_1_54' title='bbox 996 1050 1107 1103; x_wconf 87' lang='lat' dir='ltr'>fugit</span> <span class='ocrx_word' id='word_1_55' title='bbox 1127 1050 1237 1090; x_wconf 89' lang='lat' dir='ltr'>alite.</span> 
     </span>
    </p>

    <p class='ocr_par' dir='ltr' id='par_1_7' title="bbox 514 1114 1600 1170">
     <span class='ocr_line' id='line_1_15' title="bbox 514 1114 1600 1170; baseline -0.006 -9"><span class='ocrx_word' id='word_1_56' title='bbox 514 1122 564 1160; x_wconf 89' lang='lat'>15</span> <span class='ocrx_word' id='word_1_57' title='bbox 593 1119 691 1160; x_wconf 92' lang='lat' dir='ltr'>Nec</span> <span class='ocrx_word' id='word_1_58' title='bbox 712 1125 855 1159; x_wconf 88' lang='lat' dir='ltr'>tantus</span> <span class='ocrx_word' id='word_1_59' title='bbox 877 1131 1061 1170; x_wconf 87' lang='lat' dir='ltr'>unquam</span> <span class='ocrx_word' id='word_1_60' title='bbox 1084 1117 1270 1156; x_wconf 88' lang='lat' dir='ltr'>siderum</span> <span class='ocrx_word' id='word_1_61' title='bbox 1290 1114 1447 1156; x_wconf 86' lang='lat' dir='ltr'>insedit</span> <span class='ocrx_word' id='word_1_62' title='bbox 1467 1129 1600 1168; x_wconf 84' lang='lat' dir='ltr'>vapor</span> 
     </span>
    </p>

    <p class='ocr_par' dir='ltr' id='par_1_8' title="bbox 769 1181 1223 1235">
     <span class='ocr_line' id='line_1_16' title="bbox 769 1181 1223 1235; baseline -0.004 -11"><span class='ocrx_word' id='word_1_63' title='bbox 769 1182 1008 1224; x_wconf 83' lang='lat' dir='ltr'>Siticulosae</span> <span class='ocrx_word' id='word_1_64' title='bbox 1029 1181 1223 1235; x_wconf 87' lang='lat' dir='ltr'>Apuliae:</span> 
     </span>
    </p>

    <p class='ocr_par' dir='ltr' id='par_1_9' title="bbox 594 1245 1502 1356">
     <span class='ocr_line' id='line_1_17' title="bbox 594 1245 1502 1292; baseline -0.004 0"><span class='ocrx_word' id='word_1_65' title='bbox 594 1251 692 1292; x_wconf 90' lang='lat' dir='ltr'>Nec</span> <span class='ocrx_word' id='word_1_66' title='bbox 711 1265 864 1291; x_wconf 91' lang='lat' dir='ltr'>munus</span> <span class='ocrx_word' id='word_1_67' title='bbox 885 1249 1073 1290; x_wconf 89' lang='lat' dir='ltr'>humeris</span> <span class='ocrx_word' id='word_1_68' title='bbox 1095 1247 1277 1289; x_wconf 86' lang='lat' dir='ltr'>efficacis</span> <span class='ocrx_word' id='word_1_69' title='bbox 1299 1245 1502 1289; x_wconf 85' lang='lat' dir='ltr'>Herculis</span> 
     </span>
     <span class='ocr_line' id='line_1_18' title="bbox 769 1315 1184 1356; baseline -0.005 0"><span class='ocrx_word' id='word_1_70' title='bbox 769 1316 924 1356; x_wconf 86' lang='lat' dir='ltr'>Inarsit</span> <span class='ocrx_word' id='word_1_71' title='bbox 944 1315 1184 1356; x_wconf 84' lang='lat' dir='ltr'>aestuosius.</span> 
     </span>
    </p>
   </div>
   <div class='ocr_carea' id='block_1_6' title="bbox 310 1447 1057 3002">
    <p class='ocr_par' dir='ltr' id='par_1_10' title="bbox 310 1447 1053 2025">
     <span class='ocr_line' id='line_1_19' title="bbox 318 1447 1049 1489; baseline -0.003 -9"><span class='ocrx_word' id='word_1_72' title='bbox 318 1449 483 1482; x_wconf 77' lang='lat' dir='ltr'>nocentius</span> <span class='ocrx_word' id='word_1_73' title='bbox 500 1454 612 1480; x_wconf 87' lang='lat' dir='ltr'>sumat.</span> <span class='ocrx_word' id='word_1_74' title='bbox 659 1449 749 1483; x_wconf 84' lang='lat' dir='ltr'>Olim,</span> <span class='ocrx_word' id='word_1_75' title='bbox 765 1448 832 1489; x_wconf 89' lang='lat' dir='ltr'>jam</span> <span class='ocrx_word' id='word_1_76' title='bbox 852 1447 891 1479; x_wconf 89' lang='lat' dir='ltr'>de</span> <span class='ocrx_word' id='word_1_77' title='bbox 914 1454 1049 1489; x_wconf 85' lang='lat' dir='ltr'>tempore</span> 
     </span>
     <span class='ocr_line' id='line_1_20' title="bbox 318 1490 1050 1532; baseline -0.004 -10"><span class='ocrx_word' id='word_1_78' title='bbox 318 1492 433 1523; x_wconf 76' lang='lat' dir='ltr'>futuro.</span> <span class='ocrx_word' id='word_1_79' title='bbox 478 1492 551 1522; x_wconf 66' lang='lat' dir='ltr'>Edit</span> <span class='ocrx_word' id='word_1_80' title='bbox 581 1491 640 1532; x_wconf 89' lang='lat' dir='ltr'>(ad</span> <span class='ocrx_word' id='word_1_81' title='bbox 668 1490 828 1531; x_wconf 84' lang='lat' dir='ltr'>antiquam</span> <span class='ocrx_word' id='word_1_82' title='bbox 857 1490 1050 1531; x_wconf 84' lang='lat' dir='ltr'>subjunctivi</span> 
     </span>
     <span class='ocr_line' id='line_1_21' title="bbox 319 1533 1050 1574; baseline -0.004 -10"><span class='ocrx_word' id='word_1_83' title='bbox 319 1534 460 1569; x_wconf 81' lang='lat' dir='ltr'>formam,</span> <span class='ocrx_word' id='word_1_84' title='bbox 476 1536 564 1569; x_wconf 84' lang='lat' dir='ltr'>edim,</span> <span class='ocrx_word' id='word_1_85' title='bbox 580 1536 615 1570; x_wconf 81' lang='lat' dir='ltr'>is,</span> <span class='ocrx_word' id='word_1_86' title='bbox 631 1533 687 1571; x_wconf 81' lang='lat' dir='ltr'>it),</span> <span class='ocrx_word' id='word_1_87' title='bbox 701 1542 767 1574; x_wconf 86' lang='lat' dir='ltr'>pro,</span> <span class='ocrx_word' id='word_1_88' title='bbox 782 1533 865 1563; x_wconf 84' lang='lat' dir='ltr'>edat.</span> <span class='ocrx_word' id='word_1_89' title='bbox 913 1534 1028 1562; x_wconf 77' lang='lat' dir='ltr'>cicutis</span> <span class='ocrx_word' id='word_1_90' title='bbox 1043 1543 1050 1561; x_wconf 92' lang='lat'><em>:</em></span> 
     </span>
     <span class='ocr_line' id='line_1_22' title="bbox 317 1573 1049 1618; baseline -0.004 -12"><span class='ocrx_word' id='word_1_91' title='bbox 317 1575 357 1606; x_wconf 89' lang='lat' dir='ltr'>de</span> <span class='ocrx_word' id='word_1_92' title='bbox 379 1578 480 1606; x_wconf 76' lang='lat' dir='ltr'>cicuta</span> <span class='ocrx_word' id='word_1_93' title='bbox 503 1575 614 1618; x_wconf 84' lang='lat' dir='ltr'>(cujus</span> <span class='ocrx_word' id='word_1_94' title='bbox 633 1584 745 1605; x_wconf 89' lang='lat' dir='ltr'>succus</span> <span class='ocrx_word' id='word_1_95' title='bbox 763 1580 810 1604; x_wconf 86' lang='lat' dir='ltr'>est</span> <span class='ocrx_word' id='word_1_96' title='bbox 827 1584 926 1614; x_wconf 84' lang='lat' dir='ltr'>genus</span> <span class='ocrx_word' id='word_1_97' title='bbox 950 1573 1049 1613; x_wconf 91' lang='lat' dir='ltr'>quod-</span> 
     </span>
     <span class='ocr_line' id='line_1_23' title="bbox 317 1615 1048 1658; baseline -0.004 -10"><span class='ocrx_word' id='word_1_98' title='bbox 317 1617 390 1648; x_wconf 87' lang='lat' dir='ltr'>dam</span> <span class='ocrx_word' id='word_1_99' title='bbox 406 1619 527 1653; x_wconf 81' lang='lat' dir='ltr'>veneni,</span> <span class='ocrx_word' id='word_1_100' title='bbox 545 1617 627 1658; x_wconf 91' lang='lat' dir='ltr'>quod</span> <span class='ocrx_word' id='word_1_101' title='bbox 641 1617 724 1658; x_wconf 88' lang='lat' dir='ltr'>apud</span> <span class='ocrx_word' id='word_1_102' title='bbox 741 1616 947 1646; x_wconf 79' lang='lat' dir='ltr'>Athenienses</span> <span class='ocrx_word' id='word_1_103' title='bbox 962 1615 1048 1645; x_wconf 85' lang='lat' dir='ltr'>dam-</span> 
     </span>
     <span class='ocr_line' id='line_1_24' title="bbox 318 1658 1052 1697; baseline -0.003 -8"><span class='ocrx_word' id='word_1_104' title='bbox 318 1659 396 1694; x_wconf 86' lang='lat' dir='ltr'>nati,</span> <span class='ocrx_word' id='word_1_105' title='bbox 410 1666 444 1689; x_wconf 86' lang='lat' dir='ltr'>ut</span> <span class='ocrx_word' id='word_1_106' title='bbox 457 1660 611 1694; x_wconf 84' lang='lat' dir='ltr'>Socrates,</span> <span class='ocrx_word' id='word_1_107' title='bbox 624 1668 744 1688; x_wconf 87' lang='lat' dir='ltr'>sumere</span> <span class='ocrx_word' id='word_1_108' title='bbox 757 1658 977 1697; x_wconf 79' lang='lat' dir='ltr'>cogebantur),</span> <span class='ocrx_word' id='word_1_109' title='bbox 989 1658 1052 1687; x_wconf 87' lang='lat' dir='ltr'>vid.</span> 
     </span>
     <span class='ocr_line' id='line_1_25' title="bbox 318 1700 1052 1736; baseline -0.004 -5"><span class='ocrx_word' id='word_1_110' title='bbox 318 1701 403 1731; x_wconf 89' lang='lat' dir='ltr'>Plin.</span> <span class='ocrx_word' id='word_1_111' title='bbox 428 1711 497 1731; x_wconf 88' lang='lat' dir='ltr'><strong>xxv.</strong></span> <span class='ocrx_word' id='word_1_112' title='bbox 525 1702 576 1736; x_wconf 88' lang='lat'>13,</span> <span class='ocrx_word' id='word_1_113' title='bbox 600 1710 627 1731; x_wconf 80' lang='lat' dir='ltr'>S.</span> <span class='ocrx_word' id='word_1_114' title='bbox 651 1702 702 1731; x_wconf 88' lang='lat'>95.</span> <span class='ocrx_word' id='word_1_115' title='bbox 748 1700 773 1729; x_wconf 91' lang='grc' dir='ltr'><strong><em>Ο</em></strong></span> <span class='ocrx_word' id='word_1_116' title='bbox 796 1701 874 1729; x_wconf 76' lang='lat' dir='ltr'>dura</span> <span class='ocrx_word' id='word_1_117' title='bbox 896 1710 1052 1729; x_wconf 80' lang='lat' dir='ltr'>messorum</span> 
     </span>
     <span class='ocr_line' id='line_1_26' title="bbox 319 1740 1052 1803; baseline -0.004 -30"><span class='ocrx_word' id='word_1_118' title='bbox 319 1745 385 1780; x_wconf 84' lang='lat' dir='ltr'>ilia,</span> <span class='ocrx_word' id='word_1_119' title='bbox 413 1752 459 1773; x_wconf 90' lang='lat' dir='ltr'>sc.</span> <span class='ocrx_word' id='word_1_120' title='bbox 486 1753 556 1782; x_wconf 89' lang='lat' dir='ltr'>quae</span> <span class='ocrx_word' id='word_1_121' title='bbox 582 1742 713 1803; x_wconf 80' lang='lat' dir='ltr'>perferre</span> <span class='ocrx_word' id='word_1_122' title='bbox 742 1741 848 1772; x_wconf 89' lang='lat' dir='ltr'>valent</span> <span class='ocrx_word' id='word_1_123' title='bbox 872 1741 933 1771; x_wconf 92' lang='lat' dir='ltr'>vim</span> <span class='ocrx_word' id='word_1_124' title='bbox 961 1740 1052 1771; x_wconf 87' lang='lat' dir='ltr'>istam</span> 
     </span>
     <span class='ocr_line' id='line_1_27' title="bbox 318 1783 1049 1826; baseline -0.003 -11"><span class='ocrx_word' id='word_1_125' title='bbox 318 1784 384 1815; x_wconf 88' lang='lat' dir='ltr'>allii</span> <span class='ocrx_word' id='word_1_126' title='bbox 399 1784 572 1826; x_wconf 83' lang='lat' dir='ltr'>pestiferam</span> <span class='ocrx_word' id='word_1_127' title='bbox 585 1807 592 1813; x_wconf 90' lang='lat'>.</span> <span class='ocrx_word' id='word_1_128' title='bbox 614 1783 803 1815; x_wconf 81' lang='lat' dir='ltr'>messoribus</span> <span class='ocrx_word' id='word_1_129' title='bbox 816 1783 968 1824; x_wconf 84' lang='lat' dir='ltr'>ejusmodi</span> <span class='ocrx_word' id='word_1_130' title='bbox 984 1793 1049 1813; x_wconf 92' lang='lat' dir='ltr'>mo-</span> 
     </span>
     <span class='ocr_line' id='line_1_28' title="bbox 318 1825 1051 1862; baseline -0.004 -4"><span class='ocrx_word' id='word_1_131' title='bbox 318 1833 430 1862; x_wconf 71' lang='lat' dir='ltr'>retum,</span> <span class='ocrx_word' id='word_1_132' title='bbox 460 1837 499 1856; x_wconf 84' lang='lat' dir='ltr'>ex</span> <span class='ocrx_word' id='word_1_133' title='bbox 529 1826 604 1856; x_wconf 88' lang='lat' dir='ltr'>allio</span> <span class='ocrx_word' id='word_1_134' title='bbox 632 1832 662 1857; x_wconf 88' lang='lat' dir='ltr'>et</span> <span class='ocrx_word' id='word_1_135' title='bbox 686 1825 756 1856; x_wconf 91' lang='lat' dir='ltr'>aliis</span> <span class='ocrx_word' id='word_1_136' title='bbox 781 1825 921 1856; x_wconf 82' lang='lat' dir='ltr'>contusis</span> <span class='ocrx_word' id='word_1_137' title='bbox 949 1825 1051 1855; x_wconf 81' lang='lat' dir='ltr'>herbis</span> 
     </span>
     <span class='ocr_line' id='line_1_29' title="bbox 319 1867 1053 1908; baseline -0.004 -8"><span class='ocrx_word' id='word_1_138' title='bbox 319 1869 508 1904; x_wconf 85' lang='lat' dir='ltr'>confectum,</span> <span class='ocrx_word' id='word_1_139' title='bbox 531 1868 648 1898; x_wconf 85' lang='lat' dir='ltr'>rustica</span> <span class='ocrx_word' id='word_1_140' title='bbox 666 1867 777 1898; x_wconf 87' lang='lat' dir='ltr'>mulier</span> <span class='ocrx_word' id='word_1_141' title='bbox 791 1867 948 1908; x_wconf 85' lang='lat' dir='ltr'>Thestylis</span> <span class='ocrx_word' id='word_1_142' title='bbox 964 1874 1053 1908; x_wconf 80' lang='lat' dir='ltr'>parat</span> 
     </span>
     <span class='ocr_line' id='line_1_30' title="bbox 320 1909 1052 1952; baseline -0.004 -11"><span class='ocrx_word' id='word_1_143' title='bbox 320 1909 404 1952; x_wconf 85' lang='lat' dir='ltr'>apud</span> <span class='ocrx_word' id='word_1_144' title='bbox 422 1910 512 1950; x_wconf 83' lang='lat' dir='ltr'>Virg.</span> <span class='ocrx_word' id='word_1_145' title='bbox 530 1910 600 1941; x_wconf 89' lang='lat' dir='ltr'>Ecl.</span> <span class='ocrx_word' id='word_1_146' title='bbox 615 1909 647 1945; x_wconf 86' lang='lat' dir='ltr'>ii,</span> <span class='ocrx_word' id='word_1_147' title='bbox 666 1910 717 1944; x_wconf 88' lang='grc'>10,</span> <span class='ocrx_word' id='word_1_148' title='bbox 738 1910 882 1950; x_wconf 74' lang='lat' dir='ltr'>Thestylis</span> <span class='ocrx_word' id='word_1_149' title='bbox 900 1915 928 1939; x_wconf 83' lang='lat' dir='ltr'>et</span> <span class='ocrx_word' id='word_1_150' title='bbox 946 1911 1052 1948; x_wconf 82' lang='lat' dir='ltr'>rapido</span> 
     </span>
     <span class='ocr_line' id='line_1_31' title="bbox 310 1952 1049 1994; baseline -0.001 -11"><span class='ocrx_word' id='word_1_151' title='bbox 310 1953 403 1994; x_wconf 80' lang='lat' dir='ltr'>fessis</span> <span class='ocrx_word' id='word_1_152' title='bbox 424 1954 595 1982; x_wconf 81' lang='lat' dir='ltr'>messoribus</span> <span class='ocrx_word' id='word_1_153' title='bbox 614 1958 687 1982; x_wconf 71' lang='lat' dir='ltr'>«estu</span> <span class='ocrx_word' id='word_1_154' title='bbox 711 1953 795 1982; x_wconf 80' lang='lat' dir='ltr'>Allia</span> <span class='ocrx_word' id='word_1_155' title='bbox 818 1952 1049 1991; x_wconf 78' lang='lat' dir='ltr'>serpyllumque,</span> 
     </span>
     <span class='ocr_line' id='line_1_32' title="bbox 319 1995 729 2025; baseline -0.002 0"><span class='ocrx_word' id='word_1_156' title='bbox 319 1995 423 2025; x_wconf 72' lang='lat' dir='ltr'>herbas</span> <span class='ocrx_word' id='word_1_157' title='bbox 435 1995 594 2024; x_wconf 81' lang='lat' dir='ltr'>contundit</span> <span class='ocrx_word' id='word_1_158' title='bbox 610 1995 729 2024; x_wconf 83' lang='lat' dir='ltr'>olentes.</span> 
     </span>
    </p>

    <p class='ocr_par' dir='ltr' id='par_1_11' title="bbox 319 2034 1057 3002">
     <span class='ocr_line' id='line_1_33' title="bbox 364 2034 1051 2076; baseline -0.001 -10"><span class='ocrx_word' id='word_1_159' title='bbox 364 2037 480 2066; x_wconf 82' lang='lat'>5—14.</span> <span class='ocrx_word' id='word_1_160' title='bbox 505 2036 587 2070; x_wconf 76' lang='lat' dir='ltr'>Quid</span> <span class='ocrx_word' id='word_1_161' title='bbox 609 2037 660 2066; x_wconf 83' lang='lat' dir='ltr'>hoc</span> <span class='ocrx_word' id='word_1_162' title='bbox 684 2037 797 2070; x_wconf 78' lang='lat' dir='ltr'>veneni,</span> <span class='ocrx_word' id='word_1_163' title='bbox 813 2035 906 2076; x_wconf 89' lang='lat' dir='ltr'>quale</span> <span class='ocrx_word' id='word_1_164' title='bbox 921 2034 1051 2066; x_wconf 88' lang='lat' dir='ltr'>dixerim</span> 
     </span>
     <span class='ocr_line' id='line_1_34' title="bbox 319 2077 1051 2119; baseline -0.003 -10"><span class='ocrx_word' id='word_1_165' title='bbox 319 2089 377 2119; x_wconf 86' lang='lat' dir='ltr'>ego</span> <span class='ocrx_word' id='word_1_166' title='bbox 392 2078 471 2108; x_wconf 87' lang='lat' dir='ltr'>illud</span> <span class='ocrx_word' id='word_1_167' title='bbox 486 2077 597 2108; x_wconf 87' lang='lat' dir='ltr'>veneni</span> <span class='ocrx_word' id='word_1_168' title='bbox 616 2087 695 2111; x_wconf 89' lang='lat' dir='ltr'>esse,</span> <span class='ocrx_word' id='word_1_169' title='bbox 715 2078 799 2118; x_wconf 90' lang='lat' dir='ltr'>quod</span> <span class='ocrx_word' id='word_1_170' title='bbox 814 2083 887 2108; x_wconf 84' lang='lat' dir='ltr'>cett.</span> <span class='ocrx_word' id='word_1_171' title='bbox 936 2078 1051 2116; x_wconf 82' lang='lat' dir='ltr'>Viperi-</span> 
     </span>
     <span class='ocr_line' id='line_1_35' title="bbox 320 2118 1053 2159; baseline -0.004 -8"><span class='ocrx_word' id='word_1_172' title='bbox 320 2131 377 2151; x_wconf 79' lang='lat' dir='ltr'>nus</span> <span class='ocrx_word' id='word_1_173' title='bbox 399 2131 500 2155; x_wconf 84' lang='lat' dir='ltr'>cruor,</span> <span class='ocrx_word' id='word_1_174' title='bbox 525 2119 581 2159; x_wconf 88' lang='lat' dir='ltr'>qui</span> <span class='ocrx_word' id='word_1_175' title='bbox 602 2119 663 2150; x_wconf 83' lang='lat' dir='ltr'>vim</span> <span class='ocrx_word' id='word_1_176' title='bbox 686 2119 918 2159; x_wconf 82' lang='lat' dir='ltr'>praesentissimi</span> <span class='ocrx_word' id='word_1_177' title='bbox 942 2118 1053 2149; x_wconf 88' lang='lat' dir='ltr'>veneni</span> 
     </span>
     <span class='ocr_line' id='line_1_36' title="bbox 322 2160 1052 2203; baseline -0.004 -10"><span class='ocrx_word' id='word_1_178' title='bbox 322 2162 435 2193; x_wconf 82' lang='lat' dir='ltr'>habere</span> <span class='ocrx_word' id='word_1_179' title='bbox 449 2162 636 2203; x_wconf 79' lang='lat' dir='ltr'>putabatur3</span> <span class='ocrx_word' id='word_1_180' title='bbox 659 2160 732 2191; x_wconf 91' lang='lat' dir='ltr'>hinc</span> <span class='ocrx_word' id='word_1_181' title='bbox 748 2171 818 2201; x_wconf 91' lang='lat' dir='ltr'>sup.</span> <span class='ocrx_word' id='word_1_182' title='bbox 834 2161 854 2198; x_wconf 84' lang='lat' dir='ltr'>i,</span> <span class='ocrx_word' id='word_1_183' title='bbox 867 2163 898 2196; x_wconf 85' lang='lat'>8,</span> <span class='ocrx_word' id='word_1_184' title='bbox 917 2162 966 2195; x_wconf 84' lang='grc'>10,</span> <span class='ocrx_word' id='word_1_185' title='bbox 984 2172 1052 2201; x_wconf 89' lang='lat' dir='ltr'>pro-</span> 
     </span>
     <span class='ocr_line' id='line_1_37' title="bbox 322 2203 1054 2244; baseline -0.004 -9"><span class='ocrx_word' id='word_1_186' title='bbox 322 2203 451 2236; x_wconf 83' lang='lat' dir='ltr'>verbiali</span> <span class='ocrx_word' id='word_1_187' title='bbox 472 2203 638 2240; x_wconf 87' lang='lat' dir='ltr'>locutione,</span> <span class='ocrx_word' id='word_1_188' title='bbox 657 2205 752 2233; x_wconf 78' lang='lat' dir='ltr'>vitare</span> <span class='ocrx_word' id='word_1_189' title='bbox 772 2204 889 2242; x_wconf 79' lang='lat' dir='ltr'>aliquid</span> <span class='ocrx_word' id='word_1_190' title='bbox 907 2205 1054 2244; x_wconf 79' lang='lat' dir='ltr'>sanguine</span> 
     </span>
     <span class='ocr_line' id='line_1_38' title="bbox 321 2244 1051 2286; baseline -0.004 -8"><span class='ocrx_word' id='word_1_191' title='bbox 321 2248 455 2286; x_wconf 82' lang='lat' dir='ltr'>viperino</span> <span class='ocrx_word' id='word_1_192' title='bbox 468 2248 599 2276; x_wconf 81' lang='lat' dir='ltr'>cautius.</span> <span class='ocrx_word' id='word_1_193' title='bbox 646 2244 793 2278; x_wconf 67' lang='lat' dir='ltr'>Innocens,</span> <span class='ocrx_word' id='word_1_194' title='bbox 810 2249 951 2285; x_wconf 84' lang='lat' dir='ltr'>coquunt</span> <span class='ocrx_word' id='word_1_195' title='bbox 970 2244 1051 2275; x_wconf 87' lang='lat' dir='ltr'>enim</span> 
     </span>
     <span class='ocr_line' id='line_1_39' title="bbox 320 2286 1052 2328; baseline -0.004 -9"><span class='ocrx_word' id='word_1_196' title='bbox 320 2294 352 2320; x_wconf 87' lang='lat' dir='ltr'>et</span> <span class='ocrx_word' id='word_1_197' title='bbox 374 2288 547 2328; x_wconf 89' lang='lat' dir='ltr'>incoquunt</span> <span class='ocrx_word' id='word_1_198' title='bbox 571 2287 683 2318; x_wconf 82' lang='lat' dir='ltr'>herbas</span> <span class='ocrx_word' id='word_1_199' title='bbox 705 2292 872 2317; x_wconf 78' lang='lat' dir='ltr'>venenatas</span> <span class='ocrx_word' id='word_1_200' title='bbox 890 2286 1052 2323; x_wconf 82' lang='lat' dir='ltr'>veneficae3</span> 
     </span>
     <span class='ocr_line' id='line_1_40' title="bbox 321 2327 1052 2370; baseline -0.004 -9"><span class='ocrx_word' id='word_1_201' title='bbox 321 2330 367 2361; x_wconf 87' lang='lat' dir='ltr'>sic</span> <span class='ocrx_word' id='word_1_202' title='bbox 387 2336 468 2361; x_wconf 79' lang='lat' dir='ltr'>cocta</span> <span class='ocrx_word' id='word_1_203' title='bbox 488 2331 630 2370; x_wconf 79' lang='lat' dir='ltr'>gramina</span> <span class='ocrx_word' id='word_1_204' title='bbox 655 2339 672 2359; x_wconf 89' lang='lat' dir='ltr'>a</span> <span class='ocrx_word' id='word_1_205' title='bbox 695 2329 738 2359; x_wconf 88' lang='lat' dir='ltr'>ud</span> <span class='ocrx_word' id='word_1_206' title='bbox 761 2329 901 2370; x_wconf 85' lang='lat' dir='ltr'>Propert.</span> <span class='ocrx_word' id='word_1_207' title='bbox 916 2327 950 2363; x_wconf 84' lang='lat' dir='ltr'>ii,</span> <span class='ocrx_word' id='word_1_208' title='bbox 967 2330 998 2363; x_wconf 82' lang='lat'>4,</span> <span class='ocrx_word' id='word_1_209' title='bbox 1020 2329 1052 2364; x_wconf 88' lang='grc'>8,</span> 
     </span>
     <span class='ocr_line' id='line_1_41' title="bbox 321 2369 1050 2412; baseline -0.005 -8"><span class='ocrx_word' id='word_1_210' title='bbox 321 2378 354 2404; x_wconf 82' lang='lat' dir='ltr'>et</span> <span class='ocrx_word' id='word_1_211' title='bbox 369 2371 487 2403; x_wconf 82' lang='lat' dir='ltr'>Medea</span> <span class='ocrx_word' id='word_1_212' title='bbox 504 2371 587 2412; x_wconf 82' lang='lat' dir='ltr'>apud</span> <span class='ocrx_word' id='word_1_213' title='bbox 605 2370 666 2401; x_wconf 85' lang='lat' dir='ltr'>Ovi</span> <span class='ocrx_word' id='word_1_214' title='bbox 691 2393 698 2400; x_wconf 91' lang='lat'>.</span> <span class='ocrx_word' id='word_1_215' title='bbox 714 2371 794 2401; x_wconf 82' lang='lat' dir='ltr'>Met.</span> <span class='ocrx_word' id='word_1_216' title='bbox 811 2369 875 2407; x_wconf 86' lang='lat' dir='ltr'>viii,</span> <span class='ocrx_word' id='word_1_217' title='bbox 898 2371 972 2406; x_wconf 84' lang='lat'>265,</span> <span class='ocrx_word' id='word_1_218' title='bbox 1000 2370 1050 2400; x_wconf 87' lang='lat' dir='ltr'>Se-</span> 
     </span>
     <span class='ocr_line' id='line_1_42' title="bbox 321 2414 1053 2454; baseline -0.003 -9"><span class='ocrx_word' id='word_1_219' title='bbox 321 2417 459 2454; x_wconf 80' lang='lat' dir='ltr'>minaque</span> <span class='ocrx_word' id='word_1_220' title='bbox 472 2414 622 2454; x_wconf 74' lang='lat' dir='ltr'>floresque</span> <span class='ocrx_word' id='word_1_221' title='bbox 643 2419 671 2443; x_wconf 83' lang='lat' dir='ltr'>et</span> <span class='ocrx_word' id='word_1_222' title='bbox 694 2423 791 2443; x_wconf 79' lang='lat' dir='ltr'>succos</span> <span class='ocrx_word' id='word_1_223' title='bbox 811 2414 940 2453; x_wconf 82' lang='lat' dir='ltr'>incoquit</span> <span class='ocrx_word' id='word_1_224' title='bbox 962 2423 1053 2443; x_wconf 78' lang='lat' dir='ltr'>acres.</span> 
     </span>
     <span class='ocr_line' id='line_1_43' title="bbox 324 2454 1053 2498; baseline -0.004 -11"><span class='ocrx_word' id='word_1_225' title='bbox 324 2457 377 2487; x_wconf 76' lang='lat' dir='ltr'>Me</span> <span class='ocrx_word' id='word_1_226' title='bbox 394 2455 540 2498; x_wconf 65' lang='lat' dir='ltr'>fefellit?</span> <span class='ocrx_word' id='word_1_227' title='bbox 562 2455 638 2485; x_wconf 80' lang='lat' dir='ltr'>mihi</span> <span class='ocrx_word' id='word_1_228' title='bbox 660 2454 761 2485; x_wconf 83' lang='lat' dir='ltr'>fraudi</span> <span class='ocrx_word' id='word_1_229' title='bbox 784 2454 865 2484; x_wconf 63' lang='lat' dir='ltr'>fuiti</span> <span class='ocrx_word' id='word_1_230' title='bbox 914 2455 1053 2491; x_wconf 77' lang='lat' dir='ltr'>Canidia,</span> 
     </span>
     <span class='ocr_line' id='line_1_44' title="bbox 323 2495 1054 2541; baseline -0.005 -11"><span class='ocrx_word' id='word_1_231' title='bbox 323 2499 416 2541; x_wconf 83' lang='lat' dir='ltr'>cujus</span> <span class='ocrx_word' id='word_1_232' title='bbox 432 2498 548 2528; x_wconf 86' lang='lat' dir='ltr'>scelera</span> <span class='ocrx_word' id='word_1_233' title='bbox 562 2497 618 2528; x_wconf 88' lang='lat' dir='ltr'>inf.</span> <span class='ocrx_word' id='word_1_234' title='bbox 634 2497 667 2527; x_wconf 88' lang='lat' dir='ltr'>in</span> <span class='ocrx_word' id='word_1_235' title='bbox 682 2497 819 2528; x_wconf 85' lang='lat' dir='ltr'>carmine</span> <span class='ocrx_word' id='word_1_236' title='bbox 831 2495 941 2537; x_wconf 86' lang='lat' dir='ltr'>quinto</span> <span class='ocrx_word' id='word_1_237' title='bbox 955 2502 986 2527; x_wconf 89' lang='lat' dir='ltr'>et</span> <span class='ocrx_word' id='word_1_238' title='bbox 1001 2496 1054 2527; x_wconf 88' lang='lat' dir='ltr'>de-</span> 
     </span>
     <span class='ocr_line' id='line_1_45' title="bbox 322 2538 1053 2581; baseline -0.004 -10"><span class='ocrx_word' id='word_1_239' title='bbox 322 2541 404 2572; x_wconf 88' lang='lat' dir='ltr'>cimo</span> <span class='ocrx_word' id='word_1_240' title='bbox 426 2539 557 2581; x_wconf 84' lang='lat' dir='ltr'>septimo</span> <span class='ocrx_word' id='word_1_241' title='bbox 578 2539 768 2577; x_wconf 79' lang='lat' dir='ltr'>insectatur3</span> <span class='ocrx_word' id='word_1_242' title='bbox 799 2540 954 2574; x_wconf 73' lang='lat' dir='ltr'>tractavit,</span> <span class='ocrx_word' id='word_1_243' title='bbox 981 2538 1053 2568; x_wconf 87' lang='lat' dir='ltr'>mis-</span> 
     </span>
     <span class='ocr_line' id='line_1_46' title="bbox 323 2580 1054 2619; baseline -0.005 -5"><span class='ocrx_word' id='word_1_244' title='bbox 323 2583 399 2614; x_wconf 88' lang='lat' dir='ltr'>cuit.</span> <span class='ocrx_word' id='word_1_245' title='bbox 442 2581 554 2619; x_wconf 73' lang='lat' dir='ltr'>Malas,</span> <span class='ocrx_word' id='word_1_246' title='bbox 571 2587 757 2618; x_wconf 79' lang='lat' dir='ltr'>venenatas;</span> <span class='ocrx_word' id='word_1_247' title='bbox 779 2582 887 2616; x_wconf 81' lang='lat' dir='ltr'>malus,</span> <span class='ocrx_word' id='word_1_248' title='bbox 907 2586 940 2611; x_wconf 86' lang='lat' dir='ltr'>ut</span> <span class='ocrx_word' id='word_1_249' title='bbox 963 2580 1054 2611; x_wconf 86' lang='lat' dir='ltr'>Grae-</span> 
     </span>
     <span class='ocr_line' id='line_1_47' title="bbox 323 2621 1057 2665; baseline -0.005 -9"><span class='ocrx_word' id='word_1_250' title='bbox 323 2634 432 2656; x_wconf 83' lang='lat' dir='ltr'>corum</span> <span class='ocrx_word' id='word_1_251' title='bbox 461 2625 572 2661; x_wconf 83' lang='grc' dir='ltr'><em>κακὸς,</em></span> <span class='ocrx_word' id='word_1_252' title='bbox 604 2633 687 2665; x_wconf 85' lang='lat' dir='ltr'>saepe</span> <span class='ocrx_word' id='word_1_253' title='bbox 714 2623 753 2654; x_wconf 88' lang='lat' dir='ltr'>de</span> <span class='ocrx_word' id='word_1_254' title='bbox 779 2623 870 2653; x_wconf 87' lang='lat' dir='ltr'>rebus</span> <span class='ocrx_word' id='word_1_255' title='bbox 899 2621 1000 2653; x_wconf 88' lang='lat' dir='ltr'>noxiis</span> <span class='ocrx_word' id='word_1_256' title='bbox 1026 2627 1057 2653; x_wconf 86' lang='lat' dir='ltr'>et</span> 
     </span>
     <span class='ocr_line' id='line_1_48' title="bbox 324 2663 1055 2702; baseline -0.004 -5"><span class='ocrx_word' id='word_1_257' title='bbox 324 2676 445 2698; x_wconf 85' lang='lat' dir='ltr'>veneno</span> <span class='ocrx_word' id='word_1_258' title='bbox 472 2665 617 2702; x_wconf 78' lang='lat' dir='ltr'>infectis;</span> <span class='ocrx_word' id='word_1_259' title='bbox 647 2666 709 2695; x_wconf 91' lang='lat' dir='ltr'>vid.</span> <span class='ocrx_word' id='word_1_260' title='bbox 740 2665 901 2696; x_wconf 86' lang='lat' dir='ltr'>Drakenb.</span> <span class='ocrx_word' id='word_1_261' title='bbox 928 2664 968 2695; x_wconf 84' lang='lat' dir='ltr'>ad</span> <span class='ocrx_word' id='word_1_262' title='bbox 999 2663 1055 2694; x_wconf 87' lang='lat' dir='ltr'>Sil.</span> 
     </span>
     <span class='ocr_line' id='line_1_49' title="bbox 323 2707 1055 2744; baseline -0.004 -5"><span class='ocrx_word' id='word_1_263' title='bbox 323 2709 399 2740; x_wconf 89' lang='lat' dir='ltr'>Ital.</span> <span class='ocrx_word' id='word_1_264' title='bbox 415 2707 479 2744; x_wconf 90' lang='lat' dir='ltr'>viii,</span> <span class='ocrx_word' id='word_1_265' title='bbox 494 2709 568 2742; x_wconf 88' lang='lat'>500,</span> <span class='ocrx_word' id='word_1_266' title='bbox 589 2713 622 2738; x_wconf 88' lang='lat' dir='ltr'>et</span> <span class='ocrx_word' id='word_1_267' title='bbox 637 2708 810 2737; x_wconf 84' lang='lat' dir='ltr'>Burmann.</span> <span class='ocrx_word' id='word_1_268' title='bbox 825 2707 865 2737; x_wconf 87' lang='lat' dir='ltr'>ad</span> <span class='ocrx_word' id='word_1_269' title='bbox 885 2707 1012 2738; x_wconf 87' lang='lat' dir='ltr'>Petron.</span> <span class='ocrx_word' id='word_1_270' title='bbox 1027 2716 1055 2736; x_wconf 90' lang='lat' dir='ltr'>c.</span> 
     </span>
     <span class='ocr_line' id='line_1_50' title="bbox 324 2749 1054 2790; baseline -0.004 -9"><span class='ocrx_word' id='word_1_271' title='bbox 324 2750 404 2783; x_wconf 83' lang='lat' dir='ltr'>lviii.</span> <span class='ocrx_word' id='word_1_272' title='bbox 451 2749 490 2780; x_wconf 75' lang='lat' dir='ltr'>Ut</span> <span class='ocrx_word' id='word_1_273' title='bbox 507 2751 699 2790; x_wconf 76' lang='lat' dir='ltr'>Argonautas</span> <span class='ocrx_word' id='word_1_274' title='bbox 712 2756 820 2789; x_wconf 79' lang='lat' dir='ltr'>proeter</span> <span class='ocrx_word' id='word_1_275' title='bbox 835 2759 931 2779; x_wconf 87' lang='lat' dir='ltr'>omnes</span> <span class='ocrx_word' id='word_1_276' title='bbox 950 2750 1054 2779; x_wconf 84' lang='lat' dir='ltr'>candi-</span> 
     </span>
     <span class='ocr_line' id='line_1_51' title="bbox 324 2790 1057 2826; baseline -0.004 -3"><span class='ocrx_word' id='word_1_277' title='bbox 324 2794 396 2823; x_wconf 83' lang='lat' dir='ltr'>dum</span> <span class='ocrx_word' id='word_1_278' title='bbox 415 2791 534 2826; x_wconf 83' lang='lat' dir='ltr'>Medea,</span> <span class='ocrx_word' id='word_1_279' title='bbox 557 2797 631 2822; x_wconf 82' lang='lat' dir='ltr'>cett.</span> <span class='ocrx_word' id='word_1_280' title='bbox 653 2801 784 2822; x_wconf 87' lang='lat' dir='ltr'>sensus:</span> <span class='ocrx_word' id='word_1_281' title='bbox 809 2791 882 2821; x_wconf 85' lang='lat' dir='ltr'>allio</span> <span class='ocrx_word' id='word_1_282' title='bbox 904 2790 968 2822; x_wconf 87' lang='lat' dir='ltr'>sive</span> <span class='ocrx_word' id='word_1_283' title='bbox 991 2790 1057 2820; x_wconf 87' lang='lat' dir='ltr'>allii</span> 
     </span>
     <span class='ocr_line' id='line_1_52' title="bbox 324 2832 1056 2875; baseline -0.004 -10"><span class='ocrx_word' id='word_1_284' title='bbox 324 2834 429 2866; x_wconf 81' lang='lat' dir='ltr'>succis</span> <span class='ocrx_word' id='word_1_285' title='bbox 452 2834 577 2869; x_wconf 87' lang='lat' dir='ltr'>Medea,</span> <span class='ocrx_word' id='word_1_286' title='bbox 597 2838 761 2875; x_wconf 84' lang='lat' dir='ltr'>postquam</span> <span class='ocrx_word' id='word_1_287' title='bbox 781 2842 844 2874; x_wconf 84' lang='lat' dir='ltr'>prae</span> <span class='ocrx_word' id='word_1_288' title='bbox 862 2832 972 2863; x_wconf 84' lang='lat' dir='ltr'>ceteris</span> <span class='ocrx_word' id='word_1_289' title='bbox 998 2833 1056 2862; x_wconf 83' lang='lat' dir='ltr'>Ar-</span> 
     </span>
     <span class='ocr_line' id='line_1_53' title="bbox 325 2874 1056 2918; baseline -0.003 -11"><span class='ocrx_word' id='word_1_290' title='bbox 325 2874 470 2918; x_wconf 84' lang='lat' dir='ltr'>gonautis</span> <span class='ocrx_word' id='word_1_291' title='bbox 483 2875 572 2907; x_wconf 87' lang='lat' dir='ltr'>ducis</span> <span class='ocrx_word' id='word_1_292' title='bbox 592 2886 699 2906; x_wconf 85' lang='lat' dir='ltr'>eorum</span> <span class='ocrx_word' id='word_1_293' title='bbox 718 2874 950 2917; x_wconf 84' lang='lat' dir='ltr'>pulchritudine</span> <span class='ocrx_word' id='word_1_294' title='bbox 964 2881 1056 2916; x_wconf 82' lang='lat' dir='ltr'>capta</span> 
     </span>
     <span class='ocr_line' id='line_1_54' title="bbox 326 2917 1056 2958; baseline -0.004 -9"><span class='ocrx_word' id='word_1_295' title='bbox 326 2918 396 2954; x_wconf 79' lang='lat' dir='ltr'>suit,</span> <span class='ocrx_word' id='word_1_296' title='bbox 413 2919 572 2955; x_wconf 76' lang='lat' dir='ltr'>Jasonem,</span> <span class='ocrx_word' id='word_1_297' title='bbox 590 2923 625 2949; x_wconf 90' lang='lat' dir='ltr'>ut</span> <span class='ocrx_word' id='word_1_298' title='bbox 646 2918 771 2958; x_wconf 88' lang='lat' dir='ltr'>igneum</span> <span class='ocrx_word' id='word_1_299' title='bbox 789 2917 931 2958; x_wconf 86' lang='lat' dir='ltr'>spiritum</span> <span class='ocrx_word' id='word_1_300' title='bbox 953 2922 1056 2947; x_wconf 87' lang='lat' dir='ltr'>tauro-</span> 
     </span>
     <span class='ocr_line' id='line_1_55' title="bbox 325 2958 1054 3002; baseline -0.004 -10"><span class='ocrx_word' id='word_1_301' title='bbox 325 2971 404 3000; x_wconf 83' lang='lat' dir='ltr'>rum,</span> <span class='ocrx_word' id='word_1_302' title='bbox 424 2970 503 3002; x_wconf 86' lang='lat' dir='ltr'>quos</span> <span class='ocrx_word' id='word_1_303' title='bbox 517 2960 608 3002; x_wconf 85' lang='lat' dir='ltr'>jugo,</span> <span class='ocrx_word' id='word_1_304' title='bbox 625 2959 710 3001; x_wconf 88' lang='lat' dir='ltr'>quod</span> <span class='ocrx_word' id='word_1_305' title='bbox 725 2958 772 2990; x_wconf 88' lang='lat' dir='ltr'>illi</span> <span class='ocrx_word' id='word_1_306' title='bbox 786 2958 922 2991; x_wconf 86' lang='lat' dir='ltr'>nondum</span> <span class='ocrx_word' id='word_1_307' title='bbox 937 2958 1054 3001; x_wconf 83' lang='lat' dir='ltr'>experti</span> 
     </span>
    </p>
   </div>
   <div class='ocr_carea' id='block_1_7' title="bbox 1091 1444 1831 2992">
    <p class='ocr_par' dir='ltr' id='par_1_12' title="bbox 1091 1444 1831 2610">
     <span class='ocr_line' id='line_1_56' title="bbox 1092 1444 1825 1487; baseline -0.004 -10"><span class='ocrx_word' id='word_1_308' title='bbox 1092 1451 1189 1483; x_wconf 86' lang='lat' dir='ltr'>erant,</span> <span class='ocrx_word' id='word_1_309' title='bbox 1220 1446 1348 1487; x_wconf 81' lang='lat' dir='ltr'>alligare</span> <span class='ocrx_word' id='word_1_310' title='bbox 1377 1445 1520 1483; x_wconf 85' lang='lat' dir='ltr'>debebat,</span> <span class='ocrx_word' id='word_1_311' title='bbox 1552 1444 1685 1487; x_wconf 84' lang='lat' dir='ltr'>perferre</span> <span class='ocrx_word' id='word_1_312' title='bbox 1708 1447 1825 1485; x_wconf 83' lang='lat' dir='ltr'>posset,</span> 
     </span>
     <span class='ocr_line' id='line_1_57' title="bbox 1093 1487 1822 1528; baseline -0.004 -10"><span class='ocrx_word' id='word_1_313' title='bbox 1093 1488 1253 1518; x_wconf 85' lang='lat' dir='ltr'>inunxisse</span> <span class='ocrx_word' id='word_1_314' title='bbox 1268 1487 1414 1519; x_wconf 84' lang='lat' dir='ltr'>credibile</span> <span class='ocrx_word' id='word_1_315' title='bbox 1430 1494 1487 1518; x_wconf 89' lang='lat' dir='ltr'>est.</span> <span class='ocrx_word' id='word_1_316' title='bbox 1525 1487 1631 1528; x_wconf 78' lang='lat' dir='ltr'>Ignota</span> <span class='ocrx_word' id='word_1_317' title='bbox 1647 1488 1745 1516; x_wconf 74' lang='lat' dir='ltr'>tauris</span> <span class='ocrx_word' id='word_1_318' title='bbox 1759 1487 1822 1516; x_wconf 80' lang='lat' dir='ltr'>illi·</span> 
     </span>
     <span class='ocr_line' id='line_1_58' title="bbox 1091 1527 1822 1571; baseline -0.004 -11"><span class='ocrx_word' id='word_1_319' title='bbox 1091 1537 1237 1570; x_wconf 71' lang='lat' dir='ltr'>gaturum</span> <span class='ocrx_word' id='word_1_320' title='bbox 1251 1532 1347 1571; x_wconf 78' lang='lat' dir='ltr'>juga,</span> <span class='ocrx_word' id='word_1_321' title='bbox 1368 1539 1424 1570; x_wconf 87' lang='lat' dir='ltr'>pro</span> <span class='ocrx_word' id='word_1_322' title='bbox 1443 1528 1576 1569; x_wconf 83' lang='lat' dir='ltr'>vulgari,</span> <span class='ocrx_word' id='word_1_323' title='bbox 1597 1533 1699 1559; x_wconf 82' lang='lat' dir='ltr'>tauros</span> <span class='ocrx_word' id='word_1_324' title='bbox 1719 1527 1822 1568; x_wconf 87' lang='lat' dir='ltr'>illiga-</span> 
     </span>
     <span class='ocr_line' id='line_1_59' title="bbox 1094 1569 1825 1613; baseline -0.004 -11"><span class='ocrx_word' id='word_1_325' title='bbox 1094 1578 1196 1602; x_wconf 85' lang='lat' dir='ltr'>turum</span> <span class='ocrx_word' id='word_1_326' title='bbox 1219 1571 1335 1612; x_wconf 87' lang='lat' dir='ltr'>ignotis</span> <span class='ocrx_word' id='word_1_327' title='bbox 1352 1571 1458 1612; x_wconf 82' lang='lat' dir='ltr'>jugis3</span> <span class='ocrx_word' id='word_1_328' title='bbox 1480 1571 1574 1613; x_wconf 85' lang='lat' dir='ltr'>plane</span> <span class='ocrx_word' id='word_1_329' title='bbox 1589 1575 1624 1601; x_wconf 84' lang='lat' dir='ltr'>ut</span> <span class='ocrx_word' id='word_1_330' title='bbox 1639 1580 1710 1612; x_wconf 89' lang='lat' dir='ltr'>sup.</span> <span class='ocrx_word' id='word_1_331' title='bbox 1723 1569 1825 1611; x_wconf 87' lang='lat' dir='ltr'>Epod.</span> 
     </span>
     <span class='ocr_line' id='line_1_60' title="bbox 1097 1612 1824 1654; baseline -0.003 -11"><span class='ocrx_word' id='word_1_332' title='bbox 1097 1615 1125 1650; x_wconf 90' lang='lat'>1,</span> <span class='ocrx_word' id='word_1_333' title='bbox 1155 1615 1208 1650; x_wconf 80' lang='lat'>25,</span> <span class='ocrx_word' id='word_1_334' title='bbox 1241 1613 1309 1644; x_wconf 85' lang='lat' dir='ltr'>Non</span> <span class='ocrx_word' id='word_1_335' title='bbox 1332 1621 1367 1644; x_wconf 84' lang='lat' dir='ltr'>ut</span> <span class='ocrx_word' id='word_1_336' title='bbox 1382 1615 1522 1654; x_wconf 78' lang='lat' dir='ltr'>juvencis</span> <span class='ocrx_word' id='word_1_337' title='bbox 1543 1613 1666 1653; x_wconf 74' lang='lat' dir='ltr'>illigata</span> <span class='ocrx_word' id='word_1_338' title='bbox 1685 1612 1824 1651; x_wconf 75' lang='lat' dir='ltr'>pluribus</span> 
     </span>
     <span class='ocr_line' id='line_1_61' title="bbox 1094 1654 1825 1694; baseline -0.001 -9"><span class='ocrx_word' id='word_1_339' title='bbox 1094 1657 1210 1685; x_wconf 75' lang='lat' dir='ltr'>Aratra</span> <span class='ocrx_word' id='word_1_340' title='bbox 1223 1657 1366 1686; x_wconf 76' lang='lat' dir='ltr'>nitamur</span> <span class='ocrx_word' id='word_1_341' title='bbox 1385 1666 1467 1685; x_wconf 84' lang='lat' dir='ltr'>mea:</span> <span class='ocrx_word' id='word_1_342' title='bbox 1490 1655 1532 1686; x_wconf 81' lang='lat' dir='ltr'>cf.</span> <span class='ocrx_word' id='word_1_343' title='bbox 1547 1654 1586 1685; x_wconf 86' lang='lat' dir='ltr'>de</span> <span class='ocrx_word' id='word_1_344' title='bbox 1608 1654 1666 1685; x_wconf 85' lang='lat' dir='ltr'>hac</span> <span class='ocrx_word' id='word_1_345' title='bbox 1687 1663 1731 1690; x_wconf 86' lang='lat' dir='ltr'>re,</span> <span class='ocrx_word' id='word_1_346' title='bbox 1745 1663 1825 1694; x_wconf 86' lang='lat' dir='ltr'>quos</span> 
     </span>
     <span class='ocr_line' id='line_1_62' title="bbox 1093 1694 1823 1739; baseline -0.001 -12"><span class='ocrx_word' id='word_1_347' title='bbox 1093 1697 1226 1728; x_wconf 85' lang='lat' dir='ltr'>laudant</span> <span class='ocrx_word' id='word_1_348' title='bbox 1235 1698 1434 1739; x_wconf 84' lang='lat' dir='ltr'>Interpretes,</span> <span class='ocrx_word' id='word_1_349' title='bbox 1442 1696 1570 1728; x_wconf 88' lang='lat' dir='ltr'>Pindar.</span> <span class='ocrx_word' id='word_1_350' title='bbox 1580 1695 1674 1738; x_wconf 83' lang='lat' dir='ltr'>Pyth.</span> <span class='ocrx_word' id='word_1_351' title='bbox 1686 1694 1728 1731; x_wconf 84' lang='lat' dir='ltr'>iv,</span> <span class='ocrx_word' id='word_1_352' title='bbox 1739 1696 1802 1727; x_wconf 85' lang='lat'>393</span> <span class='ocrx_word' id='word_1_353' title='bbox 1813 1706 1823 1734; x_wconf 82' lang='lat'>3</span> 
     </span>
     <span class='ocr_line' id='line_1_63' title="bbox 1099 1737 1823 1781; baseline -0.003 -11"><span class='ocrx_word' id='word_1_354' title='bbox 1099 1739 1247 1781; x_wconf 88' lang='lat' dir='ltr'>Apollon.</span> <span class='ocrx_word' id='word_1_355' title='bbox 1272 1739 1380 1770; x_wconf 86' lang='lat' dir='ltr'>Rhod.</span> <span class='ocrx_word' id='word_1_356' title='bbox 1405 1739 1449 1774; x_wconf 85' lang='lat' dir='ltr'>iii,</span> <span class='ocrx_word' id='word_1_357' title='bbox 1468 1740 1545 1770; x_wconf 88' lang='grc'>1041</span> <span class='ocrx_word' id='word_1_358' title='bbox 1565 1751 1573 1777; x_wconf 89' lang='grc'><strong>;</strong></span> <span class='ocrx_word' id='word_1_359' title='bbox 1595 1743 1628 1769; x_wconf 84' lang='lat' dir='ltr'>et</span> <span class='ocrx_word' id='word_1_360' title='bbox 1644 1737 1718 1770; x_wconf 88' lang='lat' dir='ltr'>Val.</span> <span class='ocrx_word' id='word_1_361' title='bbox 1733 1737 1823 1768; x_wconf 87' lang='lat' dir='ltr'>Flac.</span> 
     </span>
     <span class='ocr_line' id='line_1_64' title="bbox 1093 1779 1825 1823; baseline -0.004 -11"><span class='ocrx_word' id='word_1_362' title='bbox 1093 1781 1146 1816; x_wconf 88' lang='lat' dir='ltr'>vii,</span> <span class='ocrx_word' id='word_1_363' title='bbox 1174 1783 1250 1812; x_wconf 86' lang='lat'>463.</span> <span class='ocrx_word' id='word_1_364' title='bbox 1297 1782 1479 1814; x_wconf 73' lang='lat' dir='ltr'>Candidum,</span> <span class='ocrx_word' id='word_1_365' title='bbox 1509 1779 1686 1823; x_wconf 77' lang='lat' dir='ltr'>pulchrum,</span> <span class='ocrx_word' id='word_1_366' title='bbox 1711 1779 1825 1810; x_wconf 82' lang='lat' dir='ltr'>formo-</span> 
     </span>
     <span class='ocr_line' id='line_1_65' title="bbox 1094 1821 1826 1866; baseline -0.004 -12"><span class='ocrx_word' id='word_1_367' title='bbox 1094 1833 1175 1859; x_wconf 88' lang='lat' dir='ltr'>sum,</span> <span class='ocrx_word' id='word_1_368' title='bbox 1198 1829 1234 1854; x_wconf 86' lang='lat' dir='ltr'>ut</span> <span class='ocrx_word' id='word_1_369' title='bbox 1256 1834 1352 1866; x_wconf 85' lang='lat' dir='ltr'>saepe.</span> <span class='ocrx_word' id='word_1_370' title='bbox 1399 1823 1517 1853; x_wconf 82' lang='lat' dir='ltr'>Mirata</span> <span class='ocrx_word' id='word_1_371' title='bbox 1538 1828 1591 1858; x_wconf 76' lang='lat' dir='ltr'>est,</span> <span class='ocrx_word' id='word_1_372' title='bbox 1613 1831 1717 1852; x_wconf 75' lang='lat' dir='ltr'>amore</span> <span class='ocrx_word' id='word_1_373' title='bbox 1744 1821 1826 1862; x_wconf 80' lang='lat' dir='ltr'>ejus,</span> 
     </span>
     <span class='ocr_line' id='line_1_66' title="bbox 1095 1863 1826 1907; baseline -0.005 -10"><span class='ocrx_word' id='word_1_374' title='bbox 1095 1871 1258 1907; x_wconf 78' lang='lat' dir='ltr'>postquam</span> <span class='ocrx_word' id='word_1_375' title='bbox 1284 1876 1357 1897; x_wconf 90' lang='lat' dir='ltr'>cum</span> <span class='ocrx_word' id='word_1_376' title='bbox 1379 1864 1582 1896; x_wconf 79' lang='lat' dir='ltr'>admiratione</span> <span class='ocrx_word' id='word_1_377' title='bbox 1606 1863 1674 1905; x_wconf 88' lang='lat' dir='ltr'>ejus</span> <span class='ocrx_word' id='word_1_378' title='bbox 1695 1863 1826 1894; x_wconf 71' lang='lat' dir='ltr'>fonnem</span> 
     </span>
     <span class='ocr_line' id='line_1_67' title="bbox 1096 1905 1825 1949; baseline -0.005 -10"><span class='ocrx_word' id='word_1_379' title='bbox 1096 1908 1305 1949; x_wconf 83' lang='lat' dir='ltr'>contemplata</span> <span class='ocrx_word' id='word_1_380' title='bbox 1319 1908 1430 1942; x_wconf 80' lang='lat' dir='ltr'>fuerat,</span> <span class='ocrx_word' id='word_1_381' title='bbox 1446 1911 1540 1948; x_wconf 85' lang='lat' dir='ltr'>capta</span> <span class='ocrx_word' id='word_1_382' title='bbox 1556 1905 1634 1937; x_wconf 82' lang='lat' dir='ltr'>fuit:</span> <span class='ocrx_word' id='word_1_383' title='bbox 1656 1905 1700 1936; x_wconf 86' lang='lat' dir='ltr'>cf.</span> <span class='ocrx_word' id='word_1_384' title='bbox 1715 1915 1787 1947; x_wconf 84' lang='lat' dir='ltr'>sup.</span> <span class='ocrx_word' id='word_1_385' title='bbox 1802 1905 1825 1941; x_wconf 81' lang='lat' dir='ltr'>i,</span> 
     </span>
     <span class='ocr_line' id='line_1_68' title="bbox 1095 1948 1827 1986; baseline -0.004 -6"><span class='ocrx_word' id='word_1_386' title='bbox 1095 1951 1126 1986; x_wconf 86' lang='lat'>4,</span> <span class='ocrx_word' id='word_1_387' title='bbox 1146 1951 1196 1984; x_wconf 81' lang='lat'>19,</span> <span class='ocrx_word' id='word_1_388' title='bbox 1212 1949 1255 1986; x_wconf 85' lang='lat' dir='ltr'>iv,</span> <span class='ocrx_word' id='word_1_389' title='bbox 1270 1951 1302 1985; x_wconf 89' lang='lat'>9,</span> <span class='ocrx_word' id='word_1_390' title='bbox 1321 1951 1371 1980; x_wconf 87' lang='lat'>15.</span> <span class='ocrx_word' id='word_1_391' title='bbox 1415 1949 1482 1979; x_wconf 85' lang='lat' dir='ltr'>Hoc</span> <span class='ocrx_word' id='word_1_392' title='bbox 1497 1949 1639 1980; x_wconf 76' lang='lat' dir='ltr'>delibutis</span> <span class='ocrx_word' id='word_1_393' title='bbox 1655 1948 1724 1978; x_wconf 82' lang='lat' dir='ltr'>ulta</span> <span class='ocrx_word' id='word_1_394' title='bbox 1742 1949 1827 1978; x_wconf 71' lang='lat' dir='ltr'>donis</span> 
     </span>
     <span class='ocr_line' id='line_1_69' title="bbox 1093 1988 1829 2032; baseline -0.004 -10"><span class='ocrx_word' id='word_1_395' title='bbox 1093 1993 1247 2031; x_wconf 82' lang='lat' dir='ltr'>pellicem:</span> <span class='ocrx_word' id='word_1_396' title='bbox 1271 1991 1339 2022; x_wconf 87' lang='lat' dir='ltr'>allii</span> <span class='ocrx_word' id='word_1_397' title='bbox 1353 2001 1478 2032; x_wconf 88' lang='lat' dir='ltr'>quoque</span> <span class='ocrx_word' id='word_1_398' title='bbox 1492 1989 1594 2022; x_wconf 80' lang='lat' dir='ltr'>succis</span> <span class='ocrx_word' id='word_1_399' title='bbox 1614 1989 1730 2020; x_wconf 84' lang='lat' dir='ltr'>Medea</span> <span class='ocrx_word' id='word_1_400' title='bbox 1744 1988 1829 2020; x_wconf 85' lang='lat' dir='ltr'>dona</span> 
     </span>
     <span class='ocr_line' id='line_1_70' title="bbox 1095 2030 1826 2075; baseline -0.004 -11"><span class='ocrx_word' id='word_1_401' title='bbox 1095 2033 1150 2064; x_wconf 89' lang='lat' dir='ltr'>illa</span> <span class='ocrx_word' id='word_1_402' title='bbox 1166 2033 1318 2075; x_wconf 85' lang='lat' dir='ltr'>nuptialia</span> <span class='ocrx_word' id='word_1_403' title='bbox 1335 2033 1469 2075; x_wconf 86' lang='lat' dir='ltr'>(pallam</span> <span class='ocrx_word' id='word_1_404' title='bbox 1480 2037 1512 2063; x_wconf 91' lang='lat' dir='ltr'>et</span> <span class='ocrx_word' id='word_1_405' title='bbox 1523 2031 1699 2071; x_wconf 82' lang='lat' dir='ltr'>coronam),</span> <span class='ocrx_word' id='word_1_406' title='bbox 1711 2030 1826 2073; x_wconf 79' lang='lat' dir='ltr'>quibus</span> 
     </span>
     <span class='ocr_line' id='line_1_71' title="bbox 1095 2074 1828 2117; baseline -0.005 -10"><span class='ocrx_word' id='word_1_407' title='bbox 1095 2075 1239 2117; x_wconf 87' lang='lat' dir='ltr'>pellicem</span> <span class='ocrx_word' id='word_1_408' title='bbox 1264 2076 1426 2116; x_wconf 79' lang='lat' dir='ltr'>(Creusam</span> <span class='ocrx_word' id='word_1_409' title='bbox 1449 2074 1516 2105; x_wconf 86' lang='lat' dir='ltr'>sive</span> <span class='ocrx_word' id='word_1_410' title='bbox 1542 2074 1692 2108; x_wconf 81' lang='lat' dir='ltr'>Glaucen.</span> <span class='ocrx_word' id='word_1_411' title='bbox 1715 2083 1828 2104; x_wconf 81' lang='lat' dir='ltr'>novam</span> 
     </span>
     <span class='ocr_line' id='line_1_72' title="bbox 1095 2114 1828 2158; baseline -0.005 -9"><span class='ocrx_word' id='word_1_412' title='bbox 1095 2119 1115 2149; x_wconf 87' lang='lat' dir='ltr'>J</span> <span class='ocrx_word' id='word_1_413' title='bbox 1119 2118 1221 2149; x_wconf 88' lang='lat' dir='ltr'>asonis</span> <span class='ocrx_word' id='word_1_414' title='bbox 1236 2116 1419 2158; x_wconf 86' lang='lat' dir='ltr'>conjugem)</span> <span class='ocrx_word' id='word_1_415' title='bbox 1432 2115 1644 2150; x_wconf 86' lang='lat' dir='ltr'>ulcisceretur,</span> <span class='ocrx_word' id='word_1_416' title='bbox 1659 2114 1828 2146; x_wconf 81' lang='lat' dir='ltr'>delibuisse</span> 
     </span>
     <span class='ocr_line' id='line_1_73' title="bbox 1096 2156 1831 2200; baseline -0.003 -10"><span class='ocrx_word' id='word_1_417' title='bbox 1096 2159 1237 2196; x_wconf 59' lang='lat' dir='ltr'>videtum</span> <span class='ocrx_word' id='word_1_418' title='bbox 1260 2170 1323 2200; x_wconf 89' lang='lat' dir='ltr'>qua</span> <span class='ocrx_word' id='word_1_419' title='bbox 1348 2170 1380 2190; x_wconf 89' lang='lat' dir='ltr'>re</span> <span class='ocrx_word' id='word_1_420' title='bbox 1405 2164 1531 2200; x_wconf 85' lang='lat' dir='ltr'>peracta</span> <span class='ocrx_word' id='word_1_421' title='bbox 1553 2157 1609 2188; x_wconf 79' lang='lat' dir='ltr'>illa</span> <span class='ocrx_word' id='word_1_422' title='bbox 1626 2167 1720 2188; x_wconf 88' lang='lat' dir='ltr'>curru</span> <span class='ocrx_word' id='word_1_423' title='bbox 1739 2156 1831 2188; x_wconf 76' lang='lat' dir='ltr'>alatis</span> 
     </span>
     <span class='ocr_line' id='line_1_74' title="bbox 1097 2199 1831 2242; baseline -0.004 -10"><span class='ocrx_word' id='word_1_424' title='bbox 1097 2202 1289 2242; x_wconf 84' lang='lat' dir='ltr'>serpentibus</span> <span class='ocrx_word' id='word_1_425' title='bbox 1327 2206 1424 2232; x_wconf 81' lang='lat' dir='ltr'>uncto</span> <span class='ocrx_word' id='word_1_426' title='bbox 1463 2199 1596 2240; x_wconf 79' lang='lat' dir='ltr'>aufugit.</span> <span class='ocrx_word' id='word_1_427' title='bbox 1660 2199 1831 2230; x_wconf 73' lang='lat' dir='ltr'>Habebam</span> 
     </span>
     <span class='ocr_line' id='line_1_75' title="bbox 1097 2240 1829 2284; baseline -0.004 -10"><span class='ocrx_word' id='word_1_428' title='bbox 1097 2253 1208 2284; x_wconf 88' lang='lat' dir='ltr'>nempe</span> <span class='ocrx_word' id='word_1_429' title='bbox 1223 2252 1343 2274; x_wconf 85' lang='lat' dir='ltr'>venena</span> <span class='ocrx_word' id='word_1_430' title='bbox 1360 2242 1427 2278; x_wconf 82' lang='lat' dir='ltr'>illa,</span> <span class='ocrx_word' id='word_1_431' title='bbox 1441 2242 1555 2283; x_wconf 84' lang='lat' dir='ltr'>quibus</span> <span class='ocrx_word' id='word_1_432' title='bbox 1575 2242 1657 2272; x_wconf 91' lang='lat' dir='ltr'>dona</span> <span class='ocrx_word' id='word_1_433' title='bbox 1676 2240 1829 2282; x_wconf 82' lang='lat' dir='ltr'>nuptialia</span> 
     </span>
     <span class='ocr_line' id='line_1_76' title="bbox 1097 2282 1829 2319; baseline -0.001 -4"><span class='ocrx_word' id='word_1_434' title='bbox 1097 2284 1257 2316; x_wconf 85' lang='lat' dir='ltr'>inunxisse</span> <span class='ocrx_word' id='word_1_435' title='bbox 1288 2285 1405 2316; x_wconf 87' lang='lat' dir='ltr'>Medea</span> <span class='ocrx_word' id='word_1_436' title='bbox 1433 2283 1559 2319; x_wconf 84' lang='lat' dir='ltr'>dicitur.</span> <span class='ocrx_word' id='word_1_437' title='bbox 1588 2283 1670 2313; x_wconf 86' lang='lat' dir='ltr'>hanc</span> <span class='ocrx_word' id='word_1_438' title='bbox 1694 2282 1770 2319; x_wconf 84' lang='lat' dir='ltr'>vim,</span> <span class='ocrx_word' id='word_1_439' title='bbox 1793 2288 1829 2314; x_wconf 88' lang='lat' dir='ltr'>ut</span> 
     </span>
     <span class='ocr_line' id='line_1_77' title="bbox 1098 2325 1830 2367; baseline -0.004 -9"><span class='ocrx_word' id='word_1_440' title='bbox 1098 2327 1246 2358; x_wconf 88' lang='lat' dir='ltr'>Creusam</span> <span class='ocrx_word' id='word_1_441' title='bbox 1259 2337 1331 2357; x_wconf 89' lang='lat' dir='ltr'>curn</span> <span class='ocrx_word' id='word_1_442' title='bbox 1346 2331 1409 2356; x_wconf 90' lang='lat' dir='ltr'>tota</span> <span class='ocrx_word' id='word_1_443' title='bbox 1421 2325 1489 2367; x_wconf 84' lang='lat' dir='ltr'>ejus</span> <span class='ocrx_word' id='word_1_444' title='bbox 1500 2325 1592 2355; x_wconf 87' lang='lat' dir='ltr'>domo</span> <span class='ocrx_word' id='word_1_445' title='bbox 1603 2325 1830 2356; x_wconf 88' lang='lat' dir='ltr'>comburerent.</span> 
     </span>
     <span class='ocr_line' id='line_1_78' title="bbox 1096 2365 1830 2410; baseline -0.001 -11"><span class='ocrx_word' id='word_1_446' title='bbox 1096 2369 1162 2399; x_wconf 84' lang='lat' dir='ltr'>Res</span> <span class='ocrx_word' id='word_1_447' title='bbox 1172 2379 1211 2400; x_wconf 83' lang='lat' dir='ltr'>ex</span> <span class='ocrx_word' id='word_1_448' title='bbox 1229 2367 1339 2410; x_wconf 84' lang='lat' dir='ltr'>Eurip.</span> <span class='ocrx_word' id='word_1_449' title='bbox 1355 2368 1444 2399; x_wconf 89' lang='lat' dir='ltr'>Med.</span> <span class='ocrx_word' id='word_1_450' title='bbox 1456 2367 1532 2398; x_wconf 78' lang='lat' dir='ltr'>satis</span> <span class='ocrx_word' id='word_1_451' title='bbox 1548 2372 1637 2398; x_wconf 83' lang='lat' dir='ltr'>nota:</span> <span class='ocrx_word' id='word_1_452' title='bbox 1654 2366 1695 2398; x_wconf 85' lang='lat' dir='ltr'>cf.</span> <span class='ocrx_word' id='word_1_453' title='bbox 1709 2365 1830 2408; x_wconf 81' lang='lat' dir='ltr'>Hygin-</span> 
     </span>
     <span class='ocr_line' id='line_1_79' title="bbox 1097 2408 1828 2452; baseline -0.004 -10"><span class='ocrx_word' id='word_1_454' title='bbox 1097 2411 1173 2442; x_wconf 84' lang='lat' dir='ltr'>Fab.</span> <span class='ocrx_word' id='word_1_455' title='bbox 1198 2421 1268 2446; x_wconf 89' lang='lat' dir='ltr'>xxv,</span> <span class='ocrx_word' id='word_1_456' title='bbox 1291 2415 1323 2441; x_wconf 92' lang='lat' dir='ltr'>et</span> <span class='ocrx_word' id='word_1_457' title='bbox 1347 2409 1527 2452; x_wconf 85' lang='lat' dir='ltr'>Apollodor-</span> <span class='ocrx_word' id='word_1_458' title='bbox 1552 2409 1586 2444; x_wconf 83' lang='lat' dir='ltr'>ii,</span> <span class='ocrx_word' id='word_1_459' title='bbox 1614 2409 1678 2447; x_wconf 79' lang='lat'>283</span> <span class='ocrx_word' id='word_1_460' title='bbox 1706 2408 1749 2439; x_wconf 83' lang='lat' dir='ltr'>cf.</span> <span class='ocrx_word' id='word_1_461' title='bbox 1771 2408 1828 2440; x_wconf 86' lang='lat' dir='ltr'>inf.</span> 
     </span>
     <span class='ocr_line' id='line_1_80' title="bbox 1098 2450 1825 2494; baseline -0.003 -11"><span class='ocrx_word' id='word_1_462' title='bbox 1098 2452 1200 2494; x_wconf 85' lang='lat' dir='ltr'>Epod.</span> <span class='ocrx_word' id='word_1_463' title='bbox 1227 2454 1258 2490; x_wconf 92' lang='lat'>5,</span> <span class='ocrx_word' id='word_1_464' title='bbox 1285 2453 1336 2483; x_wconf 88' lang='lat'>63.</span> <span class='ocrx_word' id='word_1_465' title='bbox 1382 2453 1489 2493; x_wconf 85' lang='lat' dir='ltr'>Fugit,</span> <span class='ocrx_word' id='word_1_466' title='bbox 1521 2450 1662 2482; x_wconf 83' lang='lat' dir='ltr'>Athenas</span> <span class='ocrx_word' id='word_1_467' title='bbox 1690 2460 1825 2492; x_wconf 83' lang='lat' dir='ltr'>nempe:</span> 
     </span>
     <span class='ocr_line' id='line_1_81' title="bbox 1097 2493 1827 2536; baseline -0.001 -11"><span class='ocrx_word' id='word_1_468' title='bbox 1097 2495 1160 2525; x_wconf 84' lang='lat' dir='ltr'>vid.</span> <span class='ocrx_word' id='word_1_469' title='bbox 1183 2494 1364 2536; x_wconf 86' lang='lat' dir='ltr'>Apollodor.</span> <span class='ocrx_word' id='word_1_470' title='bbox 1383 2494 1404 2531; x_wconf 89' lang='lat' dir='ltr'>i,</span> <span class='ocrx_word' id='word_1_471' title='bbox 1429 2496 1461 2529; x_wconf 81' lang='lat'>9.</span> <span class='ocrx_word' id='word_1_472' title='bbox 1485 2494 1539 2525; x_wconf 82' lang='lat'>28.</span> <span class='ocrx_word' id='word_1_473' title='bbox 1581 2493 1721 2532; x_wconf 71' lang='lat' dir='ltr'>Ser-pente</span> <span class='ocrx_word' id='word_1_474' title='bbox 1743 2495 1827 2529; x_wconf 82' lang='lat' dir='ltr'>alite,</span> 
     </span>
     <span class='ocr_line' id='line_1_82' title="bbox 1098 2535 1828 2578; baseline -0.004 -10"><span class='ocrx_word' id='word_1_475' title='bbox 1098 2537 1129 2568; x_wconf 88' lang='lat' dir='ltr'>h.</span> <span class='ocrx_word' id='word_1_476' title='bbox 1150 2547 1177 2568; x_wconf 89' lang='lat' dir='ltr'>e.</span> <span class='ocrx_word' id='word_1_477' title='bbox 1202 2537 1296 2574; x_wconf 89' lang='lat' dir='ltr'>alato,</span> <span class='ocrx_word' id='word_1_478' title='bbox 1320 2542 1356 2567; x_wconf 94' lang='lat' dir='ltr'>ut</span> <span class='ocrx_word' id='word_1_479' title='bbox 1381 2547 1450 2578; x_wconf 86' lang='lat' dir='ltr'>sup.</span> <span class='ocrx_word' id='word_1_480' title='bbox 1472 2535 1515 2571; x_wconf 88' lang='lat' dir='ltr'>iv,</span> <span class='ocrx_word' id='word_1_481' title='bbox 1543 2536 1594 2572; x_wconf 87' lang='lat'>11,</span> <span class='ocrx_word' id='word_1_482' title='bbox 1618 2535 1672 2571; x_wconf 83' lang='lat'>26,</span> <span class='ocrx_word' id='word_1_483' title='bbox 1697 2535 1828 2577; x_wconf 74' lang='lat' dir='ltr'>Pegasus</span> 
     </span>
     <span class='ocr_line' id='line_1_83' title="bbox 1097 2581 1167 2610; baseline 0.014 -1"><span class='ocrx_word' id='word_1_484' title='bbox 1097 2581 1167 2610; x_wconf 81' lang='lat' dir='ltr'>ales.</span> 
     </span>
    </p>

    <p class='ocr_par' dir='ltr' id='par_1_13' title="bbox 1097 2619 1830 2992">
     <span class='ocr_line' id='line_1_84' title="bbox 1144 2619 1828 2659; baseline -0.003 -7"><span class='ocrx_word' id='word_1_485' title='bbox 1144 2622 1280 2652; x_wconf 80' lang='lat'>15—18.</span> <span class='ocrx_word' id='word_1_486' title='bbox 1315 2620 1378 2651; x_wconf 86' lang='lat' dir='ltr'>Nec</span> <span class='ocrx_word' id='word_1_487' title='bbox 1409 2624 1511 2650; x_wconf 77' lang='lat' dir='ltr'>tantus</span> <span class='ocrx_word' id='word_1_488' title='bbox 1538 2629 1671 2659; x_wconf 80' lang='lat' dir='ltr'>unquam</span> <span class='ocrx_word' id='word_1_489' title='bbox 1698 2619 1828 2650; x_wconf 70' lang='lat' dir='ltr'>sidorum</span> 
     </span>
     <span class='ocr_line' id='line_1_85' title="bbox 1098 2660 1829 2703; baseline -0.005 -9"><span class='ocrx_word' id='word_1_490' title='bbox 1098 2665 1206 2694; x_wconf 73' lang='lat' dir='ltr'>insedit</span> <span class='ocrx_word' id='word_1_491' title='bbox 1222 2673 1326 2703; x_wconf 84' lang='lat' dir='ltr'>vapor,</span> <span class='ocrx_word' id='word_1_492' title='bbox 1340 2666 1413 2693; x_wconf 82' lang='lat' dir='ltr'>cett.</span> <span class='ocrx_word' id='word_1_493' title='bbox 1425 2668 1482 2692; x_wconf 88' lang='lat' dir='ltr'>uec</span> <span class='ocrx_word' id='word_1_494' title='bbox 1495 2665 1583 2693; x_wconf 82' lang='lat' dir='ltr'>tanto</span> <span class='ocrx_word' id='word_1_495' title='bbox 1597 2669 1738 2701; x_wconf 82' lang='lat' dir='ltr'>unquam</span> <span class='ocrx_word' id='word_1_496' title='bbox 1752 2660 1829 2691; x_wconf 75' lang='lat' dir='ltr'>eolis</span> 
     </span>
     <span class='ocr_line' id='line_1_86' title="bbox 1099 2701 1830 2744; baseline -0.003 -8"><span class='ocrx_word' id='word_1_497' title='bbox 1099 2711 1178 2736; x_wconf 80' lang='lat' dir='ltr'>aestu</span> <span class='ocrx_word' id='word_1_498' title='bbox 1193 2705 1251 2735; x_wconf 90' lang='lat' dir='ltr'>sub</span> <span class='ocrx_word' id='word_1_499' title='bbox 1267 2704 1337 2735; x_wconf 87' lang='lat' dir='ltr'>Sirii</span> <span class='ocrx_word' id='word_1_500' title='bbox 1351 2708 1419 2734; x_wconf 72' lang='lat' dir='ltr'>ortu</span> <span class='ocrx_word' id='word_1_501' title='bbox 1434 2702 1522 2734; x_wconf 81' lang='lat' dir='ltr'>arida</span> <span class='ocrx_word' id='word_1_502' title='bbox 1541 2702 1596 2733; x_wconf 88' lang='lat' dir='ltr'>illa</span> <span class='ocrx_word' id='word_1_503' title='bbox 1614 2707 1693 2733; x_wconf 72' lang='lat' dir='ltr'>ten-a</span> <span class='ocrx_word' id='word_1_504' title='bbox 1709 2701 1830 2744; x_wconf 80' lang='lat' dir='ltr'>Apulia</span> 
     </span>
     <span class='ocr_line' id='line_1_87' title="bbox 1100 2744 1827 2788; baseline -0.004 -10"><span class='ocrx_word' id='word_1_505' title='bbox 1100 2748 1158 2788; x_wconf 71' lang='lat' dir='ltr'>(cf.</span> <span class='ocrx_word' id='word_1_506' title='bbox 1180 2746 1226 2782; x_wconf 87' lang='lat' dir='ltr'>iii,</span> <span class='ocrx_word' id='word_1_507' title='bbox 1247 2748 1300 2783; x_wconf 82' lang='lat'>30,</span> <span class='ocrx_word' id='word_1_508' title='bbox 1325 2744 1396 2786; x_wconf 77' lang='lat'>11.)</span> <span class='ocrx_word' id='word_1_509' title='bbox 1427 2749 1539 2776; x_wconf 79' lang='lat' dir='ltr'>exusta</span> <span class='ocrx_word' id='word_1_510' title='bbox 1565 2749 1624 2779; x_wconf 81' lang='lat' dir='ltr'>est,</span> <span class='ocrx_word' id='word_1_511' title='bbox 1653 2753 1711 2775; x_wconf 86' lang='lat' dir='ltr'>nec</span> <span class='ocrx_word' id='word_1_512' title='bbox 1741 2749 1827 2775; x_wconf 86' lang='lat' dir='ltr'>tanto</span> 
     </span>
     <span class='ocr_line' id='line_1_88' title="bbox 1100 2786 1826 2828; baseline -0.004 -8"><span class='ocrx_word' id='word_1_513' title='bbox 1100 2795 1178 2820; x_wconf 85' lang='lat' dir='ltr'>aestu</span> <span class='ocrx_word' id='word_1_514' title='bbox 1201 2788 1286 2819; x_wconf 82' lang='lat' dir='ltr'>fortis</span> <span class='ocrx_word' id='word_1_515' title='bbox 1310 2787 1385 2819; x_wconf 87' lang='lat' dir='ltr'>olim</span> <span class='ocrx_word' id='word_1_516' title='bbox 1413 2786 1566 2818; x_wconf 79' lang='lat' dir='ltr'>Hercules</span> <span class='ocrx_word' id='word_1_517' title='bbox 1589 2795 1644 2828; x_wconf 84' lang='lat' dir='ltr'>per</span> <span class='ocrx_word' id='word_1_518' title='bbox 1667 2791 1785 2818; x_wconf 81' lang='lat' dir='ltr'>vestem</span> <span class='ocrx_word' id='word_1_519' title='bbox 1807 2795 1826 2817; x_wconf 87' lang='lat' dir='ltr'>a</span> 
     </span>
     <span class='ocr_line' id='line_1_89' title="bbox 1099 2831 1827 2876; baseline -0.005 -14"><span class='ocrx_word' id='word_1_520' title='bbox 1099 2831 1250 2863; x_wconf 86' lang='lat' dir='ltr'>Deianira</span> <span class='ocrx_word' id='word_1_521' title='bbox 1268 2834 1427 2872; x_wconf 80' lang='lat' dir='ltr'>acceptam</span> <span class='ocrx_word' id='word_1_522' title='bbox 1447 2833 1606 2870; x_wconf 84' lang='lat' dir='ltr'>correptus</span> <span class='ocrx_word' id='word_1_523' title='bbox 1627 2833 1685 2864; x_wconf 83' lang='lat' dir='ltr'>est,</span> <span class='ocrx_word' id='word_1_524' title='bbox 1708 2833 1827 2876; x_wconf 71' lang='lat' dir='ltr'>quanto</span> 
     </span>
     <span class='ocr_line' id='line_1_90' title="bbox 1098 2869 1828 2914; baseline -0.005 -10"><span class='ocrx_word' id='word_1_525' title='bbox 1098 2884 1156 2914; x_wconf 82' lang='lat' dir='ltr'>ego</span> <span class='ocrx_word' id='word_1_526' title='bbox 1168 2883 1253 2904; x_wconf 90' lang='lat' dir='ltr'>nunc</span> <span class='ocrx_word' id='word_1_527' title='bbox 1269 2883 1323 2914; x_wconf 83' lang='lat' dir='ltr'>per</span> <span class='ocrx_word' id='word_1_528' title='bbox 1377 2870 1528 2907; x_wconf 80' lang='lat' dir='ltr'>stiferurn,</span> <span class='ocrx_word' id='word_1_529' title='bbox 1544 2869 1629 2912; x_wconf 85' lang='lat' dir='ltr'>quod</span> <span class='ocrx_word' id='word_1_530' title='bbox 1638 2879 1746 2908; x_wconf 81' lang='lat' dir='ltr'>sumsr,</span> <span class='ocrx_word' id='word_1_531' title='bbox 1760 2880 1828 2901; x_wconf 86' lang='lat' dir='ltr'>cor-</span> 
     </span>
     <span class='ocr_line' id='line_1_91' title="bbox 1098 2911 1828 2958; baseline -0.005 -12"><span class='ocrx_word' id='word_1_532' title='bbox 1098 2915 1193 2958; x_wconf 89' lang='lat' dir='ltr'>ripior</span> <span class='ocrx_word' id='word_1_533' title='bbox 1214 2914 1341 2945; x_wconf 79' lang='lat' dir='ltr'>allium.</span> <span class='ocrx_word' id='word_1_534' title='bbox 1366 2914 1505 2944; x_wconf 77' lang='lat' dir='ltr'>Siderum</span> <span class='ocrx_word' id='word_1_535' title='bbox 1523 2923 1624 2952; x_wconf 83' lang='lat' dir='ltr'>vapor.</span> <span class='ocrx_word' id='word_1_536' title='bbox 1648 2917 1753 2947; x_wconf 69' lang='lat' dir='ltr'>aestus,</span> <span class='ocrx_word' id='word_1_537' title='bbox 1773 2911 1828 2952; x_wconf 88' lang='lat' dir='ltr'>qui</span> 
     </span>
     <span class='ocr_line' id='line_1_92' title="bbox 1097 2953 1828 2992; baseline -0.007 -3"><span class='ocrx_word' id='word_1_538' title='bbox 1097 2957 1187 2989; x_wconf 83' lang='lat' dir='ltr'>saevit</span> <span class='ocrx_word' id='word_1_539' title='bbox 1199 2957 1258 2988; x_wconf 77' lang='lat' dir='ltr'>sub</span> <span class='ocrx_word' id='word_1_540' title='bbox 1272 2961 1339 2988; x_wconf 86' lang='lat' dir='ltr'>ortu</span> <span class='ocrx_word' id='word_1_541' title='bbox 1355 2954 1438 2988; x_wconf 89' lang='lat' dir='ltr'>Sirii.</span> <span class='ocrx_word' id='word_1_542' title='bbox 1474 2955 1602 2992; x_wconf 73' lang='lat' dir='ltr'>Munus,</span> <span class='ocrx_word' id='word_1_543' title='bbox 1614 2955 1720 2990; x_wconf 78' lang='lat' dir='ltr'>vestis,</span> <span class='ocrx_word' id='word_1_544' title='bbox 1734 2953 1828 2985; x_wconf 80' lang='lat' dir='ltr'>Nessi</span> 
     </span>
    </p>
   </div>
  </div>
 </body>
</html>
