1904 3314
699 177 925 222 LIBER
961 177 1021 228 11,
1056 177 1098 220 3.

1580 179 1666 221 393

125 285 211 327 285
239 284 439 328 Auribus
460 292 592 342 atque
613 283 774 334 oculis3
805 288 1007 332 mentem,
1029 281 1112 323 nisi
1130 280 1363 336 litigiosus,

241 352 484 409 Exciperet
503 352 702 395 dominus
724 364 858 406 quum
878 350 1116 392 venderet:
1147 349 1233 391 hoc
1254 364 1429 404 quoque
1451 348 1606 405 vulgus

241 419 515 477 Chrysippus
537 419 658 476 ponit
678 418 868 460 fecunda
887 417 932 459 in
953 424 1084 473 gente
1107 416 1302 459 Meneni.

241 488 435 544 Jupiter,
456 490 654 544 ingentes
675 487 752 542 qui
772 487 851 531 das
873 483 1327 541 adimisque'dolores‚

239 555 388 599 Mater
408 557 467 598 ait
486 556 613 612 pueri
631 569 802 597 menses
818 555 910 609 jam
930 555 1122 609 quinque
1144 553 1360 603 cubantis,

122 623 208 666 290
237 623 416 680 Frigida
436 624 472 665 si
492 638 676 679 puerum
696 630 909 678 quartana
928 620 1167 676 reliquerit,
1189 620 1262 663 illo

240 691 373 734 Mane
395 691 479 742 die,
503 707 590 747 quo
610 698 659 734 tu
679 691 835 733 indicis
852 690 1034 746 jejunia,
1057 690 1203 732 nudus

176 779 178 781 ·
238 759 290 802 In
310 759 464 803 Tiberi
485 761 617 803 stabit
634 777 643 802 :
676 775 803 803 casus
823 759 1072 802 medicusve
1090 757 1244 800 levarit

237 827 428 884 AEgrum
448 843 504 870 ex
525 828 753 884 praecipiti,
774 834 912 870 mater
933 826 1069 868 delira
1090 826 1265 868 necabit

236 895 288 938 In
308 896 453 953 gelida
472 897 610 939 fixum
632 898 740 951 ripa,
763 895 1008 950 febrimque
1029 895 1224 937 reducet.

120 964 207 1006 295
237 964 397 1013 Quone
419 965 529 1008 malo
550 972 738 1008 mentem
759 965 1002 1006 concussa?
1036 963 1188 1005 timore
1211 962 1422 1004 Deorum.

237 1033 349 1075 Haec
368 1034 474 1076 mihi
495 1034 731 1076 Stertinius
755 1033 999 1088 sapientum
1021 1039 1199 1074 octavus
1222 1031 1360 1073 amico

235 1101 374 1144 Arma
393 1103 531 1154 dedit,
552 1103 738 1158 posthac
759 1117 814 1144 ne
835 1100 1119 1157 compellaret
1138 1100 1315 1142 inultus.

124 1226 197 1267 quia
211 1226 346 1258 solebant
361 1229 520 1268 precaturi
535 1229 602 1258 deos
617 1239 724 1259 manus
738 1233 767 1258 et
783 1228 872 1267 pedes

121 1269 260 1300 abluere.
302 1270 494 1312 Interpretes
509 1270 542 1300 in
558 1270 640 1302 hanc
656 1281 720 1302 rem
737 1270 870 1301 laudant

122 1310 258 1343 Hesiod.
278 1312 343 1354 Op.
358 1317 390 1343 et
406 1313 452 1344 D.
473 1314 558 1350 724;
584 1313 714 1344 Homer.
739 1312 834 1344 Iliad.
850 1312 872 1350 i,

122 1354 209 1390 4⁴9;
231 1353 275 1390 vi,
292 1355 378 1393 2663
404 1355 518 1398 Odyss.
536 1355 582 1391 iii,
600 1357 675 1386 440.

164 1397 243 1429 283.
290 1398 446 1433 Quiddam
468 1410 611 1441 magnum
636 1400 768 1429 addens:
793 1397 872 1439 quid

122 1437 369 1489 illud'mugnum
399 1441 504 1478 fuerit,
530 1441 616 1483 quod
641 1441 809 1472 libertinus
834 1441 874 1471 ad

121 1482 199 1514 deos
221 1483 283 1514 sibi
307 1483 525 1515 conciliandos
543 1484 689 1527 precibus
706 1483 873 1519 addiderit,

121 1524 311 1557 divinationi
326 1527 471 1558 relictum
491 1533 561 1566 est3
586 1527 716 1558 sortasse
739 1526 873 1557 solemni

122 1568 340 1600 exsecratione
355 1579 388 1600 se
403 1575 503 1601 totum
518 1569 581 1600 diis
597 1569 733 1606 devovit,
751 1569 797 1600 vel
814 1569 872 1600 ali-

122 1610 214 1654 quid,
229 1611 316 1654 quod
331 1623 477 1654 magnum
493 1622 561 1644 esse
577 1613 719 1654 putabat,
734 1623 874 1654 pronun·

122 1653 234 1687 ciavit.
279 1655 344 1686 Fen
359 1655 399 1686 ad
418 1655 510 1687 fidem
527 1655 751 1687 nonnullorum
772 1655 875 1686 Codd.

123 1696 236 1734 edidit,
283 1698 368 1733 Quid
414 1705 476 1730 tam
520 1699 689 1739 magnum?
734 1699 872 1736 addens;

123 1739 181 1773 ned
203 1739 235 1773 id
254 1751 310 1784 per
325 1741 417 1773 verba
434 1753 506 1784 quae
531 1747 720 1783 sequuntur,
739 1742 808 1772 Diis
830 1747 873 1772 et-

121 1785 201 1815 enim
213 1784 319 1826 facile
341 1791 395 1821 est,
418 1785 615 1828 exprimitur.
661 1785 785 1825 surpite
807 1795 874 1826 pro,

128 1826 286 1870 surripite.
428 1829 434 1836 '

169 1869 248 1908 285,
264 1871 342 1902 286.
387 1871 535 1909 Mentem,
552 1872 611 1902 nisi
634 1872 797 1911 litigiosus,
814 1869 875 1900 Ex-

125 1914 238 1952 ciperet
259 1914 399 1945 dominus
415 1925 507 1955 quum
529 1915 692 1944 venderet:
716 1912 874 1949 dominus,

125 1954 190 1987 nisi
213 1955 242 1987 is
259 1962 306 1988 est
322 1956 479 1997 litigiosus
498 1962 529 1988 et
553 1956 784 1991 fraudulentus,
800 1965 874 1986 cum

123 1997 282 2040 ejusmodi
309 1998 478 2031 hominem'
491 2000 652 2036 venderet,
673 2006 801 2030 mentem
823 2010 873 2030 ex-

123 2044 247 2082 ciperet,
263 2042 296 2073 h.
311 2053 340 2074 e.
356 2043 467 2079 libere,
485 2053 557 2075 eum
575 2053 637 2074 non
659 2053 745 2073 sanae
762 2041 876 2073 mentis

1656 1225 1680 1233 ον

915 1237 946 1257 v.
963 1227 994 1257 6.
1041 1226 1088 1256 De
1101 1227 1237 1267 jejuniis
1261 1226 1309 1256 die
1327 1225 1411 1256 Jovis
1433 1237 1451 1256 a
1472 1224 1589 1257 Judaeis
1613 1228 1662 1257 in-

913 1271 1031 1300 stitutis
1054 1269 1162 1299 laudat
1178 1269 1339 1300 Gesnerus
1359 1267 1490 1300 Selden.
1509 1267 1549 1299 de
1571 1269 1601 1300 Ι.
1619 1269 1667 1300 N.

915 1311 960 1348 iii,
981 1313 1030 1343 15.
1076 1311 1190 1343 Obiter
1206 1312 1333 1342 fortasse
1351 1310 1580 1351 Horatiusjam
1596 1311 1665 1342 risit

914 1354 1082 1385 stultitiam
1120 1364 1228 1385 eorum
1266 1354 1322 1395 qui
1359 1353 1547 1385 Judaeorum
1583 1353 1663 1385 ritus

915 1397 1125 1428 imitarentur.

962 1440 1148 1471 292—294.
1181 1440 1222 1471 In
1240 1439 1341 1470 Tiberi
1357 1441 1462 1475 stabit,
1479 1438 1670 1482 expiationis

918 1493 1014 1514 causa
1040 1483 1215 1514 immersus.
1262 1482 1475 1517 Heindorfius,
1500 1482 1556 1524 qui
1584 1482 1670 1514 hunc

919 1525 1068 1568 expiandi
1086 1525 1180 1556 ritum
1197 1525 1359 1556 orientalis
1375 1525 1507 1567 originis
1522 1536 1592 1557 esse
1615 1525 1672 1564 ait,

918 1575 1080 1612 comparat
1101 1569 1252 1600 Juvenal.
1274 1568 1316 1604 vi,
1339 1569 1415 1600 522.
1462 1569 1557 1600 Casus
1575 1570 1670 1599 medi·
1709 1600 1712 1603 ,

920 1623 1008 1643 cusue
1039 1613 1149 1643 levarit
1177 1613 1332 1652 ngrmn:
1359 1611 1386 1642 si
1412 1611 1492 1643 forte
1522 1611 1673 1643 levaverit

921 1660 1073 1695 aegrotum
1097 1665 1203 1686 casus:
1228 1664 1350 1689 casum,
1367 1664 1464 1695 quem
1487 1665 1602 1696 ponere
1622 1654 1670 1686 vi-

920 1697 1013 1728 detur
1034 1697 1067 1728 in
1085 1702 1205 1728 naturae
1221 1695 1354 1733 viribus,
1368 1697 1523 1738 praeponit
1537 1699 1671 1729 medicis.

922 1740 968 1771 Ex
997 1742 1162 1780 proecipiti,
1187 1749 1226 1770 ex
1257 1740 1330 1770 vitae
1359 1739 1526 1780 periculo;
1556 1740 1671 1772 Celsus

920 1793 1049 1824 quoque
1072 1783 1106 1819 ii,
1127 1784 1158 1819 6,
1181 1782 1267 1823 gravi
1286 1782 1394 1812 morbo
1418 1782 1615 1814 laborantem
1636 1785 1670 1816 in

918 1828 1071 1866 praecipiti
1086 1837 1145 1856 esse
1160 1825 1249 1856 dicit.
1281 1825 1430 1856 Necabit:
1456 1825 1507 1856 vix
1523 1826 1556 1856 in
1573 1835 1669 1858 sensu

921 1869 1045 1911 proprio
1071 1868 1172 1910 accipi
1201 1873 1325 1910 potest;
1349 1868 1492 1910 sequitur
1515 1867 1599 1899 enim
1614 1869 1671 1911 fe-

921 1914 1057 1953 brimque
1071 1914 1216 1948 reducet5
1242 1911 1299 1942 erit
1316 1910 1423 1952 igitur,
1439 1922 1523 1951 paene
1537 1914 1670 1952 necabit,

921 1954 997 1986 dum
1014 1965 1131 1997 corpus
1148 1954 1248 1996 pueri,
1266 1954 1320 1995 qui
1338 1954 1431 1985 modo
1452 1954 1669 1993 convaluerat,

919 2004 982 2029 tam
997 1999 1133 2039 graviter
1145 1997 1250 2038 gelida
1266 2007 1351 2039 aqua
1362 1997 1526 2033 afficietur,
1543 2004 1577 2028 ut
1589 1998 1670 2031 fixus

919 2042 952 2072 in
979 2042 1046 2082 ripa
1069 2041 1181 2084 pedem
1205 2040 1279 2072 inde
1305 2051 1486 2083 promovere
1512 2048 1670 2082 nequeat3

123 2093 207 2122 8⁸80,
221 2085 352 2118 diceret.
385 2085 493 2117 Schol.
511 2086 642 2128 Porph.,
661 2086 724 2121 Qui
740 2087 876 2116 rendunt
908 2085 1087 2133 febrimque
1102 2083 1197 2115 simul
1214 2085 1347 2115 reducet.
1379 2083 1431 2114 Sic
1448 2085 1581 2115 occidere
1597 2095 1668 2127 pas-

125 2129 290 2169 mancipia,
314 2130 411 2161 solent
433 2130 485 2160 hoc
507 2131 658 2170 adjicere:
683 2129 783 2159 Sanus
807 2140 873 2160 cor-

123 2181 198 2212 pore
214 2178 244 2203 et
265 2172 376 2204 animo.
422 2172 494 2204 Cic.
518 2173 558 2204 de
578 2173 674 2204 Offic.
697 2171 744 2207 iii,
764 2172 816 2206 17,
834 2172 873 2202 In

124 2216 345 2256 mancipiorum
378 2218 551 2248 venditione
584 2217 752 2247 venditoris
773 2214 874 2256 fram

125 2259 221 2291 omnis
235 2259 400 2299 excipitur.

168 2299 246 2334 287.
290 2301 359 2333 Hoc
375 2312 491 2342 quoque
506 2302 618 2342 vulgus
639 2300 873 2342 Chrysippus—

126 2342 253 2378 Henmi
264 2355 274 2374 .·
295 2343 353 2376 hos
366 2353 504 2386 quoque,
519 2344 623 2385 qualis
638 2343 803 2374 libertinus
818 2343 872 2375 ille

123 2391 203 2424 eru.
217 2396 236 2419 e
251 2386 348 2428 vulgo
369 2387 511 2419 homines
527 2387 568 2418 ad
592 2386 777 2419 foecundam
799 2388 872 2418 Me-

126 2428 215 2462 nenii
249 2436 376 2472 gentem
416 2429 614 2472 Chrysippus
650 2430 764 2468 refert;
795 2429 876 2461 vixit

123 2472 210 2508 enim
241 2478 310 2505 tum
341 2472 491 2516 temporis
522 2480 586 2504 tam
622 2472 728 2504 stultae
757 2473 871 2504 mentis

124 2513 230 2552 homo,
245 2515 420 2552 Menenius,
437 2522 473 2547 ut
491 2515 658 2547 stultorum
682 2522 763 2547 esset
779 2516 872 2558 quasi

124 2558 364 2601 pnerfamilias,
379 2559 430 2590 vel
446 2559 552 2590 stultae
568 2558 673 2601 stirpis
690 2558 848 2601 princeps.

128 2644 151 2677 S
167 2602 244 2635 289.
279 2603 439 2639 cubantis,
455 2602 640 2644 aegrotantis
654 2613 661 2631 :
686 2602 728 2634 cf.
743 2613 815 2644 sup.
832 2603 873 2633 ad

152 2649 199 2676 αἱ.
215 2645 239 2682 i,
254 2646 288 2682 9,
306 2647 359 2677 18.

169 2688 246 2720 291.
270 2688 331 2720 Illo
343 2688 438 2720 Mane
452 2690 513 2724 die,
525 2690 600 2729 quo':
622 2687 730 2719 Schol.
743 2687 874 2730 Porph.,

126 2731 178 2763 die
189 2731 296 2770 Jom'm
319 2731 372 2764 hic
394 2731 463 2762 dies
478 2731 563 2763 enim
587 2741 676 2762 sacer
699 2730 759 2761 fuit
779 2731 838 2762 deo
857 2742 876 2762 a

128 2783 194 2816 quo
207 2785 322 2807 nomen
338 2774 473 2817 accepit.
514 2775 561 2805 Tu
577 2776 687 2806 indicis
690 2776 832 2814 jejunia,
844 2780 876 2806 te

122 2815 260 2859 jubente
278 2817 462 2850 indicuntur
476 2817 622 2860 jejunia;
646 2818 731 2860 apud
749 2817 875 2848 Livium

127 2860 236 2898 xxxvi,
267 2861 324 2898 37,
349 2863 491 2902 jejunia,
529 2859 635 2893 Cereri
670 2859 878 2897 instituenda,

129 2901 271 2938 exlibris
291 2903 460 2947 Sibyllinis
474 2915 490 2936 a
509 2903 709 2935 Decemviris
730 2903 878 2935 indicun-

130 2949 193 2978 tur.
232 2947 423 2989 Dequ‘uniis
434 2947 518 2990 apud
535 2952 657 2979 veteres
671 2946 797 2988 copiose
812 2947 875 2978 dis·

129 2988 477 3033 putavit-Spauhemius
493 2990 533 3022 ad
549 2989 679 3023 Callim.
699 2991 741 3022 Η.
758 2989 790 3021 in
804 2991 880 3022 Cer.

917 2139 976 2158 sun
992 2138 1059 2169 pro,
1076 2139 1160 2167 paene
1174 2128 1329 2158 occidere.-
1353 2137 1423 2169 sup.
1446 2127 1549 2169 Epod.
1568 2129 1618 2164 15,
1637 2132 1669 2166 5,

918 2170 974 2201 inf.
991 2171 1095 2213 Epist.
1113 2170 1147 2206 ii,
1163 2171 1195 2206 2,
1217 2171 1292 2200 138.
1339 2169 1373 2200 Si
1388 2172 1505 2201 necabit
1522 2171 1554 2201 in
1575 2181 1670 2204 sensu

917 2214 1042 2256 proprio
1064 2212 1287 2256 accipiendum
1310 2212 1362 2248 sit,
1380 2218 1446 2244 tum
1463 2213 1542 2255 (nisi
1562 2213 1669 2256 hyste-

917 2267 973 2288 ron
997 2262 1142 2299 proteron
1165 2267 1232 2288 esse
1255 2255 1397 2294 statuas)
1417 2267 1485 2298 pro,
1491 2257 1669 2300 febrimque

917 2300 1086 2341 legendum
1113 2299 1190 2330 mihi
1215 2299 1350 2336 videtur,
1366 2299 1542 2341 febrimce5
1568 2308 1669 2334 mater

917 2354 1049 2385 puerum
1065 2343 1203 2379 necabit,
1219 2348 1275 2373 aut
1290 2349 1373 2374 certe
1389 2342 1499 2374 febrim
1516 2344 1656 2376 reducet.

961 2387 1039 2418 295.
1067 2387 1236 2418 Com-ussa.-
1265 2385 1403 2422 insania,
1428 2397 1501 2427 quae
1530 2393 1668 2419 mentem

918 2435 1112 2468 concuteret,
1149 2429 1301 2471 abrepta:
1341 2439 1473 2460 sensus:
1515 2429 1668 2472 quidnam

915 2472 975 2504 suit
991 2472 1084 2509 illud,
1101 2472 1186 2515 quod
1203 2478 1335 2503 matrem
1351 2471 1390 2502 ad
1409 2472 1492 2503 hanc
1508 2473 1665 2505 insaniam

915 2515 1078 2557 adigeret!
1130 2516 1364 2557 Respondetur‚
1397 2517 1486 2546 timor
1517 2517 1665 2554 Deorum,

916 2559 949 2590 h.
966 2569 996 2590 e.
1014 2565 1121 2590 votum
1137 2559 1237 2590 stulta
1251 2565 1356 2590 mente
1375 2564 1571 2602 susceptum,
1583 2561 1668 2602 quod

917 2607 1016 2633 mater
1038 2608 1196 2634 commota
1215 2603 1332 2637 timore,
1351 2611 1403 2638 ne,
1421 2613 1453 2634 re
1475 2613 1570 2644 quam
1595 2614 1666 2646 pro-

918 2645 1047 2676 m'iscrat
1064 2645 1252 2680 intermissa,
1268 2646 1400 2676 deorum
1423 2645 1502 2676 iram
1518 2652 1667 2683 moveret,

919 2699 1006 2719 nunc
1029 2688 1255 2719 exsolvendum
1274 2688 1418 2731 putabat.
1463 2690 1588 2721 Stoicus
1607 2690 1668 2731 igi-

919 2737 970 2762 tur
992 2731 1031 2762 de
1052 2731 1112 2763 hac
1128 2741 1257 2773 quoque
1276 2742 1308 2763 re
1330 2730 1411 2763 ridet
1433 2731 1594 2764 hominum
1619 2734 1669 2764 in·

919 2785 1052 2806 samam.

963 2819 1040 2849 296.
1065 2817 1139 2848 Haec
1153 2819 1228 2849 mihi
1243 2818 1423 2855 Stertinius,
1439 2823 1513 2849 cett.
1546 2819 1667 2850 Dama-

923 2860 1046 2903 sippus,
1062 2866 1230 2903 postquam
1254 2866 1414 2903 praecepta
1435 2860 1541 2892 Stoica
1558 2871 1597 2892 ex
1618 2871 1670 2892 ore

924 2903 1066 2936 Stertinii
1100 2904 1247 2936 sublecta
1275 2909 1308 2935 et
1336 2903 1496 2946 descripta
1527 2905 1576 2945 (v.
1609 2904 1669 2944 34)

918 2947 1087 2982 enarravit,
1114 2957 1199 2978 nunc
1229 2957 1402 2979 sermonem
1434 2956 1506 2978 cum
1537 2946 1670 2978 Horatio

920 2989 1103 3022 inchoatum
1121 2990 1299 3022 continuat.
