1904 3314
666 197 891 240 LIBER
925 197 984 248 II,
1015 200 1057 239 2.
1548 198 1636 239 369

6 322 13 360 ξ
111 306 170 347 50
201 305 358 347 Donec
381 318 458 346 vos
480 309 633 345 auctor
653 301 802 344 docuit
823 300 1077 356 praetorius.
1141 299 1281 356 Ergo,

198 374 246 416 Si
266 374 364 428 quis
385 386 500 415 nunc
517 384 687 426 mergos
709 383 864 410 suaves
881 368 1069 410 edixerit
1088 382 1225 418 assos,

210 441 392 484 Parebit
412 440 534 496 pravi
552 437 703 481 docilis
727 437 926 479 Romana
941 437 1166 492 juventus.

201 509 421 552 Sordidus
443 524 468 550 a
486 508 608 550 tenui
624 507 743 548 victu
764 506 958 556 distabit,
981 498 1130 546 Ofello

197 577 387 629 Ju'dice;
419 591 516 618 nam
536 575 699 617 frustra
720 574 872 616 vitium
894 573 1096 615 vitaveris
1117 571 1240 622 illud,

108 645 166 687 55
195 645 246 687 Si
265 652 309 688 te
329 643 412 687 alio
433 658 615 700 pravum
635 642 887 684 detorseris.
953 639 1215 690 Avidienus,

192 713 277 756 Cui
296 712 441 762 Canis,
464 727 519 754 ex
541 726 643 753 vero
665 711 860 760 ductum,
883 723 1126 764 cognomen
1147 708 1359 758 adhaeret,

193 780 510 836 Quinquenncs
533 778 652 821 oleas
673 786 741 821 est
761 786 806 821 et
828 777 1043 820 silvestria
1069 792 1219 827 corna,

196 846 280 899 Ac,
301 848 386 890 nisi
406 854 633 897 mutatum,
655 847 797 903 parcit
818 846 1061 888 defundere
1083 846 1252 895 vinum;
1286 852 1345 893 et,

195 916 333 972 Cujus
353 916 532 958 odorem
551 914 636 958 olei
656 929 848 970 nequeas
871 914 1066 970 perferre
1089 913 1262 968 (licebit

107 985 167 1029 60
195 983 274 1027 Ille
294 985 477 1041 repotia,
499 983 682 1033 natales,
699 983 859 1025 aliosve
877 983 1047 1024 dierum

123 1051 126 1054 ⁴
198 1053 358 1096 Festos
379 1053 549 1096 albatus
571 1051 780 1106 celebret)
802 1066 940 1093 cornu
962 1052 1056 1106 ipse
1077 1049 1225 1092 bilibri

197 1121 415 1164 Caulibus
438 1121 634 1172 instillat,
656 1120 814 1162 veteris
837 1134 922 1162 non
945 1134 1104 1174 parcus
1126 1118 1251 1160 aceti.

203 1189 338 1238 Quali
358 1190 492 1245 igitur
511 1190 629 1231 victu
650 1188 824 1244 sapiens
847 1195 1009 1238 utetur,
1031 1194 1075 1228 et
1094 1187 1251 1228 horum

80 1323 118 1344 ⁸oe
143 1313 295 1354 apposuit,
319 1323 415 1354 quare
439 1315 504 1353 ejus
531 1323 630 1342 mensa
660 1325 678 1343 a
707 1312 831 1343 Lucilio
874 1321 947 1342 eum
965 1309 1049 1342 enim
1065 1310 1180 1341 frustra
1196 1308 1295 1340 vitare
1318 1310 1426 1340 vitium
1442 1310 1536 1344 illud,
1554 1308 1625 1340 lux·

84 1366 198 1398 quoque
227 1361 363 1387 taxatur.
415 1356 537 1387 Versus
568 1354 686 1386 Lucilii
717 1354 832 1385 servati
878 1354 977 1384 uriam
995 1359 1084 1395 puta,
1101 1352 1157 1394 qui
1173 1362 1316 1394 perverso
1337 1354 1443 1383 animo
1459 1351 1499 1383 ad
1515 1351 1626 1383 vitium

84 1403 161 1430 sunt
182 1399 268 1442 apud
288 1397 360 1430 Cic.
380 1398 419 1430 de
443 1398 514 1429 Fin.
531 1397 566 1435 ii,
591 1400 622 1434 8,
644 1398 671 1428 0
692 1398 798 1434 Publi,
818 1408 834 1426 ο
877 1396 1082 1430 contrarium,
1100 1395 1140 1426 ad
1157 1392 1313 1426 sordidam
1330 1394 1508 1429 avaritiam,
1523 1400 1628 1426 trans-

82 1451 210 1484 gurges,
226 1474 229 1475 ⁷
243 1441 383 1478 Galloni,
413 1451 441 1472 es
472 1441 555 1471 homo
584 1442 685 1476 miser,
716 1439 833 1482 inquit,
878 1445 930 1470 eat
945 1450 952 1468 ι
977 1449 1049 1480 sup.
1067 1439 1136 1470 Sat.
1151 1437 1174 1474 i,
1192 1439 1226 1474 2,
1243 1439 1296 1475 24,
1316 1438 1400 1468 Dum
1417 1439 1518 1469 vitant
1535 1439 1628 1469 stulti

23 1510 26 1511 ν
85 1485 220 1518 Coenasti
233 1485 268 1516 in
282 1485 348 1517 vita
366 1486 525 1525 nunquam
540 1485 623 1519 bene,
641 1495 708 1515 cum
730 1486 830 1514 omnia

22 1555 29 1567 .
82 1529 118 1559 in
140 1529 200 1559 ista
225 1527 382 1559 Consumis
404 1528 518 1568 squilla
544 1534 634 1568 atque
662 1529 832 1567 acipensere

23 1578 29 1613 j
84 1580 154 1602 eum
184 1573 362 1602 decumano.
414 1571 511 1601 Piscis
539 1572 693 1610 acipenser
723 1570 832 1610 (Stiir)

86 1623 105 1646 a
130 1613 174 1645 ud
206 1623 264 1645 nos
297 1613 426 1655 quidem
463 1623 539 1651 uon,
570 1618 606 1644 ut
640 1613 715 1643 olim
752 1612 834 1654 (vid.

122 1655 258 1688 eindorf.
273 1656 314 1688 ad
330 1655 362 1688 h.
379 1656 434 1694 1.).
446 1655 487 1687 ad
502 1655 651 1687 lautiores
663 1655 774 1697 epulas
785 1666 833 1687 re-

30 1691 34 1722 Ϊ
87 1699 198 1732 fertur.
244 1698 370 1731 Plinius
385 1709 512 1741 quoque
529 1699 561 1729 in
584 1697 671 1729 Hist.
693 1699 772 1730 Nat.
791 1698 836 1736 ix,

87 1743 144 1781 26,
167 1742 310 1780 miratur,
333 1743 419 1784 quod
438 1743 566 1783 piscium
589 1743 672 1782 apud
695 1744 834 1782 antiquos

87 1786 289 1818 nobilissimus
311 1785 397 1829 apud
419 1796 485 1816 suae
507 1784 609 1816 aetatis
636 1784 780 1816 homines
802 1785 835 1816 in

165 1839 185 1861 ο
199 1829 241 1860 sit
255 1828 367 1872 pretio.
412 1829 483 1860 Nec
501 1827 654 1859 Horatius
665 1828 730 1859 sive
746 1827 836 1859 Ofel-

101 1882 141 1904 us
156 1871 266 1904 laudat
285 1874 499 1913 acipenserem,
515 1871 570 1902 sed
591 1871 697 1914 potius
712 1871 751 1902 de
766 1882 834 1902 mu-

31 1931 36 1935 >
89 1915 182 1948 tabili
206 1915 240 1946 in
263 1914 324 1947 hac
352 1925 385 1946 re
409 1913 572 1946 hominum
597 1914 727 1955 ingenio
749 1915 837 1956 agit3

875 1484 964 1519 vitia,
984 1484 1013 1513 in
1031 1483 1190 1513 contraria
1207 1487 1353 1513 currunt.
1401 1480 1626 1522 Tre—pravum,

877 1531 907 1557 te
923 1531 959 1557 ut
975 1525 1135 1556 hominem
1157 1535 1252 1566 prava
1268 1529 1301 1555 et
1317 1523 1474 1555 deteriora
1490 1533 1628 1566 sequen-

878 1574 939 1600 tem
959 1580 966 1603 ι
991 1569 1100 1600 eodem
1118 1567 1198 1599 redit
1209 1567 1303 1598 lectio
1316 1579 1442 1608 pravus,
1458 1578 1554 1609 quam
1571 1566 1627 1599 de·

878 1611 979 1642 sendit
998 1611 1176 1643 Bentleius.
1223 1612 1306 1648 Atio,
1323 1611 1364 1641 ad
1380 1610 1469 1641 aliud
1487 1610 1612 1642 vitium.

922 1655 1065 1686 55—57.
1089 1655 1267 1689 Avidienus,
1290 1663 1417 1689 nomen,
1437 1659 1472 1684 ut
1491 1653 1628 1690 videtur,

880 1697 1003 1728 fictum.
1051 1698 1098 1728 Ex
1122 1708 1200 1734 vero,
1224 1706 1243 1727 a
1271 1697 1425 1738 spurcitia
1453 1696 1576 1728 scilicet
1598 1702 1631 1727 et

878 1740 1097 1782 impudentia;
1120 1742 1259 1777 ductum,
1274 1744 1424 1775 tractum,
1442 1739 1504 1774 vel,
1522 1745 1558 1770 ut
1575 1738 1630 1769 alii

879 1783 1002 1822 legunt,
1025 1785 1141 1814 dictum
1167 1781 1353 1822 (inditum).
1400 1782 1456 1813 Est
1479 1781 1630 1823 (ἐσθίει),

881 1825 967 1857 edit:
994 1826 1050 1857 inf.
1072 1826 1176 1868 Epist.
1192 1825 1213 1862 ἰ,
1233 1826 1265 1863 2,
1282 1827 1336 1862 39,
1352 1826 1378 1854 si
1399 1827 1473 1866 quid
1495 1831 1538 1856 est
1559 1827 1630 1856 ani-

882 1881 974 1900 ”Ulm-

925 1914 979 1944 58.
1005 1912 1062 1947 Ac,
1080 1913 1139 1942 nisi
1160 1918 1326 1946 mutatum,
1343 1915 1431 1946 cett„
1449 1921 1486 1942 ac
1509 1910 1630 1946 vinum,

91 1967 167 1990 nam
193 1958 290 2001 paulo
315 1963 388 2001 post
414 1958 448 1989 in
475 1968 506 1988 v.
534 1959 572 1988 51
600 1957 690 1994 (licit,
713 1957 746 1987 Si
772 1959 839 1998 quis

89 2012 176 2034 nuuc
195 2012 310 2044 mergos
328 2011 434 2033 suaves
452 2002 581 2032 edixerit
603 2011 690 2038 assos,
713 2001 838 2032 Parebit

88 2047 184 2086 pravi
214 2045 322 2076 docilis
355 2045 496 2076 Romana
519 2045 681 2084 juventus.
742 2044 838 2075 Tutus

92 2094 160 2120 erat
182 2089 334 2123 rhombus.
356 2093 432 2120 cett.
461 2097 553 2118 nemo
580 2087 722 2124 rhombo,
747 2097 838 2118 nemo

93 2130 227 2164 ciconiae
252 2130 350 2174 pullis
375 2129 594 2162 insidiabatur.
640 2130 765 2164 Docuit,
793 2141 840 2161 sc.

36 2186 50 2207 ς
92 2173 227 2206 ciconiae
236 2173 342 2216 pullos
351 2173 706 2213 comedere,praetorins.
731 2173 840 2204 Schol.

95 2217 208 2260 Cruq.,
237 2218 364 2248 Asinius
397 2217 591 2256 Sempronius
622 2216 730 2258 Rufus
760 2228 839 2257 proe-

94 2262 195 2292 torius
221 2261 391 2292 instituisse
415 2261 565 2295 creditur,
588 2266 625 2291 ut
652 2261 840 2290 ciconiarum

90 2304 178 2344 pulli
194 2305 459 2335 manducarentur
470 2314 482 2340 ,·
505 2313 611 2344 quare,
629 2313 698 2333 cum
714 2303 745 2333 in
760 2314 839 2343 prae-

41 2346 58 2360 ⁵
95 2352 170 2378 tura
195 2348 323 2387 petenda
352 2347 505 2388 repulsam
532 2346 661 2380 tulisset,
687 2346 748 2376 tale
774 2347 838 2385 epi-

90 2400 234 2433 gramma
257 2391 391 2421 mmai:
424 2390 622 2420 Ciconiarum
655 2388 760 2431 Rufus
786 2391 842 2420 iste

0 2432 2 2444 ¹
64 2432 79 2472 ᾖ
94 2434 233 2465 metum·
249 2432 311 2464 Hic
326 2438 368 2464 est
382 2434 498 2464 duobus
509 2433 679 2474 elegantior
695 2432 840 2469 Pinnem

67 2502 73 2509 .
94 2474 315 2521 afflagiorum
328 2483 442 2516 puncta
458 2487 517 2507 non
531 2477 606 2506 tulit
620 2481 741 2516 septem.
789 2476 842 2506 Ci-

63 2526 72 2556 .‘
91 2521 254 2553 mrum
267 2519 398 2560 papulus
415 2519 502 2550 ultus
515 2525 558 2549 est
574 2525 710 2550 mortem.
755 2518 843 2549 Salse

66 2559 214 2608 glissitur
230 2563 402 2602 pretorius,
423 2561 480 2604 qui
503 2561 536 2592 in
557 2567 693 2604 praetura
709 2562 846 2604 petenda

98 2604 256 2649 “pulsnm
271 2605 355 2637 tulit.

63 2636 86 2695 ‘J
102 2654 117 2658 ”
137 2649 198 2681 ⁶1.
218 2647 372 2684 Edita-it,
388 2653 542 2689 tanquam
558 2651 672 2689 praetor
687 2647 734 2678 vel
752 2646 847 2678 homo

71 2699 87 2733 ‘g
98 2690 277 2771 Ρωτὶιιε,
292 2691 387 2723 sicuti
405 2689 538 2722 Asinius
555 2689 760 2731 Sempronius
776 2690 848 2721 Ru-

96 2742 164 2775 us,
194 2744 267 2766 cum
296 2733 438 2766 irrisione
465 2744 520 2776 pro
547 2732 682 2773 vulgari,
708 2731 850 2764 docuerit

84 2778 189 2814 28⁴!oe
201 2786 324 2820 mergos
339 2787 453 2809 suaves
467 2787 549 2808 esse.
598 2777 725 2818 Mergus
743 2776 847 2819 (Tau-

99 2821 206 2859 der),
220 2821 290 2853 avis
303 2820 475 2852 macilenta
490 2825 522 2852 et
537 2819 687 2862 insipida.

73 2866 115 2882 ⁸⁴⁴
146 2863 288 2903 53—65.
307 2864 456 2895 Sordidus
471 2875 488 2894 a
506 2865 603 2899 tenui,
619 2867 694 2893 cett.
713 2860 851 2899 Ofellus,

52 2908 83 2951 ¹f
99 2905 168 2982 xi
182 2905 290 2940 adhue
309 2906 484 2949 disputavit
501 2906 540 2938 de
558 2904 743 2937 hominibus
762 2904 851 2945 gulo-

45 2950 67 2960 ’
131 2951 136 2955 ’
157 2948 363 2983 &luxuriose
384 2949 576 2986 viventibus,
594 2947 671 2980 dum
691 2957 853 2979 commen-

44 2990 74 3030 22}
105 2991 164 3024 dat
181 2991 296 3024 vietum
320 2998 461 3029 tenuem,
484 3003 558 3024 eum
580 3003 600 3024 a
620 2991 707 3023 victu
730 2990 855 3022 sordido

48 3060 66 3083 ἕ,
106 3033 275 3077 diligonm
317 3035 575 3078 distinguendum
621 3045 688 3067 esse
727 3040 855 3073 monet;
893 3079 914 3108 b

45 3095 53 3108 ε
852 3091 870 3109 Β

883 1954 941 1986 nisi
961 1961 1011 1987 est
1024 1954 1100 1985 vitio
1118 1960 1303 1997 corruptum
1319 1959 1350 1985 et
1367 1953 1400 1984 in
1423 1959 1549 1985 acetum
1566 1954 1630 1985 fere

884 2004 1060 2029 mutatum:
1085 1997 1129 2028 cf.
1154 1997 1211 2029 inf.
1233 1999 1300 2029 Sat.
1323 1996 1357 2029 ii.
1375 1998 1406 2035 8,
1422 1998 1476 2028 50.
1524 1997 1631 2028 Parcit

882 2042 1063 2084 defundere,
1082 2040 1238 2082 exquisite
1261 2050 1328 2082 pre,
1352 2050 1445 2082 parce
1465 2039 1635 2077 defundit;

881 2095 926 2115 sc.
956 2095 995 2117 ex
1024 2083 1109 2119 dolio
1138 2085 1171 2115 in
1200 2083 1382 2124 amphoram
1413 2083 1462 2114 vel
1492 2083 1630 2115 cadum:

885 2128 964 2159 alias
976 2138 1104 2169 parcere
1118 2137 1191 2158 cum
1213 2126 1367 2158 infinitivo
1387 2126 1549 2168 eleganter
1565 2137 1633 2168 pro,

884 2182 956 2206 non,
981 2170 1077 2207 nolle,
1101 2169 1256 2206 cunctari,
1281 2179 1299 2200 a
1322 2180 1355 2201 se
1380 2169 1546 2211 impetrare
1570 2180 1633 2202 non

883 2225 994 2256 posse:
1018 2224 1088 2255 sup.
1117 2213 1181 2244 Od.
1207 2213 1253 2248 iii,
1277 2213 1332 2248 28,
1358 2213 1390 2249 7,
1421 2213 1529 2244 Parcis
1550 2215 1633 2244 deri-

880 2268 953 2298 pere
972 2258 1076 2288 horreo
1094 2257 1262 2288 Cessantem
1285 2255 1394 2287 Bibuli
1412 2257 1552 2287 Consulis
1568 2269 1632 2287 am-

880 2301 1018 2341 phoram,
1035 2299 1088 2331 ubi
1111 2299 1180 2331 vide
1196 2310 1268 2341 quae
1298 2298 1494 2330 notavimus:
1519 2300 1633 2341 defim-

882 2345 964 2379 dere,
982 2343 1067 2386 quod
1084 2353 1142 2374 nos
1156 2343 1304 2379 dicimus,
1319 2343 1473 2374 abziehen.

929 2388 1071 2419 59—61.
1096 2386 1225 2422 Licebit,
1243 2397 1309 2428 pro,
1323 2385 1410 2421 licet,
1425 2386 1583 2427 quamvis,
1602 2392 1638 2417 ut

886 2440 957 2472 sup.
982 2429 1086 2472 Epod.
1121 2430 1172 2465 15,
1202 2431 1253 2466 19,
1279 2430 1326 2460 Sis
1346 2441 1451 2469 pecore
1480 2437 1509 2461 et
1539 2431 1638 2461 multa

887 2475 968 2505 diues
983 2474 1095 2504 tellure
1117 2474 1228 2504 licebit.
1275 2473 1424 2512 Repotia:
1450 2483 1505 2515 per
1523 2475 1637 2514 repotia

888 2516 1048 2558 designari
1067 2515 1190 2547 videtur
1211 2518 1374 2557 potationis
1396 2518 1551 2556 repetitio,
1574 2517 1640 2547 sive

889 2559 940 2591 die
972 2566 1042 2602 post
1066 2559 1194 2601 nuptias
1221 2558 1376 2602 proximo,
1402 2558 1468 2590 sive
1492 2560 1639 2603 septimo.

891 2604 1016 2639 Festus,
1051 2602 1198 2642 Repotia:
1228 2604 1373 2643 postridie
1400 2604 1526 2643 nuptias
1556 2604 1639 2643 apud

892 2657 1001 2678 novum
1017 2648 1160 2676 moritu-:n
1182 2652 1333 2682 coenatur,
1349 2647 1419 2687 quia
1437 2648 1523 2686 qnasi
1536 2647 1638 2687 *refiei-

892 2698 946 2720 tur
959 2691 1084 2729 potatio.
1122 2688 1230 2720 Schol.
1249 2689 1337 2726 Acr.‚
1351 2689 1479 2729 Repotia
1492 2691 1643 2721 dicuntur

894 2734 1038 2773 septimus
1062 2733 1136 2768 dies,
1157 2743 1215 2774 quo
1234 2743 1308 2763 nova
1333 2732 1406 2763 solet
1425 2739 1523 2772 nupta
1542 2734 1643 2763 redire

892 2778 932 2807 ad
946 2782 1085 2816 parentes
1099 2785 1185 2806 suos:
1211 2774 1275 2806 vid.
1300 2775 1496 2806 Wernsdorf.
1515 2775 1554 2806 de
1576 2775 1642 2806 Re-

893 2818 986 2862 potiis
1010 2819 1176 2855 Veterum,
1203 2819 1298 2850 1780.
1344 2819 1486 2856 Albutus,
1511 2818 1644 2850 indutus

895 2861 968 2893 alba
991 2867 1088 2898 veste,
1112 2872 1222 2904 quam,
1247 2861 1303 2903 qui
1324 2861 1519 2892 solemnibus
1542 2861 1646 2903 epulis

898 2904 1081 2940 intererant,
1097 2915 1205 2947 gerere
1220 2905 1377 2936 solebant.
1414 2903 1487 2936 Cic.
1506 2906 1538 2935 in
1555 2905 1647 2935 Orat.

898 2947 931 2979 in
956 2948 1068 2980 Vatin.
1088 2958 1119 2979 c.
1143 2949 1194 2983 13,
1216 2959 1285 2979 cum
1307 2950 1368 2988 ipse
1386 2948 1470 2987 epuli
1492 2949 1643 2979 dominus,

902 2991 939 3026 Q.
956 2992 1081 3028 Arrius,
1095 2993 1217 3022 albatus
1230 2998 1313 3022 esset.

944 3035 997 3066 62.
1022 3035 1074 3066 Ad
1091 3035 1222 3065 instillat
1238 3033 1319 3066 elice
1336 3043 1374 3066 ex
1391 3029 1651 3063 antecedentiLus

32 2136 37 2146 ““
27 2011 48 2117 ’ξδ”ῩὝΑΑ
