1904 3314
339 203 423 243 362

875 199 1305 242 SATIRARUM

454 301 633 342 Canidia
653 298 820 350 Albuti,
841 301 998 354 quibus
1019 307 1085 341 est
1105 299 1283 347 inimica,
1309 311 1535 346 venenum;

456 367 635 409 Grande
657 366 809 408 malum
830 366 1000 416 Furius,
1024 367 1058 406 si
1080 367 1183 420 quid
1205 381 1248 406 se
1264 365 1411 419 judice
1433 370 1583 404 certes.

370 433 425 474 50
455 433 531 483 Ut,
553 449 639 487 quo
661 433 842 487 quisque
864 432 987 482 valet,
1011 439 1233 486 suspectos
1255 438 1426 479 terreat,
1447 436 1581 483 utque

455 499 640 554 Imperet
662 499 743 540 hoc
763 499 934 539 Natura
953 506 1120 552 potenS,
1144 499 1202 539 sic
1223 497 1372 551 collige
1394 510 1580 537 mecum:

454 566 599 607 Dente
619 565 760 620 lupus,
783 579 918 606 cornu
941 572 1088 605 taurus
1110 566 1240 618 petit:
1274 565 1401 613 unde,
1424 564 1504 604 nisi
1523 563 1636 603 intus

455 632 744 673 Monstratum
759 633 774 672 ἱ)

836 632 995 672 Scaevae
1016 632 1200 671 vivacem
1221 631 1348 671 crede
1369 630 1515 684 nepoti

457 699 641 740 Matrem
659 715 668 748 ;
699 697 757 738 nil
778 697 904 738 faciet
926 698 1095 738 sceleris
1117 698 1186 751 pia
1208 699 1399 746 dextera,
1422 697 1588 750 (mirum

373 767 428 807 55
463 765 520 806 Ut
541 779 679 818 neque
701 763 815 805 calce
835 763 962 818 lupus
984 779 1239 818 quenquam,
1256 779 1393 818 neque
1415 764 1543 804 dente
1563 762 1671 817 petit
1690 760 1770 802 bos
1785 758 1813 811 3)

458 832 544 872 Sed
565 830 673 871 mala
694 829 811 871 tollet
831 845 956 870 anum
976 831 1121 870 vitiato
1142 829 1262 871 melle
1284 831 1435 871 cicuta.

456 898 528 939 Ne
548 897 722 951 longum
743 896 892 937 faciam
910 913 919 936 :
953 911 1027 937 seu
1048 911 1113 937 me
1135 896 1363 950 tranquilla
1385 902 1580 938 senectus

458 965 713 1018 Exspectat,
737 978 812 1003 seu
834 963 955 1003 Mors
978 963 1080 1003 atris
1103 962 1375 1019 circumvolat
1396 961 1486 1010 alis,

459 1032 608 1080 Dives,
630 1031 777 1084 inops;
811 1030 976 1078 Romae,
1001 1044 1089 1078 seu,
1112 1028 1219 1070 Fors
1240 1030 1298 1069 ita
1313 1029 1506 1082 jusserit,
1527 1026 1672 1076 exsul;

375 1099 431 1140 60
462 1097 669 1150 Quisquis
691 1097 770 1137 erit
794 1096 903 1145 vitae,
928 1097 1122 1144 scribam,
1146 1095 1275 1136 color.

1337 1096 1378 1135 Ο
1399 1109 1520 1149 puer,
1543 1101 1589 1135 ut
1611 1094 1667 1134 sis

460 1163 631 1211 Vitalis,
653 1169 822 1211 metuo;
854 1168 912 1210 et,
934 1162 1138 1215 majorum
1161 1175 1213 1201 ne
1234 1161 1328 1214 quis
1349 1161 1506 1202 amicus

457 1231 635 1284 Frigore
657 1237 698 1270 te
720 1229 857 1269 feriat.

919 1228 1071 1274 Quid?
1102 1242 1233 1282 quum
1254 1235 1318 1268 est
1341 1227 1532 1268 Lucilius
1553 1241 1683 1268 ausus

459 1298 627 1338 Primus
649 1297 690 1337 in
710 1296 824 1336 hunc
846 1295 987 1350 operis
1009 1309 1262 1348 componere
1283 1295 1467 1335 carmina
1486 1307 1656 1342 morem,

347 1396 435 1436 (vide
450 1394 487 1425 de
504 1403 540 1425 ea
562 1393 594 1423 in
611 1393 740 1432 Argum.
759 1392 797 1422 ad
815 1390 915 1433 Epod.
931 1389 967 1430 5)
984 1392 1070 1421 mini-

347 1444 433 1468 tatur
455 1447 599 1467 venenum
622 1435 740 1469 Albuti,
762 1434 795 1464 h.
818 1444 845 1465 e.
860 1433 948 1474 quali
971 1433 1073 1463 Albu-

348 1479 410 1510 tius
434 1478 518 1510 uxori
549 1488 612 1508 suae
641 1482 766 1507 mortem
797 1485 919 1517 parasse
948 1475 1074 1506 dicitur.

349 1523 424 1553 Vet.
439 1520 557 1555 Schol.,
571 1521 618 1550 hic
632 1521 709 1550 enim
727 1519 867 1548 Albutius
880 1528 988 1548 veneno
1004 1528 1073 1547 uw-

347 1575 409 1594 rem.
424 1574 506 1594 suam
524 1573 566 1602 pe.
576 1564 674 1591 emisse
695 1562 820 1591 dicitur.
867 1560 992 1590 Grande
1015 1571 1076 1589 ma-

350 1607 412 1636 lum
425 1606 549 1639 Furius,
565 1608 637 1634 cett.
681 1602 806 1637 Furius,
820 1601 844 1631 si
862 1601 894 1631 in
911 1610 1005 1632 causa
1024 1606 1077 1631 tua

347 1647 445 1688 judex
460 1646 577 1681 sedeat,
591 1646 709 1685 grande
722 1645 834 1674 malum
851 1643 1076 1685 (tristissimum

347 1699 451 1720 causae
478 1694 540 1718 tuae
571 1684 745 1724 eventurn),
770 1691 884 1727 repete.
907 1684 1077 1716 minitatur.

345 1730 451 1762 Schol.
467 1730 577 1770 Cruq.‚
597 1729 631 1758 C.
648 1728 800 1758 Marcium
817 1728 945 1757 Furium
958 1728 1075 1768 signfi-

347 1778 395 1804 σαι
421 1774 558 1812 judicem
588 1773 852 1809 corruptissimum,
882 1771 932 1809 qui
957 1776 1075 1809 accepta

345 1817 473 1855 pecunia
502 1825 557 1854 pro
586 1815 642 1844 reis
671 1814 869 1851 pronuntiare
895 1813 933 1842 sit
961 1813 1075 1843 solitus.

348 1859 423 1888 Rem
437 1858 568 1897 aliquam
591 1866 656 1897 pro,
673 1857 708 1884 de
722 1866 754 1885 're
777 1855 877 1894 aliqua
900 1860 1025 1889 certare,
1041 1859 1076 1884 ut

348 1899 404 1930 inf.
419 1898 454 1934 ii,
477 1900 508 1935 5,
527 1899 581 1933 27,
609 1898 723 1937 Magna
748 1898 876 1926 minorve
887 1896 961 1936 soro
985 1898 1008 1926 si
1033 1907 1078 1927 res

348 1943 512 1972 certabitur
526 1941 605 1970 olim.
628 1940 745 1969 Sensus
760 1944 791 1968 et
808 1949 906 1968 nexus
919 1939 1077 1979 sequentis

347 1989 379 2015 et
404 1982 499 2024 paulo
525 1980 728 2022 impeditioris
753 1980 813 2010 loci
838 1980 911 2010 inde
936 1990 953 2010 a
981 1991 1008 2010 v.
1036 1982 1077 2011 50

347 2035 447 2066 usque
463 2024 500 2054 ad
517 2024 555 2054 57
573 2028 619 2054 est
633 2022 691 2052 fere
706 2021 776 2052 hic:
802 2021 956 2062 quomodo
978 2033 1076 2052 unus-

347 2067 483 2108 quisque
497 2065 547 2100 iis,
562 2064 675 2105 quibus
684 2064 777 2099 valet,
789 2063 907 2094 viribus
917 2069 1077 2104 suspectos

348 2116 380 2140 et
394 2108 453 2139 sibi
467 2107 594 2138 infestos
609 2111 731 2140 terreat,
742 2111 773 2136 et
785 2105 938 2146 quomodo
956 2111 1075 2141 natura,

348 2150 440 2192 cujus
459 2158 575 2190 magna
597 2154 643 2178 est
667 2148 714 2177 vis
734 2153 764 2177 et
785 2147 933 2188 potentia,
951 2148 1002 2177 hoc
1025 2148 1076 2187 (se

347 2193 511 2223 defendere
537 2194 645 2221 contra
668 2187 845 2230 suspectos)
874 2189 1012 2230 imperet,
1037 2190 1075 2220 de

348 2235 407 2266 liae
423 2233 512 2265 reita
530 2242 648 2263 mecum
671 2231 790 2271 cogita:
817 2231 910 2271 lupus
930 2230 1022 2261 dente
1044 2237 1075 2261 et

346 2283 454 2307 taurus
469 2285 563 2306 cornu
587 2284 641 2315 pro
655 2274 748 2303 armis
763 2273 859 2303 utitur
873 2284 881 2310 ;
905 2273 1019 2312 (unde)
1035 2283 1074 2303 ex

347 2328 411 2360 qua
425 2317 550 2349 tandem
566 2326 661 2347 causa
677 2315 748 2351 alia,
766 2315 826 2344 nisi
847 2314 929 2355 quod
954 2314 1074 2344 interna

348 2366 469 2392 naturae
486 2359 531 2389 vis
546 2359 653 2399 lupum
669 2363 699 2388 et
713 2363 835 2387 taurum
848 2356 941 2386 armis
957 2355 1019 2386 illis
1028 2356 1072 2387 uti

346 2402 474 2434 docuit‘l
512 2407 541 2431 at
573 2401 680 2431 Scaeva
709 2399 802 2429 armis
831 2408 850 2428 a
877 2404 986 2429 natura
1015 2398 1075 2428 sibi

349 2444 441 2481 datis,
459 2443 585 2474 dextera
601 2441 732 2475 scilicet,
747 2441 785 2471 ad
809 2441 868 2470 vim
884 2440 1075 2470 inferendam

349 2497 413 2518 non
439 2485 552 2522 utitur3
574 2483 664 2515 crede
689 2483 772 2514 enim
802 2482 853 2513 isti
878 2482 995 2512 homini
1022 2493 1071 2513 ne-

349 2539 443 2570 quam
467 2533 499 2559 et
523 2526 651 2569 prodigo
674 2530 814 2561 matrem,
840 2524 957 2554 diutius
983 2534 1076 2565 quam

348 2577 437 2613 optat
459 2570 623 2602 viventem,
650 2577 710 2597 non
734 2569 784 2606 pia
807 2566 943 2608 (homini
962 2567 1076 2597 sceles-

347 2612 466 2644 tissimo
502 2622 556 2653 per
591 2609 796 2651 antiphrasin,
837 2614 870 2638 ut
906 2608 1077 2649 loquuntur

349 2653 565 2690 Grammatici,
588 2654 637 2691 pia
660 2654 763 2682 dextra
785 2649 948 2688 tribuitur)
971 2653 1075 2681 dextra

346 2697 449 2729 scelus
465 2694 559 2726 faciet
575 2694 704 2736 (mirum
719 2704 803 2730 sane,
816 2693 971 2733 quomodo
987 2693 1077 2724 aliter

348 2744 447 2780 agunt
461 2737 619 2771 animalia,
634 2735 709 2766 dum
729 2745 830 2776 neque
852 2735 947 2776 lupus
968 2745 1075 2775 quem-

349 2791 443 2824 quam
458 2780 556 2816 calce,
573 2779 627 2809 sed
650 2778 753 2814 dente,
774 2787 875 2818 neque
900 2777 953 2806 bos
973 2777 1076 2812 dente,

349 2822 405 2856 sed
418 2832 514 2854 cornu
530 2820 677 2859 invadit),
693 2820 747 2851 sed
763 2829 881 2850 veneno
904 2829 997 2849 anum
1023 2829 1075 2850 ne·

348 2865 442 2898 cabit.
487 2862 638 2895 Horatius
648 2871 709 2893 non
723 2862 826 2893 elevat
834 2860 935 2891 scelus
947 2861 1075 2896 Scaevae,

349 2907 433 2950 quod
447 2906 506 2937 iste
520 2911 647 2936 matrem
662 2914 781 2935 veneno
802 2901 929 2936 occidit,
944 2902 996 2933 sed
1022 2913 1075 2944 po-

348 2951 410 2982 tius
425 2947 503 2980 illud
521 2957 608 2989 aequc
624 2957 715 2988 grave
738 2957 817 2983 esse,
841 2955 876 2976 ac
900 2944 926 2976 si
949 2950 1076 2976 matrem

1115 1389 1209 1431 impia
1237 1390 1344 1420 dextra
1373 1389 1548 1425 occidisset,
1577 1389 1734 1420 ostendere
1764 1387 1845 1418 vult.

1117 1432 1263 1463 Ceterum
1285 1433 1368 1473 quod
1394 1432 1432 1462 de
1455 1437 1572 1462 naturae
1598 1430 1736 1473 potentia
1757 1429 1847 1460 affert

1117 1480 1218 1515 poeta.
1232 1474 1264 1505 id
1280 1475 1311 1504 in
1329 1474 1529 1514 sequentibus
1553 1473 1592 1504 ad
1608 1482 1641 1503 se
1663 1473 1764 1514 ipsum
1781 1471 1846 1502 sive

1119 1517 1156 1546 ad
1173 1516 1333 1546 satirarum
1351 1514 1581 1546 scribendarum
1605 1514 1767 1556 impetum,
1793 1513 1845 1544 cui

1119 1558 1256 1590 resistere
1280 1564 1426 1598 nequeat,
1455 1556 1610 1588 transfert.
1656 1557 1716 1587 Per
1742 1554 1847 1587 omnia

1119 1605 1222 1630 autem
1232 1600 1402 1641 exprimere
1411 1598 1508 1630 voluit
1517 1599 1575 1630 hoc
1587 1610 1594 1628 :
1613 1603 1724 1629 natura
1735 1607 1847 1628 unum·

1119 1651 1286 1682 quemque,
1311 1642 1423 1682 quibus
1451 1651 1484 1672 se
1509 1639 1668 1676 defendat,
1698 1641 1748 1671 vel
1768 1639 1847 1671 alios

1120 1683 1327 1725 aggrediatur,
1338 1683 1430 1714 armis
1443 1682 1587 1713 instruxit
1598 1694 1608 1720 ;
1623 1692 1671 1713 me
1683 1681 1846 1720 satirarum

1141 1726 1233 1756 uibus
1247 1725 1279 1755 in
1295 1725 1370 1756 vitia
1385 1725 1543 1756 hominum
1554 1724 1695 1759 invehar,
1705 1722 1845 1755 scriben-

1118 1735 1226 1798 :larum
1249 1767 1396 1798 facultate
1418 1766 1580 1804 instruxit3
1605 1776 1678 1807 ergo
1700 1765 1846 1796 scribam.

1118 1810 1239 1840 Scoevae:
1277 1809 1382 1840 Schol.
1416 1810 1525 1850 Cruq..
1553 1809 1651 1839 Scaeva
1680 1809 1849 1839 [nummus

1117 1854 1236 1892 quidum
1243 1851 1326 1893 fuit,
1342 1853 1391 1892 qui
1407 1858 1529 1882 matrem
1544 1852 1614 1881 dato
1629 1860 1736 1881 veneno
1758 1860 1846 1880 neca·

1120 1896 1174 1928 rit,
1200 1901 1357 1934 propterea
1388 1895 1464 1934 quod
1490 1894 1516 1924 ei
1539 1894 1626 1923 nimis
1647 1894 1702 1924 diu
1727 1893 1848 1923 viveret.

1125 1936 1275 1966 vivacem:
1300 1939 1384 1966 νὶυιω,
1398 1936 1464 1977 jam
1480 1934 1513 1965 in
1531 1934 1653 1976 propria
1665 1933 1846 1975 significati—

1120 1988 1188 2013 one,
1219 1979 1256 2009 de
1285 1988 1321 2008 eo
1352 1978 1402 2008 cui
1434 1977 1494 2008 vita
1526 1977 1645 2017 longior
1679 1975 1847 2017 contingit.

1122 2020 1238 2056 Verba,
1250 2022 1357 2050 mirum
1373 2029 1471 2060 usque
1485 2019 1523 2049 ad
1537 2021 1610 2058 petit
1623 2019 1670 2049 bos
1684 2018 1846 2060 parenthe-

1119 2071 1185 2092 seos
1200 2062 1297 2102 signis
1311 2061 1448 2092 distinxi.
1476 2062 1585 2091 Vitiata
1599 2061 1694 2096 melle,
1709 2059 1846 2091 admixto

1119 2104 1222 2140 melle,
1239 2115 1293 2146 per
1307 2104 1442 2134 cicutam
1460 2102 1578 2134 vitiato.

1161 2147 1214 2176 58.
1238 2147 1320 2176 Mors
1333 2147 1409 2176 atris
1422 2145 1694 2175 circumvolantis.
1738 2143 1846 2179 Morti,

1119 2192 1153 2217 ut
1178 2187 1237 2217 diis
1262 2187 1406 2228 plurimis
1431 2187 1470 2216 ad
1492 2186 1692 2222 celeritatem,
1713 2195 1776 2226 qua
1799 2185 1847 2216 illi

1117 2229 1234 2269 ubique
1263 2230 1387 2263 adsunt,
1416 2228 1641 2268 designandam
1670 2227 1848 2258 tribuuntur

1117 2271 1186 2307 alae,
1202 2277 1232 2301 et
1247 2270 1372 2311 quidem
1390 2269 1483 2300 Morti
1498 2269 1716 2300 convenienter
1729 2275 1814 2299 atre.

1159 2314 1213 2343 59.
1238 2313 1339 2346 Dives.
1368 2317 1440 2342 cett.
1484 2312 1547 2342 Seu
1573 2311 1659 2342 dives
1685 2321 1767 2346 sum,
1790 2321 1845 2342 seu

1117 2353 1218 2401 inops,
1234 2365 1288 2385 seu
1305 2354 1372 2384 vivo
1389 2354 1511 2390 Romae,
1528 2363 1595 2389 seu,
1610 2351 1636 2383 ei
1651 2352 1765 2383 forsita
1776 2352 1844 2394 jus-

1119 2401 1201 2434 serit,
1222 2396 1310 2427 exsul
1329 2406 1409 2426 sum.
1455 2395 1505 2425 Ad
1521 2397 1651 2435 jusserit
1671 2393 1847 2436 supplenda

1118 2443 1164 2468 est
1187 2438 1297 2469 omissa
1322 2437 1471 2479 particula
1495 2439 1532 2473 si,
1557 2436 1642 2468 utin
1666 2437 1844 2472 vernacula,

1119 2481 1182 2510 will
1198 2492 1224 2511 es
1239 2483 1291 2511 dus
1305 2481 1454 2510 Schiclrsul
1466 2491 1504 2509 so.
1864 2510 1866 2512 ,

1163 2523 1300 2553 60-62.
1325 2523 1398 2552 Vim.
1413 2523 1501 2558 color,
1515 2521 1586 2552 vitae
1609 2519 1759 2555 conditio,
1782 2525 1844 2552 sta-

1118 2570 1178 2600 tus,
1195 2565 1333 2595 fortuna:
1359 2563 1416 2594 inf.
1433 2563 1534 2605 Epist.
1549 2563 1571 2599 i,
1590 2564 1640 2598 17,
1664 2563 1717 2598 33,
1743 2563 1847 2594 Omnis

1118 2609 1302 2647 Aristippum
1327 2608 1427 2637 decuit
1448 2607 1538 2640 color.
1561 2611 1589 2636 et
1609 2611 1716 2641 status,
1739 2612 1768 2636 et
1790 2616 1846 2636 res.

1121 2650 1147 2680 Ο
1174 2660 1262 2689 puer,
1292 2654 1327 2679 ut
1356 2650 1405 2683 sis,
1437 2653 1508 2679 cett.
1550 2646 1712 2678 Trebatius
1748 2646 1848 2678 voluit

1119 2692 1233 2726 dicere,
1251 2691 1378 2727 Vereor,
1392 2689 1510 2724 Horati.
1521 2699 1559 2720 ue
1569 2688 1740 2720 scribendis
1748 2688 1848 2719 satiris

1119 2733 1248 2774 gratiam
1274 2733 1456 2767 amicorum,
1485 2737 1518 2762 ut
1547 2731 1744 2767 Maecenatis,
1772 2736 1847 2762 cett.

1121 2775 1247 2817 perdas:
1269 2785 1322 2816 pro
1334 2784 1371 2805 eo
1385 2773 1474 2813 dixit,
1495 2779 1603 2809 metuo,
1619 2779 1654 2803 ut
1675 2775 1714 2804 sis
1733 2773 1846 2808 vitalis,

1118 2829 1214 2857 puer.-
1245 2816 1365 2848 scilicet
1393 2826 1456 2846 non
1484 2814 1608 2852 medici,
1637 2819 1673 2846 ut
1702 2814 1846 2846 observat

1121 2861 1285 2895 Baxterus,
1300 2858 1355 2890 sed
1370 2862 1512 2900 parentes
1525 2862 1557 2888 et
1570 2855 1625 2888 alii
1637 2856 1692 2898 qui
1714 2866 1845 2899 puerum

1120 2902 1254 2943 aliquem
1281 2911 1334 2942 pro
1358 2905 1448 2932 aetate
1475 2898 1567 2930 nimis
1595 2898 1790 2939 ingeniosum
1814 2903 1846 2929 et

1121 2950 1246 2975 acutum
1273 2941 1533 2978 animadvertunt,
1561 2941 1665 2974 dicere
1692 2940 1846 2977 solebant,
