1904 3314
694 210 919 253 LIBER
951 211 987 262 I,
1018 213 1059 253 9.

1561 217 1648 257 463

660 378 982 422 EPISTOLA
1012 380 1095 422 IX.

513 507 584 539 AD
619 506 913 539 CLAUDIUM
950 507 1237 539 NERONEM.

221 601 483 652 SEPTrmus,
506 600 676 652 Claudi,
699 601 899 642 nimirum
919 600 1122 656 intelligit
1141 616 1268 652 unus,

220 669 386 718 Quanti
405 683 473 710 me
494 668 653 710 facias:
685 684 797 719 nam,
820 683 953 724 quum
974 676 1114 724 rogat,
1137 676 1181 710 et
1201 684 1331 724 prece
1353 671 1485 725 cogit,

220 736 394 778 Scilicet
414 743 464 778 ut
483 736 563 777 tibi
585 750 631 778 se
650 736 832 778 laudare
852 743 896 777 et
918 737 1090 778 tradere
1111 751 1256 787 coner,

219 803 416 859 Dignum
435 810 578 845 mente
600 803 815 859 domoque
834 802 1019 859 legentis
1040 803 1226 845 honesta
1247 804 1455 855 Neronis,
1481 803 1490 810 “

161 872 189 912 5
218 870 406 913 Munere
427 885 561 925 quum
581 871 705 927 fungi
724 872 942 927 propioris
964 879 1114 913 censet
1134 874 1273 923 amici,

219 937 343 986 Quid
362 939 541 994 possim,
562 940 680 981 videt
700 954 750 981 ac
772 940 891 980 novit
911 955 979 981 me
999 939 1168 981 valdius
1190 941 1301 995 ipso.

219 1005 366 1048 Multa
384 1008 560 1062 quidem
580 1007 686 1054 dixi,
711 1022 788 1049 cur
809 1015 1044 1049 excusatus
1065 1009 1251 1049 abirem:

219 1073 311 1115 Sed
332 1075 468 1125 timui,
489 1090 585 1117 mea
604 1089 659 1117 ne
677 1075 856 1116 finxisse
876 1076 1043 1117 minora
1063 1083 1267 1130 putarer3

219 1140 529 1184 Dissimulator
549 1143 644 1198 opis
664 1142 868 1197 propriae,
889 1142 994 1183 mihi
1015 1143 1267 1184 commodus
1289 1144 1376 1184 uni.

135 1208 190 1251 10
219 1208 292 1250 Sic
313 1223 411 1264 ego,
431 1209 607 1264 majoris
628 1209 800 1264 fugiens
822 1211 1061 1264 opprobria
1082 1209 1237 1265 culpae,

218 1275 394 1318 Frontis
415 1277 471 1318 ad
491 1277 670 1318 urbanae
691 1277 900 1318 descendi
920 1278 1109 1331 praemia.

1173 1278 1348 1326 Quodsi

219 1343 485 1398 Depositum
504 1343 657 1385 laudas
679 1345 736 1384 ob
758 1344 882 1384 amici
897 1344 1022 1398 jussa
1042 1345 1269 1399 pudorem,

221 1410 374 1453 Scribe
395 1411 459 1452 tui
480 1411 626 1466 gregis
647 1410 779 1460 hunc,
801 1417 845 1452 et
867 1410 1022 1452 fortem
1043 1412 1172 1453 crede
1193 1413 1459 1468 bonumque.

320 1498 546 1530 EPISTOLA
571 1499 635 1530 IX.

149 1540 313 1576 Horatius,
338 1542 414 1572 dum
443 1541 580 1572 amicum
610 1551 716 1578 suum,
746 1541 848 1584 Septi-

105 1583 218 1622 mium,
243 1589 280 1615 ut
302 1583 403 1614 virum
431 1583 542 1614 fortem
568 1584 750 1625 bonumque
776 1584 850 1616 Tib.

105 1626 225 1659 Claud.
259 1626 398 1658 Neronis
429 1626 528 1657 favori
558 1632 591 1657 et
621 1627 850 1658 benevolentiae

103 1668 317 1705 commendat,
343 1668 549 1711 singularem,
577 1679 641 1711 qua
671 1669 738 1712 ipse
765 1669 852 1717 apud

104 1711 191 1743 hunc
215 1711 393 1754 principem
414 1711 548 1749 fruatur,
563 1711 696 1752 gratiam
718 1711 852 1753 gloriose

104 1753 243 1786 extollit.
288 1755 395 1792 Quam
418 1764 511 1785 carus
530 1760 634 1786 autem
653 1754 787 1785 Horatio
802 1755 851 1785 su-

104 1796 165 1828 erit
178 1796 282 1828 Titius
297 1796 481 1838 Septimius,
496 1803 589 1839 poeta
604 1796 753 1838 tragicus,
770 1797 852 1839 (vid.

104 1849 176 1882 sup.
200 1839 241 1871 ad
262 1839 366 1882 Epist.
387 1838 434 1875 iii,
454 1840 507 1880 9,)
527 1839 705 1871 luculenter
729 1850 767 1871 ex
791 1840 853 1871 oda

105 1887 196 1914 sexta
209 1881 282 1914 libri
295 1881 430 1914 secundi
445 1888 587 1924 apparet.

150 1925 247 1956 1—6.
274 1925 339 1956 Hic
362 1924 464 1960 locus,
490 1923 618 1955 mutatis
640 1923 852 1956 distinctioni-

104 1967 178 2005 bus,
205 1966 285 1998 mihi
307 1967 350 1998 ita
380 1967 539 1998 cohaerere
562 1967 706 1999 videtur:
734 1967 853 2002 Quanti

105 2010 275 2053 mesecin,
285 2010 412 2045 Claudi,
422 2021 504 2041 unus
514 2011 662 2041 nimirum
674 2009 852 2051 (profecto)

103 2054 258 2094 intelligit
280 2054 444 2093 Septimius
467 2051 612 2095 (additur
636 2052 715 2082 ratio
741 2062 797 2083 cur
821 2053 853 2084 id

106 2105 192 2128 unus
205 2094 362 2137 intelligat
378 2096 485 2137 Sept.)
497 2107 506 2133 3
519 2106 604 2130 viam,
614 2106 706 2136 quum
722 2102 854 2136 rogat-—

106 2150 201 2180 quum
217 2139 432 2179 censet—quid
447 2149 500 2176 ego
515 2139 622 2177 possim
642 2138 727 2179 apud
748 2143 788 2176 te,
804 2150 850 2169 me

104 2184 170 2222 ipso
183 2182 305 2212 valdius
319 2180 474 2254 Semnus)
492 2182 571 2211 videt
590 2192 627 2210 ac
644 2182 740 2211 novit.
788 2180 849 2210 Ni-

105 2226 230 2261 mirum,
263 2233 318 2266 pro
330 2229 413 2257 ecto.
447 2223 516 2254 sine
552 2222 670 2253 dubio:
705 2222 778 2254 Cic.
811 2222 851 2254 de

107 2267 199 2298 Orat.
227 2277 257 2298 c.
286 2267 320 2301 4,
343 2266 402 2297 Sed
427 2267 573 2296 nimirum
599 2267 698 2305 majus
727 2271 770 2296 est
798 2266 851 2296 hoc

105 2310 264 2351 quiddam,
307 2320 377 2339 uam
400 2309 530 2339 homines
558 2309 743 2348 opinantur.-
768 2307 851 2339 idem

106 2351 147 2383 ad
163 2351 265 2384 Attic.
287 2361 333 2386 lx,
354 2352 388 2388 9,
405 2351 514 2392 Itaque
534 2352 679 2381 nimirum
700 2352 752 2381 hoc
769 2351 851 2381 illud

105 2402 162 2432 est,
177 2396 255 2436 quod
271 2394 373 2426 Cacsar
390 2395 495 2425 scribit
510 2396 541 2425 in
558 2405 592 2425 ea
608 2394 748 2433 epistola,
762 2395 852 2432 cujus

105 2438 270 2478 exmplum
283 2438 324 2468 ad
336 2442 365 2468 te
378 2438 459 2467 misi.
491 2437 691 2476 Prececogit,
704 2435 850 2477 precibus

105 2490 157 2512 mo
177 2484 352 2522 expugnat.
397 2480 520 2510 Scilicet
536 2490 585 2514 ut,
603 2488 640 2509 eo
659 2478 798 2513 nomine,
816 2485 850 2509 ut

105 2534 206 2559 coner,
225 2534 255 2554 κ
268 2521 496 2565 (Septimium)
514 2524 570 2554 tibi
591 2523 719 2552 laudare
737 2528 765 2552 et
785 2527 849 2552 tra-

105 2567 189 2602 dere,
204 2563 439 2598 commendare.

149 2610 182 2640 4.
205 2608 347 2648 Dignum
367 2613 465 2637 merite
488 2607 627 2646 domoque
652 2607 779 2646 legentis
800 2607 851 2636 ho-

105 2657 192 2683 nesta
227 2650 377 2681 Neronis.-
408 2654 560 2690 tanquam
595 2647 766 2684 hominem,
798 2648 854 2690 qui

107 2692 261 2728 Neronis,
285 2692 337 2724 cui
362 2690 420 2728 nil,
440 2690 502 2722 nisi
521 2690 608 2732 quod
631 2690 799 2732 pulchrum
823 2697 856 2722 et

107 2735 275 2767 honestum
289 2739 349 2771 est,
366 2733 483 2777 placet,
498 2734 592 2764 menti
608 2732 785 2775 (sentiendi
798 2732 852 2775 ju-

106 2777 298 2820 dicandique
312 2776 445 2816 rationi)
461 2775 661 2817 respondeat.
675 2775 854 2818 dignusque

107 2821 161 2856 sit,
175 2830 271 2862 quem
293 2819 348 2852 ille
367 2819 407 2850 ad
428 2829 482 2852 eos
498 2818 691 2860 quibuscum
712 2819 746 2848 in
760 2818 854 2849 domo

108 2873 167 2894 sua
182 2867 324 2894 versatur
338 2861 397 2904 (ad
413 2861 529 2892 amicos
544 2859 637 2900 suos)
654 2859 796 2902 recipiat.

153 2907 187 2942 5,
199 2906 232 2937 6.
251 2905 382 2936 Munere
391 2916 482 2946 quum
485 2904 588 2947 fungi
599 2905 748 2943 propioris
759 2911 855 2935 censet

110 2950 220 2979 amici.-
243 2953 276 2979 et
299 2957 372 2979 cum
397 2957 487 2989 porro
510 2954 619 2983 censet,
645 2956 694 2976 me
718 2946 802 2988 apud
827 2953 858 2978 te

101 2989 205 3032 fungi
231 2992 378 3032 propioris
406 2992 497 3022 amici
526 2999 662 3025 munere,
688 2989 721 3020 h.
750 2998 780 3021 e.
808 2999 859 3022 me

894 1500 1028 1532 arctiore
1050 1505 1153 1531 tecum
1175 1501 1383 1543 conjunctum
1403 1512 1472 1534 esse
1495 1503 1644 1538 amicitiae

896 1542 1035 1575 vinculo.
1074 1544 1212 1579 Valdius,
1231 1544 1357 1580 rectius.
1377 1545 1503 1583 melius,
1519 1548 1643 1588 magis;

894 1586 1024 1616 observa
1055 1587 1180 1617 Horatii
1209 1587 1394 1618 modestiam
1421 1594 1454 1619 et
1479 1590 1643 1622 urbanita-

894 1632 980 1659 tem:
1006 1628 1063 1660 inf.
1086 1629 1120 1659 in
1143 1629 1246 1671 Epist.
1264 1630 1305 1661 ad
1326 1630 1394 1662 Pis.
1415 1632 1493 1668 321,
1515 1633 1644 1665 VaLdius

895 1672 1038 1701 delectat.

939 1714 973 1743 8.
993 1714 1051 1744 Sed
1067 1715 1170 1751 timui,
1188 1726 1235 1749 ne,
1254 1719 1330 1746 cett.
1353 1715 1408 1746 sed
1427 1715 1531 1751 timui,
1548 1727 1589 1749 ne
1608 1717 1643 1749 in

897 1755 1107 1797 suspicionem
1121 1756 1271 1793 venirem,
1284 1767 1334 1788 me
1346 1757 1491 1789 consulto
1504 1759 1645 1793 elevasse

896 1807 999 1828 meam
1014 1798 1100 1840 apud
1116 1805 1146 1829 te
1161 1799 1390 1830 auctoritatem.

939 1841 972 1871 9.
996 1841 1213 1871 Dissimulator
1236 1844 1298 1882 opis
1321 1844 1463 1882 propriae.
1510 1843 1570 1884 Ops
1593 1846 1643 1876 vel

896 1885 971 1922 opis,
995 1889 1032 1914 ut
1057 1886 1204 1922 potentia,
1230 1883 1344 1925 passim
1373 1884 1412 1915 de
1442 1885 1552 1925 gratia.
1578 1898 1644 1929 qua

896 1925 967 1966 quis
989 1925 1125 1956 multum
1151 1926 1261 1968 pollet,
1278 1927 1414 1957 multum
1437 1928 1561 1960 efficere
1586 1941 1643 1971 po-

897 1973 978 2004 test;
1004 1973 1094 1999 vocat
1121 1975 1228 1999 autem
1252 1969 1334 2000 hanc
1359 1972 1525 2008 propriam,
1551 1974 1643 2013 quasi

896 2021 934 2041 ea
960 2011 1054 2051 (mihi
1079 2014 1246 2042 commodus
1273 2011 1348 2050 uni)
1373 2011 1466 2043 unice
1490 2011 1523 2043 in
1549 2024 1643 2045 suum

898 2053 997 2095 ipsius
1012 2053 1211 2084 commodum
1228 2059 1347 2084 utatur.

944 2097 994 2126 10.
1030 2096 1160 2136 Majoris
1188 2098 1306 2136 culpae:
1336 2106 1410 2127 nam
1442 2095 1498 2137 qui
1532 2097 1643 2136 alium,

893 2148 988 2179 quem
1011 2149 1068 2180 pro
1081 2138 1183 2179 gratia
1206 2149 1264 2169 sua
1285 2140 1508 2170 commendare
1528 2147 1644 2183 potest,

893 2180 1114 2212 commendare
1152 2180 1278 2221 refugit,
1309 2181 1368 2213 hac
1408 2181 1642 2217 inhumanitate

893 2226 1036 2263 majorem
1065 2225 1188 2263 culpam
1213 2224 1275 2254 sibi
1302 2224 1472 2262 contrahit,
1495 2236 1590 2266 quam
1616 2228 1644 2258 is

895 2266 950 2307 qui
967 2266 1113 2308 perfricta
1129 2265 1231 2298 fronte
1246 2266 1280 2296 in
1297 2266 1369 2297 aliis
1385 2268 1646 2301 commendandis

897 2308 1022 2339 laudem
1037 2315 1156 2351 captat.

943 2352 992 2382 ll.
1017 2351 1142 2382 Frontis
1155 2353 1302 2383 urba-me:
1324 2351 1424 2384 facete
1437 2352 1571 2384 frontem
1583 2355 1643 2386 du-

896 2403 962 2424 ram
982 2393 1252 2436 (impudentiam)
1271 2397 1366 2426 Vocat
1387 2397 1549 2432 urbanam,
1566 2398 1643 2438 quia

895 2446 959 2466 non
973 2446 1041 2467 raro
1055 2437 1088 2467 in
1105 2438 1182 2468 urbe
1195 2437 1402 2468 inveniuntur
1417 2438 1485 2479 qui,
1502 2443 1538 2469 ut
1554 2450 1642 2471 versu

894 2485 1050 2520 sequente
1068 2479 1198 2516 dicitur.
1210 2482 1354 2520 purim-em
1369 2482 1531 2520 deponant.
1581 2483 1644 2514 De-

894 2524 1012 2552 scendi:
1036 2522 1198 2562 eleganter
1211 2522 1252 2553 ad
1268 2522 1390 2564 aliquid
1401 2525 1579 2556 descendere
1593 2525 1643 2556 di-

895 2571 1023 2600 cuntur,
1046 2565 1102 2606 qui
1125 2565 1341 2606 perpelluntui·
1363 2566 1491 2598 tandem
1516 2568 1555 2598 ad
1579 2579 1644 2599 rem

896 2606 1038 2648 aliquam
1060 2607 1236 2639 faciendam
1260 2618 1357 2650 quam
1381 2608 1517 2650 primum
1542 2610 1644 2642 facere

898 2649 1060 2680 nolebant.

946 2694 996 2723 13.
1018 2693 1120 2723 Scribe
1147 2695 1194 2724 tui
1215 2695 1321 2735 gregis
1345 2693 1438 2731 hunc,
1461 2704 1559 2725 unum
1588 2706 1643 2726 co-

898 2733 996 2765 hortis
1020 2740 1083 2766 tuae
1103 2735 1184 2777 jube
1209 2745 1278 2767 esse
1301 2735 1503 2778 Septimium.
1550 2738 1644 2773 Grex.

895 2777 963 2819 jam
978 2777 1010 2808 in
1025 2778 1140 2809 bonam
1152 2783 1273 2820 partem
1283 2779 1324 2809 de
1337 2779 1469 2810 honesta
1481 2779 1645 2811 hominum

899 2820 1061 2858 societate,
1091 2821 1131 2852 de
1160 2820 1290 2852 cohorte
1318 2821 1368 2853 vel
1400 2821 1575 2859 comitatu3
1600 2823 1644 2853 sie

899 2863 983 2911 apud
1005 2863 1192 2895 Ciceronem
1218 2864 1308 2894 Orat.
1331 2863 1364 2900 ii,
1382 2865 1436 2898 62,
1453 2869 1484 2894 et
1508 2865 1547 2894 ad
1572 2866 1646 2895 Div.

902 2905 956 2940 vii,
981 2907 1035 2941 33,
1056 2909 1168 2938 sodates
1192 2913 1222 2938 et
1248 2907 1375 2947 equales
1402 2906 1551 2937 dicuutur
1574 2917 1646 2947 gre-

898 2950 994 2988 gules.
