<?xml version="1.0" encoding="UTF-8"?>
<!DOCTYPE html PUBLIC "-//W3C//DTD XHTML 1.0 Transitional//EN"
    "http://www.w3.org/TR/xhtml1/DTD/xhtml1-transitional.dtd">
<html xmlns="http://www.w3.org/1999/xhtml" xml:lang="en" lang="en">
 <head>
  <title>
</title>
<meta http-equiv="Content-Type" content="text/html;charset=utf-8" />
  <meta name='ocr-system' content='tesseract 3.04.00' />
  <meta name='ocr-capabilities' content='ocr_page ocr_carea ocr_par ocr_line ocrx_word'/>
</head>
<body>
  <div class='ocr_page' id='page_1' title='image "./operahorac00horauoft_0180.png"; bbox 0 0 1884 3288; ppageno 0'>
   <div class='ocr_carea' id='block_1_1' title="bbox 301 207 381 247">
    <p class='ocr_par' dir='ltr' id='par_1_1' title="bbox 301 207 381 247">
     <span class='ocr_line' id='line_1_1' title="bbox 301 207 381 247; baseline 0.013 -1"><span class='ocrx_word' id='word_1_1' title='bbox 301 207 317 246; x_wconf 93' lang='lat' dir='ltr'>l</span> <span class='ocrx_word' id='word_1_2' title='bbox 325 207 381 247; x_wconf 78' lang='lat'>40</span> 
     </span>
    </p>
   </div>
   <div class='ocr_carea' id='block_1_2' title="bbox 852 203 1250 246">
    <p class='ocr_par' dir='ltr' id='par_1_2' title="bbox 852 203 1250 246">
     <span class='ocr_line' id='line_1_2' title="bbox 852 203 1250 246; baseline -0.003 0"><span class='ocrx_word' id='word_1_3' title='bbox 852 203 1250 246; x_wconf 87' lang='lat' dir='ltr'>CARMINUM</span> 
     </span>
    </p>
   </div>
   <div class='ocr_carea' id='block_1_3' title="bbox 497 305 1346 492">
    <p class='ocr_par' dir='ltr' id='par_1_3' title="bbox 497 305 1346 492">
     <span class='ocr_line' id='line_1_3' title="bbox 637 305 1340 360; baseline 0.001 -14"><span class='ocrx_word' id='word_1_4' title='bbox 637 305 876 360; x_wconf 88' lang='lat' dir='ltr'>Portasque</span> <span class='ocrx_word' id='word_1_5' title='bbox 898 321 982 348; x_wconf 91' lang='lat' dir='ltr'>non</span> <span class='ocrx_word' id='word_1_6' title='bbox 1002 306 1154 356; x_wconf 84' lang='lat' dir='ltr'>clusas,</span> <span class='ocrx_word' id='word_1_7' title='bbox 1177 313 1220 347; x_wconf 89' lang='lat' dir='ltr'>et</span> <span class='ocrx_word' id='word_1_8' title='bbox 1240 321 1340 347; x_wconf 88' lang='lat' dir='ltr'>arva</span> 
     </span>
     <span class='ocr_line' id='line_1_4' title="bbox 694 370 1346 426; baseline 0.003 -15"><span class='ocrx_word' id='word_1_9' title='bbox 694 370 839 412; x_wconf 89' lang='lat' dir='ltr'>Marte</span> <span class='ocrx_word' id='word_1_10' title='bbox 860 371 941 412; x_wconf 90' lang='lat' dir='ltr'>coli</span> <span class='ocrx_word' id='word_1_11' title='bbox 962 372 1165 426; x_wconf 85' lang='lat' dir='ltr'>populata</span> <span class='ocrx_word' id='word_1_12' title='bbox 1185 380 1346 413; x_wconf 89' lang='lat' dir='ltr'>nostro.</span> 
     </span>
     <span class='ocr_line' id='line_1_5' title="bbox 497 435 1280 492; baseline 0.003 -15"><span class='ocrx_word' id='word_1_13' title='bbox 497 437 554 478; x_wconf 68' lang='lat'>25</span> <span class='ocrx_word' id='word_1_14' title='bbox 583 435 707 478; x_wconf 84' lang='lat' dir='ltr'>Auro</span> <span class='ocrx_word' id='word_1_15' title='bbox 727 452 938 492; x_wconf 88' lang='lat' dir='ltr'>repensus</span> <span class='ocrx_word' id='word_1_16' title='bbox 961 438 1123 479; x_wconf 88' lang='lat' dir='ltr'>scilicet</span> <span class='ocrx_word' id='word_1_17' title='bbox 1143 439 1280 480; x_wconf 88' lang='lat' dir='ltr'>acrior</span> 
     </span>
    </p>
   </div>
   <div class='ocr_carea' id='block_1_4' title="bbox 582 502 903 545">
    <p class='ocr_par' dir='ltr' id='par_1_4' title="bbox 582 502 903 545">
     <span class='ocr_line' id='line_1_6' title="bbox 582 502 903 545; baseline 0.006 -2"><span class='ocrx_word' id='word_1_18' title='bbox 582 502 710 544; x_wconf 86' lang='lat' dir='ltr'><strong>Miles</strong></span> <span class='ocrx_word' id='word_1_19' title='bbox 731 504 903 545; x_wconf 88' lang='lat' dir='ltr'><strong>redibit.</strong></span> 
     </span>
    </p>
   </div>
   <div class='ocr_carea' id='block_1_5' title="bbox 963 504 1325 558">
    <p class='ocr_par' dir='ltr' id='par_1_5' title="bbox 963 504 1325 558">
     <span class='ocr_line' id='line_1_7' title="bbox 963 504 1325 558; baseline 0 -14"><span class='ocrx_word' id='word_1_20' title='bbox 963 504 1147 558; x_wconf 83' lang='lat' dir='ltr'>Flagitio</span> <span class='ocrx_word' id='word_1_21' title='bbox 1168 505 1325 544; x_wconf 85' lang='lat' dir='ltr'>additis</span> 
     </span>
    </p>
   </div>
   <div class='ocr_carea' id='block_1_6' title="bbox 498 569 1469 1089">
    <p class='ocr_par' dir='ltr' id='par_1_6' title="bbox 498 569 1469 1089">
     <span class='ocr_line' id='line_1_8' title="bbox 640 569 1469 624; baseline 0.001 -14"><span class='ocrx_word' id='word_1_22' title='bbox 640 569 869 611; x_wconf 84' lang='lat' dir='ltr'><strong>Damnum.</strong></span> <span class='ocrx_word' id='word_1_23' title='bbox 929 570 1087 624; x_wconf 84' lang='lat' dir='ltr'>Neque</span> <span class='ocrx_word' id='word_1_24' title='bbox 1107 570 1285 610; x_wconf 88' lang='lat' dir='ltr'>amissos</span> <span class='ocrx_word' id='word_1_25' title='bbox 1306 569 1469 611; x_wconf 88' lang='lat' dir='ltr'>colores</span> 
     </span>
     <span class='ocr_line' id='line_1_9' title="bbox 637 635 1333 685; baseline 0.003 -11"><span class='ocrx_word' id='word_1_26' title='bbox 637 670 640 674; x_wconf 91' lang='lat'>.</span> <span class='ocrx_word' id='word_1_27' title='bbox 697 635 817 677; x_wconf 88' lang='lat' dir='ltr'>Lana</span> <span class='ocrx_word' id='word_1_28' title='bbox 838 636 969 677; x_wconf 86' lang='lat' dir='ltr'>refert</span> <span class='ocrx_word' id='word_1_29' title='bbox 988 636 1198 678; x_wconf 88' lang='lat' dir='ltr'>medicata</span> <span class='ocrx_word' id='word_1_30' title='bbox 1220 635 1333 685; x_wconf 88' lang='lat' dir='ltr'>fuco,</span> 
     </span>
     <span class='ocr_line' id='line_1_10' title="bbox 582 702 1469 756; baseline 0 -13"><span class='ocrx_word' id='word_1_31' title='bbox 582 702 679 743; x_wconf 90' lang='lat' dir='ltr'>Nec</span> <span class='ocrx_word' id='word_1_32' title='bbox 701 717 800 743; x_wconf 87' lang='lat' dir='ltr'>vera</span> <span class='ocrx_word' id='word_1_33' title='bbox 820 704 969 752; x_wconf 88' lang='lat' dir='ltr'>virtus,</span> <span class='ocrx_word' id='word_1_34' title='bbox 993 717 1123 756; x_wconf 91' lang='lat' dir='ltr'>quum</span> <span class='ocrx_word' id='word_1_35' title='bbox 1145 702 1273 743; x_wconf 88' lang='lat' dir='ltr'>semel</span> <span class='ocrx_word' id='word_1_36' title='bbox 1295 703 1469 752; x_wconf 87' lang='lat' dir='ltr'><strong>excidit,</strong></span> 
     </span>
     <span class='ocr_line' id='line_1_11' title="bbox 498 769 1209 823; baseline 0.003 -15"><span class='ocrx_word' id='word_1_37' title='bbox 498 769 554 809; x_wconf 84' lang='lat'>30</span> <span class='ocrx_word' id='word_1_38' title='bbox 585 769 719 809; x_wconf 82' lang='lat' dir='ltr'>Curat</span> <span class='ocrx_word' id='word_1_39' title='bbox 740 770 889 823; x_wconf 89' lang='lat' dir='ltr'>reponi</span> <span class='ocrx_word' id='word_1_40' title='bbox 910 770 1209 810; x_wconf 62' lang='lat' dir='ltr'>deterioribus</span> 
     </span>
     <span class='ocr_line' id='line_1_12' title="bbox 641 835 1263 890; baseline 0 -14"><span class='ocrx_word' id='word_1_41' title='bbox 641 835 686 876; x_wconf 87' lang='lat' dir='ltr'>Si</span> <span class='ocrx_word' id='word_1_42' title='bbox 708 843 871 890; x_wconf 83' lang='lat' dir='ltr'>pugnat</span> <span class='ocrx_word' id='word_1_43' title='bbox 893 837 1099 877; x_wconf 85' lang='lat' dir='ltr'>extricata</span> <span class='ocrx_word' id='word_1_44' title='bbox 1119 837 1263 877; x_wconf 90' lang='lat' dir='ltr'>densis</span> 
     </span>
     <span class='ocr_line' id='line_1_13' title="bbox 698 902 1357 956; baseline 0.003 -14"><span class='ocrx_word' id='word_1_45' title='bbox 698 902 835 943; x_wconf 85' lang='lat' dir='ltr'>Cerva</span> <span class='ocrx_word' id='word_1_46' title='bbox 855 902 1007 956; x_wconf 87' lang='lat' dir='ltr'>plagis,</span> <span class='ocrx_word' id='word_1_47' title='bbox 1029 904 1110 944; x_wconf 87' lang='lat' dir='ltr'>erit</span> <span class='ocrx_word' id='word_1_48' title='bbox 1130 902 1198 944; x_wconf 93' lang='lat' dir='ltr'>ille</span> <span class='ocrx_word' id='word_1_49' title='bbox 1219 903 1357 952; x_wconf 89' lang='lat' dir='ltr'>fortis,</span> 
     </span>
     <span class='ocr_line' id='line_1_14' title="bbox 587 968 1384 1022; baseline 0.003 -14"><span class='ocrx_word' id='word_1_50' title='bbox 587 968 676 1014; x_wconf 82' lang='lat' dir='ltr'>Qui</span> <span class='ocrx_word' id='word_1_51' title='bbox 698 968 873 1022; x_wconf 88' lang='lat' dir='ltr'>perfidis</span> <span class='ocrx_word' id='word_1_52' title='bbox 895 984 940 1009; x_wconf 88' lang='lat' dir='ltr'>se</span> <span class='ocrx_word' id='word_1_53' title='bbox 962 969 1144 1010; x_wconf 86' lang='lat' dir='ltr'>credidit</span> <span class='ocrx_word' id='word_1_54' title='bbox 1164 969 1384 1019; x_wconf 82' lang='lat' dir='ltr'>hostibus3</span> 
     </span>
     <span class='ocr_line' id='line_1_15' title="bbox 589 1034 1383 1089; baseline 0.001 -14"><span class='ocrx_word' id='word_1_55' title='bbox 589 1034 650 1075; x_wconf 89' lang='lat' dir='ltr'>Et</span> <span class='ocrx_word' id='word_1_56' title='bbox 673 1035 817 1076; x_wconf 86' lang='lat' dir='ltr'>Marte</span> <span class='ocrx_word' id='word_1_57' title='bbox 839 1035 999 1076; x_wconf 90' lang='lat' dir='ltr'>Poenos</span> <span class='ocrx_word' id='word_1_58' title='bbox 1021 1042 1214 1089; x_wconf 86' lang='lat' dir='ltr'>proteret</span> <span class='ocrx_word' id='word_1_59' title='bbox 1234 1034 1383 1084; x_wconf 87' lang='lat' dir='ltr'>altero,</span> 
     </span>
    </p>
   </div>
   <div class='ocr_carea' id='block_1_7' title="bbox 502 1101 557 1141">
    <p class='ocr_par' dir='ltr' id='par_1_7' title="bbox 502 1101 557 1141">
     <span class='ocr_line' id='line_1_16' title="bbox 502 1101 557 1141; baseline 0.018 -1"><span class='ocrx_word' id='word_1_60' title='bbox 502 1101 557 1141; x_wconf 85' lang='lat'>35</span> 
     </span>
    </p>
   </div>
   <div class='ocr_carea' id='block_1_8' title="bbox 645 1101 1265 1148">
    <p class='ocr_par' dir='ltr' id='par_1_8' title="bbox 645 1101 1265 1148">
     <span class='ocr_line' id='line_1_17' title="bbox 645 1101 1265 1148; baseline 0.002 -7"><span class='ocrx_word' id='word_1_61' title='bbox 645 1101 734 1148; x_wconf 83' lang='lat' dir='ltr'>Qui</span> <span class='ocrx_word' id='word_1_62' title='bbox 754 1101 845 1142; x_wconf 87' lang='lat' dir='ltr'>lora</span> <span class='ocrx_word' id='word_1_63' title='bbox 865 1102 1073 1142; x_wconf 87' lang='lat' dir='ltr'>restrictis</span> <span class='ocrx_word' id='word_1_64' title='bbox 1095 1101 1265 1142; x_wconf 85' lang='lat' dir='ltr'>lacertis</span> 
     </span>
    </p>
   </div>
   <div class='ocr_carea' id='block_1_9' title="bbox 589 1168 1454 1285">
    <p class='ocr_par' dir='ltr' id='par_1_9' title="bbox 589 1168 1454 1285">
     <span class='ocr_line' id='line_1_18' title="bbox 703 1168 1454 1223; baseline 0.003 -15"><span class='ocrx_word' id='word_1_65' title='bbox 703 1168 846 1209; x_wconf 85' lang='lat' dir='ltr'>Sensit</span> <span class='ocrx_word' id='word_1_66' title='bbox 866 1169 993 1218; x_wconf 87' lang='lat' dir='ltr'>iners,</span> <span class='ocrx_word' id='word_1_67' title='bbox 1017 1169 1240 1223; x_wconf 87' lang='lat' dir='ltr'>timuitque</span> <span class='ocrx_word' id='word_1_68' title='bbox 1261 1176 1454 1210; x_wconf 83' lang='lat' dir='ltr'>mortem.</span> 
     </span>
     <span class='ocr_line' id='line_1_19' title="bbox 589 1235 1394 1285; baseline 0 -9"><span class='ocrx_word' id='word_1_69' title='bbox 589 1235 690 1285; x_wconf 85' lang='lat' dir='ltr'>Hic,</span> <span class='ocrx_word' id='word_1_70' title='bbox 714 1236 829 1276; x_wconf 89' lang='lat' dir='ltr'>unde</span> <span class='ocrx_word' id='word_1_71' title='bbox 851 1236 977 1276; x_wconf 83' lang='lat' dir='ltr'>vitam</span> <span class='ocrx_word' id='word_1_72' title='bbox 1000 1243 1198 1285; x_wconf 83' lang='lat' dir='ltr'>sumeret,</span> <span class='ocrx_word' id='word_1_73' title='bbox 1221 1237 1394 1285; x_wconf 91' lang='lat' dir='ltr'>inscius,</span> 
     </span>
    </p>
   </div>
   <div class='ocr_carea' id='block_1_10' title="bbox 588 1302 1113 1343">
    <p class='ocr_par' dir='ltr' id='par_1_10' title="bbox 588 1302 1113 1343">
     <span class='ocr_line' id='line_1_20' title="bbox 588 1302 1113 1343; baseline -0.002 0"><span class='ocrx_word' id='word_1_74' title='bbox 588 1302 744 1343; x_wconf 83' lang='lat' dir='ltr'>Pacem</span> <span class='ocrx_word' id='word_1_75' title='bbox 766 1302 908 1343; x_wconf 91' lang='lat' dir='ltr'>duello</span> <span class='ocrx_word' id='word_1_76' title='bbox 931 1302 1113 1343; x_wconf 88' lang='lat' dir='ltr'>miscuit.</span> 
     </span>
    </p>
   </div>
   <div class='ocr_carea' id='block_1_11' title="bbox 1176 1302 1403 1356">
    <p class='ocr_par' dir='ltr' id='par_1_11' title="bbox 1176 1302 1403 1356">
     <span class='ocr_line' id='line_1_21' title="bbox 1176 1302 1403 1356; baseline 0.004 -14"><span class='ocrx_word' id='word_1_77' title='bbox 1176 1302 1217 1342; x_wconf 93' lang='grc' dir='ltr'>Ο</span> <span class='ocrx_word' id='word_1_78' title='bbox 1239 1303 1403 1356; x_wconf 86' lang='lat' dir='ltr'>pudor!</span> 
     </span>
    </p>
   </div>
   <div class='ocr_carea' id='block_1_12' title="bbox 648 1368 1360 1423">
    <p class='ocr_par' dir='ltr' id='par_1_12' title="bbox 648 1368 1360 1423">
     <span class='ocr_line' id='line_1_22' title="bbox 648 1368 1360 1423; baseline 0 -14"><span class='ocrx_word' id='word_1_79' title='bbox 648 1369 688 1409; x_wconf 93' lang='grc' dir='ltr'><strong>Ο</strong></span> <span class='ocrx_word' id='word_1_80' title='bbox 712 1383 862 1423; x_wconf 83' lang='lat' dir='ltr'>magna</span> <span class='ocrx_word' id='word_1_81' title='bbox 885 1368 1118 1422; x_wconf 84' lang='lat' dir='ltr'>Carthago,</span> <span class='ocrx_word' id='word_1_82' title='bbox 1140 1370 1360 1423; x_wconf 81' lang='lat' dir='ltr'>probrosis</span> 
     </span>
    </p>
   </div>
   <div class='ocr_carea' id='block_1_13' title="bbox 506 1435 565 1476">
    <p class='ocr_par' dir='ltr' id='par_1_13' title="bbox 506 1435 565 1476">
     <span class='ocr_line' id='line_1_23' title="bbox 506 1435 565 1476; baseline 0.017 -1"><span class='ocrx_word' id='word_1_83' title='bbox 506 1435 565 1476; x_wconf 80' lang='lat'>40</span> 
     </span>
    </p>
   </div>
   <div class='ocr_carea' id='block_1_14' title="bbox 310 1555 1053 3014">
    <p class='ocr_par' dir='ltr' id='par_1_14' title="bbox 310 1555 1045 1755">
     <span class='ocr_line' id='line_1_24' title="bbox 310 1555 1043 1598; baseline -0.001 -11"><span class='ocrx_word' id='word_1_84' title='bbox 310 1561 383 1587; x_wconf 79' lang='lat' dir='ltr'>ante</span> <span class='ocrx_word' id='word_1_85' title='bbox 408 1555 647 1598; x_wconf 84' lang='lat' dir='ltr'>ignominiosam</span> <span class='ocrx_word' id='word_1_86' title='bbox 671 1556 759 1587; x_wconf 81' lang='lat' dir='ltr'>illam</span> <span class='ocrx_word' id='word_1_87' title='bbox 793 1556 915 1587; x_wconf 85' lang='lat' dir='ltr'>cladem</span> <span class='ocrx_word' id='word_1_88' title='bbox 949 1566 1043 1596; x_wconf 89' lang='lat' dir='ltr'>quam</span> 
     </span>
     <span class='ocr_line' id='line_1_25' title="bbox 311 1597 1045 1640; baseline 0 -11"><span class='ocrx_word' id='word_1_89' title='bbox 311 1598 446 1629; x_wconf 85' lang='lat' dir='ltr'>militurn</span> <span class='ocrx_word' id='word_1_90' title='bbox 465 1609 588 1629; x_wconf 90' lang='lat' dir='ltr'>suorum</span> <span class='ocrx_word' id='word_1_91' title='bbox 598 1598 724 1639; x_wconf 85' lang='lat' dir='ltr'>ignavia</span> <span class='ocrx_word' id='word_1_92' title='bbox 738 1599 870 1640; x_wconf 85' lang='lat' dir='ltr'>accepit,</span> <span class='ocrx_word' id='word_1_93' title='bbox 883 1597 1045 1639; x_wconf 82' lang='lat' dir='ltr'>splendide</span> 
     </span>
     <span class='ocr_line' id='line_1_26' title="bbox 313 1640 1045 1681; baseline -0.001 -10"><span class='ocrx_word' id='word_1_94' title='bbox 313 1640 590 1681; x_wconf 85' lang='lat' dir='ltr'>Carthaginienses</span> <span class='ocrx_word' id='word_1_95' title='bbox 614 1641 740 1676; x_wconf 80' lang='lat' dir='ltr'>vicerat,</span> <span class='ocrx_word' id='word_1_96' title='bbox 765 1646 797 1671; x_wconf 89' lang='lat' dir='ltr'>et</span> <span class='ocrx_word' id='word_1_97' title='bbox 821 1650 928 1671; x_wconf 87' lang='lat' dir='ltr'>eorum</span> <span class='ocrx_word' id='word_1_98' title='bbox 956 1650 1045 1680; x_wconf 87' lang='lat' dir='ltr'>agros</span> 
     </span>
     <span class='ocr_line' id='line_1_27' title="bbox 312 1682 1042 1724; baseline -0.001 -11"><span class='ocrx_word' id='word_1_99' title='bbox 312 1692 410 1723; x_wconf 86' lang='lat' dir='ltr'>usque</span> <span class='ocrx_word' id='word_1_100' title='bbox 426 1682 466 1713; x_wconf 91' lang='lat' dir='ltr'>ad</span> <span class='ocrx_word' id='word_1_101' title='bbox 489 1682 688 1723; x_wconf 75' lang='lat' dir='ltr'>Carthaginis</span> <span class='ocrx_word' id='word_1_102' title='bbox 703 1682 765 1714; x_wconf 84' lang='lat' dir='ltr'>sere</span> <span class='ocrx_word' id='word_1_103' title='bbox 780 1692 884 1714; x_wconf 88' lang='lat' dir='ltr'>muros</span> <span class='ocrx_word' id='word_1_104' title='bbox 904 1683 1042 1724; x_wconf 84' lang='lat' dir='ltr'>depopu-</span> 
     </span>
     <span class='ocr_line' id='line_1_28' title="bbox 313 1724 522 1755; baseline 0.005 -1"><span class='ocrx_word' id='word_1_105' title='bbox 313 1724 396 1755; x_wconf 84' lang='lat' dir='ltr'>latus</span> <span class='ocrx_word' id='word_1_106' title='bbox 411 1725 522 1755; x_wconf 84' lang='lat' dir='ltr'>fuerat.</span> 
     </span>
    </p>

    <p class='ocr_par' dir='ltr' id='par_1_15' title="bbox 313 1765 1053 2991">
     <span class='ocr_line' id='line_1_29' title="bbox 354 1765 1045 1814; baseline -0.001 -17"><span class='ocrx_word' id='word_1_107' title='bbox 354 1767 494 1798; x_wconf 82' lang='lat'>25—30.</span> <span class='ocrx_word' id='word_1_108' title='bbox 517 1767 657 1798; x_wconf 80' lang='lat' dir='ltr'>Scilicet:</span> <span class='ocrx_word' id='word_1_109' title='bbox 684 1766 843 1814; x_wconf 81' lang='lat' dir='ltr'>eleganter</span> <span class='ocrx_word' id='word_1_110' title='bbox 865 1766 924 1797; x_wconf 88' lang='lat' dir='ltr'>hac</span> <span class='ocrx_word' id='word_1_111' title='bbox 949 1765 1045 1808; x_wconf 86' lang='lat' dir='ltr'>parti-</span> 
     </span>
     <span class='ocr_line' id='line_1_30' title="bbox 313 1809 1045 1850; baseline 0 -11"><span class='ocrx_word' id='word_1_112' title='bbox 313 1809 386 1839; x_wconf 90' lang='lat' dir='ltr'>cula</span> <span class='ocrx_word' id='word_1_113' title='bbox 401 1815 541 1842; x_wconf 78' lang='lat' dir='ltr'>utuntur.</span> <span class='ocrx_word' id='word_1_114' title='bbox 559 1809 624 1850; x_wconf 87' lang='lat' dir='ltr'>qui,</span> <span class='ocrx_word' id='word_1_115' title='bbox 641 1809 724 1850; x_wconf 92' lang='lat' dir='ltr'>quod</span> <span class='ocrx_word' id='word_1_116' title='bbox 740 1815 783 1839; x_wconf 81' lang='lat' dir='ltr'>ita</span> <span class='ocrx_word' id='word_1_117' title='bbox 798 1819 879 1843; x_wconf 81' lang='lat' dir='ltr'>esse,</span> <span class='ocrx_word' id='word_1_118' title='bbox 896 1809 944 1840; x_wconf 90' lang='lat' dir='ltr'>vel</span> <span class='ocrx_word' id='word_1_119' title='bbox 964 1809 1045 1839; x_wconf 86' lang='lat' dir='ltr'>futu·</span> 
     </span>
     <span class='ocr_line' id='line_1_31' title="bbox 314 1851 1046 1892; baseline 0 -11"><span class='ocrx_word' id='word_1_120' title='bbox 314 1861 381 1881; x_wconf 88' lang='lat' dir='ltr'>rum</span> <span class='ocrx_word' id='word_1_121' title='bbox 396 1862 475 1887; x_wconf 89' lang='lat' dir='ltr'>esse,</span> <span class='ocrx_word' id='word_1_122' title='bbox 498 1851 546 1882; x_wconf 89' lang='lat' dir='ltr'>vel</span> <span class='ocrx_word' id='word_1_123' title='bbox 571 1851 635 1882; x_wconf 82' lang='lat' dir='ltr'>fieri</span> <span class='ocrx_word' id='word_1_124' title='bbox 657 1851 784 1882; x_wconf 90' lang='lat' dir='ltr'>omnino</span> <span class='ocrx_word' id='word_1_125' title='bbox 806 1861 894 1892; x_wconf 87' lang='lat' dir='ltr'>posse</span> <span class='ocrx_word' id='word_1_126' title='bbox 919 1857 1046 1892; x_wconf 86' lang='lat' dir='ltr'>negant,</span> 
     </span>
     <span class='ocr_line' id='line_1_32' title="bbox 314 1893 1047 1934; baseline 0 -11"><span class='ocrx_word' id='word_1_127' title='bbox 314 1903 385 1923; x_wconf 90' lang='lat' dir='ltr'>cnm</span> <span class='ocrx_word' id='word_1_128' title='bbox 410 1903 566 1924; x_wconf 85' lang='lat' dir='ltr'>sarcasmo</span> <span class='ocrx_word' id='word_1_129' title='bbox 596 1893 730 1934; x_wconf 86' lang='lat' dir='ltr'>quodam</span> <span class='ocrx_word' id='word_1_130' title='bbox 757 1894 919 1924; x_wconf 85' lang='lat' dir='ltr'>affirmant.</span> <span class='ocrx_word' id='word_1_131' title='bbox 962 1894 1047 1923; x_wconf 78' lang='lat' dir='ltr'>Auro</span> 
     </span>
     <span class='ocr_line' id='line_1_33' title="bbox 313 1934 1047 1977; baseline 0.003 -13"><span class='ocrx_word' id='word_1_132' title='bbox 313 1946 463 1975; x_wconf 81' lang='lat' dir='ltr'>repensus,</span> <span class='ocrx_word' id='word_1_133' title='bbox 494 1934 680 1976; x_wconf 77' lang='lat' dir='ltr'>exquisitius</span> <span class='ocrx_word' id='word_1_134' title='bbox 712 1946 778 1977; x_wconf 90' lang='lat' dir='ltr'>pro,</span> <span class='ocrx_word' id='word_1_135' title='bbox 806 1945 880 1965; x_wconf 86' lang='lat' dir='ltr'>auro</span> <span class='ocrx_word' id='word_1_136' title='bbox 909 1945 1047 1976; x_wconf 86' lang='lat' dir='ltr'>appenso</span> 
     </span>
     <span class='ocr_line' id='line_1_34' title="bbox 315 1977 1047 2019; baseline 0.004 -13"><span class='ocrx_word' id='word_1_137' title='bbox 315 1977 483 2008; x_wconf 82' lang='lat' dir='ltr'>redemtus.</span> <span class='ocrx_word' id='word_1_138' title='bbox 527 1978 662 2019; x_wconf 74' lang='lat' dir='ltr'>Flagitio</span> <span class='ocrx_word' id='word_1_139' title='bbox 678 1979 790 2008; x_wconf 74' lang='lat' dir='ltr'>additis</span> <span class='ocrx_word' id='word_1_140' title='bbox 805 1979 958 2012; x_wconf 76' lang='lat' dir='ltr'>damnum,</span> <span class='ocrx_word' id='word_1_141' title='bbox 974 1977 1005 2008; x_wconf 87' lang='lat' dir='ltr'>h.</span> <span class='ocrx_word' id='word_1_142' title='bbox 1020 1989 1047 2009; x_wconf 91' lang='lat' dir='ltr'>e.</span> 
     </span>
     <span class='ocr_line' id='line_1_35' title="bbox 314 2019 1048 2061; baseline 0.001 -12"><span class='ocrx_word' id='word_1_143' title='bbox 314 2019 466 2059; x_wconf 89' lang='lat' dir='ltr'>flagitium</span> <span class='ocrx_word' id='word_1_144' title='bbox 491 2020 530 2050; x_wconf 93' lang='lat' dir='ltr'>ab</span> <span class='ocrx_word' id='word_1_145' title='bbox 550 2019 670 2060; x_wconf 86' lang='lat' dir='ltr'>ignavis</span> <span class='ocrx_word' id='word_1_146' title='bbox 687 2019 839 2050; x_wconf 85' lang='lat' dir='ltr'>militibus</span> <span class='ocrx_word' id='word_1_147' title='bbox 861 2020 894 2050; x_wconf 90' lang='lat' dir='ltr'>in</span> <span class='ocrx_word' id='word_1_148' title='bbox 918 2020 1048 2061; x_wconf 79' lang='lat' dir='ltr'>patriam</span> 
     </span>
     <span class='ocr_line' id='line_1_36' title="bbox 316 2061 1046 2102; baseline 0 -10"><span class='ocrx_word' id='word_1_149' title='bbox 316 2061 518 2092; x_wconf 84' lang='lat' dir='ltr'>commissum</span> <span class='ocrx_word' id='word_1_150' title='bbox 535 2061 687 2102; x_wconf 84' lang='lat' dir='ltr'>augebitis</span> <span class='ocrx_word' id='word_1_151' title='bbox 706 2061 833 2096; x_wconf 84' lang='lat' dir='ltr'>damno,</span> <span class='ocrx_word' id='word_1_152' title='bbox 850 2061 875 2090; x_wconf 87' lang='lat' dir='ltr'>si</span> <span class='ocrx_word' id='word_1_153' title='bbox 891 2072 944 2091; x_wconf 86' lang='lat' dir='ltr'>eos</span> <span class='ocrx_word' id='word_1_154' title='bbox 967 2062 1046 2092; x_wconf 86' lang='lat' dir='ltr'>redi-</span> 
     </span>
     <span class='ocr_line' id='line_1_37' title="bbox 318 2102 1046 2141; baseline 0.003 -8"><span class='ocrx_word' id='word_1_155' title='bbox 318 2103 422 2141; x_wconf 87' lang='lat' dir='ltr'>mitis;</span> <span class='ocrx_word' id='word_1_156' title='bbox 445 2106 586 2134; x_wconf 79' lang='lat' dir='ltr'>damnum</span> <span class='ocrx_word' id='word_1_157' title='bbox 602 2110 704 2134; x_wconf 87' lang='lat' dir='ltr'>autem</span> <span class='ocrx_word' id='word_1_158' title='bbox 720 2110 782 2134; x_wconf 84' lang='lat' dir='ltr'>tam</span> <span class='ocrx_word' id='word_1_159' title='bbox 798 2102 830 2132; x_wconf 92' lang='lat' dir='ltr'>in</span> <span class='ocrx_word' id='word_1_160' title='bbox 850 2103 1046 2135; x_wconf 79' lang='lat' dir='ltr'>redemtionis</span> 
     </span>
     <span class='ocr_line' id='line_1_38' title="bbox 315 2144 1047 2187; baseline 0.001 -11"><span class='ocrx_word' id='word_1_161' title='bbox 315 2145 427 2186; x_wconf 87' lang='lat' dir='ltr'>pretio,</span> <span class='ocrx_word' id='word_1_162' title='bbox 449 2145 533 2187; x_wconf 90' lang='lat' dir='ltr'>quod</span> <span class='ocrx_word' id='word_1_163' title='bbox 553 2146 709 2187; x_wconf 83' lang='lat' dir='ltr'>perdatur,</span> <span class='ocrx_word' id='word_1_164' title='bbox 734 2155 829 2186; x_wconf 89' lang='lat' dir='ltr'>quam</span> <span class='ocrx_word' id='word_1_165' title='bbox 855 2144 889 2175; x_wconf 88' lang='lat' dir='ltr'>in</span> <span class='ocrx_word' id='word_1_166' title='bbox 909 2145 1047 2177; x_wconf 87' lang='lat' dir='ltr'>timenda</span> 
     </span>
     <span class='ocr_line' id='line_1_39' title="bbox 317 2187 1047 2229; baseline 0.003 -12"><span class='ocrx_word' id='word_1_167' title='bbox 317 2188 358 2218; x_wconf 90' lang='lat' dir='ltr'>ab</span> <span class='ocrx_word' id='word_1_168' title='bbox 384 2188 441 2219; x_wconf 87' lang='lat' dir='ltr'>hoc</span> <span class='ocrx_word' id='word_1_169' title='bbox 474 2198 568 2229; x_wconf 83' lang='lat' dir='ltr'>pravo</span> <span class='ocrx_word' id='word_1_170' title='bbox 597 2188 738 2229; x_wconf 89' lang='lat' dir='ltr'>exemplo</span> <span class='ocrx_word' id='word_1_171' title='bbox 763 2187 902 2228; x_wconf 80' lang='lat' dir='ltr'>antiquae</span> <span class='ocrx_word' id='word_1_172' title='bbox 928 2187 1047 2219; x_wconf 82' lang='lat' dir='ltr'>virtutis</span> 
     </span>
     <span class='ocr_line' id='line_1_40' title="bbox 315 2229 1048 2272; baseline 0.003 -13"><span class='ocrx_word' id='word_1_173' title='bbox 315 2230 493 2271; x_wconf 85' lang='lat' dir='ltr'>corruptela</span> <span class='ocrx_word' id='word_1_174' title='bbox 510 2230 687 2272; x_wconf 86' lang='lat' dir='ltr'>ponendum</span> <span class='ocrx_word' id='word_1_175' title='bbox 703 2235 762 2261; x_wconf 86' lang='lat' dir='ltr'>est.</span> <span class='ocrx_word' id='word_1_176' title='bbox 809 2229 910 2269; x_wconf 82' lang='lat' dir='ltr'>Neque</span> <span class='ocrx_word' id='word_1_177' title='bbox 932 2232 1048 2261; x_wconf 70' lang='lat' dir='ltr'>amissos</span> 
     </span>
     <span class='ocr_line' id='line_1_41' title="bbox 318 2272 1046 2314; baseline 0.003 -12"><span class='ocrx_word' id='word_1_178' title='bbox 318 2273 427 2303; x_wconf 76' lang='lat' dir='ltr'>colores</span> <span class='ocrx_word' id='word_1_179' title='bbox 454 2272 541 2302; x_wconf 81' lang='lat' dir='ltr'>Lana</span> <span class='ocrx_word' id='word_1_180' title='bbox 567 2274 660 2314; x_wconf 73' lang='lat' dir='ltr'>refert</span> <span class='ocrx_word' id='word_1_181' title='bbox 686 2274 830 2303; x_wconf 79' lang='lat' dir='ltr'>medicata</span> <span class='ocrx_word' id='word_1_182' title='bbox 853 2273 945 2313; x_wconf 82' lang='lat' dir='ltr'>fuco,</span> <span class='ocrx_word' id='word_1_183' title='bbox 971 2273 1046 2308; x_wconf 81' lang='lat' dir='ltr'>Nec,</span> 
     </span>
     <span class='ocr_line' id='line_1_42' title="bbox 317 2314 1048 2362; baseline 0 -18"><span class='ocrx_word' id='word_1_184' title='bbox 317 2320 393 2346; x_wconf 87' lang='lat' dir='ltr'>cett.</span> <span class='ocrx_word' id='word_1_185' title='bbox 437 2315 607 2355; x_wconf 84' lang='lat' dir='ltr'>Vulgarem</span> <span class='ocrx_word' id='word_1_186' title='bbox 634 2314 831 2350; x_wconf 78' lang='lat' dir='ltr'>sententiam,</span> <span class='ocrx_word' id='word_1_187' title='bbox 865 2315 1048 2362; x_wconf 82' lang='lat' dir='ltr'>“quemad-</span> 
     </span>
     <span class='ocr_line' id='line_1_43' title="bbox 319 2356 1050 2398; baseline 0.003 -12"><span class='ocrx_word' id='word_1_188' title='bbox 319 2356 446 2387; x_wconf 89' lang='lat' dir='ltr'>modum</span> <span class='ocrx_word' id='word_1_189' title='bbox 473 2357 554 2388; x_wconf 78' lang='lat' dir='ltr'>lanae</span> <span class='ocrx_word' id='word_1_190' title='bbox 579 2356 684 2388; x_wconf 87' lang='lat' dir='ltr'>tinctae</span> <span class='ocrx_word' id='word_1_191' title='bbox 711 2367 773 2386; x_wconf 91' lang='lat' dir='ltr'>non</span> <span class='ocrx_word' id='word_1_192' title='bbox 799 2356 918 2386; x_wconf 75' lang='lat' dir='ltr'>restitui</span> <span class='ocrx_word' id='word_1_193' title='bbox 949 2362 1050 2398; x_wconf 87' lang='lat' dir='ltr'>potest</span> 
     </span>
     <span class='ocr_line' id='line_1_44' title="bbox 318 2397 1048 2440; baseline 0.003 -12"><span class='ocrx_word' id='word_1_194' title='bbox 318 2398 467 2440; x_wconf 77' lang='lat' dir='ltr'>pristinus</span> <span class='ocrx_word' id='word_1_195' title='bbox 477 2399 563 2430; x_wconf 92' lang='lat' dir='ltr'>color</span> <span class='ocrx_word' id='word_1_196' title='bbox 572 2399 622 2430; x_wconf 89' lang='lat' dir='ltr'>vel</span> <span class='ocrx_word' id='word_1_197' title='bbox 637 2399 764 2434; x_wconf 88' lang='lat' dir='ltr'>candor,</span> <span class='ocrx_word' id='word_1_198' title='bbox 775 2397 817 2428; x_wconf 89' lang='lat' dir='ltr'>ita</span> <span class='ocrx_word' id='word_1_199' title='bbox 835 2408 892 2429; x_wconf 84' lang='lat' dir='ltr'>nec</span> <span class='ocrx_word' id='word_1_200' title='bbox 903 2398 1000 2429; x_wconf 86' lang='lat' dir='ltr'>virtus</span> <span class='ocrx_word' id='word_1_201' title='bbox 1016 2399 1048 2430; x_wconf 90' lang='lat' dir='ltr'>in</span> 
     </span>
     <span class='ocr_line' id='line_1_45' title="bbox 319 2440 1050 2483; baseline 0.001 -12"><span class='ocrx_word' id='word_1_202' title='bbox 319 2441 458 2471; x_wconf 87' lang='lat' dir='ltr'>animum</span> <span class='ocrx_word' id='word_1_203' title='bbox 475 2441 570 2472; x_wconf 86' lang='lat' dir='ltr'>semel</span> <span class='ocrx_word' id='word_1_204' title='bbox 587 2446 764 2483; x_wconf 85' lang='lat' dir='ltr'>corruptum</span> <span class='ocrx_word' id='word_1_205' title='bbox 784 2440 896 2476; x_wconf 88' lang='lat' dir='ltr'>redit‚’&#39;</span> <span class='ocrx_word' id='word_1_206' title='bbox 918 2441 966 2471; x_wconf 90' lang='lat' dir='ltr'>vel</span> <span class='ocrx_word' id='word_1_207' title='bbox 981 2441 1050 2472; x_wconf 87' lang='lat' dir='ltr'>bre-</span> 
     </span>
     <span class='ocr_line' id='line_1_46' title="bbox 318 2482 1049 2525; baseline 0 -12"><span class='ocrx_word' id='word_1_208' title='bbox 318 2482 402 2519; x_wconf 83' lang='lat' dir='ltr'>vius,</span> <span class='ocrx_word' id='word_1_209' title='bbox 430 2487 522 2514; x_wconf 90' lang='lat' dir='ltr'>“non</span> <span class='ocrx_word' id='word_1_210' title='bbox 540 2484 605 2514; x_wconf 91' lang='lat' dir='ltr'>elui</span> <span class='ocrx_word' id='word_1_211' title='bbox 627 2488 727 2525; x_wconf 89' lang='lat' dir='ltr'>potest</span> <span class='ocrx_word' id='word_1_212' title='bbox 747 2493 786 2514; x_wconf 85' lang='lat' dir='ltr'>ex</span> <span class='ocrx_word' id='word_1_213' title='bbox 810 2483 912 2513; x_wconf 90' lang='lat' dir='ltr'>animo</span> <span class='ocrx_word' id='word_1_214' title='bbox 928 2483 1049 2519; x_wconf 89' lang='lat' dir='ltr'>vitium,</span> 
     </span>
     <span class='ocr_line' id='line_1_47' title="bbox 319 2524 1052 2567; baseline 0 -11"><span class='ocrx_word' id='word_1_215' title='bbox 319 2535 382 2567; x_wconf 91' lang='lat' dir='ltr'>quo</span> <span class='ocrx_word' id='word_1_216' title='bbox 397 2525 493 2556; x_wconf 85' lang='lat' dir='ltr'>semel</span> <span class='ocrx_word' id='word_1_217' title='bbox 509 2525 561 2557; x_wconf 86' lang='lat' dir='ltr'>ille</span> <span class='ocrx_word' id='word_1_218' title='bbox 585 2525 725 2556; x_wconf 83' lang='lat' dir='ltr'>imbutus</span> <span class='ocrx_word' id='word_1_219' title='bbox 750 2524 799 2556; x_wconf 88' lang='lat' dir='ltr'>vel</span> <span class='ocrx_word' id='word_1_220' title='bbox 821 2524 954 2556; x_wconf 86' lang='lat' dir='ltr'>infectus</span> <span class='ocrx_word' id='word_1_221' title='bbox 974 2526 1052 2564; x_wconf 85' lang='lat' dir='ltr'>est‚&#39;’</span> 
     </span>
     <span class='ocr_line' id='line_1_48' title="bbox 317 2567 1050 2610; baseline -0.003 -12"><span class='ocrx_word' id='word_1_222' title='bbox 317 2567 440 2608; x_wconf 83' lang='lat' dir='ltr'>egregie</span> <span class='ocrx_word' id='word_1_223' title='bbox 450 2573 541 2610; x_wconf 82' lang='lat' dir='ltr'>poeta</span> <span class='ocrx_word' id='word_1_224' title='bbox 553 2567 726 2606; x_wconf 65' lang='lat' dir='ltr'>exornavit.</span> <span class='ocrx_word' id='word_1_225' title='bbox 772 2568 938 2598; x_wconf 74' lang='lat' dir='ltr'>Medicam.</span> <span class='ocrx_word' id='word_1_226' title='bbox 984 2569 1050 2601; x_wconf 73' lang='lat' dir='ltr'>Me.</span> 
     </span>
     <span class='ocr_line' id='line_1_49' title="bbox 317 2609 1049 2658; baseline 0 -17"><span class='ocrx_word' id='word_1_227' title='bbox 317 2613 430 2645; x_wconf 84' lang='lat' dir='ltr'>dicare,</span> <span class='ocrx_word' id='word_1_228' title='bbox 447 2615 483 2640; x_wconf 90' lang='lat' dir='ltr'>ut</span> <span class='ocrx_word' id='word_1_229' title='bbox 499 2610 705 2658; x_wconf 67' lang='grc' dir='ltr'>φαρμάσσειν</span> <span class='ocrx_word' id='word_1_230' title='bbox 721 2609 804 2651; x_wconf 86' lang='lat' dir='ltr'>apud</span> <span class='ocrx_word' id='word_1_231' title='bbox 822 2610 963 2648; x_wconf 80' lang='lat' dir='ltr'>Graecos,</span> <span class='ocrx_word' id='word_1_232' title='bbox 979 2621 1049 2651; x_wconf 89' lang='lat' dir='ltr'>pas-</span> 
     </span>
     <span class='ocr_line' id='line_1_50' title="bbox 319 2651 1051 2695; baseline 0.001 -13"><span class='ocrx_word' id='word_1_233' title='bbox 319 2652 379 2683; x_wconf 83' lang='lat' dir='ltr'>sim</span> <span class='ocrx_word' id='word_1_234' title='bbox 402 2662 468 2695; x_wconf 90' lang='lat' dir='ltr'>pro,</span> <span class='ocrx_word' id='word_1_235' title='bbox 485 2659 615 2693; x_wconf 80' lang='lat' dir='ltr'>tingere,</span> <span class='ocrx_word' id='word_1_236' title='bbox 637 2652 779 2688; x_wconf 86' lang='lat' dir='ltr'>inficere;</span> <span class='ocrx_word' id='word_1_237' title='bbox 803 2651 847 2682; x_wconf 90' lang='lat' dir='ltr'>sic</span> <span class='ocrx_word' id='word_1_238' title='bbox 872 2653 1051 2683; x_wconf 73' lang='lat' dir='ltr'>medicatum</span> 
     </span>
     <span class='ocr_line' id='line_1_51' title="bbox 321 2694 1050 2736; baseline 0 -10"><span class='ocrx_word' id='word_1_239' title='bbox 321 2695 416 2726; x_wconf 79' lang='lat' dir='ltr'>vellus</span> <span class='ocrx_word' id='word_1_240' title='bbox 430 2695 531 2725; x_wconf 82' lang='lat' dir='ltr'>ahenis</span> <span class='ocrx_word' id='word_1_241' title='bbox 546 2694 631 2736; x_wconf 86' lang='lat' dir='ltr'>apud</span> <span class='ocrx_word' id='word_1_242' title='bbox 655 2694 749 2725; x_wconf 89' lang='lat' dir='ltr'>Ovid.</span> <span class='ocrx_word' id='word_1_243' title='bbox 766 2695 860 2724; x_wconf 83' lang='lat' dir='ltr'>Rem.</span> <span class='ocrx_word' id='word_1_244' title='bbox 876 2695 954 2725; x_wconf 88' lang='lat' dir='ltr'>Am.</span> <span class='ocrx_word' id='word_1_245' title='bbox 976 2695 1050 2726; x_wconf 87' lang='grc'><strong>707.</strong></span> 
     </span>
     <span class='ocr_line' id='line_1_52' title="bbox 320 2737 1052 2779; baseline 0.001 -12"><span class='ocrx_word' id='word_1_246' title='bbox 320 2737 414 2768; x_wconf 81' lang='lat' dir='ltr'>Fuco.</span> <span class='ocrx_word' id='word_1_247' title='bbox 451 2737 548 2767; x_wconf 81' lang='lat' dir='ltr'>Fncus</span> <span class='ocrx_word' id='word_1_248' title='bbox 563 2737 699 2779; x_wconf 79' lang='grc' dir='ltr'>(φῦκος)</span> <span class='ocrx_word' id='word_1_249' title='bbox 715 2737 811 2767; x_wconf 91' lang='lat' dir='ltr'>herba</span> <span class='ocrx_word' id='word_1_250' title='bbox 822 2737 952 2774; x_wconf 85' lang='lat' dir='ltr'>marina,</span> <span class='ocrx_word' id='word_1_251' title='bbox 962 2737 1052 2778; x_wconf 86' lang='lat' dir='ltr'>cujus</span> 
     </span>
     <span class='ocr_line' id='line_1_53' title="bbox 319 2778 1051 2822; baseline 0 -13"><span class='ocrx_word' id='word_1_252' title='bbox 319 2789 415 2810; x_wconf 88' lang='lat' dir='ltr'>succo</span> <span class='ocrx_word' id='word_1_253' title='bbox 446 2779 530 2815; x_wconf 87' lang='lat' dir='ltr'>lana,</span> <span class='ocrx_word' id='word_1_254' title='bbox 563 2789 698 2822; x_wconf 81' lang='lat' dir='ltr'>purpura</span> <span class='ocrx_word' id='word_1_255' title='bbox 729 2778 889 2819; x_wconf 70' lang='lat' dir='ltr'>fingenda,</span> <span class='ocrx_word' id='word_1_256' title='bbox 919 2779 1051 2820; x_wconf 89' lang='lat' dir='ltr'>primum</span> 
     </span>
     <span class='ocr_line' id='line_1_54' title="bbox 319 2819 1051 2863; baseline 0 -11"><span class='ocrx_word' id='word_1_257' title='bbox 319 2821 418 2852; x_wconf 83' lang='lat' dir='ltr'>imbui</span> <span class='ocrx_word' id='word_1_258' title='bbox 435 2822 522 2862; x_wconf 87' lang='lat' dir='ltr'>(nos,</span> <span class='ocrx_word' id='word_1_259' title='bbox 531 2824 704 2863; x_wconf 78' lang='lat' dir='ltr'>gegri&#39;mdet</span> <span class='ocrx_word' id='word_1_260' title='bbox 719 2833 756 2852; x_wconf 76' lang='lat' dir='ltr'>zu</span> <span class='ocrx_word' id='word_1_261' title='bbox 772 2819 906 2860; x_wconf 84' lang='lat' dir='ltr'>werden)</span> <span class='ocrx_word' id='word_1_262' title='bbox 920 2821 1051 2857; x_wconf 83' lang='lat' dir='ltr'>solebat,</span> 
     </span>
     <span class='ocr_line' id='line_1_55' title="bbox 319 2863 1051 2906; baseline 0 -12"><span class='ocrx_word' id='word_1_263' title='bbox 319 2869 355 2894; x_wconf 89' lang='lat' dir='ltr'>ut</span> <span class='ocrx_word' id='word_1_264' title='bbox 370 2863 415 2894; x_wconf 87' lang='lat' dir='ltr'>sic</span> <span class='ocrx_word' id='word_1_265' title='bbox 430 2868 493 2894; x_wconf 84' lang='lat' dir='ltr'>tam</span> <span class='ocrx_word' id='word_1_266' title='bbox 507 2863 691 2906; x_wconf 86' lang='lat' dir='ltr'>accipiendo</span> <span class='ocrx_word' id='word_1_267' title='bbox 701 2873 795 2905; x_wconf 86' lang='lat' dir='ltr'>quam</span> <span class='ocrx_word' id='word_1_268' title='bbox 808 2863 933 2893; x_wconf 84' lang='lat' dir='ltr'>firmiter</span> <span class='ocrx_word' id='word_1_269' title='bbox 945 2869 1051 2894; x_wconf 84' lang='lat' dir='ltr'>tenen-</span> 
     </span>
     <span class='ocr_line' id='line_1_56' title="bbox 320 2905 1053 2948; baseline 0.003 -12"><span class='ocrx_word' id='word_1_270' title='bbox 320 2906 361 2936; x_wconf 93' lang='lat' dir='ltr'>do</span> <span class='ocrx_word' id='word_1_271' title='bbox 392 2905 488 2936; x_wconf 90' lang='lat' dir='ltr'>colori</span> <span class='ocrx_word' id='word_1_272' title='bbox 544 2916 677 2948; x_wconf 87' lang='lat' dir='ltr'>urpureo</span> <span class='ocrx_word' id='word_1_273' title='bbox 711 2911 955 2948; x_wconf 74' lang='lat' dir='ltr'>praepararetur:</span> <span class='ocrx_word' id='word_1_274' title='bbox 988 2906 1053 2938; x_wconf 89' lang='lat' dir='ltr'>vid.</span> 
     </span>
     <span class='ocr_line' id='line_1_57' title="bbox 321 2917 1051 2991; baseline -0.003 -11"><span class='ocrx_word' id='word_1_275' title='bbox 321 2949 456 2989; x_wconf 85' lang='lat' dir='ltr'>Boettig.</span> <span class='ocrx_word' id='word_1_276' title='bbox 471 2947 510 2979; x_wconf 83' lang='lat' dir='ltr'>ad</span> <span class='ocrx_word' id='word_1_277' title='bbox 522 2917 557 2979; x_wconf 54' lang='lat' dir='ltr'>K.</span> <span class='ocrx_word' id='word_1_278' title='bbox 573 2948 594 2981; x_wconf 90' lang='lat'>1.</span> <span class='ocrx_word' id='word_1_279' title='bbox 609 2954 641 2981; x_wconf 85' lang='lat' dir='ltr'>et</span> <span class='ocrx_word' id='word_1_280' title='bbox 663 2959 743 2991; x_wconf 86' lang='lat' dir='ltr'>quos</span> <span class='ocrx_word' id='word_1_281' title='bbox 767 2947 875 2979; x_wconf 83' lang='lat' dir='ltr'>laudat</span> <span class='ocrx_word' id='word_1_282' title='bbox 898 2947 996 2979; x_wconf 87' lang='lat' dir='ltr'>Gesn.</span> <span class='ocrx_word' id='word_1_283' title='bbox 1012 2949 1051 2979; x_wconf 87' lang='lat' dir='ltr'>ad</span> 
     </span>
    </p>

    <p class='ocr_par' dir='ltr' id='par_1_16' title="bbox 697 3001 700 3014">
     <span class='ocr_line' id='line_1_58' title="bbox 697 3001 700 3014; baseline 0 0"><span class='ocrx_word' id='word_1_284' title='bbox 697 3001 700 3014; x_wconf 87' lang='grc' dir='ltr'>Ι</span> 
     </span>
    </p>
   </div>
   <div class='ocr_carea' id='block_1_15' title="bbox 705 1433 1181 1476">
    <p class='ocr_par' dir='ltr' id='par_1_17' title="bbox 705 1433 1181 1476">
     <span class='ocr_line' id='line_1_59' title="bbox 705 1433 1181 1476; baseline -0.002 0"><span class='ocrx_word' id='word_1_285' title='bbox 705 1433 848 1476; x_wconf 86' lang='lat' dir='ltr'>Altior</span> <span class='ocrx_word' id='word_1_286' title='bbox 868 1434 1004 1476; x_wconf 84' lang='lat' dir='ltr'>Italiae</span> <span class='ocrx_word' id='word_1_287' title='bbox 1026 1436 1158 1476; x_wconf 90' lang='lat' dir='ltr'>ruinis</span> <span class='ocrx_word' id='word_1_288' title='bbox 1172 1437 1181 1476; x_wconf 70' lang='grc' dir='ltr'>ἱ</span> 
     </span>
    </p>
   </div>
   <div class='ocr_carea' id='block_1_16' title="bbox 1088 1553 1828 2990">
    <p class='ocr_par' dir='ltr' id='par_1_18' title="bbox 1088 1553 1822 2134">
     <span class='ocr_line' id='line_1_60' title="bbox 1088 1553 1819 1597; baseline 0 -11"><span class='ocrx_word' id='word_1_289' title='bbox 1088 1555 1218 1592; x_wconf 87' lang='lat' dir='ltr'>Quinct.</span> <span class='ocrx_word' id='word_1_290' title='bbox 1244 1567 1275 1597; x_wconf 89' lang='lat' dir='ltr'>p.</span> <span class='ocrx_word' id='word_1_291' title='bbox 1301 1556 1375 1591; x_wconf 75' lang='lat'><strong>634,</strong></span> <span class='ocrx_word' id='word_1_292' title='bbox 1399 1560 1430 1586; x_wconf 84' lang='lat' dir='ltr'>et</span> <span class='ocrx_word' id='word_1_293' title='bbox 1454 1553 1650 1586; x_wconf 81' lang='lat' dir='ltr'>Beckmanni</span> <span class='ocrx_word' id='word_1_294' title='bbox 1674 1553 1819 1594; x_wconf 82' lang='lat' dir='ltr'>Beitriige</span> 
     </span>
     <span class='ocr_line' id='line_1_61' title="bbox 1088 1596 1819 1638; baseline 0 -10"><span class='ocrx_word' id='word_1_295' title='bbox 1088 1609 1141 1628; x_wconf 91' lang='lat' dir='ltr'>zur</span> <span class='ocrx_word' id='word_1_296' title='bbox 1170 1597 1364 1628; x_wconf 77' lang='lat' dir='ltr'>Geschichte</span> <span class='ocrx_word' id='word_1_297' title='bbox 1389 1598 1443 1628; x_wconf 85' lang='lat' dir='ltr'>der</span> <span class='ocrx_word' id='word_1_298' title='bbox 1468 1596 1587 1628; x_wconf 86' lang='lat' dir='ltr'>Erfind.</span> <span class='ocrx_word' id='word_1_299' title='bbox 1609 1597 1648 1628; x_wconf 91' lang='lat' dir='ltr'>T.</span> <span class='ocrx_word' id='word_1_300' title='bbox 1666 1596 1688 1633; x_wconf 89' lang='lat' dir='ltr'>i,</span> <span class='ocrx_word' id='word_1_301' title='bbox 1705 1607 1738 1638; x_wconf 88' lang='lat' dir='ltr'>p.</span> <span class='ocrx_word' id='word_1_302' title='bbox 1754 1598 1819 1628; x_wconf 85' lang='lat'>336</span> 
     </span>
     <span class='ocr_line' id='line_1_62' title="bbox 1088 1638 1818 1681; baseline 0.001 -12"><span class='ocrx_word' id='word_1_303' title='bbox 1088 1650 1158 1681; x_wconf 84' lang='lat' dir='ltr'>sqq.</span> <span class='ocrx_word' id='word_1_304' title='bbox 1203 1640 1321 1671; x_wconf 86' lang='lat' dir='ltr'>Eodem</span> <span class='ocrx_word' id='word_1_305' title='bbox 1337 1650 1431 1670; x_wconf 88' lang='lat' dir='ltr'>sensu</span> <span class='ocrx_word' id='word_1_306' title='bbox 1448 1650 1592 1670; x_wconf 81' lang='lat' dir='ltr'>venenum</span> <span class='ocrx_word' id='word_1_307' title='bbox 1603 1638 1660 1670; x_wconf 82' lang='lat' dir='ltr'>inf.</span> <span class='ocrx_word' id='word_1_308' title='bbox 1670 1638 1771 1681; x_wconf 81' lang='lat' dir='ltr'>Epist.</span> <span class='ocrx_word' id='word_1_309' title='bbox 1784 1639 1818 1675; x_wconf 90' lang='lat' dir='ltr'>ii,</span> 
     </span>
     <span class='ocr_line' id='line_1_63' title="bbox 1090 1682 1819 1718; baseline 0 -6"><span class='ocrx_word' id='word_1_310' title='bbox 1090 1684 1118 1718; x_wconf 90' lang='lat' dir='ltr'>l,</span> <span class='ocrx_word' id='word_1_311' title='bbox 1151 1683 1226 1718; x_wconf 85' lang='lat'><strong>207,</strong></span> <span class='ocrx_word' id='word_1_312' title='bbox 1266 1683 1355 1712; x_wconf 80' lang='lat' dir='ltr'>Lana</span> <span class='ocrx_word' id='word_1_313' title='bbox 1388 1682 1551 1713; x_wconf 76' lang='lat' dir='ltr'>Tarentino</span> <span class='ocrx_word' id='word_1_314' title='bbox 1579 1682 1672 1713; x_wconf 79' lang='lat' dir='ltr'>violas</span> <span class='ocrx_word' id='word_1_315' title='bbox 1699 1683 1819 1713; x_wconf 76' lang='lat' dir='ltr'>imitata</span> 
     </span>
     <span class='ocr_line' id='line_1_64' title="bbox 1088 1723 1822 1766; baseline 0.001 -12"><span class='ocrx_word' id='word_1_316' title='bbox 1088 1735 1210 1755; x_wconf 81' lang='lat' dir='ltr'>veneno.</span> <span class='ocrx_word' id='word_1_317' title='bbox 1257 1725 1375 1766; x_wconf 77' lang='lat' dir='ltr'>Refert,</span> <span class='ocrx_word' id='word_1_318' title='bbox 1398 1725 1500 1755; x_wconf 90' lang='lat' dir='ltr'>denuo</span> <span class='ocrx_word' id='word_1_319' title='bbox 1525 1723 1673 1760; x_wconf 78' lang='lat' dir='ltr'>ostendit,</span> <span class='ocrx_word' id='word_1_320' title='bbox 1699 1723 1822 1766; x_wconf 83' lang='lat' dir='ltr'>recipit.</span> 
     </span>
     <span class='ocr_line' id='line_1_65' title="bbox 1088 1766 1819 1807; baseline 0 -10"><span class='ocrx_word' id='word_1_321' title='bbox 1088 1768 1214 1797; x_wconf 75' lang='lat' dir='ltr'>Amissos</span> <span class='ocrx_word' id='word_1_322' title='bbox 1245 1767 1364 1802; x_wconf 80' lang='lat' dir='ltr'>colores,</span> <span class='ocrx_word' id='word_1_323' title='bbox 1393 1766 1558 1797; x_wconf 81' lang='lat' dir='ltr'>candorem</span> <span class='ocrx_word' id='word_1_324' title='bbox 1587 1771 1674 1807; x_wconf 85' lang='lat' dir='ltr'>puta.</span> <span class='ocrx_word' id='word_1_325' title='bbox 1721 1767 1819 1797; x_wconf 78' lang='lat' dir='ltr'>Curat</span> 
     </span>
     <span class='ocr_line' id='line_1_66' title="bbox 1088 1807 1818 1850; baseline 0.003 -12"><span class='ocrx_word' id='word_1_326' title='bbox 1088 1811 1192 1848; x_wconf 80' lang='lat' dir='ltr'>reponi</span> <span class='ocrx_word' id='word_1_327' title='bbox 1215 1811 1429 1840; x_wconf 81' lang='lat' dir='ltr'>deterioribus.-</span> <span class='ocrx_word' id='word_1_328' title='bbox 1459 1807 1557 1839; x_wconf 87' lang='lat' dir='ltr'>redire</span> <span class='ocrx_word' id='word_1_329' title='bbox 1581 1808 1667 1850; x_wconf 84' lang='lat' dir='ltr'>cupit</span> <span class='ocrx_word' id='word_1_330' title='bbox 1690 1807 1724 1839; x_wconf 88' lang='lat' dir='ltr'>in</span> <span class='ocrx_word' id='word_1_331' title='bbox 1745 1818 1818 1850; x_wconf 87' lang='lat' dir='ltr'>pec-</span> 
     </span>
     <span class='ocr_line' id='line_1_67' title="bbox 1090 1849 1820 1892; baseline 0 -11"><span class='ocrx_word' id='word_1_332' title='bbox 1090 1857 1155 1882; x_wconf 89' lang='lat' dir='ltr'>tora</span> <span class='ocrx_word' id='word_1_333' title='bbox 1170 1862 1276 1882; x_wconf 90' lang='lat' dir='ltr'>eorum</span> <span class='ocrx_word' id='word_1_334' title='bbox 1291 1851 1346 1892; x_wconf 91' lang='lat' dir='ltr'>qui</span> <span class='ocrx_word' id='word_1_335' title='bbox 1361 1850 1524 1881; x_wconf 83' lang='lat' dir='ltr'>deteriores</span> <span class='ocrx_word' id='word_1_336' title='bbox 1538 1849 1614 1881; x_wconf 81' lang='lat' dir='ltr'>facti</span> <span class='ocrx_word' id='word_1_337' title='bbox 1632 1855 1724 1888; x_wconf 80' lang='lat' dir='ltr'>sunt3</span> <span class='ocrx_word' id='word_1_338' title='bbox 1747 1860 1820 1882; x_wconf 78' lang='lat' dir='ltr'>sen-</span> 
     </span>
     <span class='ocr_line' id='line_1_68' title="bbox 1090 1892 1821 1934; baseline 0.001 -11"><span class='ocrx_word' id='word_1_339' title='bbox 1090 1893 1206 1924; x_wconf 82' lang='lat' dir='ltr'>tentia:</span> <span class='ocrx_word' id='word_1_340' title='bbox 1230 1893 1284 1934; x_wconf 87' lang='lat' dir='ltr'>qui</span> <span class='ocrx_word' id='word_1_341' title='bbox 1308 1892 1404 1924; x_wconf 86' lang='lat' dir='ltr'>semel</span> <span class='ocrx_word' id='word_1_342' title='bbox 1430 1903 1449 1923; x_wconf 91' lang='lat' dir='ltr'>a</span> <span class='ocrx_word' id='word_1_343' title='bbox 1471 1903 1551 1924; x_wconf 82' lang='lat' dir='ltr'>verae</span> <span class='ocrx_word' id='word_1_344' title='bbox 1575 1892 1695 1924; x_wconf 82' lang='lat' dir='ltr'>virtutis</span> <span class='ocrx_word' id='word_1_345' title='bbox 1718 1893 1821 1924; x_wconf 81' lang='lat' dir='ltr'>studio</span> 
     </span>
     <span class='ocr_line' id='line_1_69' title="bbox 1091 1934 1822 1977; baseline 0.001 -12"><span class='ocrx_word' id='word_1_346' title='bbox 1091 1942 1294 1971; x_wconf 83' lang='lat' dir='ltr'>recesserunt,</span> <span class='ocrx_word' id='word_1_347' title='bbox 1311 1941 1342 1966; x_wconf 89' lang='lat' dir='ltr'>et</span> <span class='ocrx_word' id='word_1_348' title='bbox 1358 1934 1483 1976; x_wconf 84' lang='lat' dir='ltr'>ignavia</span> <span class='ocrx_word' id='word_1_349' title='bbox 1502 1945 1535 1966; x_wconf 84' lang='lat' dir='ltr'>se</span> <span class='ocrx_word' id='word_1_350' title='bbox 1559 1935 1713 1977; x_wconf 85' lang='lat' dir='ltr'>corrumpi</span> <span class='ocrx_word' id='word_1_351' title='bbox 1738 1935 1822 1977; x_wconf 85' lang='lat' dir='ltr'>passi</span> 
     </span>
     <span class='ocr_line' id='line_1_70' title="bbox 1091 1977 1821 2020; baseline 0.001 -12"><span class='ocrx_word' id='word_1_352' title='bbox 1091 1983 1175 2013; x_wconf 89' lang='lat' dir='ltr'>sunt,</span> <span class='ocrx_word' id='word_1_353' title='bbox 1203 1978 1223 2007; x_wconf 85' lang='lat' dir='ltr'>ii</span> <span class='ocrx_word' id='word_1_354' title='bbox 1250 1988 1412 2020; x_wconf 84' lang='lat' dir='ltr'>nunquam</span> <span class='ocrx_word' id='word_1_355' title='bbox 1439 1977 1478 2007; x_wconf 81' lang='lat' dir='ltr'>ad</span> <span class='ocrx_word' id='word_1_356' title='bbox 1505 1977 1618 2007; x_wconf 88' lang='lat' dir='ltr'>bonam</span> <span class='ocrx_word' id='word_1_357' title='bbox 1643 1977 1760 2017; x_wconf 80' lang='lat' dir='ltr'>frugem</span> <span class='ocrx_word' id='word_1_358' title='bbox 1788 1987 1821 2009; x_wconf 77' lang='lat' dir='ltr'>se</span> 
     </span>
     <span class='ocr_line' id='line_1_71' title="bbox 1092 2018 1822 2062; baseline 0 -12"><span class='ocrx_word' id='word_1_359' title='bbox 1092 2019 1252 2061; x_wconf 78' lang='lat' dir='ltr'>recipient,</span> <span class='ocrx_word' id='word_1_360' title='bbox 1272 2020 1326 2050; x_wconf 82' lang='lat' dir='ltr'>sed</span> <span class='ocrx_word' id='word_1_361' title='bbox 1347 2030 1401 2062; x_wconf 88' lang='lat' dir='ltr'>pro</span> <span class='ocrx_word' id='word_1_362' title='bbox 1425 2018 1552 2061; x_wconf 76' lang='lat' dir='ltr'>perditis</span> <span class='ocrx_word' id='word_1_363' title='bbox 1577 2018 1712 2050; x_wconf 84' lang='lat' dir='ltr'>habendi</span> <span class='ocrx_word' id='word_1_364' title='bbox 1735 2024 1822 2050; x_wconf 73' lang='lat' dir='ltr'>sunt.</span> 
     </span>
     <span class='ocr_line' id='line_1_72' title="bbox 1095 2061 1821 2104; baseline 0.001 -13"><span class='ocrx_word' id='word_1_365' title='bbox 1095 2062 1191 2092; x_wconf 79' lang='lat' dir='ltr'>Curat</span> <span class='ocrx_word' id='word_1_366' title='bbox 1215 2064 1328 2102; x_wconf 83' lang='lat' dir='ltr'>reponi,</span> <span class='ocrx_word' id='word_1_367' title='bbox 1352 2072 1406 2104; x_wconf 81' lang='lat' dir='ltr'>pro</span> <span class='ocrx_word' id='word_1_368' title='bbox 1431 2061 1563 2102; x_wconf 85' lang='lat' dir='ltr'>vulgari,</span> <span class='ocrx_word' id='word_1_369' title='bbox 1586 2071 1620 2092; x_wconf 85' lang='lat' dir='ltr'>se</span> <span class='ocrx_word' id='word_1_370' title='bbox 1635 2061 1743 2104; x_wconf 84' lang='lat' dir='ltr'>reponi</span> <span class='ocrx_word' id='word_1_371' title='bbox 1765 2070 1821 2104; x_wconf 80' lang='lat' dir='ltr'>pa-</span> 
     </span>
     <span class='ocr_line' id='line_1_73' title="bbox 1090 2109 1178 2134; baseline 0 0"><span class='ocrx_word' id='word_1_372' title='bbox 1090 2109 1178 2134; x_wconf 79' lang='lat' dir='ltr'>titur.</span> 
     </span>
    </p>

    <p class='ocr_par' dir='ltr' id='par_1_19' title="bbox 1089 2146 1826 2609">
     <span class='ocr_line' id='line_1_74' title="bbox 1132 2146 1822 2186; baseline 0 -10"><span class='ocrx_word' id='word_1_373' title='bbox 1132 2147 1270 2177; x_wconf 72' lang='lat'>31-36.</span> <span class='ocrx_word' id='word_1_374' title='bbox 1293 2146 1325 2176; x_wconf 77' lang='lat' dir='ltr'>Si</span> <span class='ocrx_word' id='word_1_375' title='bbox 1338 2151 1459 2186; x_wconf 83' lang='lat' dir='ltr'>pugnat</span> <span class='ocrx_word' id='word_1_376' title='bbox 1472 2146 1628 2182; x_wconf 65' lang='lat' dir='ltr'>extricata,</span> <span class='ocrx_word' id='word_1_377' title='bbox 1651 2149 1727 2176; x_wconf 75' lang='lat' dir='ltr'>cett·</span> <span class='ocrx_word' id='word_1_378' title='bbox 1747 2154 1822 2176; x_wconf 82' lang='lat' dir='ltr'>cen-</span> 
     </span>
     <span class='ocr_line' id='line_1_75' title="bbox 1090 2187 1822 2230; baseline 0.001 -13"><span class='ocrx_word' id='word_1_379' title='bbox 1090 2198 1143 2217; x_wconf 88' lang='lat' dir='ltr'>sus</span> <span class='ocrx_word' id='word_1_380' title='bbox 1155 2211 1162 2223; x_wconf 92' lang='lat'><em>,</em></span> <span class='ocrx_word' id='word_1_381' title='bbox 1188 2188 1213 2218; x_wconf 91' lang='lat' dir='ltr'>si</span> <span class='ocrx_word' id='word_1_382' title='bbox 1227 2188 1292 2218; x_wconf 84' lang='lat' dir='ltr'>fieri</span> <span class='ocrx_word' id='word_1_383' title='bbox 1307 2194 1419 2230; x_wconf 85' lang='lat' dir='ltr'>potest,</span> <span class='ocrx_word' id='word_1_384' title='bbox 1436 2194 1472 2218; x_wconf 87' lang='lat' dir='ltr'>ut</span> <span class='ocrx_word' id='word_1_385' title='bbox 1486 2197 1578 2218; x_wconf 83' lang='lat' dir='ltr'>cerva</span> <span class='ocrx_word' id='word_1_386' title='bbox 1597 2187 1715 2218; x_wconf 87' lang='lat' dir='ltr'>retibus</span> <span class='ocrx_word' id='word_1_387' title='bbox 1727 2196 1822 2229; x_wconf 86' lang='lat' dir='ltr'>expe-</span> 
     </span>
     <span class='ocr_line' id='line_1_76' title="bbox 1089 2229 1823 2271; baseline 0.003 -12"><span class='ocrx_word' id='word_1_388' title='bbox 1089 2230 1156 2260; x_wconf 85' lang='lat' dir='ltr'>dita</span> <span class='ocrx_word' id='word_1_389' title='bbox 1182 2230 1378 2261; x_wconf 76' lang='lat' dir='ltr'>timiditatem</span> <span class='ocrx_word' id='word_1_390' title='bbox 1404 2239 1492 2260; x_wconf 90' lang='lat' dir='ltr'>suam</span> <span class='ocrx_word' id='word_1_391' title='bbox 1517 2229 1664 2271; x_wconf 82' lang='lat' dir='ltr'>deponat,</span> <span class='ocrx_word' id='word_1_392' title='bbox 1687 2235 1720 2260; x_wconf 87' lang='lat' dir='ltr'>et</span> <span class='ocrx_word' id='word_1_393' title='bbox 1745 2229 1823 2261; x_wconf 79' lang='lat' dir='ltr'>sorte</span> 
     </span>
     <span class='ocr_line' id='line_1_77' title="bbox 1091 2270 1825 2313; baseline 0.001 -11"><span class='ocrx_word' id='word_1_394' title='bbox 1091 2271 1210 2302; x_wconf 89' lang='lat' dir='ltr'>animal</span> <span class='ocrx_word' id='word_1_395' title='bbox 1237 2272 1368 2309; x_wconf 86' lang='lat' dir='ltr'>evadat;</span> <span class='ocrx_word' id='word_1_396' title='bbox 1402 2277 1468 2302; x_wconf 87' lang='lat' dir='ltr'>tum</span> <span class='ocrx_word' id='word_1_397' title='bbox 1492 2270 1556 2302; x_wconf 88' lang='lat' dir='ltr'>fieri</span> <span class='ocrx_word' id='word_1_398' title='bbox 1586 2281 1712 2313; x_wconf 87' lang='lat' dir='ltr'>quoque</span> <span class='ocrx_word' id='word_1_399' title='bbox 1734 2281 1825 2312; x_wconf 54' lang='lat' dir='ltr'>pose</span> 
     </span>
     <span class='ocr_line' id='line_1_78' title="bbox 1091 2312 1823 2355; baseline 0.003 -11"><span class='ocrx_word' id='word_1_400' title='bbox 1091 2314 1285 2351; x_wconf 83' lang='lat' dir='ltr'>crediderim,</span> <span class='ocrx_word' id='word_1_401' title='bbox 1303 2319 1337 2345; x_wconf 90' lang='lat' dir='ltr'>ut</span> <span class='ocrx_word' id='word_1_402' title='bbox 1352 2313 1466 2344; x_wconf 88' lang='lat' dir='ltr'>milites</span> <span class='ocrx_word' id='word_1_403' title='bbox 1481 2313 1578 2344; x_wconf 82' lang='lat' dir='ltr'>nostri</span> <span class='ocrx_word' id='word_1_404' title='bbox 1593 2314 1709 2355; x_wconf 83' lang='lat' dir='ltr'>ignavi,</span> <span class='ocrx_word' id='word_1_405' title='bbox 1723 2312 1823 2355; x_wconf 83' lang='lat' dir='ltr'>quise</span> 
     </span>
     <span class='ocr_line' id='line_1_79' title="bbox 1092 2355 1822 2398; baseline 0 -12"><span class='ocrx_word' id='word_1_406' title='bbox 1092 2357 1163 2398; x_wconf 89' lang='lat' dir='ltr'>capi</span> <span class='ocrx_word' id='word_1_407' title='bbox 1188 2362 1219 2387; x_wconf 87' lang='lat' dir='ltr'>et</span> <span class='ocrx_word' id='word_1_408' title='bbox 1246 2355 1357 2387; x_wconf 85' lang='lat' dir='ltr'>vinciri</span> <span class='ocrx_word' id='word_1_409' title='bbox 1384 2356 1468 2397; x_wconf 87' lang='lat' dir='ltr'>passi</span> <span class='ocrx_word' id='word_1_410' title='bbox 1491 2361 1564 2387; x_wconf 90' lang='lat' dir='ltr'>sunt</span> <span class='ocrx_word' id='word_1_411' title='bbox 1597 2357 1637 2388; x_wconf 88' lang='lat' dir='ltr'>ab</span> <span class='ocrx_word' id='word_1_412' title='bbox 1670 2355 1822 2393; x_wconf 78' lang='lat' dir='ltr'>hostibus,</span> 
     </span>
     <span class='ocr_line' id='line_1_80' title="bbox 1091 2397 1823 2440; baseline -0.001 -11"><span class='ocrx_word' id='word_1_413' title='bbox 1091 2398 1227 2430; x_wconf 88' lang='lat' dir='ltr'>evadant</span> <span class='ocrx_word' id='word_1_414' title='bbox 1243 2398 1298 2429; x_wconf 88' lang='lat' dir='ltr'>viri</span> <span class='ocrx_word' id='word_1_415' title='bbox 1313 2399 1416 2435; x_wconf 85' lang='lat' dir='ltr'>fortes,</span> <span class='ocrx_word' id='word_1_416' title='bbox 1427 2403 1460 2429; x_wconf 88' lang='lat' dir='ltr'>et</span> <span class='ocrx_word' id='word_1_417' title='bbox 1471 2408 1551 2429; x_wconf 89' lang='lat' dir='ltr'>novo</span> <span class='ocrx_word' id='word_1_418' title='bbox 1563 2397 1674 2440; x_wconf 86' lang='lat' dir='ltr'>proelio</span> <span class='ocrx_word' id='word_1_419' title='bbox 1690 2397 1823 2429; x_wconf 81' lang='lat' dir='ltr'>Cartha·</span> 
     </span>
     <span class='ocr_line' id='line_1_81' title="bbox 1094 2440 1824 2481; baseline 0.003 -11"><span class='ocrx_word' id='word_1_420' title='bbox 1094 2440 1252 2481; x_wconf 87' lang='lat' dir='ltr'>ginienses</span> <span class='ocrx_word' id='word_1_421' title='bbox 1267 2441 1406 2471; x_wconf 83' lang='lat' dir='ltr'>vincant.</span> <span class='ocrx_word' id='word_1_422' title='bbox 1428 2441 1465 2471; x_wconf 88' lang='lat' dir='ltr'>Se</span> <span class='ocrx_word' id='word_1_423' title='bbox 1478 2442 1609 2472; x_wconf 78' lang='lat' dir='ltr'>credidit</span> <span class='ocrx_word' id='word_1_424' title='bbox 1624 2441 1763 2475; x_wconf 75' lang='lat' dir='ltr'>hostibus,</span> <span class='ocrx_word' id='word_1_425' title='bbox 1779 2450 1824 2472; x_wconf 86' lang='lat' dir='ltr'>sc.</span> 
     </span>
     <span class='ocr_line' id='line_1_82' title="bbox 1093 2482 1826 2524; baseline 0 -11"><span class='ocrx_word' id='word_1_426' title='bbox 1093 2483 1261 2515; x_wconf 87' lang='lat' dir='ltr'>deditione.</span> <span class='ocrx_word' id='word_1_427' title='bbox 1297 2484 1464 2518; x_wconf 65' lang='lat' dir='ltr'>Rem-ictis,</span> <span class='ocrx_word' id='word_1_428' title='bbox 1473 2482 1595 2514; x_wconf 85' lang='lat' dir='ltr'>retortis</span> <span class='ocrx_word' id='word_1_429' title='bbox 1607 2482 1667 2524; x_wconf 85' lang='lat' dir='ltr'>(cf.</span> <span class='ocrx_word' id='word_1_430' title='bbox 1677 2482 1779 2521; x_wconf 80' lang='lat' dir='ltr'>v.22)</span> <span class='ocrx_word' id='word_1_431' title='bbox 1794 2487 1826 2513; x_wconf 86' lang='lat' dir='ltr'>et</span> 
     </span>
     <span class='ocr_line' id='line_1_83' title="bbox 1094 2523 1826 2566; baseline 0.001 -11"><span class='ocrx_word' id='word_1_432' title='bbox 1094 2525 1127 2555; x_wconf 89' lang='lat' dir='ltr'>in</span> <span class='ocrx_word' id='word_1_433' title='bbox 1144 2531 1264 2566; x_wconf 86' lang='lat' dir='ltr'>tergum</span> <span class='ocrx_word' id='word_1_434' title='bbox 1281 2525 1407 2557; x_wconf 77' lang='lat' dir='ltr'>vinctis.</span> <span class='ocrx_word' id='word_1_435' title='bbox 1450 2525 1549 2560; x_wconf 79' lang='lat' dir='ltr'>Iners,</span> <span class='ocrx_word' id='word_1_436' title='bbox 1561 2525 1600 2556; x_wconf 84' lang='lat' dir='ltr'>de</span> <span class='ocrx_word' id='word_1_437' title='bbox 1611 2524 1736 2556; x_wconf 85' lang='lat' dir='ltr'>homine</span> <span class='ocrx_word' id='word_1_438' title='bbox 1747 2523 1826 2556; x_wconf 86' lang='lat' dir='ltr'>lenti</span> 
     </span>
     <span class='ocr_line' id='line_1_84' title="bbox 1095 2566 1716 2609; baseline 0 -11"><span class='ocrx_word' id='word_1_439' title='bbox 1095 2567 1204 2603; x_wconf 88' lang='lat' dir='ltr'>animi,</span> <span class='ocrx_word' id='word_1_440' title='bbox 1221 2567 1276 2609; x_wconf 89' lang='lat' dir='ltr'>qui</span> <span class='ocrx_word' id='word_1_441' title='bbox 1291 2567 1479 2599; x_wconf 87' lang='lat' dir='ltr'>contumelia</span> <span class='ocrx_word' id='word_1_442' title='bbox 1495 2577 1557 2598; x_wconf 84' lang='lat' dir='ltr'>non</span> <span class='ocrx_word' id='word_1_443' title='bbox 1571 2566 1716 2598; x_wconf 84' lang='lat' dir='ltr'>afficitur.</span> 
     </span>
    </p>

    <p class='ocr_par' dir='ltr' id='par_1_20' title="bbox 1093 2610 1828 2990">
     <span class='ocr_line' id='line_1_85' title="bbox 1133 2610 1826 2645; baseline -0.001 -4"><span class='ocrx_word' id='word_1_444' title='bbox 1133 2611 1275 2642; x_wconf 75' lang='lat'>‚37-40.</span> <span class='ocrx_word' id='word_1_445' title='bbox 1299 2611 1372 2645; x_wconf 73' lang='lat' dir='ltr'>Hic.</span> <span class='ocrx_word' id='word_1_446' title='bbox 1397 2612 1478 2641; x_wconf 77' lang='lat' dir='ltr'>unde</span> <span class='ocrx_word' id='word_1_447' title='bbox 1497 2611 1592 2641; x_wconf 78' lang='lat' dir='ltr'>vitam</span> <span class='ocrx_word' id='word_1_448' title='bbox 1615 2615 1755 2645; x_wconf 73' lang='lat' dir='ltr'>sumeret,</span> <span class='ocrx_word' id='word_1_449' title='bbox 1776 2610 1826 2640; x_wconf 76' lang='grc' dir='ltr'>ἰη-</span> 
     </span>
     <span class='ocr_line' id='line_1_86' title="bbox 1093 2651 1826 2694; baseline -0.001 -11"><span class='ocrx_word' id='word_1_450' title='bbox 1093 2654 1180 2690; x_wconf 82' lang='lat' dir='ltr'>scius,</span> <span class='ocrx_word' id='word_1_451' title='bbox 1208 2652 1340 2693; x_wconf 81' lang='lat' dir='ltr'>ignavus</span> <span class='ocrx_word' id='word_1_452' title='bbox 1366 2651 1435 2687; x_wconf 85' lang='lat' dir='ltr'>iste.</span> <span class='ocrx_word' id='word_1_453' title='bbox 1466 2651 1522 2694; x_wconf 89' lang='lat' dir='ltr'>qui</span> <span class='ocrx_word' id='word_1_454' title='bbox 1555 2661 1679 2683; x_wconf 88' lang='lat' dir='ltr'>omnem</span> <span class='ocrx_word' id='word_1_455' title='bbox 1715 2651 1826 2682; x_wconf 63' lang='lat' dir='ltr'>saluus</span> 
     </span>
     <span class='ocr_line' id='line_1_87' title="bbox 1094 2693 1826 2736; baseline 0 -12"><span class='ocrx_word' id='word_1_456' title='bbox 1094 2705 1180 2736; x_wconf 88' lang='lat' dir='ltr'>spem</span> <span class='ocrx_word' id='word_1_457' title='bbox 1203 2694 1235 2725; x_wconf 84' lang='lat' dir='ltr'>in</span> <span class='ocrx_word' id='word_1_458' title='bbox 1259 2694 1326 2726; x_wconf 86' lang='lat' dir='ltr'>sola</span> <span class='ocrx_word' id='word_1_459' title='bbox 1351 2695 1463 2725; x_wconf 90' lang='lat' dir='ltr'>virtute</span> <span class='ocrx_word' id='word_1_460' title='bbox 1483 2699 1516 2725; x_wconf 88' lang='lat' dir='ltr'>et</span> <span class='ocrx_word' id='word_1_461' title='bbox 1533 2693 1626 2725; x_wconf 85' lang='lat' dir='ltr'>armis</span> <span class='ocrx_word' id='word_1_462' title='bbox 1649 2693 1826 2735; x_wconf 81' lang='lat' dir='ltr'>ponendam</span> 
     </span>
     <span class='ocr_line' id='line_1_88' title="bbox 1094 2735 1826 2768; baseline -0.001 -1"><span class='ocrx_word' id='word_1_463' title='bbox 1094 2747 1162 2768; x_wconf 87' lang='lat' dir='ltr'>esse</span> <span class='ocrx_word' id='word_1_464' title='bbox 1202 2736 1284 2768; x_wconf 87' lang='lat' dir='ltr'>haud</span> <span class='ocrx_word' id='word_1_465' title='bbox 1319 2736 1483 2768; x_wconf 85' lang='lat' dir='ltr'>didicerat.</span> <span class='ocrx_word' id='word_1_466' title='bbox 1547 2736 1711 2767; x_wconf 73' lang='lat' dir='ltr'>Romanus</span> <span class='ocrx_word' id='word_1_467' title='bbox 1741 2735 1826 2767; x_wconf 87' lang='lat' dir='ltr'>enim</span> 
     </span>
     <span class='ocr_line' id='line_1_89' title="bbox 1095 2777 1827 2820; baseline -0.001 -11"><span class='ocrx_word' id='word_1_468' title='bbox 1095 2779 1186 2810; x_wconf 88' lang='lat' dir='ltr'>miles</span> <span class='ocrx_word' id='word_1_469' title='bbox 1213 2779 1327 2810; x_wconf 85' lang='lat' dir='ltr'>sentire</span> <span class='ocrx_word' id='word_1_470' title='bbox 1352 2778 1496 2814; x_wconf 85' lang='lat' dir='ltr'>debebat,</span> <span class='ocrx_word' id='word_1_471' title='bbox 1527 2783 1562 2808; x_wconf 90' lang='lat' dir='ltr'>ut</span> <span class='ocrx_word' id='word_1_472' title='bbox 1590 2778 1712 2809; x_wconf 80' lang='lat' dir='ltr'>AEneas</span> <span class='ocrx_word' id='word_1_473' title='bbox 1741 2777 1827 2820; x_wconf 89' lang='lat' dir='ltr'>apud</span> 
     </span>
     <span class='ocr_line' id='line_1_90' title="bbox 1098 2820 1824 2861; baseline -0.003 -9"><span class='ocrx_word' id='word_1_474' title='bbox 1098 2821 1189 2861; x_wconf 83' lang='lat' dir='ltr'>Virg.</span> <span class='ocrx_word' id='word_1_475' title='bbox 1215 2822 1293 2852; x_wconf 84' lang='lat' dir='ltr'>AEn.</span> <span class='ocrx_word' id='word_1_476' title='bbox 1311 2821 1344 2858; x_wconf 89' lang='lat' dir='ltr'>ii,</span> <span class='ocrx_word' id='word_1_477' title='bbox 1358 2822 1434 2856; x_wconf 86' lang='lat'>353,</span> <span class='ocrx_word' id='word_1_478' title='bbox 1451 2821 1526 2855; x_wconf 83' lang='lat'>354.</span> <span class='ocrx_word' id='word_1_479' title='bbox 1544 2820 1727 2857; x_wconf 73' lang='lat' dir='ltr'>Moriamur,</span> <span class='ocrx_word' id='word_1_480' title='bbox 1745 2826 1774 2850; x_wconf 81' lang='lat' dir='ltr'>et</span> <span class='ocrx_word' id='word_1_481' title='bbox 1790 2821 1824 2850; x_wconf 81' lang='lat' dir='ltr'>in</span> 
     </span>
     <span class='ocr_line' id='line_1_91' title="bbox 1097 2861 1827 2899; baseline -0.003 -5"><span class='ocrx_word' id='word_1_482' title='bbox 1097 2866 1194 2894; x_wconf 82' lang='lat' dir='ltr'>media</span> <span class='ocrx_word' id='word_1_483' title='bbox 1221 2873 1480 2894; x_wconf 36' lang='lat' dir='ltr'>armaxruamus:</span> <span class='ocrx_word' id='word_1_484' title='bbox 1519 2861 1589 2894; x_wconf 79' lang='lat' dir='ltr'>Una</span> <span class='ocrx_word' id='word_1_485' title='bbox 1619 2863 1702 2894; x_wconf 73' lang='lat' dir='ltr'>satus</span> <span class='ocrx_word' id='word_1_486' title='bbox 1729 2863 1827 2899; x_wconf 78' lang='lat' dir='ltr'>vietis,</span> 
     </span>
     <span class='ocr_line' id='line_1_92' title="bbox 1097 2905 1828 2945; baseline -0.003 -9"><span class='ocrx_word' id='word_1_487' title='bbox 1097 2907 1215 2936; x_wconf 80' lang='lat' dir='ltr'>nullam</span> <span class='ocrx_word' id='word_1_488' title='bbox 1247 2916 1364 2945; x_wconf 82' lang='lat' dir='ltr'>sperare</span> <span class='ocrx_word' id='word_1_489' title='bbox 1399 2905 1538 2936; x_wconf 78' lang='lat' dir='ltr'>salutem.</span> <span class='ocrx_word' id='word_1_490' title='bbox 1583 2905 1694 2936; x_wconf 82' lang='lat' dir='ltr'>Pacem</span> <span class='ocrx_word' id='word_1_491' title='bbox 1727 2905 1828 2936; x_wconf 79' lang='lat' dir='ltr'>duello</span> 
     </span>
     <span class='ocr_line' id='line_1_93' title="bbox 1096 2945 1827 2990; baseline 0 -12"><span class='ocrx_word' id='word_1_492' title='bbox 1096 2950 1226 2984; x_wconf 78' lang='lat' dir='ltr'>miscuit,</span> <span class='ocrx_word' id='word_1_493' title='bbox 1242 2948 1315 2979; x_wconf 87' lang='lat' dir='ltr'>dum</span> <span class='ocrx_word' id='word_1_494' title='bbox 1335 2947 1404 2986; x_wconf 84' lang='lat' dir='ltr'>iste,</span> <span class='ocrx_word' id='word_1_495' title='bbox 1429 2947 1483 2979; x_wconf 89' lang='lat' dir='ltr'>ubi</span> <span class='ocrx_word' id='word_1_496' title='bbox 1505 2957 1646 2990; x_wconf 84' lang='lat' dir='ltr'>pugnare</span> <span class='ocrx_word' id='word_1_497' title='bbox 1667 2945 1827 2984; x_wconf 81' lang='lat' dir='ltr'>debuerat,</span> 
     </span>
    </p>
   </div>
   <div class='ocr_carea' id='block_1_17' title="bbox 1833 0 1884 552">
    <p class='ocr_par' dir='ltr' id='par_1_21' title="bbox 1833 0 1884 552">
     <span class='ocr_line' id='line_1_94' title="bbox 1833 0 1884 552; baseline 0 2736"><span class='ocrx_word' id='word_1_498' title='bbox 1833 0 1884 552; x_wconf 95' lang='lat' dir='ltr'> </span> 
     </span>
    </p>
   </div>
  </div>
 </body>
</html>
