1904 3314
358 215 443 257 394

893 218 1322 262 SATIRARUM

470 315 642 358 Dixerit
662 317 854 358 insanum
875 318 948 372 qui
967 333 1048 369 me,
1070 321 1247 362 totidem
1268 321 1436 371 audiet3
1469 328 1598 375 atque

469 382 703 436 Respicere
724 384 869 437 ignoto
891 385 1026 426 discet
1046 387 1276 439 pendentia
1297 394 1433 442 tergo.

356 448 440 489 300
469 447 626 498 Stoice,
647 455 745 503 post
765 450 963 491 damnum
984 451 1044 492 sic
1064 453 1223 493 vendas
1244 454 1380 493 omnia
1402 453 1535 507 pluris
1553 468 1562 493 :

474 514 574 561 Qua
593 529 658 555 me
680 515 857 556 stultitia
878 517 1091 570 (quoniam
1111 533 1195 559 non
1217 526 1282 559 est
1303 534 1437 573 genus
1459 518 1604 570 unum)

467 581 659 622 Insanire
679 584 836 634 putas?
867 597 948 636 ego
969 598 1064 623 nam
1084 584 1232 625 videor
1251 585 1353 625 mihi
1375 600 1516 626 sanus·

469 647 616 694 Quid?
648 655 776 702 caput
797 649 1032 689 abscissum
1051 651 1244 691 manibus
1266 666 1396 704 quum
1417 656 1560 705 portat
1582 648 1732 703 Agave

470 713 602 754 Gnati
622 713 815 763 infelicis,
838 715 917 755 sibi
937 722 1026 755 tum
1046 715 1206 757 furiosa
1225 717 1423 758 videtur?

355 781 440 821 305
469 779 656 821 Stultum
676 794 741 820 me
762 780 898 821 fateor
919 780 1059 833 (liceat
1079 783 1314 823 concedere
1335 784 1462 834 veris)

470 846 616 900 Atque
638 847 763 887 etiam
783 847 1000 897 insanum3
1032 855 1196 889 tantum
1215 849 1298 890 hoc
1317 849 1520 897 edissere,
1541 862 1628 901 quo
1646 860 1714 887 me

469 913 702 966 AEgrotare
722 920 848 967 putes
869 914 994 954 animi
1014 915 1146 954 vitio?

1208 913 1392 968 Accipe:
1425 915 1606 968 primum

471 979 698 1029 AEdificas,
721 980 801 1020 hoc
822 987 901 1029 est,
922 979 1072 1034 longos
1092 980 1280 1029 imitaris,
1303 981 1357 1020 ab
1376 981 1460 1020 imo

472 1044 545 1086 Ad
567 1061 773 1086 summum
794 1053 909 1086 totus
930 1045 1089 1087 moduli
1109 1045 1318 1100 bipedalis
1335 1064 1344 1096 ;
1376 1053 1419 1086 et
1439 1046 1553 1086 idem

356 1112 440 1154 310
470 1111 660 1165 Corpore
683 1112 882 1165 majorem
902 1112 1016 1153 rides
1037 1111 1256 1152 Turbonis
1278 1112 1322 1151 in
1341 1111 1466 1151 armis

471 1177 676 1231 Spiritum
696 1184 738 1218 et
759 1178 990 1218 incessum:
1023 1178 1098 1231 qui
1117 1177 1320 1219 ridiculus
1341 1178 1478 1218 minus
1498 1175 1600 1217 illo?

468 1243 539 1284 An
560 1243 847 1297 quodcunque
869 1243 969 1285 facit
991 1244 1223 1293 Maecenas,
1245 1250 1286 1285 te
1307 1258 1477 1297 quoque
1498 1256 1642 1284 verum
1664 1246 1744 1290 est,

468 1309 611 1350 Tanto
632 1310 890 1357 dissimilem,
914 1319 956 1351 et
977 1318 1094 1351 tanto
1115 1318 1279 1351 certare
1301 1310 1530 1350 minorem?

471 1375 678 1417 Absentis
699 1391 812 1417 ranae
832 1376 958 1430 pullis
980 1376 1099 1416 vituli
1119 1377 1229 1430 pede
1251 1376 1424 1430 pressis,

361 1443 444 1483 315
475 1442 599 1483 Unus
620 1443 695 1484 ubi
715 1442 881 1497 effugit,
903 1443 1027 1483 matri
1047 1442 1258 1492 denarrat,
1278 1449 1326 1483 ut
1347 1442 1495 1495 ingens

403 1572 479 1602 297.
524 1572 617 1602 Arma
641 1574 740 1603 dedit:
768 1583 820 1614 per
842 1584 925 1604 arma
949 1573 1089 1613 intellige

360 1619 516 1654 praecepta
542 1613 658 1650 Stoica,
680 1614 794 1655 quibus
818 1615 1028 1656 Damasippus
1051 1615 1090 1645 ad

360 1665 393 1686 se
411 1654 637 1685 defendendum
657 1656 696 1685 ab
719 1656 782 1686 illis
797 1657 851 1697 qui
870 1666 902 1687 se
927 1657 1089 1698 impugna·

361 1696 433 1732 turi,
447 1697 478 1727 h.
494 1707 521 1727 e.
537 1697 680 1727 insanum
697 1698 911 1738 compellaturi
926 1698 1090 1740 (carpturi,

359 1737 421 1768 vid.
434 1739 555 1769 Ernest.
572 1738 604 1768 in
617 1739 706 1770 Clav.
721 1739 791 1770 Cic.
805 1750 830 1770 s,
842 1751 871 1770 v.
891 1739 1091 1780 Compellare)

357 1780 431 1815 sint,
443 1790 476 1811 se
491 1785 640 1821 tanquam
656 1781 749 1811 armis
762 1781 806 1812 uti
819 1782 898 1812 velle
913 1782 966 1812 ait.
995 1782 1090 1813 Stoici

358 1822 441 1852 enim
462 1822 587 1858 docent,
604 1832 711 1854 omnes
730 1822 877 1858 insanire,
893 1823 1024 1865 ideoque
1039 1834 1091 1855 eos

359 1863 441 1904 ipsos
470 1864 605 1895 insanire
628 1864 682 1905 qui
708 1865 784 1895 alios
811 1865 946 1896 insanire
973 1866 1090 1897 dicant.

359 1905 444 1936 Hinc
461 1906 560 1947 pergit
575 1906 798 1948 Damasippus,
813 1908 933 1938 Dixerit
949 1910 1089 1939 insanum

358 1949 409 1988 qui
427 1958 482 1983 me,
505 1949 625 1978 totidem
649 1950 765 1983 audiet,
785 1949 815 1979 h.
838 1959 867 1979 e.
890 1949 944 1989 qui
969 1960 1018 1980 me
1041 1951 1089 1980 in-

360 1999 471 2019 sanum
493 1988 617 2025 dixerit,
638 1989 675 2024 is,
694 1991 815 2030 quoties
838 1990 869 2020 id
891 1991 984 2029 dicet,
999 1992 1090 2023 toties

357 2030 439 2061 idem
465 2040 484 2060 a
510 2041 558 2061 me
586 2030 702 2066 audiet,
729 2032 760 2062 h.
786 2043 814 2062 e.
839 2033 930 2064 toties
954 2034 1087 2064 vicissim

357 2082 428 2104 eum
444 2071 590 2103 insanum
607 2073 811 2114 compellabo.

400 2115 476 2146 299.
512 2115 606 2154 Atque
623 2115 777 2154 Respicere
792 2118 893 2156 ignoto
908 2118 999 2147 discet
1013 2127 1085 2154 pen-

357 2157 461 2187 dentia
476 2162 578 2195 tergo.-
602 2161 694 2196 atque
713 2156 812 2187 discet
826 2157 974 2198 respicere
993 2157 1032 2188 ad
1050 2168 1086 2188 ea

358 2208 429 2239 quae
445 2198 476 2228 in
492 2197 593 2240 ipsius
609 2205 692 2238 tergo
712 2198 845 2240 pendere
862 2199 1002 2239 ignorat;
1026 2206 1085 2228 ter-

356 2251 431 2280 gum
453 2241 602 2281 ignotum,
628 2250 671 2270 sc.
695 2242 723 2271 ei
747 2241 812 2281 qui,
836 2240 919 2281 quod
945 2241 976 2271 in
1001 2246 1086 2280 tergo

359 2292 415 2312 suo
438 2287 535 2322 gerat,
553 2292 614 2312 non
631 2281 735 2312 videt:
759 2293 829 2324 sup.
854 2284 919 2313 Sat.
942 2282 963 2317 i,
982 2283 1014 2318 3,
1031 2284 1085 2317 22,

359 2324 443 2354 Heus
466 2330 512 2360 tu,
538 2324 667 2357 Quidam
692 2325 749 2359 ait,
772 2327 892 2365 ignoras
915 2327 965 2354 te?
988 2336 1028 2354 an
1051 2331 1087 2354 ut

354 2367 493 2406 ignotum
509 2368 582 2396 dare
599 2367 681 2396 nobis
699 2366 791 2396 Verba
811 2367 921 2405 putas?
965 2366 1086 2397 Catull-

357 2407 432 2442 xxii,
448 2409 501 2443 21,
517 2408 596 2438 Suus
617 2409 722 2448 cuique
742 2410 908 2438 attributus
925 2414 967 2438 est
982 2419 1086 2438 error:

355 2451 404 2480 sed
419 2461 475 2480 non
489 2451 620 2480 videmus
639 2451 775 2479 mantice.
790 2452 866 2490 quod
885 2452 917 2480 iu
933 2457 1015 2492 tergo
1031 2457 1084 2480 est.

358 2492 442 2522 Nota
464 2496 511 2522 est
531 2490 639 2522 fabula
658 2491 766 2533 AEsopi
789 2492 828 2522 de
849 2492 972 2522 duabus
992 2491 1084 2534 peris,

357 2543 451 2574 quam
473 2533 616 2565 tractavit
637 2533 789 2564 Phaedrus
811 2533 853 2570 iv,
869 2534 908 2564 9:
933 2533 974 2564 cf.
996 2535 1085 2565 Pers.

356 2575 399 2611 iv,
417 2577 471 2606 24.

398 2617 580 2648 300-302,
623 2617 728 2653 Stoice,
758 2622 833 2648 cett.
862 2627 992 2649 seusus:
1022 2617 1084 2649 Dic

355 2658 443 2696 mihi,
458 2669 577 2706 quaeso,
598 2658 712 2694 Stoice,
728 2669 790 2700 quo
812 2659 952 2691 stultitiae
975 2669 1085 2700 genere

355 2706 388 2731 tu
406 2711 454 2731 me
468 2700 603 2731 insanire
619 2702 731 2742 putast
775 2702 843 2731 Sic.-
867 2702 950 2742 quod
967 2701 993 2731 si
1009 2701 1085 2732 mihi

355 2741 483 2777 dixeris,
511 2743 636 2783 optabo,
660 2747 695 2772 ut
721 2748 790 2783 post
815 2744 900 2774 bona
928 2748 981 2773 tua
1010 2743 1084 2774 olim

355 2783 475 2826 perdita
493 2783 598 2814 omnia
621 2783 653 2814 in
671 2791 827 2825 posterum
846 2785 963 2826 majore
986 2785 1083 2826 pretio

355 2826 483 2857 vendas.
510 2826 752 2856 Postdamnum:
775 2827 990 2868 Damasippus
999 2827 1083 2857 enim

353 2867 427 2899 olim
450 2872 599 2898 mercator
621 2877 668 2898 res
689 2877 761 2898 suas
780 2868 861 2899 male
884 2874 1030 2909 gesserat,
1047 2874 1083 2899 ut

354 2910 419 2952 ipse
439 2909 596 2951 profitetur
610 2919 680 2950 sup.
698 2920 728 2940 v.
747 2911 797 2946 19,
816 2910 976 2950 Postquam
991 2913 1083 2941 omnis

355 2963 400 2983 res
416 2962 477 2982 mea
493 2952 605 2983 Janum
622 2953 671 2982 Ad
686 2951 930 2994 medianifracta
946 2959 999 2984 ast.
1032 2953 1083 2984 De

1132 1572 1285 1614 particula
1300 1574 1352 1608 sic,
1367 1571 1431 1602 sive
1451 1570 1489 1602 de
1508 1570 1568 1602 hac
1584 1569 1712 1612 optandi
1731 1569 1861 1601 formula

1133 1624 1204 1645 cum
1220 1614 1408 1650 conditione,
1424 1613 1464 1644 cf.
1479 1624 1547 1654 sup.
1561 1612 1599 1644 ad
1616 1611 1677 1643 Od.
1693 1611 1715 1647 i,
1731 1613 1763 1647 3,
1782 1613 1812 1643 l.

1175 1657 1249 1691 303,
1264 1657 1338 1686 304.
1374 1655 1582 1696 Damasippus
1599 1655 1772 1696 respondet,
1789 1654 1858 1686 Nee

1134 1698 1244 1738 Agave
1265 1697 1378 1728 furiosa
1399 1697 1455 1728 sibi
1473 1697 1644 1732 videbatur,
1659 1706 1730 1726 cum
1752 1695 1859 1726 conci-

1135 1746 1199 1771 tata
1224 1740 1335 1775 furore,
1364 1750 1382 1770 a
1406 1739 1533 1770 Baccho
1558 1738 1616 1769 sibi
1644 1737 1769 1779 injecto,
1794 1737 1860 1768 filio

1136 1782 1288 1816 Pentheo,
1304 1792 1395 1822 quern
1419 1791 1474 1823 pro
1493 1781 1582 1812 leone
1599 1780 1744 1815 habebat.
1765 1785 1862 1821 caput

1135 1824 1346 1854 abscinderet:
1371 1823 1412 1854 cf.
1425 1822 1532 1864 Eurip.
1545 1822 1666 1854 Bacch.
1682 1821 1780 1852 1236:
1799 1820 1860 1853 vid.

1135 1866 1232 1897 Ovid.
1259 1866 1337 1896 Met.
1363 1865 1408 1900 iii,
1434 1866 1496 1895 712
1522 1874 1615 1905 sqq.;
1638 1862 1756 1905 Hygin.
1781 1862 1860 1894 Fab.

1135 1909 1205 1939 184.
1250 1909 1323 1942 Pro,
1353 1909 1508 1938 abscissum
1539 1908 1654 1937 demens
1683 1905 1755 1936 dedi
1785 1914 1857 1936 cum

1134 1950 1197 1980 Fea
1226 1949 1265 1980 ad
1293 1949 1384 1979 fidem
1413 1949 1546 1990 plurium
1575 1947 1676 1980 Codd.
1704 1948 1859 1978 abscissum

1133 1994 1267 2022 manibus
1277 2003 1287 2028 ;
1311 2001 1382 2021 nam
1398 1993 1512 2021 demens
1529 1990 1568 2020 ob
1589 1999 1722 2031 sequeus
1732 1988 1859 2031 furiosa

1132 2034 1237 2074 putide
1253 2032 1403 2064 abundat.

1174 2077 1248 2106 308.
1271 2076 1434 2115 AEdg'ficas:
1450 2073 1570 2104 videtur
1581 2078 1647 2103 tum
1663 2071 1811 2103 Horatius
1826 2071 1860 2103 in

1130 2116 1204 2147 villa
1234 2126 1289 2148 sua
1314 2115 1532 2158 amplificanda
1557 2120 1728 2156 occupatus
1751 2113 1859 2146 fuisse.

1130 2159 1261 2200 Longos:
1278 2158 1403 2189 ditiores
1418 2162 1447 2188 et
1462 2156 1623 2192 beatiores,
1636 2157 1675 2187 ad
1685 2165 1764 2197 quos
1779 2166 1858 2198 prae-

1129 2199 1221 2240 cipue
1237 2199 1411 2241 pertinebat
1429 2199 1599 2244 Maecenas,
1612 2198 1720 2239 jocose
1739 2198 1857 2229 Darna-

1129 2251 1254 2313 {lpssusse
1261 2243 1358 2313 ‘5353
1363 2241 1483 2312 '1133ss
1485 2246 1569 2321 ‘3:¹53
1581 2249 1856 2322 {sfffflss'ffl

1130 2324 1201 2364 20),
1219 2326 1361 2364 bipedalis
1380 2326 1508 2362 corporis
1525 2322 1680 2353 hominem
1702 2322 1854 2364 appellat.

1132 2367 1172 2396 Et
1184 2376 1252 2397 vere
1266 2365 1326 2396 fuit
1341 2364 1487 2395 Horatius
1497 2365 1598 2405 exigui
1611 2368 1738 2403 corporis
1750 2364 1855 2401 homo,

1130 2413 1166 2438 ut
1179 2407 1245 2449 ipse
1259 2408 1416 2449 profitetur
1431 2406 1454 2436 l.
1469 2405 1491 2436 l.
1507 2416 1538 2436 v.
1555 2406 1608 2436 24.

1169 2450 1243 2481 310.
1276 2450 1441 2480 Turbonis:
1467 2447 1572 2478 Schol.
1594 2446 1720 2488 Porph„
1744 2446 1853 2484 Turbo,

1124 2493 1289 2533 gladiator,
1301 2491 1374 2532 fuit
1388 2501 1481 2530 part-o
1499 2500 1628 2529 corpore,
1641 2490 1688 2519 sed
1708 2491 1855 2521 animosus

1126 2544 1240 2575 pugna.
1275 2534 1399 2572 Corpore
1412 2531 1750 2572 majorem—Spiritum,
1765 2530 1854 2572 spiri-

1130 2581 1179 2606 tus
1194 2575 1292 2616 major
1306 2575 1366 2605 fuit
1381 2583 1517 2616 corpore,
1533 2573 1565 2604 h.
1578 2583 1607 2604 e.
1635 2573 1740 2603 Turbo
1755 2573 1854 2615 spira-

1129 2617 1183 2665 bat
1196 2617 1369 2658 grandiora,
1385 2626 1477 2657 quam
1492 2614 1525 2646 in
1539 2615 1607 2657 ejus
1621 2624 1746 2657 corpore
1759 2614 1855 2646 latere

1128 2659 1350 2735 v¹‘³;i³i'i³.⁰md}a
1386 2699 1535 2731 ridiculus
1567 2699 1665 2729 manus
1695 2699 1776 2730 5110?
1818 2697 1853 2729 Si

1128 2744 1232 2774 Turbo
1248 2748 1297 2775 est
1310 2741 1469 2777 ridiculus,
1483 2750 1556 2771 num
1571 2744 1606 2770 tu
1622 2740 1726 2771 minus
1739 2741 1794 2772 es'!

1168 2787 1243 2817 312.
1290 2785 1329 2815 Te
1355 2793 1467 2824 quoque
1497 2781 1634 2824 (facere)
1664 2792 1767 2813 verum
1799 2789 1853 2818 est,

1128 2837 1265 2875 aequum·
1283 2832 1315 2857 et
1342 2831 1459 2897 rectunli
1491 2830 1559 2863 est3
1573 2824 1764 2897 sienim-{gn
1792 2823 1851 2896 Ξῧΐι.

1126 2869 1279 2951 ἒὲιιιίἷτῆιέἑ
1295 2869 1355 2942 ulii
1366 2871 1482 2940 ΐονῗιπῐι.
1495 2870 1595 2939 ofiizbilt’
1611 2914 1639 2939 et
1661 2889 1776 2948 :equitia
1785 2919 1797 2946 5
1819 2877 1851 2938 <it

1125 2952 1169 2984 sie
1198 2964 1299 2984 verum
1328 2950 1496 2994 saepissime
1525 2948 1608 2992 apud
1635 2949 1772 2988 Livium,
1795 2948 1851 2980 ubi
