1904 3314
430 210 803 257 EPISTOLA
844 211 942 254 AD
985 206 1315 259 PlsoNEst

1558 217 1644 258 555

221 315 326 358 Non
347 316 487 371 quivis
508 313 624 356 videt
646 311 927 354 immodulata
948 319 1149 366 poemata
1163 313 1320 367 judex,

223 381 287 424 Et
307 383 410 425 data
431 380 640 424 Romanis
660 380 786 421 venia
806 386 874 421 est
894 379 1075 434 indigna
1094 380 1250 434 poetis.

104 449 191 492 265
220 449 450 492 Idcircone
470 461 603 504 vager
624 448 898 502 scribamque
920 446 1114 497 licenter,
1137 454 1186 488 ut
1209 462 1356 489 omnes

222 517 410 560 Visuros
430 522 612 572 peccata
632 522 783 571 putem
803 529 914 563 mea,
935 521 1056 556 tutus
1077 521 1121 556 et
1142 515 1256 556 intra

223 585 356 641 Spem
375 585 512 627 veniae
533 590 687 626 cautus
703 585 720 625 ’ζ

222 651 328 695 Non
347 652 522 695 laudem
541 651 692 693 merui.

782 582 931 625 Vitavi
953 582 1142 637 denique
1164 582 1349 637 culpam,

754 650 850 693 Vos
871 649 1136 707 exemplaria
1159 649 1320 692 Graeca

221 720 456 763 Nocturna
475 725 647 761 versate
668 733 810 769 manu,
834 725 1004 760 versate
1027 718 1196 759 diurna.

104 787 192 831 270
220 786 284 831 At
305 788 438 830 vestri
458 787 611 842 proavi
633 785 860 828 Plautinos
883 793 927 827 et
949 799 1152 828 numeros
1173 793 1218 827 et

95 856 102 862 “
223 855 482 898 Laudavere
505 853 616 896 sales
635 872 645 905 3
678 854 855 895 nimium
875 854 1092 908 patienter
1113 853 1362 909 utrumque,

222 923 296 966 Ne
318 923 458 966 dicam
480 922 627 973 stulte,
649 922 819 972 mirati;
855 922 891 963 si
912 922 1041 963 modo
1064 937 1148 978 ego
1170 930 1215 964 et
1235 937 1312 964 vos

222 992 392 1035 Scimus
413 991 675 1033 inurbanum
694 990 844 1046 lepido
867 1005 1079 1046 seponere
1101 992 1236 1041 dicto,

224 1060 576 1117 Legitimumque
600 1074 753 1101 sonum
774 1058 923 1114 digitis
946 1058 1151 1100 callemus
1173 1066 1217 1101 et
1238 1075 1358 1101 aure.

106 1129 164 1172 27
167 1129 194 1171 5

283 1127 489 1184 Ignotum
510 1127 686 1183 tragicae
708 1141 846 1182 genus
868 1127 1083 1168 invenisse
1106 1127 1328 1169 Camoenae

226 1196 417 1247 Dicitur,
437 1203 481 1238 et
501 1195 708 1251 plaustris
729 1195 901 1237 vexisse
922 1202 1123 1250 poemata
1143 1195 1352 1250 Thespis,

226 1264 341 1312 Quae
362 1271 568 1306 canerent
589 1270 857 1319 agerentque
879 1264 1082 1318 peruncti
1101 1263 1283 1305 faecibus
1303 1278 1392 1306 ora.

105 1386 192 1419 cium
204 1393 236 1419 et
248 1386 388 1418 Ennium
402 1386 514 1429 carpit,
527 1385 612 1428 quod
625 1391 736 1418 neuter
747 1395 856 1417 eorum

105 1428 203 1462 iambi
217 1430 251 1461 in
266 1429 405 1461 secunda
426 1434 482 1461 aut
497 1434 610 1471 quarta
629 1428 704 1461 sede
720 1427 857 1470 ponendi

106 1472 262 1504 rationem
290 1472 456 1504 habuerit:
482 1472 547 1510 hic,
580 1471 636 1508 ait,
668 1471 794 1502 iambus
825 1470 858 1501 in

106 1515 248 1548 secunda.
268 1521 301 1547 et
321 1521 435 1558 quarta
460 1515 534 1546 sede
558 1525 627 1546 raro
650 1519 682 1545 et
703 1514 736 1545 in
760 1513 856 1545 Accii

106 1557 258 1590 trimetris
279 1558 451 1594 invenitur,
466 1557 616 1599 idemque
640 1557 735 1588 Ennii
759 1557 855 1588 versi-

107 1601 180 1637 bus.
196 1600 275 1644 quia
295 1612 336 1634 ex
358 1601 408 1638 iis,
425 1601 634 1644 spondeorum
658 1600 796 1642 pondere
812 1600 856 1631 la-

106 1643 305 1680 borantibus,
321 1644 436 1687 pariter
450 1644 587 1679 exsulat,
606 1650 660 1674 aut
675 1643 781 1674 nimiae
797 1643 858 1674 fes-

107 1686 274 1719 tinationis
288 1697 326 1719 ac
338 1686 554 1729 negligentiae.
567 1692 624 1717 aut
639 1686 714 1717 artis
726 1685 859 1728 poeticae

108 1735 234 1778 turpem
256 1730 386 1772 eulpam
409 1729 579 1762 contraxit.
625 1729 774 1761 Ceterum
794 1730 858 1759 Ηο-

110 1778 209 1805 ratius
231 1773 441 1816 spondeorum
461 1773 587 1816 pondus
605 1782 697 1803 versu
717 1772 782 1802 260
801 1771 861 1813 (In

109 1827 228 1848 uenum
254 1819 365 1855 missos,
393 1818 505 1853 cett.),
530 1827 569 1847 ex
591 1815 685 1846 meris
712 1814 861 1856 spondeis

109 1859 300 1903 composito,
323 1866 359 1891 ut
382 1859 538 1900 Virgilius
561 1859 594 1889 in
618 1858 782 1889 notissimo
805 1857 861 1888 illo

110 1912 217 1938 versu,
233 1902 289 1934 Illi
307 1905 388 1934 inter
407 1913 466 1934 sese
482 1914 594 1944 magua
611 1904 640 1932 vi
658 1902 780 1932 brachia
803 1901 860 1932 tol-

113 1946 197 1980 lunt,
214 1945 340 1987 egregie
355 1945 522 1988 expressit.

153 1989 339 2020 263-268.
364 1989 436 2020 Non
456 1990 565 2029 quivis,
581 1992 657 2019 cett.
680 1986 731 2018 hic
758 1986 861 2025 locus,

112 2031 169 2074 qui
185 2031 276 2063 valde
296 2031 423 2063 vexavit
445 2037 478 2062 et
499 2030 643 2062 exercuit
665 2029 862 2072 interpretes,

110 2073 241 2106 mutatis
262 2073 532 2109 distinctionibus,
553 2074 634 2104 bene
654 2072 732 2103 mihi
757 2072 862 2104 cohae-

112 2127 180 2149 rere
208 2116 334 2150 videtur
363 2117 431 2148 sic:
465 2123 486 2136 ‘⁴
506 2117 580 2148 Non
607 2115 710 2158 quivis
735 2116 863 2158 quidem

110 2159 224 2202 judex.
262 2166 301 2192 ut
334 2160 431 2201 probe
469 2159 546 2196 scio,
584 2158 862 2190 immodulatorum

114 2208 294 2245 poematum
317 2202 516 2245 asperitatem
543 2207 576 2234 et
600 2201 677 2233 vitia
701 2201 808 2237 sentit,
832 2207 864 2234 et

115 2255 187 2277 vere
215 2245 286 2278 haec
316 2245 457 2282 licentia,
494 2246 663 2287 (indigna)
694 2256 767 2287 quae
800 2255 863 2276 non

113 2288 182 2320 dari
209 2287 358 2326 debebat,
386 2288 460 2320 data
484 2294 531 2319 est
558 2287 714 2319 Romanis
739 2288 866 2330 poetis;

114 2331 172 2363 sed
194 2341 296 2373 egone
319 2330 390 2363 ideo
411 2330 547 2362 solutius
566 2337 598 2362 et
619 2330 767 2362 licentius
786 2331 862 2362 scri-

113 2375 187 2406 bam
225 2376 331 2418 (tutus
366 2373 519 2414 scilicet),
556 2373 644 2416 quia,
681 2375 753 2416 (ut)
790 2374 865 2406 licet

114 2416 227 2454 seiam,
242 2427 353 2450 omnes
371 2424 505 2460 peecata
522 2427 590 2448 mea
606 2417 729 2447 visuros
748 2427 830 2451 esse,
846 2428 865 2449 a

115 2459 354 2504 reprehensione
374 2466 474 2497 tutus,
494 2466 526 2492 et
545 2459 629 2491 intra
649 2459 744 2502 hujus
763 2460 864 2492 veniae

117 2513 204 2545 spem
228 2503 374 2546 (cautus)
398 2503 524 2545 quietus
553 2510 586 2534 et
611 2513 742 2535 securus
770 2505 864 2534 sum'!

118 2545 206 2585 Quid
229 2545 356 2579 tandem
379 2546 491 2578 effeci!
515 2546 672 2588 (culpam)
697 2546 864 2587 reprehen-

117 2587 236 2622 aionem
261 2588 369 2625 vitavi,
394 2599 458 2621 non
486 2589 614 2620 laudem
641 2588 777 2620 merui.’'
824 2590 865 2620 In

116 2641 210 2665 versu
230 2633 294 2664 267
318 2643 426 2664 vocem
450 2639 560 2663 cautus
582 2642 742 2674 perperam
770 2631 865 2663 inter-

140 2680 222 2708 retes
239 2675 412 2724 explicant,
433 2675 490 2717 qui
513 2674 574 2706 sibi
597 2680 690 2705 cavet
711 2680 744 2705 et
764 2675 868 2717 provi-

115 2685 182 2755 θεῖ,
205 2718 376 2761 ριόνιάιιε;
398 2718 496 2749 immo
517 2724 627 2749 cautus
642 2717 709 2759 jam
733 2723 791 2754 est,
815 2718 868 2750 cui

118 2765 248 2793 emtum
273 2767 306 2794 et
330 2761 492 2804 provisum
511 2766 571 2796 est.
594 2771 738 2796 securus,
758 2767 866 2792 tutus:

117 2804 264 2846 exempla
293 2803 506 2836 Ciceroniana
530 2802 596 2834 vid.
626 2803 711 2845 apud
742 2804 871 2836 Ernest.

118 2844 155 2878 in
166 2845 258 2880 Clnv.
269 2846 341 2880 Cic.
354 2858 381 2878 s.
392 2858 422 2878 v.
434 2848 574 2885 cautum
598 2847 726 2878 Lucan.
741 2845 782 2883 iv,
794 2848 869 2886 409,

119 2895 228 2922 mutus
240 2891 278 2922 ab
293 2893 422 2922 incursu
437 2891 520 2921 belli.

163 2933 241 2965 268.
268 2934 323 2964 Vos
336 2934 518 2974 exemplaria
527 2933 658 2969 Graeca,
676 2937 750 2964 cett.
790 2933 869 2970 vos,

120 2973 267 3011 Pisones,
305 2976 404 3008 nolite
442 2987 480 3007 ex
525 2975 673 3007 manibus
715 2975 871 3018 deponere

119 3017 286 3062 scriptores
320 3019 461 3056 Graecos,
494 3024 530 3050 ut
563 3019 604 3050 ab
637 3017 676 3050 iis
709 3017 872 3051 imbibatis

901 1386 1034 1417 virtutes
1056 1395 1136 1428 quas
1163 1386 1264 1418 bonus
1289 1385 1423 1430 scriptor
1454 1386 1567 1418 sectari
1595 1386 1652 1419 de·

901 1429 966 1460 bet.

945 1471 1024 1502 271.
1044 1471 1182 1502 Nimium
1195 1474 1361 1512 patienter,
1375 1471 1468 1502 nimis
1482 1471 1654 1514 indulgen·

900 1519 957 1546 ter.
1005 1514 1156 1545 Horatius
1173 1514 1289 1557 passim
1307 1514 1410 1556 tangit
1427 1514 1537 1546 Plauti
1553 1515 1629 1546 vitia
1644 1527 1652 1546 :

901 1568 973 1599 sup.
991 1557 1095 1599 Epist.
1112 1557 1145 1595 ii,
1162 1560 1188 1593 Ι,
1202 1559 1258 1594 58,
1272 1557 1401 1589 nimiam
1419 1557 1655 1590 festinationem

901 1617 906 1628 ι
922 1600 931 1631 i
947 1600 1134 1642 exprobrat:
1156 1601 1200 1632 cf.
1217 1612 1290 1644 sup.
1306 1601 1339 1631 in
1357 1601 1415 1632 hac
1433 1600 1536 1643 Epist.
1551 1612 1582 1632 v.
1599 1603 1654 1633 54.

946 1643 1022 1674 272.
1047 1643 1081 1673 Si
1105 1645 1190 1674 modo
1214 1655 1267 1686 ego
1290 1651 1318 1675 et
1344 1656 1404 1680 vos,
1430 1643 1471 1674 sit
1498 1644 1543 1675 ita
1567 1654 1659 1681 sane,

903 1685 1074 1717 dummodo
1089 1696 1147 1727 ego
1162 1692 1194 1718 et
1210 1697 1276 1722 vos,
1292 1687 1437 1725 Pisones,
1453 1686 1660 1718 didicerimus

904 1728 1009 1771 lepida
1026 1729 1192 1770 sejungere
1209 1735 1241 1761 et
1255 1729 1434 1761 discernere
1449 1730 1490 1760 ab
1507 1729 1657 1771 illepidis.

950 1773 1025 1802 274.
1067 1772 1309 1813 Legitimumque
1346 1784 1463 1808 sonum,
1498 1772 1657 1814 legitimos

906 1824 1052 1846 numeros
1080 1821 1113 1846 et
1141 1814 1246 1856 pedes.
1306 1815 1423 1858 Digitis
1453 1816 1599 1846 callemus
1628 1822 1659 1846 et

906 1869 1005 1889 aure:
1029 1857 1084 1899 qui
1108 1868 1215 1889 versus
1238 1857 1372 1894 faciunt,
1397 1864 1462 1889 tam
1485 1857 1601 1899 digitos
1624 1858 1658 1889 in

907 1900 1111 1932 numerandis
1122 1907 1154 1932 et
1166 1900 1342 1943 jungendis
1357 1900 1492 1943 pedibus
1506 1900 1539 1932 in
1552 1906 1658 1944 partes

907 1950 1035 1979 vocant,
1049 1954 1146 1985 quam
1163 1955 1254 1975 aures
1269 1944 1453 1975 consulunt.

948 1988 1135 2018 275—294.
1160 1988 1362 2030 Praeceptum
1385 1985 1558 2018 Decimum
1579 1987 1658 2018 Sex·

907 2035 993 2060 tum:
1020 2030 1098 2060 Cum
1121 2032 1282 2071 scriptores
1308 2031 1452 2065 Romani,
1471 2031 1524 2070 qui
1545 2040 1659 2061 summo

907 2075 1009 2104 studio
1026 2074 1159 2109 Graecos,
1175 2074 1330 2115 tragoediae
1348 2074 1530 2108 inventores,
1545 2074 1658 2105 imitati

899 2119 971 2156 jam
984 2127 1029 2147 res
1044 2117 1218 2148 domesticas
1239 2119 1274 2148 in
1288 2127 1377 2147 scena
1400 2116 1550 2147 celebrare
1565 2126 1659 2156 σωρε-

908 2165 992 2195 rant,
1015 2161 1187 2190 inciderent
1210 2161 1242 2190 in
1268 2161 1375 2190 vitium
1401 2161 1539 2195 incuriae,
1561 2161 1660 2202 negli-

904 2205 1027 2243 geneiae‚
1054 2208 1083 2233 et
1103 2202 1339 2244 festinationi&
1371 2202 1521 2233 Horatius
1551 2214 1660 2240 omnes,

907 2247 960 2286 qui
982 2246 1050 2276 boni
1072 2248 1228 2284 scriptoris
1245 2247 1366 2277 laudem
1388 2247 1427 2276 ad
1443 2251 1571 2285 posteros
1589 2257 1659 2286 pro-

906 2299 1022 2330 pagare
1037 2290 1145 2324 velint,
1162 2290 1272 2320 vitium
1288 2288 1504 2330 illudfugere,
1519 2295 1561 2324 et,
1574 2291 1659 2330 quic·

908 2333 980 2372 quid
990 2333 1136 2368 scribant,
1148 2333 1348 2363 intentissima
1359 2343 1434 2362 cura
1445 2339 1473 2363 et
1486 2343 1601 2363 summa
1611 2334 1661 2363 di-

910 2377 1039 2417 ligentia
1055 2376 1224 2413 emendare,
1234 2377 1377 2416 expolire,
1388 2382 1417 2406 et
1429 2375 1663 2415 elimarejtcbet.

952 2419 1028 2450 275.
1059 2418 1205 2460 Ignotum
1237 2420 1362 2460 tragico:
1390 2430 1488 2459 genus
1516 2419 1664 2450 invenisse

912 2461 1070 2495 Camoenae.
1087 2467 1163 2493 cett.
1209 2462 1344 2504 Thespis
1359 2461 1479 2504 primus
1499 2461 1660 2504 scripsisse

909 2503 1025 2535 dicitur
1039 2505 1210 2545 tragoedias
1225 2517 1233 2543 ;
1258 2505 1312 2536 sed
1326 2505 1526 2546 Boettigerus
1540 2504 1572 2535 in
1584 2507 1663 2537 Pro·

910 2547 973 2578 lus.
1021 2548 1106 2582 Quid
1140 2550 1179 2579 sit
1212 2550 1316 2579 docere
1345 2548 1506 2590 fabulam,
1541 2548 1664 2579 Vimar.

914 2591 1009 2625 1795,
1042 2601 1074 2632 p.
1105 2591 1138 2625 6,
1170 2590 1246 2622 artis
1281 2591 1464 2622 dramaticae
1497 2589 1590 2621 initia
1621 2591 1662 2623 ad

909 2632 1004 2674 longe
1034 2633 1232 2665 remotiorem
1261 2644 1358 2675 quam
1383 2632 1553 2677 Thespidis
1584 2639 1661 2664 aeta-

914 2681 975 2707 tem
994 2675 1098 2707 refert.

939 2719 1142 2750 ‚276—278.
1183 2720 1336 2751 Plaustris
1365 2721 1472 2751 vexisse
1501 2727 1661 2760 poemata.-

914 2771 977 2792 non
1002 2768 1150 2804 poemata
1172 2768 1297 2794 tantum
1321 2768 1353 2794 et
1376 2763 1442 2804 ipse
1470 2769 1563 2804 poeta
1589 2773 1662 2794 cnm

913 2804 1036 2846 aliquot
1054 2804 1260 2837 histrionibus
1281 2805 1430 2848 plaustris
1449 2816 1503 2848 per
1526 2806 1665 2848 compita

913 2848 1000 2879 urbis
1014 2853 1046 2879 et
1063 2848 1205 2880 vicorum
1218 2849 1413 2880 vehebantur
1430 2849 1512 2889 (vid.
1526 2848 1664 2890 Boettig.

914 2890 946 2922 in
962 2891 1072 2923 libello
1085 2890 1172 2923 laud.
1187 2903 1218 2934 p.
1232 2893 1283 2931 6).
1297 2891 1352 2923 sed
1368 2891 1512 2934 plaustra
1524 2902 1664 2933 quoque,

915 2933 1033 2976 quibus
1057 2933 1315 2966 insternebantur
1340 2935 1470 2969 tabulae‚
1494 2940 1584 2964 erant
1609 2944 1664 2976 pro

914 2976 1059 3019 pulpitis.
1106 2978 1243 3009 Personae
1262 2979 1410 3018 pallaque
1427 2979 1572 3007 honeslae:
1595 2988 1663 3015 per-

915 3031 998 3059 sona,
1022 3020 1121 3057 larva,
1147 3021 1420 3064 quaeropponitur
1450 3019 1665 3055 histrionibus,
