1904 3314
443 205 812 248 EPISTOLA
849 205 947 248 AD
988 205 1314 250 PISONES.

1566 211 1650 252 563

217 306 310 354 Qui
330 308 481 358 nescit,
504 323 655 350 versus
677 315 820 350 tamen
841 308 976 350 audet
995 309 1188 364 fingere!
1251 310 1450 357 Quidni?

215 373 353 417 Liber
373 382 417 418 et
438 376 669 431 ingenuus,
691 376 935 431 praesertim
955 390 1113 418 census
1134 384 1386 432 equestrem

213 442 432 486 Summam
453 457 739 494 nummorum,
763 443 954 499 vitioque
975 451 1166 487 remotus
1187 446 1244 487 ab
1266 446 1407 488 omni!

95 509 183 552 385
211 510 286 553 Tu
306 511 412 553 nihil
432 512 564 553 invita
585 511 704 554 dices
727 512 912 554 faciesve
935 511 1163 563 Minerva3

210 578 265 620 Id
287 579 367 621 tibi
379 579 595 634 judicium
615 586 695 630 est,
718 594 770 622 ea
790 594 934 622 mens:
968 580 1004 621 si
1024 581 1130 635 quid
1153 587 1297 623 tamen
1319 581 1419 623 olim

210 646 461 703 Seripseris,
482 647 527 688 in
548 647 677 689 Met-ii
698 648 938 690 descendat
953 649 1115 704 judicis
1137 664 1281 699 aures,

211 714 275 757 Et
293 716 444 772 patris,
467 723 511 758 et
532 724 718 767 nostras,
742 731 992 771 nonumque
1015 724 1237 772 prematur
1258 718 1300 759 in
1323 732 1497 767 annum,

210 782 479 826 Membranis
501 784 617 826 intus
639 785 806 840 positis.

870 783 1034 826 Delere
1057 784 1218 835 licebit,

94 850 182 894 390
210 851 346 900 Quod
366 867 454 894 non
474 853 667 895 edideris
686 871 695 904 ;
727 853 866 895 nescit
886 868 972 895 vox
993 853 1123 895 missa
1144 853 1316 895 reverti.

265 920 495 979 Silvestres
517 921 713 963 homines
736 936 858 964 sacer
878 922 1182 977 interpresque
1206 921 1404 964 Deorum

208 987 416 1031 Caedibus
436 996 481 1031 et
501 990 618 1032 victu
639 989 760 1032 foedo
782 990 997 1032 deterruit
1019 989 1230 1045 Orpheus
1248 1007 1256 1040 ;

208 1055 369 1099 Dictus
390 1058 447 1100 ob
468 1057 551 1100 hoc
572 1057 708 1099 lenire
730 1058 882 1113 tigres,
905 1057 1171 1113 rabidosque
1192 1057 1339 1100 leones
1358 1074 1366 1099 :

208 1123 366 1167 Dictus
387 1131 432 1167 et
451 1123 689 1180 Amphion,
713 1124 942 1167 Thebanae
962 1125 1164 1167 conditor
1185 1126 1311 1174 arcis,

26 1231 35 1238 ,
89 1192 176 1235 395
207 1191 326 1234 Saxa
345 1207 516 1235 movere
538 1207 645 1234 sono
667 1192 915 1243 testudinis,
937 1200 982 1234 et
1002 1208 1133 1248 prece
1154 1191 1316 1235 blanda

207 1259 387 1303 Ducere
407 1275 498 1316 quo
518 1260 660 1303 vellet.

93 1381 145 1419 19,
162 1382 217 1414 41.
261 1382 400 1423 Impune,
425 1382 572 1422 liberius;
599 1383 670 1425 quis
691 1383 777 1414 enim
799 1382 839 1413 ri-

91 1433 177 1457 sores
190 1427 358 1457 coerceat?

134 1469 212 1500 382.
229 1468 294 1508 Qui
308 1470 414 1507 nescit,
430 1478 477 1500 sc.
488 1478 598 1500 versus
607 1468 736 1510 fingere,
749 1467 839 1500 ideo-

90 1520 154 1552 que
181 1511 222 1542 ab
252 1510 291 1542 iis
319 1511 475 1552 fingendis
504 1511 662 1543 abstinere
692 1511 840 1548 debebat,

89 1558 197 1586 tamen
210 1563 316 1585 versus
330 1555 448 1596 fingere
464 1554 569 1586 audet.

134 1597 212 1634 ³83,
235 1597 311 1628 384.
341 1597 515 1628 Praeserlim
544 1608 648 1628 census
676 1603 838 1638 equestrem

88 1639 243 1671 Summam
265 1651 469 1677 nummorum,
499 1640 670 1682 praesertim
694 1640 720 1671 si
734 1651 839 1671 census

87 1688 140 1714 est
151 1693 295 1714 summam
309 1690 470 1724 equestrem
485 1684 619 1725 (Graece
637 1693 710 1714 cum
731 1693 840 1714 accus,

87 1735 158 1767 pm,
173 1725 350 1758 secundum
369 1736 526 1757 summam
541 1724 647 1767 equ.),
665 1725 696 1756 h.
711 1736 742 1757 e.
758 1736 839 1768 prae-

87 1767 198 1800 sertim
213 1767 241 1799 si
254 1774 304 1800 est
328 1769 422 1800 homo
436 1767 536 1804 dives,
552 1774 585 1799 et
599 1768 737 1816 possidet
753 1779 839 1799 sum-

88 1820 175 1843 mam
205 1821 404 1843 nummorum
438 1811 669 1854 (quadraginta
703 1811 837 1842 millium

31 1854 37 1859 '
89 1853 179 1892 aeris)
197 1860 353 1896 quantum
371 1865 470 1897 eques
490 1855 656 1886 Romanus
679 1854 839 1897 possidere

88 1896 240 1928 debebat.
278 1898 402 1933 Census,
416 1897 448 1928 in
460 1897 605 1939 particip.
619 1898 735 1939 passim
752 1897 837 1939 apud

89 1939 161 1972 Cic.
184 1945 217 1972 et
242 1939 312 1972 Liv.
361 1941 498 1982 Vitioque
525 1947 657 1971 remotus
683 1943 719 1971 ab
746 1942 837 1978 omni,

90 1992 189 2024 purus
202 1988 235 2014 et
253 1982 374 2020 insons,
397 1989 432 2015 ut
449 1983 600 2015 Horatius
622 1994 695 2026 sup.
721 1984 788 2015 Sat.
813 1983 836 2019 i,

88 2025 124 2062 6,
141 2026 183 2057 69
199 2025 230 2057 lo
254 2025 352 2058 uitur.
497 2059 503 2065 ,

134 2069 212 2100 385.
255 2070 341 2100 nvita
366 2067 532 2101 Minerva.-
558 2068 629 2101 Cic.
653 2068 749 2100 Offic.
769 2067 790 2104 i,
807 2079 836 2100 c.

89 2111 145 2148 31,
161 2113 234 2153 quia
251 2112 332 2143 nihil
350 2114 434 2143 docet
448 2114 549 2143 invita
568 2113 621 2153 (ut
645 2111 753 2152 aiunt)
772 2112 835 2142 Mi·

88 2164 197 2193 nerva,
211 2155 244 2186 id
260 2161 314 2191 est,
331 2156 511 2187 adversante
525 2162 555 2186 et
570 2162 763 2196 repugnante
781 2166 835 2186 no-

89 2202 175 2229 tura.

133 2240 211 2272 386.
227 2239 278 2278 Id,
289 2239 365 2279 tale,
377 2245 440 2271 tam
452 2245 592 2280 rectum3
607 2251 653 2276 ea,
667 2239 752 2276 talis,
768 2245 832 2271 tam

87 2292 180 2315 nna.
223 2282 306 2315 Olim
317 2295 327 2314 .·
350 2293 420 2320 nos,
436 2285 545 2325 irgend
560 2285 684 2315 einmal.

130 2326 208 2358 387.
232 2326 346 2358 Metti.-
382 2326 489 2366 Spurii
521 2326 611 2358 Metti
645 2327 762 2367 Tarpae,
793 2326 833 2359 de

81 2378 153 2411 -quo
170 2367 241 2401 vide
256 2379 328 2412 unp.
344 2370 412 2400 Sat.
427 2369 450 2405 i,
472 2371 522 2406 10,
540 2370 594 2402 38.

131 2412 208 2444 389.
232 2411 333 2450 Intus,
349 2411 382 2443 in
397 2411 524 2448 scrinio,
541 2413 574 2443 in
595 2410 827 2454 penetralibus:

28 2463 31 2467 ’
83 2463 160 2497 ευρ.
175 2454 280 2499 Epist.
293 2453 328 2491 ii,
345 2457 378 2493 2,
400 2457 471 2493 114,
490 2455 531 2486 Et
553 2462 710 2486 versentur
733 2456 832 2488 adhuc

82 2499 174 2530 inum
186 2500 357 2538 penetralia
377 2497 479 2530 Veste.

130 2541 207 2573 390.
247 2541 352 2572 Nescit
381 2552 434 2571 vox
470 2544 557 2573 missa
591 2543 724 2572 reverti.-
763 2551 833 2583 sup.

44 2582 45 2586 ’
89 2581 192 2626 Epict.
211 2582 236 2620 i,
262 2585 316 2620 18,
342 2584 397 2620 71,
424 2583 466 2615 Et
485 2584 573 2615 semel
595 2586 733 2615 emissum
753 2586 834 2615 volat

35 2646 37 2650 .
85 2626 283 2659 mobile
296 2627 432 2658 verbum.

130 2660 316 2702 abl-418.
360 2670 618 2711 Argumentum:
675 2668 836 2710 Postquam

89 2709 241 2744 Horatius
257 2718 419 2755 precepta,
439 2713 479 2743 ad
501 2718 567 2752 112¹.ae
584 2712 782 2753 dirigendum
797 2714 836 2743 sit

24 2772 37 2797 ⁷.
82 2763 198 2795 mu
211 2757 360 2793 studium,
378 2757 410 2786 in
427 2756 558 2786 medium
571 2755 700 2794 protulit
713 2756 831 2794 sapien-

50 2798 55 2834 ]
82 2798 214 2834 Mna,
243 2809 339 2834 nunc,
367 2799 441 2839 quid
463 2799 501 2828 ab
524 2798 741 2838 antiquissimis
764 2799 835 2829 inde

52 2871 53 2874 ,
83 2842 267 2882 emporion:
282 2841 423 2884 effectum
437 2842 476 2871 sit
492 2841 678 2872 carminibus
693 2847 833 2878 enarrat,

51 2891 54 2894 ⁴
84 2889 119 2914 ot
130 2884 275 2921 irretita,
285 2886 336 2916 sed
346 2885 424 2915 mira
433 2885 597 2919 suavitate,
607 2893 719 2923 poeseos
732 2883 836 2915 laudes

83 2926 146 2999 im
161 2937 232 2969 sup.
255 2926 356 2970 Epist.
375 2926 411 2965 ii,
441 2928 470 2962 l,
499 2927 560 2957 118
582 2924 671 2967 sqq.)
697 2926 838 2958 celebrat.

192 2981 227 3000 us
238 2969 328 3012 sero:
350 2976 378 3000 et
402 2971 492 3001 rudes
517 2970 656 3003 homines,
677 2971 840 3000 avertendo

45 3003 59 3043 ἶ
86 3020 134 3042 ecs
149 3022 168 3042 a
181 3013 311 3044 cedibus
325 3011 449 3054 etfoedo
468 3014 562 3049 victu,
581 3013 665 3042 mites
684 3013 839 3047 reddidr't‚·

723 1260 826 1302 Fuit
847 1260 941 1302 haec
963 1261 1177 1316 sapientia
1198 1260 1431 1316 quondam,

886 1384 1036 1423 Amphion
1077 1385 1207 1415 homines
1235 1386 1426 1419 consociatos,
1465 1390 1500 1415 ut
1538 1385 1634 1414 inuris

889 1425 1036 1456 Thebanis
1062 1428 1253 1457 exstruendis
1284 1438 1392 1458 manus
1428 1428 1633 1461 admoverent,

885 1469 1059 1499 dulcissimo
1088 1470 1251 1500 testudinis
1278 1480 1347 1500 sono
1372 1473 1519 1510 permovit
1535 1482 1546 1507 ,·
1579 1471 1636 1500 alii

885 1512 1004 1548 deinde,
1021 1514 1173 1552 sapienter
1186 1514 1355 1543 carminum
1371 1514 1410 1543 ad
1425 1514 1540 1543 animos
1556 1514 1634 1544 deli-

884 1557 1008 1586 niendos
1025 1557 1052 1586 vi
1071 1557 1128 1593 usi,
1145 1557 1277 1586 muttum
1293 1557 1331 1586 ad
1347 1558 1502 1588 condenda
1517 1558 1627 1596 oppida

883 1604 912 1628 et
929 1600 968 1629 ad
982 1600 1121 1629 civitates
1144 1609 1258 1629 morum
1281 1600 1444 1638 disciplina
1463 1605 1493 1629 et
1514 1599 1631 1640 legibus

883 1643 1093 1680 temperandas
1105 1642 1323 1678 contulerunt,-
1340 1649 1404 1681 post
1417 1642 1467 1673 hos
1480 1642 1630 1672 Homerus

882 1689 912 1714 et
942 1683 1079 1724 Tyrtoeus
1103 1690 1223 1723 pectora
1254 1684 1406 1715 hominum
1425 1685 1631 1726 fortitudinis

882 1736 969 1757 sensu,
1001 1727 1258 1767 inflammor-unm·
1297 1729 1483 1758 carminibus
1503 1729 1632 1768 denique

882 1771 1008 1799 oracula
1024 1771 1120 1804 edita,
1136 1780 1242 1811 regum
1256 1772 1362 1810 gratia
1377 1776 1512 1809 captata,
1528 1777 1557 1801 et
1569 1772 1628 1812 fa-

883 1812 958 1842 buloe
974 1814 1150 1843 dramaticae
1161 1814 1323 1851 compositae
1333 1819 1415 1843 sunt.
1461 1813 1545 1844 Dum
1562 1814 1628 1844 Ho-

882 1856 982 1885 ratius
1006 1857 1042 1886 de
1066 1855 1175 1885 honore
1200 1861 1227 1885 et
1251 1856 1342 1886 laude
1365 1862 1523 1896 poetarum
1549 1858 1628 1898 agie.

882 1908 955 1938 saepe
983 1899 1139 1938 quaesitnm
1164 1907 1222 1928 esse
1246 1899 1346 1936 addit,
1370 1905 1477 1929 utrum
1504 1900 1629 1941 ingenio

880 1951 921 1970 an
937 1947 1004 1971 arte
1020 1942 1069 1972 hic
1082 1941 1174 1971 honor
1188 1946 1216 1971 et
1232 1942 1292 1971 haec
1307 1942 1374 1972 laus
1389 1943 1510 1982 acquiri
1524 1946 1628 1982 possit.

883 1983 1033 2015 Horatius
1055 1984 1224 2024 respondet,
1251 1990 1396 2015 neutrum
1415 1995 1471 2024 pei·
1492 1995 1521 2015 se
1541 1985 1627 2026 suffi-

881 2037 959 2062 cere,
981 2028 1031 2057 sed
1053 2028 1092 2057 ad
1114 2033 1211 2058 artem
1231 2029 1401 2069 ingenium,
1424 2033 1454 2058 et
1475 2029 1516 2059 ad
1538 2029 1625 2069 inge-

879 2072 965 2100 nium
988 2077 1086 2101 artem
1113 2072 1262 2106 accedere,
1285 2071 1346 2101 sive
1367 2076 1464 2101 artem
1487 2081 1555 2101 cum
1580 2073 1628 2102 in-

876 2114 979 2153 genio,
994 2118 1022 2143 et
1045 2114 1204 2155 ingenium
1226 2123 1295 2143 cum
1313 2118 1382 2143 arte
1399 2114 1492 2144 amice
1507 2116 1623 2152 conspi-

878 2166 950 2186 rare
970 2157 1085 2192 debere,
1109 2166 1163 2187 nec
1182 2165 1371 2197 quemquam,
1395 2156 1464 2186 licet
1483 2158 1556 2188 buno
1576 2159 1625 2188 in-

875 2199 967 2238 genio
997 2200 1170 2229 instructus
1197 2200 1249 2234 sit,
1277 2199 1336 2229 nisi
1362 2199 1442 2230 illud
1461 2211 1481 2229 a
1506 2202 1626 2240 puerili

878 2242 950 2272 inde
964 2247 1052 2272 aetate
1070 2242 1283 2273 studiosissime
1300 2243 1479 2278 exercuerit,
1495 2245 1626 2279 acuerit,

877 2290 906 2315 et
929 2285 1016 2327 larga
1032 2285 1177 2315 doctrinm
1195 2287 1278 2324 copia
1297 2285 1539 2324 locupletaverit,
1554 2288 1623 2318 bom·

875 2333 965 2367 poetae
982 2329 1100 2358 landem
1118 2333 1145 2358 et
1161 2328 1300 2358 honorem
1314 2330 1453 2368 consequi
1467 2339 1557 2369 posse.

919 2371 998 2401 391.
1023 2371 1190 2406 silvestres,
1213 2370 1295 2402 inter
1315 2370 1395 2402 feras
1413 2370 1446 2402 in
1464 2371 1552 2402 silvis
1567 2371 1622 2402 de-

877 2418 1001 2454 gentes.
1049 2414 1152 2449 Sacer,
1168 2418 1204 2444 ut
1219 2412 1304 2445 filius
1321 2413 1483 2456 Apollinis
1497 2420 1530 2446 et
1546 2415 1623 2446 Cal-

876 2456 986 2498 liopes.
1017 2456 1172 2497 Interpres
1183 2457 1328 2492 Deorum,
1337 2456 1429 2498 quasi
1439 2467 1456 2487 a
1466 2457 1527 2489 diis
1537 2457 1625 2499 ipsis,

876 2509 949 2540 quae
964 2504 1101 2534 caneret,
1118 2498 1287 2541 accepisset
1301 2511 1310 2538 ;
1333 2505 1366 2531 et
1380 2499 1425 2531 sic
1441 2510 1535 2532 sensu
1554 2511 1624 2543 pro-

876 2542 945 2584 prio
959 2541 1023 2573 dici
1038 2547 1160 2582 poterat
1171 2548 1252 2573 vates
1265 2544 1400 2574 divinus.

922 2585 998 2616 392.
1027 2585 1233 2627 Victufoedo;
1253 2585 1462 2617 vescebantur
1472 2586 1556 2617 enim
1569 2586 1623 2617 sil-

879 2635 996 2659 vestres
1002 2626 1145 2658 homines
1151 2627 1323 2665 radicibus,
1330 2628 1500 2669 glandibus
1507 2631 1521 2670 (
1528 2630 1610 2661 Glau
1621 2643 1630 2661 s

879 2671 960 2701 aluit
971 2676 1099 2710 jveteres,
1114 2669 1236 2702 Tibull.
1250 2669 1284 2706 ii.
1301 2671 1334 2707 3,
1351 2670 1423 2711 71),
1439 2677 1516 2704 cett.

923 2713 1000 2744 393.
1026 2713 1069 2744 Ob
1082 2713 1155 2744 hoc:
1181 2713 1332 2746 Horatius
1347 2714 1414 2757 ipse
1429 2724 1572 2752 causam,
1585 2727 1623 2747 ex

875 2766 940 2798 qua
963 2755 1111 2798 Orpheus
1134 2757 1227 2798 tigres
1249 2763 1278 2787 et
1297 2757 1392 2789 leones
1408 2758 1502 2788 lenire
1521 2758 1625 2790 dictus

877 2798 929 2834 sit,
961 2798 1081 2841 aperit;
1110 2809 1149 2830 ex
1180 2799 1305 2833 feritate
1333 2799 1457 2832 scilicet
1486 2800 1628 2832 homiues

878 2841 919 2873 ad
934 2842 1101 2873 cultiorem
1117 2841 1212 2873 vitam
1227 2841 1379 2874 traduxit.

923 2885 1000 2916 394.
1024 2886 1186 2924 Amphion,
1202 2885 1286 2918 filius
1299 2886 1392 2917 Jovis
1415 2897 1454 2917 ex
1475 2886 1627 2927 Antiopa,

881 2927 974 2959 frater
1006 2927 1095 2959 Zethi
1128 2928 1249 2970 (Epist.
1280 2928 1301 2964 i,
1336 2930 1389 2964 18,
1419 2930 1490 2967 41),
1517 2929 1583 2968 lyra
1612 2939 1630 2958 a

884 2970 1044 3002 Mercurio
1052 2977 1183 3012 accepta
1194 2971 1326 3013 lapideS,
1335 2977 1484 3002 uteorum
1495 2972 1586 3011 quisq
1592 2981 1630 3000 ue

885 3018 996 3054 sponte
1027 3013 1131 3045 locum
1156 3023 1248 3044 suum
1277 3013 1309 3044 in
1335 3013 1512 3045 excitandis
1537 3012 1633 3044 muris

827 3057 917 3087 002
