1904 3314
667 200 891 244 LIBER
923 201 983 252 ΙΙ,
1014 205 1055 244 2.

1549 202 1632 243 367

209 298 332 342 Rara
351 302 457 354 avis,
479 309 524 346 et
543 302 662 359 picta
680 301 846 357 pandat
868 300 1117 357 spectacula
1137 301 1300 343 cauda:

207 365 440 425 Tanquam
460 371 516 413 ad
538 385 629 412 rem
649 370 833 411 attineat
854 368 1106 423 quidquam.
1169 366 1290 409 Num
1311 366 1500 409 vesceris
1522 367 1617 418 ista,

209 435 355 484 Quam
374 438 542 489 laudas,
565 436 740 494 pluma?
773 443 899 479 cocto
921 451 1023 477 num
1045 436 1171 477 adest
1191 434 1332 476 bonor
1354 434 1498 476 idem?

209 503 352 548 Carne
373 514 530 556 tamen,
553 505 748 561 quamvis
771 505 905 546 distat
925 502 1047 553 nihil,
1070 499 1152 545 hac
1173 504 1311 559 magis
1332 502 1405 546 illa
1422 505 1431 544 !

119 570 178 612 30
207 570 451 628 Imparibus
473 573 622 616 formis
644 573 877 628 deceptum
899 579 941 614 te
963 578 1099 628 patet.

1163 571 1275 612 Esto
1294 574 1303 612 ἵ

210 639 343 683 Unde
364 642 512 683 datum
536 643 686 691 sentis,
706 640 838 696 lupus
860 640 931 682 hic
952 638 1207 688 Tiberinus,
1231 653 1283 678 an
1306 637 1394 679 alto

209 707 375 764 Captus
395 709 486 751 hiet
504 711 521 751 ’ξ
552 716 766 765 pontesne
787 709 900 750 inter
915 708 1107 763 jactatus
1126 724 1135 757 3
1169 721 1224 748 an
1245 706 1381 747 amnis

207 774 336 818 Ostia
357 777 440 819 sub
460 777 599 819 Tusci
616 779 632 819 2

695 777 888 827 Laudas,
911 777 1077 826 insane,
1101 774 1313 817 trilibrem

207 842 410 894 Mullum,
432 845 477 886 in
499 844 669 901 singula
690 860 819 900 quem
840 845 1007 886 minuas
1030 842 1254 899 pulmenta
1274 857 1454 884 necesse
1476 849 1556 884 est.

121 910 179 953 35
209 910 348 954 Ducit
370 919 412 954 te
435 914 616 969 species,
642 914 768 956 video
788 931 798 964 ς
830 928 918 968 quo
939 913 1129 968 pertinet
1151 927 1257 968 ergo

123 1032 190 1064 25.
217 1031 312 1065 Vanis
324 1043 440 1071 rerum,
458 1035 550 1066 vanis
566 1035 670 1071 rebus,
686 1035 719 1066 h.
735 1045 764 1067 e.
785 1045 840 1066 ex-

91 1079 190 1107 terne
218 1085 321 1107 rerum
352 1076 471 1119 speciei
495 1077 635 1110 vanitate
661 1081 751 1121 (nos,
779 1089 842 1108 vom

92 1119 305 1160 triigerischen
319 1119 428 1151 Schein
443 1122 499 1152 der
517 1121 621 1163 Dinge
639 1120 843 1160 verblendel).

96 1161 184 1193 Vana
203 1173 318 1199 rerum,
341 1168 377 1194 ut
395 1165 473 1195 vitia
492 1175 607 1203 rerum,
621 1165 702 1206 ficta
723 1175 839 1200 rerum,

91 1205 198 1236 abdita
211 1216 327 1242 rerum,
342 1217 448 1237 amara
467 1219 626 1245 curarum,
642 1210 742 1239 ardua
759 1219 840 1238 mon-

91 1249 184 1283 tium,
198 1254 296 1280 strata
311 1250 444 1285 viarum,
461 1255 491 1281 et
505 1250 633 1282 similia.

136 1291 191 1322 26.
219 1291 312 1322 Picta
327 1293 443 1332 pandat
457 1295 629 1332 spectacula
647 1295 760 1328 cauda.
777 1293 841 1325 ele·

91 1339 204 1373 gamer
225 1344 281 1376 pro
303 1334 440 1376 vulgari,
463 1335 580 1377 pictam
604 1336 739 1368 caudam
764 1347 842 1379 pan-

92 1375 148 1408 dat
163 1377 358 1419 spectaculo.

134 1419 190 1451 27.
211 1419 368 1462 Tanquam
383 1422 424 1452 ad
439 1431 502 1452 rem
518 1423 649 1452 attineat
664 1423 841 1462 quidquam,

92 1464 245 1504 tanquam
269 1463 338 1495 haec
361 1465 494 1506 pavonis
513 1465 623 1495 raritas
645 1470 677 1496 et
698 1464 842 1507 pulchri-

92 1505 171 1554 tudo
194 1506 370 1548 quidquam
390 1509 449 1550 (ad
469 1506 550 1548 rem)
565 1508 605 1538 ad
630 1517 772 1550 saporem
794 1513 841 1539 at-

92 1553 206 1581 tinent.

137 1593 193 1624 28.
240 1591 323 1623 Num
345 1594 442 1628 adest,
465 1593 569 1624 littera
591 1605 620 1624 m
645 1603 663 1624 a
685 1593 844 1635 sequentis

93 1634 181 1667 vocis
209 1635 310 1667 vocali
337 1645 401 1666 uon
427 1636 575 1678 absorpta
601 1636 780 1679 corripitur,
810 1643 845 1668 ut

93 1687 166 1720 sup.
188 1679 258 1710 Sat.
279 1677 302 1714 i,
319 1679 352 1715 9,
367 1679 421 1714 38,
437 1682 462 1710 si
478 1682 523 1710 me
541 1682 646 1716 dmas5
671 1679 735 1710 alia
754 1690 842 1722 quae-

93 1719 329 1764 dnmexempla
345 1731 383 1753 ex
401 1722 508 1753 Ennio
523 1728 555 1754 et
572 1722 721 1754 Lucretio
737 1722 845 1753 attulit

94 1762 282 1838 Lzmbinus.
328 1764 448 1802 Honor,
464 1766 558 1808 pictae
574 1765 687 1796 caudae
704 1765 844 1809 pulchri-

94 1810 129 1838 tu
153 1818 184 1839 ο.

137 1850 193 1882 29.
216 1849 280 1882 Hic
295 1860 403 1882 versus
423 1850 536 1882 mirum
557 1851 589 1882 in
609 1851 735 1882 modum
752 1861 843 1883 vexa-

35 1894 38 1897 ’
93 1892 142 1924 vit
154 1903 263 1925 omnm
283 1893 480 1936 interpretes,
497 1894 742 1943 nec‘quisquam
758 1905 844 1926 com-

23 2401 51 2448 til

23 2885 51 2973 atvs.

43 3289 62 3304 ’ἡ

87 2411 196 2443 -30,

94 1935 224 1968 modum
237 1946 363 1968 sensum
380 1937 454 1968 inde
469 1937 591 1969 elicuit.
628 1939 698 1978 Ego
711 1948 783 1969 eum
800 1937 844 1968 ita

95 1978 300 2022 interpretor:
340 1980 442 2012 Carne
477 1987 576 2022 tumen
613 1981 665 2012 hoc
701 1980 842 2023 pavonis,

95 2024 232 2063 quumvis
249 2024 344 2054 distat
362 2025 455 2059 nihil,
471 2027 567 2066 magis
583 2023 707 2066 (potius
726 2023 842 2066 quam)

95 2066 152 2096 fua
180 2066 309 2107 gallinae
337 2076 432 2098 carne
462 2066 604 2109 palatum
632 2073 750 2108 tergere
774 2067 841 2098 vis!

96 2107 174 2140 Jam
188 2109 350 2141 Gesner-us
364 2109 404 2141 ad
426 2121 519 2142 carne
537 2109 747 2152 supplendum
765 2120 843 2147 esse,

95 2160 136 2183 ex
151 2161 181 2183 v.
195 2153 251 2188 27,
267 2154 390 2184 vesceris
403 2153 581 2196 suspicatus
595 2159 665 2192 est3
688 2153 846 2185 sententia

97 2195 248 2236 postulat,
270 2200 378 2227 tamen
405 2206 533 2228 carnem
560 2196 691 2239 pavonis
717 2195 845 2237 gallinae

97 2236 186 2269 carni
210 2238 356 2282 prefers!
383 2245 416 2270 et
443 2239 511 2271 haec
536 2240 694 2271 sementia
719 2239 794 2275 exit,
819 2239 845 2270 si

97 2290 221 2313 mecum
257 2292 296 2314 ex
328 2293 359 2314 v.
391 2283 434 2314 24
469 2282 674 2325 suppleveris,
702 2283 846 2323 palatum

98 2329 215 2365 tergere
227 2326 294 2362 vis,-
316 2324 409 2357 aliter
423 2325 476 2356 vix
499 2336 537 2357 ex
564 2326 622 2356 boc
647 2325 717 2357 loco
738 2331 768 2357 te
788 2336 844 2357 ex-

97 2366 220 2410 pedias.
247 2367 519 2411 Vesceris-magis
534 2369 587 2400 vix
604 2369 662 2400 sert
677 2369 844 2400 Latinitas.

233 2410 404 2452 Inparibus
415 2412 544 2454 formis,
567 2411 691 2443 diversa
717 2411 848 2455 pavonis

96 2457 130 2485 et
156 2453 287 2495 ganinae
315 2454 428 2490 forma,
456 2455 488 2486 h.
518 2465 545 2486 e.
576 2461 705 2487 externa
730 2455 847 2498 specie.

100 2494 194 2528 Esto!
216 2496 259 2529 sit
275 2497 332 2529 ita.
375 2497 438 2530 Sed
453 2498 585 2529 ulterius
603 2499 848 2540 progrediuntur

97 2537 255 2573 humum
276 2541 442 2584 epularum
469 2541 683 2577 aestimatores,
705 2542 782 2572 dum
805 2541 845 2574 de

98 2581 221 2615 interna
232 2594 359 2627 quoque
374 2584 515 2616 ciborum
532 2583 673 2616 bonitate
689 2584 848 2616 subtiliter

94 2623 252 2668 indicant.

103 2703 105 2705 ¹
141 2669 284 2702 31—33.
309 2669 398 2701 Unde
411 2672 516 2702 datum
533 2671 636 2706 sentis,
653 2646 740 2707 cett.¹
751 2670 848 2708 unde,

77 2743 84 2746 .
98 2721 218 2754 quast»,
236 2712 294 2744 tibi
315 2713 409 2744 datus
431 2719 479 2745 est
502 2713 553 2744 hie
578 2723 670 2755 sapor
692 2713 848 2750 subtilior,

100 2759 136 2787 ut
151 2753 329 2790 discernere
351 2757 449 2799 possis
469 2757 581 2798 lupum
599 2756 630 2787 in
646 2756 752 2787 Tiberi
773 2766 849 2799 cap-

101 2801 169 2832 tum
183 2797 225 2830 ab
237 2809 274 2831 eo
287 2798 343 2841 qui
359 2799 392 2830 in
408 2799 486 2831 mari
503 2804 616 2842 captus
633 2798 695 2829 sit'.
741 2799 849 2831 Schol.

102 2838 217 2884 cuiq..
232 2844 314 2874 unde
329 2844 418 2880 nausti,
433 2855 489 2884 quo
506 2854 592 2874 sensu
613 2843 755 2882 percipis,
771 2845 849 2883 quod

102 2884 158 2916 ime
171 2884 263 2925 lupus
279 2887 379 2926 potius
399 2892 442 2917 est
457 2887 607 2921 marinus,
623 2897 711 2926 quam
727 2886 848 2928 fluviu-

104 2926 192 2959 1ϋίσῖ
226 2929 279 2966 At,
293 2930 346 2970 qui
359 2930 460 2969 palati
481 2930 651 2960 subtilitate
661 2929 851 2970 gloriantur,

105 2969 237 3003 meliori:
257 2974 371 3012 saporis
393 2975 483 3004 aiunt
504 2983 563 3003 esse
584 2973 674 3012 pisces
697 2973 774 3007 illos,
798 2975 850 3013 qui

103 3013 260 3054 rapidiore
289 3017 371 3047 unda
402 3023 580 3047 eset-centw-
606 3014 849 3058 (circumagun-

886 1033 967 1074 tur),
998 1045 1086 1075 quam
1120 1035 1173 1075 qui
1209 1034 1404 1076 languidiore
1440 1039 1636 1073 torpescunt,-

887 1079 1002 1109 idcirco
1019 1079 1170 1108 dicuutur
1192 1078 1258 1116 lupi
1278 1087 1336 1108 esse
1352 1077 1500 1111 meliores,
1515 1078 1567 1117 qui
1590 1078 1638 1107 iu-

890 1128 935 1151 ter
950 1122 1023 1151 duos
1035 1127 1138 1160 pontes
1153 1122 1298 1163 (pontem
1320 1119 1468 1150 Milvium
1484 1126 1516 1150 et
1530 1119 1638 1150 Subli-

883 1163 1001 1203 cium),
1024 1165 1074 1195 ubi
1097 1175 1178 1204 aqua
1201 1165 1378 1194 concitatior
1399 1169 1453 1198 est,
1474 1174 1561 1203 qutun
1584 1165 1638 1204 qui

885 1209 919 1237 in
944 1208 1026 1238 ostiis
1053 1207 1182 1237 Tiberis.
1230 1207 1350 1246 Lupus,
1375 1205 1523 1248 λάβραξ,
1550 1207 1638 1247 (nos,

889 1249 1064 1293 Meerwolf)
1092 1250 1186 1280 Pei-ca
1220 1249 1351 1286 Labrax,
1377 1248 1473 1280 Linn.
1523 1249 1638 1289 Captus

886 1294 960 1329 hiet,
983 1292 1212 1334 significantius
1239 1303 1306 1335 pro,
1335 1298 1447 1334 captus
1474 1291 1536 1330 sit3
1563 1302 1637 1323 nam

887 1337 972 1366 hiant
989 1336 1050 1368 sere
1067 1335 1168 1378 pisces
1185 1335 1217 1366 in
1233 1336 1340 1378 patina
1357 1333 1506 1378 appositi.

932 1380 973 1409 33
991 1389 1063 1420 sqq.
1091 1379 1228 1413 Laudas,
1245 1381 1360 1414 insane,
1378 1379 1529 1408 trilibrem
1550 1376 1638 1407 Muh-

887 1421 962 1457 lum,
985 1428 1059 1453 cett.
1104 1422 1207 1452 Poeta
1231 1421 1340 1452 transit
1365 1420 1406 1451 ad
1430 1419 1518 1450 aliud
1539 1430 1639 1460 genus

886 1462 1031 1500 insaniae,
1058 1475 1123 1506 qua
1149 1465 1190 1494 ab
1217 1463 1397 1495 hominibus
1422 1462 1583 1494 luxuriose
1608 1468 1640 1494 et

887 1507 1055 1548 magnifice
1099 1506 1275 1538 viventibus
1325 1507 1466 1539 ciborum
1512 1516 1639 1547 genera,

887 1560 960 1591 quae
983 1551 1084 1582 rarius
1107 1550 1308 1592 proveniunt,
1332 1549 1495 1591 rariusque
1518 1549 1640 1580 inveni-

887 1599 996 1629 untur,
1014 1594 1047 1625 in
1063 1604 1178 1635 magno
1193 1593 1292 1635 pretio
1310 1598 1490 1636 ponuntur;
1515 1597 1548 1623 at
1564 1591 1640 1629 alia,

889 1635 965 1667 licet
983 1637 1124 1679 ejusdem
1149 1635 1278 1678 saporis.
1296 1636 1373 1678 quia
1393 1641 1467 1666 sunt
1484 1635 1641 1676 vulgaria,

886 1679 927 1709 ab
944 1679 1055 1711 iisdem
1079 1685 1346 1711 contemnuntur:
1372 1679 1417 1709 sic
1434 1680 1548 1710 mullus
1569 1678 1643 1719 (qui

885 1721 980 1764 piscis
1005 1723 1091 1765 apud
1116 1733 1174 1754 nos
1196 1721 1311 1753 dieitur
1337 1722 1500 1759 Rothbart‚
1524 1722 1640 1752 mullus

886 1766 1043 1803 barbatus,
1064 1766 1160 1797 Linn.
1185 1764 1281 1806 vulgo
1305 1763 1567 1806 Heringsk'o'nig),
1586 1763 1639 1795 cui

890 1813 1001 1839 natura
1017 1808 1177 1839 modicum
1202 1817 1315 1850 corpus
1331 1806 1451 1843 tribuit,
1466 1806 1492 1837 si
1510 1807 1550 1838 ad
1566 1816 1638 1838 eam

889 1861 990 1892 usque
1011 1851 1263 1893 magnitudinem
1287 1855 1476 1885 accreverat,
1500 1855 1536 1880 ut
1557 1856 1640 1881 esset

890 1896 1031 1930 trilibris,
1057 1895 1209 1926 immenso
1233 1893 1332 1936 pretio
1356 1905 1373 1925 a
1399 1893 1552 1924 Romanis
1576 1893 1639 1924 emi

887 1937 1008 1968 solebat
1023 1938 1104 1980 (vid.
1129 1936 1324 1977 Heindorf),
1339 1943 1372 1968 at
1387 1938 1489 1976 lupus,
1505 1935 1561 1977 qui
1581 1945 1638 1966 na-

887 1986 958 2011 tura
987 1992 1046 2012 sua
1070 1987 1117 2013 est
1138 1991 1280 2021 procerus
1303 1980 1355 2022 (h.
1388 1990 1418 2011 e.
1446 1978 1587 2019 longior)
1610 1984 1642 2009 et

888 2024 1063 2064 grandioris
1086 2023 1243 2067 ponderis,
1264 2023 1304 2053 ab
1326 2022 1438 2054 iisdem
1461 2021 1638 2063 vilipende-

888 2067 991 2098 batur.
1038 2068 1167 2098 Iasone.-
1193 2066 1321 2098 Ofellus
1337 2065 1482 2109 appellat
1498 2064 1637 2106 aliquem

888 2109 1034 2148 insauiae,
1051 2110 1090 2142 de
1105 2120 1169 2152 qua
1182 2119 1284 2141 sermo
1297 2116 1356 2146 est,
1371 2114 1558 2141 consortem.

933 2153 986 2184 34.
1031 2155 1164 2195 Singula
1194 2154 1350 2193 pulmenta
1376 2151 1515 2194 explicat
1542 2151 1640 2182 Hein-

889 2195 1006 2228 dorfius
1026 2198 1065 2229 de
1080 2196 1216 2238 singulis
1236 2195 1362 2227 dissecti
1378 2195 1469 2226 mulli
1484 2194 1639 2237 partibus,

888 2238 953 2270 sive
978 2239 1098 2276 frustis,
1120 2250 1193 2282 quae
1222 2239 1340 2281 cuique
1363 2238 1506 2270 convivae
1530 2237 1640 2268 offere-

889 2282 1024 2323 bantur3
1048 2284 1104 2315 sed
1128 2283 1210 2314 hane
1230 2281 1475 2325 explicationem
1499 2291 1563 2311 non
1584 2281 1640 2311 ad-

889 2325 986 2357 mittit
1003 2337 1064 2358 vox
1086 2328 1289 2367 pulmentum,
1310 2336 1382 2356 nam
1409 2335 1463 2368 per
1482 2326 1641 2364 pulmenta

889 2367 1113 2411 intelliguntur
1136 2369 1278 2405 obsonia,
1302 2379 1342 2400 ex
1369 2378 1464 2400 carne
1494 2377 1565 2398 assa
1591 2367 1641 2398 vel

890 2411 988 2448 elixa,
1006 2423 1045 2444 ex
1065 2412 1203 2455 piscibus
1217 2418 1249 2444 et
1270 2411 1340 2443 aliis
1362 2411 1503 2443 ciborum
1520 2410 1642 2452 generi-

890 2455 950 2486 bus
979 2456 1124 2488 confecta
1149 2458 1238 2496 (nos,
1266 2455 1409 2487 Ger-iehte
1439 2454 1641 2490 Selius-selu).-

891 2497 934 2529 cf.
957 2509 1027 2541 sup.
1046 2499 1086 2531 ad
1102 2510 1131 2531 v.
1153 2500 1208 2535 20,
1225 2503 1257 2530 et
1275 2498 1331 2529 inf.
1354 2497 1456 2541 Epist.
1477 2497 1499 2534 i,
1519 2498 1569 2535 18,
1587 2498 1641 2528 48.

889 2541 960 2572 Nec
983 2542 1052 2584 jam
1076 2553 1179 2574 sermo
1202 2552 1272 2573 esse
1290 2541 1414 2573 videtur
1436 2540 1475 2572 de
1499 2539 1644 2573 convivio

889 2583 1008 2626 aliquo,
1028 2586 1084 2617 sed
1102 2585 1206 2628 potius
1228 2584 1266 2616 de
1290 2585 1418 2616 homine
1440 2583 1548 2626 aliquo
1570 2583 1641 2614 lux-

890 2627 1007 2664 urioso,
1024 2628 1080 2670 qui
1105 2634 1324 2670 comparatum
1347 2627 1408 2659 sibi
1430 2627 1507 2659 forte
1526 2636 1642 2667 magno

892 2670 992 2712 pretio
1018 2671 1151 2703 mullum
1176 2670 1338 2707 trilibrem,
1360 2671 1439 2713 quia
1461 2670 1547 2701 solus
1570 2680 1643 2701 eum

891 2723 957 2744 una
984 2724 1079 2746 coena
1108 2724 1296 2746 consumere
1325 2713 1447 2756 nequit,
1477 2713 1509 2744 in
1540 2713 1646 2755 plures

892 2767 1004 2788 coenas
1046 2758 1111 2789 sive
1153 2759 1183 2788 in
1225 2758 1350 2797 singula
1388 2758 1547 2798 pulmenta
1591 2757 1643 2792 (ἱιι

891 2802 1025 2831 einzelne
1056 2800 1231 2839 Gericffle),
1258 2797 1397 2832 dividere
1425 2799 1531 2830 debet.
1577 2798 1644 2829 Alii

892 2843 1126 2875 convivatorem
1146 2845 1179 2875 in
1198 2845 1265 2886 ipsa
1284 2854 1378 2875 coena
1395 2842 1544 2874 trilibrem
1563 2841 1644 2872 mul-

896 2885 962 2916 lum
990 2886 1020 2917 in
1044 2887 1187 2929 singulas
1210 2887 1290 2918 offas
1314 2886 1507 2917 dividentem
1528 2884 1646 2916 intelli-

898 2935 988 2970 gunt.

937 2973 1078 3003 35—38.
1099 2973 1205 3008 Ducit,
1218 2973 1326 3007 trahit,
1338 2972 1435 3014 capit,
1446 2970 1579 3004 inducit,
1590 2969 1645 3015 de-

895 3015 984 3058 cipit.
1019 3017 1086 3051 Quo
1099 3017 1386 3056 pertinet—lupos?
1408 3014 1483 3056 quid
1502 3012 1597 3053 igitur
1613 3022 1645 3041 in
