1884 3288
319 204 402 244 212

874 198 1278 240 CARMINUM

607 302 734 344 Vinci
755 301 969 342 dolentem
989 300 1122 342 crevit
1142 300 1185 340 in
1206 298 1462 341 Herculem:

661 369 958 410 Monstrumve
981 367 1215 408 submisere
1237 365 1388 408 Colchi

719 436 880 490 Majus,
904 434 1179 476 Echioniaeve
1200 433 1382 474 Thebae.

519 505 575 544 65
605 502 774 544 Merses
795 500 1026 556 profundo,
1049 499 1268 554 pulchrior
1288 499 1451 540 evenit:

608 569 808 618 Luctere,
831 567 963 608 multa
982 573 1162 620 proruet
1182 566 1396 619 integrum

665 635 774 676 Cum
793 634 921 675 laude
942 634 1159 681 victorem,
1182 639 1389 686 geretque

723 701 884 742 Proelia
905 700 1162 754 conjugibus
1184 698 1412 752 loquenda.

610 768 862 822 Carthagini
877 767 966 820 jam
987 781 1072 807 non
1093 779 1175 820 ego
1197 765 1370 805 nuntios

524 837 579 877 70
610 835 783 876 Mittam
805 834 1040 888 superbos:
1074 832 1245 881 occidit,
1268 832 1424 873 occidit

667 903 777 956 Spes
799 901 933 943 omnis
955 907 998 942 et
1018 899 1190 940 fortuna
1210 899 1345 939 nostri

722 968 936 1016 Nominis,
960 965 1237 1007 Hasdrubale
1258 966 1497 1006 interemto.

609 1035 685 1075 Nil
708 1034 901 1075 Claudiae
922 1048 1006 1074 non
1028 1032 1255 1086 perficient
1274 1046 1446 1072 manus:

614 1101 736 1148 Quas
757 1107 801 1141 et
820 1101 1007 1154 benigno
1029 1099 1199 1139 numine
1221 1097 1394 1153 Jupiter

528 1169 584 1210 75

671 1167 895 1216 Defendit,
918 1174 960 1207 et
982 1181 1095 1207 curae
1118 1180 1292 1220 sagaces

729 1234 982 1288 Expediunt
1003 1247 1080 1287 per
1100 1239 1225 1273 acuta
1245 1231 1360 1274 belli.

329 1356 401 1377 mus
415 1345 582 1381 occiderat,
599 1355 680 1376 nova
695 1351 832 1376 monstra
855 1345 888 1375 in
909 1344 1063 1377 Colchide

327 1394 359 1420 et
374 1388 498 1419 Boeotia
514 1387 599 1419 edita
612 1393 696 1418 sunt.
742 1387 894 1418 Fabulam
910 1386 950 1418 de
966 1388 1063 1428 hydra

328 1431 454 1462 Lernoea
470 1435 582 1461 tractat
593 1429 688 1460 Ovid.
702 1430 783 1460 Met.
795 1429 839 1465 ix,
853 1431 893 1460 69
909 1439 996 1470 sqq.:
1023 1428 1064 1460 cs.

329 1472 516 1514 Apollodor.
531 1472 565 1509 ii,
581 1474 613 1507 5,
630 1473 661 1502 2.
707 1472 788 1503 Cum
813 1471 910 1512 hydra
934 1472 1064 1502 Lernaea

331 1515 492 1546 Romanos
507 1524 633 1556 quoque
647 1518 807 1555 comparat
823 1513 962 1554 Pyrrhus
980 1512 1063 1554 apud

331 1557 416 1588 Flor.
432 1556 454 1592 i,
474 1558 525 1587 18.
570 1557 652 1587 Secta
675 1566 813 1595 corpore.-
843 1555 916 1586 hinc
941 1565 1064 1596 prover-

332 1599 409 1630 biali
437 1598 596 1630 locutione
618 1597 725 1639 ὕδραν
751 1596 882 1639 τέμνειν
908 1597 1067 1632 dicuntur,

332 1641 450 1682 quibus
466 1651 504 1672 ex
520 1651 596 1675 uno,
612 1640 695 1680 quod
713 1639 865 1674 vicerunt,
878 1639 961 1669 malo
978 1639 1069 1680 plura

330 1689 362 1714 et
378 1682 496 1724 majora
511 1683 742 1713 subnascuntur
756 1693 763 1711 ι
785 1681 850 1712 vid.
865 1682 1009 1712 Tor-rent.
1026 1681 1066 1712 ad

331 1725 364 1756 h.
380 1725 403 1756 l.
454 1725 539 1755 Vinci
554 1725 720 1760 dolentem5
746 1733 830 1759 nam,
850 1729 883 1754 ut
895 1723 971 1753 satis
990 1733 1065 1754 con-

331 1773 404 1803 stat,
420 1766 500 1798 Iolai
515 1767 642 1797 demum
658 1776 716 1807 ope
735 1765 818 1796 victa
833 1771 881 1796 est
894 1766 955 1796 ista
971 1765 1069 1806 hydra

333 1810 374 1840 ab
401 1809 548 1840 Hercule.
603 1809 717 1846 Crevit,
741 1807 936 1848 significante
966 1808 1067 1838 brevi-

333 1857 398 1882 tate
422 1857 454 1882 et
479 1850 636 1891 elegantia
661 1860 727 1892 pro.
752 1849 822 1885 fuit,
843 1861 917 1880 cum
937 1859 1016 1880 nova
1039 1850 1067 1880 ei

333 1894 503 1924 crevissent
519 1892 636 1934 capita.
683 1893 888 1923 Monstrumve
910 1893 1069 1923 submisere

335 1936 438 1966 Colchi
454 1935 569 1975 MuJus,
587 1935 770 1965 Echioniaeve
787 1934 899 1970 Thebae,
917 1945 974 1965 nec
988 1941 1069 1966 terra

335 1976 488 2008 Colchica
503 1982 535 2008 et
548 1976 700 2007 Thebana
714 1987 730 2007 e
742 1976 818 2006 satis
833 1976 976 2007 draconis
991 1976 1068 2008 den·

334 2019 419 2050 tibus
434 2018 538 2060 majus
560 2023 730 2049 monstrum
753 2018 868 2049 emisit.
914 2019 1068 2050 Fabulam

335 2062 374 2092 de
400 2061 547 2098 dracone,
575 2071 666 2102 quem
699 2061 840 2092 Cadmus
871 2060 903 2090 in
932 2060 1068 2097 Boeotia,

359 2108 501 2145 ostquarn
526 2102 581 2133 ille
606 2102 701 2143 hujus
725 2102 826 2133 socios
857 2107 1004 2143 aquatum
1028 2103 1068 2134 ad

347 2151 452 2176 ontem
469 2144 579 2175 missos
594 2150 769 2181 necaverat,
784 2144 978 2175 interfecisse
999 2155 1067 2186 per-

333 2187 468 2223 hibetur,
495 2186 631 2218 suaviter
653 2192 779 2217 enarrat
805 2185 899 2216 Ovid.
923 2187 1004 2217 Met.
1021 2187 1066 2222 iii,

334 2231 376 2261 25
391 2240 462 2271 sqq.
509 2230 536 2259 E
551 2228 698 2259 dentibus
714 2228 808 2269 hujus
817 2228 980 2270 serpentis,
990 2239 1069 2269 quo-

337 2282 406 2303 rum
421 2276 539 2314 partem
555 2270 696 2302 Minerva
708 2270 811 2301 subito
823 2281 840 2301 e
850 2271 934 2301 coelo
949 2271 1070 2312 allapsa

338 2313 493 2346 Cadmum
530 2323 630 2344 serere
668 2312 815 2353 jusserat,
855 2313 910 2343 viri
949 2313 1069 2350 armati,

335 2358 443 2397 sparti,
460 2357 628 2398 γηγενεῖς,
642 2355 703 2385 vid.
716 2355 821 2395 Heyn.
831 2354 870 2385 ad
885 2354 1069 2396 Apollodor.

335 2409 369 2441 p.
396 2399 458 2429 454
482 2399 577 2439 (quos
601 2397 741 2439 apposite
763 2397 913 2428 Horatius
938 2403 1069 2428 monstra

337 2439 507 2482 appellat),
532 2439 673 2481 prognati
694 2449 773 2474 esse.
801 2439 855 2470 sed
883 2449 966 2474 mox,
997 2450 1068 2470 cum

335 2481 491 2514 hostiliter
524 2482 629 2512 statim
663 2481 800 2512 invicem
831 2492 863 2512 se
894 2481 1068 2523 petiissent,

335 2524 454 2556 mutuis
470 2523 663 2560 vulneribus,
677 2523 817 2564 quinque
832 2529 952 2554 tantum
963 2534 1066 2565 super-

336 2566 473 2603 stitibuS,
511 2575 528 2596 e
566 2565 682 2607 quibus
721 2564 780 2596 suit
816 2565 938 2596 Echion
968 2567 1071 2608 (unde

338 2609 489 2640 Echioniae
507 2607 638 2648 Thebae),
653 2606 778 2650 periisse
800 2608 976 2639 traduntur.
1021 2608 1070 2639 Si-

338 2651 426 2683 milia
449 2655 585 2681 monstra
611 2656 691 2681 terra
724 2649 877 2681 Colchica
907 2652 1071 2681 submisisse

338 2694 443 2731 fertur,
470 2698 502 2724 et
525 2691 651 2734 quidem
686 2702 740 2734 per
776 2693 795 2723 J
801 2702 939 2730 asouem,
975 2703 1070 2734 quem

337 2737 485 2767 donatam
501 2733 559 2765 sibi
575 2745 593 2765 a
616 2735 760 2765 Minerva
777 2734 903 2765 alteram
920 2735 1070 2776 serpentis

339 2778 426 2810 illius
451 2787 471 2808 a
503 2776 624 2808 Cadmo
655 2776 751 2808 occisi
778 2776 917 2808 dentium
951 2783 1069 2818 partem

339 2830 439 2852 serere
472 2817 610 2860 jusserat
643 2819 771 2850 AEetes:
817 2817 882 2849 vid.
919 2818 1068 2860 Apollon-

341 2863 446 2894 Rhod.
470 2860 516 2897 iii,
545 2861 639 2896 1175,
661 2865 693 2892 et
717 2859 814 2892 Ovid.
837 2861 920 2891 Met.
935 2860 989 2896 vii,
1010 2862 1069 2892 122

337 2916 406 2948 sqq.
422 2904 598 2936 Submisere.
621 2901 903 2944 Submittere,quod
912 2902 1071 2944 eleganter

339 2947 423 2990 apud
454 2947 584 2977 Lucret.
619 2945 640 2980 i,
669 2946 700 2981 8,
727 2950 758 2977 et
784 2943 859 2975 alibi
897 2945 962 2986 (uti
989 2946 1071 2987 apud

1108 1344 1237 1375 Graecos
1255 1341 1488 1384 ἀναπέμπειν)
1508 1343 1547 1374 de
1565 1341 1693 1373 floribus
1712 1341 1839 1378 dicitur,

1107 1396 1185 1426 quos
1194 1391 1272 1416 terra
1282 1385 1397 1416 sensim
1410 1385 1587 1426 sensimque
1596 1393 1716 1415 sursum
1731 1383 1840 1419 mittit,

1108 1427 1250 1469 apposite
1270 1427 1310 1458 ad
1331 1427 1403 1458 illos
1426 1427 1508 1458 viros
1530 1431 1676 1462 armatos,
1699 1426 1754 1467 qui
1777 1436 1839 1456 non

1108 1470 1211 1500 subito
1227 1479 1244 1500 e
1259 1475 1340 1500 terra
1353 1469 1562 1510 prosiluerint,
1576 1468 1642 1504 sed,
1658 1473 1692 1499 ut
1708 1467 1842 1499 Ovidius

1107 1512 1130 1542 1.
1153 1522 1182 1543 c.
1206 1517 1321 1547 narrat,
1354 1511 1468 1542 sensim
1501 1510 1682 1551 sensimque
1712 1520 1731 1542 e
1762 1515 1842 1542 terra

1108 1553 1327 1589 succreverint,
1345 1552 1513 1584 transtulit.

1154 1596 1292 1627 65—76.
1338 1595 1448 1626 Merscs
1482 1594 1649 1635 profundo,
1684 1595 1841 1634 pulchrior

1110 1640 1225 1668 evenit.-
1250 1643 1323 1668 nota
1338 1637 1453 1678 imago,
1467 1647 1531 1678 qua
1546 1636 1629 1678 quis,
1645 1635 1748 1672 malis,
1772 1636 1841 1678 qui-

1108 1680 1168 1710 bus
1191 1680 1366 1714 laborabat,
1398 1679 1529 1710 feliciter
1558 1677 1722 1721 superatis,
1756 1689 1841 1709 com-

1110 1727 1235 1764 paratur
1256 1732 1326 1753 cum
1350 1731 1387 1752 eo
1409 1721 1465 1763 qui
1486 1732 1503 1753 e
1525 1721 1676 1763 profundo
1697 1720 1786 1756 mari,
1803 1720 1843 1752 ad

1111 1764 1195 1806 quod
1207 1764 1368 1795 demersus
1381 1763 1493 1800 suerat,
1510 1763 1592 1794 bona
1606 1763 1730 1794 fortuna
1743 1773 1842 1794 emer—

1112 1807 1178 1847 git3
1200 1808 1367 1846 pulchrior,
1395 1806 1517 1837 virtutis
1543 1805 1659 1837 honore
1681 1804 1843 1846 insignior.

1113 1849 1278 1879 Horatium
1301 1848 1440 1879 imitatus
1462 1853 1510 1880 est
1526 1847 1671 1878 Rutilius
1693 1847 1802 1878 Itiner.
1818 1846 1840 1883 i,

1115 1891 1187 1926 129,
1212 1891 1311 1922 Flevit
1333 1901 1479 1922 successus
1505 1890 1665 1921 Hannibal
1684 1891 1745 1929 ipse
1766 1899 1842 1920 suos.

1114 1933 1186 1967 Quae
1211 1935 1305 1974 mergi
1330 1939 1492 1973 nequeunt,
1516 1935 1586 1964 nisu
1609 1934 1721 1973 majore
1742 1942 1844 1962 resur-

1109 1982 1203 2016 gunt,
1231 1976 1437 2015 Exsiliumque
1458 1977 1525 2006 imis
1545 1974 1638 2006 aleius
1663 1976 1725 2005 icta
1747 1976 1843 2006 vadis.

1113 2020 1253 2053 Luctere,
1281 2019 1378 2048 multa
1412 2023 1537 2057 proruet
1575 2018 1638 2047 inte
1677 2027 1729 2047 um
1767 2017 1843 2047 Cum

1113 2060 1202 2091 laude
1209 2062 1346 2090 victorem
1353 2081 1361 2090 .
1385 2059 1481 2100 Finge
1490 2057 1547 2090 tibi
1557 2068 1613 2100 par
1621 2069 1642 2100 g
1654 2058 1841 2094 adiatorum,

1111 2112 1240 2142 quorum
1265 2102 1352 2136 alter,
1374 2101 1440 2142 jam
1464 2111 1554 2143 paene
1575 2100 1688 2137 victus,
1711 2100 1844 2132 alterum

1109 2143 1175 2184 jam
1194 2154 1284 2186 paene
1299 2144 1447 2175 victorem
1464 2149 1495 2174 et
1509 2143 1638 2183 integris
1653 2142 1755 2174 adhuc
1772 2142 1843 2174 viri-

1111 2187 1182 2221 bus,
1197 2196 1311 2226 magna
1325 2195 1399 2217 cum
1415 2185 1508 2216 laude
1522 2184 1699 2227 prosternit.
1731 2184 1846 2216 Praetia

1111 2230 1290 2268 conjugibus
1306 2229 1465 2268 loquenda,
1482 2227 1515 2257 h.
1530 2237 1560 2258 e.
1575 2237 1728 2258 caesorum
1749 2227 1843 2258 mari-

1112 2275 1214 2300 torum
1231 2269 1420 2311 conjugibus
1433 2279 1507 2300 cum
1529 2268 1616 2299 luctu
1631 2268 1844 2301 memoranda.

1113 2311 1224 2343 Minus
1237 2312 1316 2343 bene
1325 2312 1386 2342 huc
1398 2311 1552 2342 advocant
1560 2310 1657 2342 Ovid.
1680 2310 1809 2343 Heroid.
1823 2311 1846 2349 i,

1112 2355 1165 2389 29,
1182 2360 1213 2385 et
1233 2355 1410 2396 conjugibus
1430 2353 1470 2384 de
1490 2353 1640 2384 uxoribus
1660 2363 1767 2384 eorum
1791 2362 1844 2385 ac-

1113 2395 1246 2438 cipiunt,
1260 2396 1326 2438 qui,
1342 2406 1412 2428 cum
1430 2395 1561 2427 victores
1581 2405 1600 2427 e
1621 2395 1704 2427 bello
1719 2395 1846 2427 domum

1113 2438 1270 2474 redierint,
1285 2438 1397 2481 proelia
1413 2448 1471 2468 sua
1484 2437 1524 2469 iis
1535 2442 1690 2470 enarrent.
1732 2438 1845 2478 Super-

1114 2482 1172 2516 bos,
1190 2491 1262 2512 cum
1278 2480 1435 2522 superbia¹
1460 2480 1621 2511 Romanos
1641 2479 1740 2511 victos
1761 2490 1843 2516 esse.

1112 2523 1278 2554 reserentes
1289 2535 1298 2562 ς
1321 2521 1475 2563 ejusmodi
1492 2521 1621 2553 nuntius
1676 2526 1706 2552 st
1722 2521 1845 2553 cladem

1114 2565 1312 2597 Cannensem
1329 2565 1390 2596 suit
1405 2566 1515 2606 Mago,
1538 2533 1727 2596 Hamilliiuis
1740 2563 1844 2595 filius:

1113 2607 1177 2638 vid.
1192 2607 1261 2639 Liv.
1274 2607 1361 2644 xxiii,
1374 2608 1425 2638 11.
1469 2606 1576 2638 Nostri
1589 2608 1727 2644 nominis,
1742 2606 1846 2647 gentis

1114 2655 1238 2681 nostrae.
1271 2650 1328 2680 Nil
1343 2649 1479 2681 Claudio:
1490 2660 1550 2680 non
1559 2649 1714 2689 perficient
1726 2659 1844 2686 manus,

1115 2691 1147 2723 h.
1161 2702 1190 2723 e.
1206 2702 1225 2723 a
1241 2692 1282 2724 C.
1299 2691 1427 2724 Claudii
1450 2689 1587 2722 Neronis
1608 2695 1701 2731 gente
1722 2700 1845 2732 sperare

1115 2734 1221 2765 Roma
1238 2739 1345 2782 potest
1359 2732 1482 2771 omniu
1505 2743 1558 2775 per
1572 2743 1679 2764 manus
1699 2733 1845 2764 Claudias

1113 2775 1262 2817 intelligit
1274 2776 1367 2807 simul
1383 2776 1422 2808 C.
1437 2774 1564 2807 Claudii
1585 2773 1721 2806 Neronis
1742 2780 1845 2816 poste-

1113 2829 1174 2850 ros.
1217 2821 1329 2860 ltaque
1340 2818 1406 2860 jam
1422 2816 1596 2854 Hannibal,
1608 2817 1751 2848 Nerones
1765 2817 1845 2849 tales

1113 2861 1188 2896 fore,
1225 2860 1351 2902 qualem
1389 2860 1513 2891 Drusus
1548 2859 1582 2890 in
1617 2858 1700 2890 bello
1736 2865 1844 2891 contra

1114 2903 1243 2935 Rhaetos
1275 2913 1308 2934 se
1341 2901 1528 2945 praebuerat,
1555 2900 1745 2933 vaticinatus
1775 2911 1845 2933 ene

1113 2945 1249 2986 fingitur,
1265 2955 1326 2986 quo
1343 2944 1421 2976 nihil
1444 2953 1520 2976 sene
1542 2942 1575 2974 in
1600 2942 1698 2975 Drusi
1718 2942 1842 2975 laudem
