1904 3314
683 173 913 217 LIBER
943 174 981 224 1,
1012 175 1054 215 3.

1545 175 1627 216 311

206 278 254 322 Si
275 280 395 336 quod
417 280 472 322 sit
492 278 656 328 vitium,
678 291 766 319 non
786 276 1007 318 fastidire:
1041 276 1290 318 strabonem

83 362 87 365 ¹
115 347 174 389 45
203 346 415 404 Appellat
436 347 606 390 Paetum
625 352 765 401 pater,
787 351 832 386 et
853 344 1041 395 Pullum,
1063 343 1174 386 male
1194 359 1358 400 parvus

205 415 254 458 Si
274 417 346 458 cui
365 415 480 457 filius
501 421 581 464 est,
602 420 653 455 ut
673 413 895 454 abortivus
917 411 1000 454 fuit
1021 412 1127 461 olim,

203 483 442 539 Sisyphus3
475 481 591 523 hunc
617 481 781 524 Varum
803 481 1000 522 distortis
1023 481 1240 530 cruribus,
1261 479 1383 521 illum

201 551 400 593 Balbutit
420 550 633 592 Scaurum
653 549 798 604 pravis
818 548 975 590 fultum
994 548 1104 590 male
1126 547 1239 590 talis.

203 618 383 660 Parcius
404 617 475 660 hic
497 618 623 659 vivit:
656 617 774 672 frugi
795 617 980 659 dicatur.

1042 616 1226 671 Ineptus

114 687 172 729 50
202 687 264 728 Et
278 685 513 742 jactantior
533 685 604 726 hic
624 684 772 740 paullo
794 693 884 726 est:
917 685 1156 726 concinnus
1175 684 1337 734 amicis,

203 753 402 797 Postulat
423 760 484 801 ut,
508 754 721 795 videatur.

782 752 846 794 At
867 760 934 794 est
959 751 1245 794 truculentior
1265 759 1398 807 atque

201 821 308 864 Plus
330 836 456 877 aequo
476 821 611 863 liber:
645 820 828 877 simplex
849 820 1062 875 fortisque
1085 820 1312 862 habeatur.

200 889 378 932 Caldior
397 897 488 931 est:
523 904 645 931 acres
666 890 779 931 inter
800 896 1066 931 numeretur.

1130 888 1316 944 Opinor,

132 1007 134 1009 ¹
200 955 312 1000 Haec
332 972 403 1000 res
425 966 470 1000 et
483 958 645 1014 jungit,
662 958 840 1013 junctos
863 964 910 1000 et.
929 964 1072 999 servat
1101 957 1277 998 amicos.

113 1027 170 1068 55
199 1025 263 1068 At
282 1041 362 1068 nos
383 1027 567 1068 virtutes
590 1027 706 1081 ipsas
733 1026 1001 1076 invertimus,
1023 1033 1155 1080 atque

201 1094 426 1136 Sincerum
448 1095 646 1149 cupimus
668 1109 742 1135 vas
764 1094 1021 1135 incrustare.

1086 1093 1259 1135 Probus
1280 1094 1378 1148 quis

199 1161 446 1204 Nobiscum
467 1163 585 1213 vivit,
608 1162 790 1204 multum
812 1162 1026 1204 demissus
1048 1161 1205 1212 homo;
1239 1161 1299 1202 illi

198 1229 352 1273 Tardo
372 1245 613 1287 cognomen
634 1231 787 1286 pingui
807 1237 852 1272 et
873 1230 1042 1272 damus.

1105 1230 1193 1271 Hic
1215 1229 1328 1285 fugit
1347 1243 1498 1271 omnes

199 1297 402 1349 Insidias,
424 1298 618 1354 nullique
638 1299 751 1341 malo
770 1299 885 1341 latus
908 1299 1032 1341 obdit
1063 1306 1277 1354 apertum,

82 1388 192 1438 igitur,
207 1394 244 1432 ut
252 1387 305 1421 hic
317 1399 403 1420 error
414 1393 591 1419 amatorum
610 1388 642 1419 in
659 1388 830 1420 amicarum

83 1431 170 1464 vitiis
182 1431 289 1464 locum
311 1432 443 1463 baberet
458 1431 553 1463 etiam
575 1431 608 1462 in
628 1431 779 1469 amicitia,
800 1438 833 1463 et

84 1485 142 1518 pro
158 1474 336 1507 honestiore
350 1485 452 1507 errore
478 1474 646 1506 haberetur
662 1485 681 1506 a
706 1475 832 1506 virtutis

83 1517 342 1561 praeceptoribus.

131 1562 186 1596 43,
202 1562 257 1592 44.
278 1562 320 1592 Ae
337 1560 405 1603 jam
421 1571 488 1603 pro,
503 1562 672 1592 enimvero.-
695 1568 784 1600 pater
797 1567 834 1592 ut

83 1605 187 1646 gnati.
201 1609 266 1635 cett
285 1603 407 1646 junge:
432 1610 464 1635 at
475 1610 563 1643 pater
573 1610 610 1635 ut
619 1606 710 1645 gnati
722 1604 833 1635 vitium

87 1657 152 1678 non
167 1646 298 1685 fastidit,
313 1649 356 1678 sic
371 1658 434 1683 nos,
449 1648 475 1677 si
490 1649 568 1687 quod
584 1649 694 1677 vitium
706 1648 743 1677 sir
755 1650 831 1678 ami·

87 1692 128 1727 ci,
144 1702 204 1721 non
218 1690 371 1732 jastidire
394 1691 543 1721 debemus.
587 1690 755 1725 Fastidire,
779 1700 833 1720 vo-

87 1733 168 1765 calis
181 1744 198 1764 e
212 1733 330 1768 brevis,
354 1733 562 1774 sequentibus
578 1732 690 1763 litteris
705 1739 750 1763 sir
765 1743 833 1763 ma-

86 1782 143 1808 net
165 1775 286 1807 brevis:
311 1775 354 1807 cf.
376 1776 415 1806 ed
438 1776 506 1806 Sat.
527 1775 550 1810 i,
564 1776 596 1810 2,
612 1776 666 1805 30.
709 1776 831 1811 Strabo,

87 1819 144 1861 qui
175 1819 342 1861 detorquet
370 1819 482 1850 oculos
496 1829 504 1848 ι
540 1828 610 1854 nos,
637 1819 692 1848 der
716 1819 834 1849 schielt.

89 1862 207 1900 Paetus,
217 1862 385 1904 interprete
399 1867 500 1892 vetere
513 1860 706 1893 Scholiasta.
717 1863 836 1892 dicitur

88 1906 141 1946 qui
159 1905 297 1936 tremulis
310 1910 354 1935 est
367 1905 463 1935 aculis
477 1910 505 1935 et
523 1905 633 1934 leniter
649 1905 831 1941 declinatis,·

88 1957 148 1979 nos
163 1948 238 1984 fere,
252 1949 308 1979 der
321 1954 410 1979 etwas
425 1948 560 1986 blinselt.

134 1992 188 2026 45,
204 1991 257 2022 46.
282 1990 323 2022 Et
342 1990 484 2026 Pullum,
499 1996 574 2021 cett.
591 1994 623 2020 et
637 1988 664 2020 si
682 1989 754 2031 quis
778 1989 834 2020 ha-

87 2034 142 2065 bet
163 2033 266 2065 filium
291 2034 369 2064 male
394 2033 445 2075 (h.
461 2042 489 2064 e.
511 2038 623 2075 praeter
646 2033 786 2070 modum,
802 2038 838 2063 ut

90 2087 122 2108 v.
138 2077 192 2114 45,
209 2076 252 2108 cs.
267 2076 308 2107 ad
331 2087 362 2108 v.
379 2075 441 2115 25)
467 2085 610 2118 parvum,
634 2075 739 2118 qualis
759 2075 835 2107 olim

89 2118 151 2151 fuit
165 2119 319 2162 Sisyphus
334 2119 495 2150 abortivus
511 2119 643 2159 (abortu
661 2118 745 2150 enim
769 2118 835 2150 nati

87 2162 197 2204 exigui
211 2161 350 2205 corporis
364 2161 466 2193 solent
480 2171 550 2193 esse
571 2161 746 2200 homines),
762 2172 835 2192 eum

88 2211 177 2247 peter
190 2204 307 2237 blande
327 2204 469 2248 appellat
496 2205 634 2241 Pullum,
654 2204 834 2246 parvulum,

113 2258 234 2291 upum;
267 2258 326 2280 nos
353 2248 430 2283 sere,
459 2247 612 2285 Putchen,
648 2247 833 2278 Hithite-hen.

89 2258 255 2333 §hyphun
277 2290 387 2323 Schol.
405 2290 520 2331 Cruq..
539 2290 587 2321 M.
602 2291 736 2321 Antonin
762 2290 832 2320 Tri-

88 2336 207 2366 omnir-0
219 2335 348 2375 pumilio
360 2334 465 2376 faisse
478 2334 597 2364 dicitur
610 2335 696 2364 intra
711 2335 833 2373 bipeda-

91 2377 148 2409 lem
161 2383 324 2414 staturam,
340 2388 426 2418 quem
442 2379 503 2417 ipse
517 2376 679 2418 Sisyphum
697 2377 834 2417 appella-

90 2420 141 2451 bat
154 2421 190 2451 ab
204 2422 320 2463 ingenii
333 2421 548 2451 calliditatem.

135 2463 277 2495 47-49,
298 2463 392 2495 Hunc
407 2463 519 2494 Varum
529 2463 676 2499 distortis,
688 2467 765 2494 cett.
777 2461 834 2493 ali-

92 2515 148 2538 um
157 2505 271 2542 filium,
278 2505 373 2548 cujus
381 2515 473 2537 crura
480 2505 611 2536 distorta
618 2510 702 2541 sunt,
710 2505 839 2536 mollius

96 2548 211 2580 Varum
227 2550 334 2592 (cujus
345 2550 447 2590 pedes,
464 2554 499 2579 ut
515 2548 656 2590 loquitur
678 2548 838 2579 Scholias-

91 2592 152 2630 ἰεῦ,
167 2593 334 2623 introrsum
348 2598 466 2624 retorta.
476 2593 567 2630 sunt)
581 2602 592 2628 ,·
618 2590 730 2626 alium.
745 2591 839 2633 cujus

91 2633 150 2666 tali
171 2634 256 2666 male
278 2634 442 2677 depravati
468 2639 555 2669 sunt,
583 2633 781 2664 balbutiente
808 2639 841 2665 et

91 2683 259 2719 paternum
275 2687 412 2709 amorem
425 2676 639 2719 experimente
651 2686 728 2707 voce
744 2677 837 2707 Scau-

92 2730 164 2751 rum
191 2719 267 2763 (qui
289 2720 371 2751 talos
397 2720 494 2752 habet
523 2722 702 2755 exstantes)
733 2724 840 2751 vocat.

48 2791 53 2794 .
95 2762 227 2795 Scilicet
242 2767 360 2811 patres,
377 2762 404 2793 si
429 2773 493 2805 qua
519 2762 658 2804 corporis
683 2761 760 2792 vitia
785 2762 841 2792 ha-

92 2805 172 2837 bem
196 2805 266 2842 filii,
301 2805 444 2837 molliore
481 2805 642 2836 locutione
669 2815 706 2835 ea
740 2804 843 2836 levare

94 2847 242 2888 student3
267 2848 363 2880 amici
379 2848 476 2889 igitur
495 2854 601 2891 patres
623 2848 656 2878 in
680 2847 845 2879 elevandis

95 2890 270 2923 amicorum
296 2891 380 2923 vitiis
408 2891 526 2922 imitari
552 2891 681 2922 debent.
729 2891 843 2932 Frugi,

95 2932 154 2974 qui
178 2933 333 2976 prudente
358 2933 553 2977 parsimonia
578 2940 609 2966 et
635 2933 697 2964 sibi
721 2941 753 2964 et
779 2933 847 2964 suis

98 2975 269 3018 prospicit:
293 2987 364 3015 nos,
381 2979 431 3009 ein
444 2984 539 3019 guter
558 2976 671 3008 Wirth.
710 2975 847 3017 Inepta-s,

876 1388 943 1431 qui,
960 1389 1037 1420 dum
1055 1389 1163 1432 inepta
1176 1399 1208 1420 se
1223 1388 1352 1430 gerendi
1364 1388 1486 1421 ratione
1501 1389 1626 1431 placere

876 1432 994 1468 studet,
1021 1433 1190 1475 displicet:
1216 1432 1461 1475 descriptionem
1489 1432 1627 1465 hominis

876 1475 975 1517 inepti
993 1476 1080 1507 dedit
1098 1475 1212 1507 Cicero
1227 1475 1265 1506 de
1283 1475 1374 1506 Orat.
1390 1474 1425 1510 ii,
1442 1479 1472 1506 4.

919 1520 973 1557 50,
988 1521 1042 1551 51.
1068 1519 1242 1550 concinnus
1266 1520 1383 1554 amicis,
1411 1519 1553 1550 Postulat
1574 1526 1624 1555 ut,

878 1563 1040 1592 videatur.-
1065 1562 1091 1592 is
1115 1562 1268 1597 videatur,
1291 1568 1324 1591 ut
1349 1562 1446 1592 videri
1474 1562 1625 1604 postulat,

878 1603 982 1642 homo,
999 1604 1055 1646 qui
1072 1605 1197 1646 placere
1207 1610 1239 1635 et
1253 1605 1440 1635 commodus
1452 1615 1521 1636 esse
1537 1605 1626 1647 cupit

877 1647 1008 1684 amicis;
1024 1647 1114 1689 posui
1127 1647 1221 1687 igitur
1232 1646 1272 1677 ad
1286 1647 1368 1678 hanc
1380 1647 1626 1690 explicationem

878 1696 948 1731 post
958 1692 1062 1721 amicis
1071 1696 1103 1720 et
1114 1696 1183 1731 post
1195 1696 1231 1720 ut
1247 1689 1460 1720 distinctionis
1475 1690 1604 1731 signum
1617 1700 1626 1720 ε

878 1732 951 1763 nolo
967 1738 1072 1763 tamen
1088 1732 1278 1763 contendere
1293 1742 1366 1762 cum
1386 1732 1425 1762 iis
1447 1733 1503 1773 qui
1524 1732 1627 1780 expli-

878 1785 950 1806 care
966 1775 1090 1810 malint,
1111 1775 1251 1817 postulat
1272 1774 1434 1816 (ineptus)
1460 1782 1493 1806 ut
1515 1775 1628 1807 amicis

879 1817 944 1848 suis
958 1818 1136 1849 concinnus
1151 1817 1307 1848 videatur.
1351 1818 1393 1847 Ae
1411 1824 1453 1848 est
1468 1821 1628 1850 truciden-

879 1863 951 1897 tior,
969 1867 1045 1892 cett.
1061 1867 1092 1891 at
1109 1860 1244 1892 ferocius
1259 1866 1291 1890 et
1313 1859 1501 1892 insolentius
1523 1871 1557 1892 se
1579 1861 1627 1893 ef-

877 1903 948 1939 fert,
965 1909 1008 1939 et,
1025 1903 1182 1945 quicquid
1199 1903 1231 1934 in
1247 1903 1384 1934 buccam
1409 1903 1508 1939 venit.
1531 1905 1627 1946 paulo

878 1946 1009 1978 liberius
1044 1952 1077 1977 et
1110 1945 1402 1977 inconsiderantius
1435 1946 1562 1986 effutit3
1600 1947 1628 1979 is

877 1990 1002 2029 simplex
1026 1988 1111 2031 (qui,
1136 1989 1223 2030 quod
1243 1988 1351 2023 sentit,
1367 1988 1538 2031 loquitur),
1553 1990 1627 2028 fin·-

880 2034 975 2074 tisque
990 2032 1065 2074 (qui
1081 2031 1160 2063 nihil
1177 2032 1283 2069 timet)
1299 2032 1461 2064 habeatur.

923 2077 977 2107 53.
1004 2076 1131 2106 caldior
1150 2082 1205 2111 est,
1228 2073 1255 2105 si
1277 2080 1326 2106 est
1349 2074 1443 2107 homo
1466 2075 1628 2108 calidioris

879 2123 912 2149 et
938 2117 1113 2149 fervidioris
1136 2117 1268 2158 ingenii,
1306 2128 1391 2149 acres
1426 2121 1519 2155 inter,
1548 2119 1629 2150 inter

881 2161 977 2203 paulo
993 2161 1240 2192 vehementiores
1255 2172 1262 2191 :
1289 2172 1369 2197 acer,
1386 2172 1455 2198 nos,
1471 2165 1521 2193 ein
1538 2163 1628 2193 leicht

880 2206 1042 2242 reizbarer,
1056 2211 1146 2236 etwas
1162 2204 1295 2246 hqfiiger
1312 2204 1451 2236 Mensch.

922 2249 1066 2279 55—62.
1092 2249 1132 2278 At
1150 2258 1201 2278 nos
1217 2249 1578 2284 virtutes—incrustare.
1596 2253 1629 2279 at

879 2300 937 2321 nos
962 2290 1048 2333 ipsas
1073 2290 1205 2321 virtutes
1234 2295 1424 2333 praepostere
1456 2301 1511 2333 pro
1543 2290 1629 2322 vitiis

879 2333 1046 2369 habemus,
1062 2339 1094 2364 et
1109 2333 1155 2364 sic
1171 2332 1305 2364 facimus
1329 2332 1424 2370 idem,
1440 2343 1476 2364 ac
1500 2333 1531 2365 si
1551 2334 1630 2365 veli-

880 2387 953 2408 mus
979 2386 1036 2408 vas
1057 2375 1228 2416 integrum,
1252 2381 1406 2418 tanquam
1429 2375 1576 2408 vitiatum
1599 2382 1631 2409 et

880 2419 1044 2456 rimosum,
1062 2419 1222 2450 oblinere:
1248 2422 1432 2458 incrustare,
1448 2419 1531 2461 pice.
1543 2430 1628 2456 cera,

881 2468 1008 2505 stuppa,
1023 2462 1073 2493 vel
1089 2462 1153 2493 alia
1167 2472 1200 2493 re
1226 2468 1377 2504 tanquam
1403 2469 1510 2493 crusta
1528 2463 1630 2494 obdu-

883 2516 965 2537 cere.
1011 2505 1128 2536 Probus
1154 2508 1232 2545 quis,
1258 2511 1336 2537 cett.
1382 2505 1480 2537 Hunc
1511 2505 1630 2542 locum,

884 2558 980 2590 quem
996 2547 1113 2579 rectius
1124 2547 1382 2589 distinguendum
1394 2549 1515 2583 curavi,
1528 2548 1631 2590 ejecta

882 2601 960 2622 voce
969 2597 1011 2626 est
1022 2595 1094 2633 post
1107 2591 1250 2627 multum,
1267 2590 1310 2622 ita
1327 2590 1492 2633 intelligo:
1517 2591 1544 2622 si
1559 2591 1633 2634 quis

883 2634 1013 2676 probus,
1031 2632 1124 2664 multi
1141 2633 1270 2674 pudoris
1284 2639 1316 2664 et
1330 2633 1512 2666 timiditatis
1528 2634 1634 2673 homo,

886 2677 1051 2708 nobiscum
1068 2675 1157 2711 vivit,
1170 2675 1262 2708 illum
1278 2676 1424 2708 tardioris
1439 2683 1472 2708 et
1485 2677 1634 2720 pinguio-

885 2719 928 2750 ris
943 2718 1064 2760 ingenii
1079 2718 1239 2750 hominem
1258 2719 1478 2762 appellamus:
1503 2727 1546 2751 est
1566 2725 1636 2762 post

886 2765 1017 2794 nucitum.
1033 2768 1117 2794 recte
1134 2762 1200 2793 Fea
1214 2772 1273 2793 nec
1290 2763 1358 2794 sine
1368 2762 1484 2794 idonea
1495 2763 1633 2795 auctori-

887 2810 952 2836 tate
967 2805 1071 2836 omisit
1083 2816 1097 2843 ;.
1118 2805 1322 2837 Heindorfius
1344 2816 1399 2847 pro
1421 2811 1464 2836 est
1486 2805 1574 2837 dedit
1595 2812 1636 2842 et,

888 2848 975 2890 quod
990 2847 1063 2879 ferri
1088 2854 1203 2890 potest,
1226 2848 1281 2880 sed
1297 2859 1362 2879 non
1384 2858 1462 2891 opus
1474 2854 1540 2879 est:
1564 2849 1634 2888 pin—

886 2893 944 2933 gui
961 2897 991 2923 et
1005 2901 1061 2932 pro
1077 2898 1106 2922 et
1120 2892 1244 2933 pingui,
1259 2896 1295 2922 ut
1311 2892 1379 2922 Sat.
1395 2891 1417 2927 i,
1434 2893 1466 2927 4,
1477 2892 1532 2928 51,
1548 2891 1635 2921 Ebri-

890 2945 926 2966 us
940 2941 968 2966 et
983 2944 1039 2977 pro
1054 2941 1080 2965 et
1098 2936 1212 2966 ebrius.
1259 2934 1409 2966 Ceterum
1430 2935 1514 2973 probi
1535 2939 1568 2964 et
1585 2934 1637 2963 ‹ie-

892 2979 972 3008 missi
987 2977 1072 3019 apud
1088 2977 1278 3009 Ciceronem
1300 2986 1428 3018 quoque
1448 2975 1639 3017 junguntur,
