1904 3314
634 179 862 227 LIBER
894 180 954 235 ΙΙ,
984 185 1027 226 2.
1520 187 1602 227 531

65 283 148 326 160
178 283 268 333 Qui
290 291 332 328 te
353 284 493 342 pascit
513 299 632 341 ager,
654 291 756 327 tuus
777 292 873 337 est3
905 292 950 327 et
972 284 1136 327 villicus
1160 284 1290 336 Orbi,

177 353 327 401 Quum
348 361 519 411 segetes
540 359 676 404 occat,
699 353 779 395 tibi
798 368 901 395 mox
922 352 1140 394 frumenta
1160 353 1354 403 daturas,

176 419 246 463 Te
267 423 486 464 dominum
507 418 663 463 sentit:
697 421 775 462 das
795 436 1008 471 nummOS‚
1031 420 1192 475 accipis
1214 435 1353 470 uvam,

175 487 343 540 Pullos,
365 503 459 539 ova,
481 489 636 531 cadum
657 489 828 530 temeti:
862 502 1017 543 nempe
1038 487 1169 528 modo
1190 488 1274 529 isto

174 554 391 599 Paulatim
410 557 612 599 mercaris
634 571 799 612 agrum,
821 555 1007 598 fortasse
1029 555 1250 605 trecentis,

62 622 144 664 165
172 622 268 665 Aut
287 624 416 666 etiam
438 638 584 679 supra,
607 639 878 666 nummorum
898 623 1086 665 millibus
1109 631 1284 665 emtum.

175 691 298 739 Quid
317 691 466 742 refert,
486 691 604 733 vivas
626 698 851 734 numerato
872 705 1014 746 nuper
1035 706 1090 732 an
1112 690 1245 732 olim?

175 758 332 801 Emtor
350 758 521 801 Aricini
541 760 761 815 quondam
782 759 982 802 Veientis
1004 766 1048 801 et
1069 760 1161 800 arvi

172 825 352 869 Emtum
372 835 516 870 coenat
538 827 648 878 olus,
669 828 864 882 quamvis
885 826 1009 869 aliter
1029 834 1178 882 putat;
1211 827 1337 868 emtis

177 894 272 938 Sub
292 902 464 938 noctem
485 895 672 951 gelidam
692 895 821 951 lignis
844 893 1071 937 calefactat
1092 894 1279 936 ahenum
1297 911 1306 944 ;

63 961 146 1004 170
175 961 266 1006 Sed
286 970 412 1005 vocat
433 977 572 1018 usque
595 976 734 1013 suum,
756 978 843 1018 qua
862 962 1052 1018 populus
1075 963 1218 1005 adsita
1238 962 1370 1004 certis

175 1029 408 1074 Limitibus
428 1031 568 1072 vicina
587 1030 751 1087 refugit
766 1031 914 1086 jurgia
932 1048 941 1082 ;
974 1037 1180 1085 tanquam

175 1099 243 1142 Sit
260 1100 484 1156 proprium
505 1100 758 1155 quidquam,
780 1107 944 1155 puncto
965 1100 1085 1154 quod
1107 1099 1275 1141 mobilis
1297 1099 1433 1149 horae,

172 1166 307 1210 Nunc
327 1181 473 1223 prece,
495 1182 610 1209 nunc
633 1168 789 1223 pretio,
811 1182 927 1209 nunc
949 1168 1004 1217 vi,
1028 1181 1142 1208 nunc
1165 1175 1281 1209 sorte
1303 1181 1519 1223 suprema,

174 1234 401 1277 Permutet
422 1235 635 1284 dominos,
657 1243 701 1277 et
721 1235 850 1277 cedat
871 1235 915 1276 in
936 1234 1073 1276 altera
1088 1236 1204 1290 jura.

61 1303 143 1346 175
171 1302 260 1353 Sic,
282 1303 384 1358 quia
403 1310 645 1358 perpetuus
666 1302 773 1344 nulli
794 1303 924 1344 datur
945 1318 1066 1352 usus,
1090 1310 1134 1344 et
1155 1303 1294 1344 haeres

172 1369 411 1412 Haeredem
432 1369 626 1419 alterius,
648 1369 766 1411 velut
788 1370 905 1411 unda
927 1371 1179 1425 supervenit
1200 1371 1377 1420 undam,

170 1437 295 1486 Quid
316 1437 398 1479 vici
417 1444 618 1493 prosunt,
641 1444 716 1478 aut
736 1437 924 1478 horrea?

985 1438 1160 1484 Quidve
1183 1437 1381 1479 Calabris

173 1504 368 1548 Saltibus
388 1505 550 1561 adjecti
572 1505 754 1555 Lucani,
778 1505 813 1546 si
834 1505 955 1547 metit
979 1504 1124 1547 Orcus

57 1623 99 1645 ex
113 1612 221 1656 aliqua
237 1623 270 1645 re
284 1612 381 1656 capit,
398 1611 426 1644 is
440 1612 500 1644 hoc
517 1612 640 1644 fructus
657 1612 733 1645 inde
753 1623 807 1644 ca-

58 1656 166 1699 piendi
180 1666 240 1688 usu
251 1655 484 1699 (usucapione)
501 1666 566 1687 rem
581 1666 673 1688 suam
689 1662 720 1688 et
735 1667 805 1698 pro-

58 1698 159 1742 priam
176 1698 264 1731 facit.

106 1743 178 1774 160.
201 1741 287 1774 Tuus
300 1748 354 1780 est,
364 1746 517 1784 tanquam
530 1747 584 1773 tuo
596 1751 670 1783 agro
687 1741 807 1774 frueris.

61 1784 192 1817 Παίονα
207 1785 303 1817 Orbi.-
328 1784 460 1820 Orbius,
480 1785 575 1816 horno
593 1784 682 1817 dives
700 1790 731 1816 et
751 1785 806 1816 do-

58 1827 176 1867 minus,
198 1833 236 1859 ut
256 1827 392 1864 videtur.
415 1827 538 1870 praedii,
562 1827 702 1859 habebat
724 1827 806 1858 villi-

58 1880 132 1902 cum
153 1871 210 1914 qui
228 1871 333 1912 fruges
347 1871 380 1902 in
397 1870 516 1913 praedio
531 1877 623 1901 natas
637 1876 669 1903 et
683 1870 747 1902 alia
762 1870 807 1901 ibi

58 1913 273 1958 provenientia
289 1913 459 1946 vendebat.

107 1957 181 1989 161.
198 1958 332 2000 Segetex:
347 1957 490 1997 intellige
502 1967 612 1998 agrum
625 1956 675 1988 vel
693 1962 806 1988 terram

59 2010 132 2042 quae
149 2000 190 2031 ad
199 1999 323 2032 semina
338 1999 524 2042 accipienda
538 2010 615 2030 occa
629 1999 804 2041 subigitur:

59 2042 131 2075 Cic.
151 2042 186 2074 in
206 2044 331 2085 Fragm.
351 2043 435 2086 apud
456 2043 543 2074 Non.
562 2052 593 2073 c.
613 2042 655 2079 iv,
677 2053 708 2085 p.
731 2044 806 2078 421,

59 2085 179 2128 segetes
221 2087 364 2128 agricole
405 2081 564 2126 subig‘unt,
602 2087 699 2116 multo
736 2092 808 2117 ante

183 2135 300 2160 serant.
359 2129 511 2164 Duturas,
540 2128 807 2176 suppeditatum,

57 2171 232 2208 oblaturas,
260 2171 444 2203 diffusurus.
498 2171 682 2203 Lectionem
712 2173 805 2203 datu—

59 2225 126 2250 rus.
155 2220 243 2246 recta
272 2223 292 2245 a
325 2213 469 2246 Bentleio
499 2221 531 2245 et
559 2214 630 2245 aliis
660 2215 806 2256 repudia-

59 2261 138 2294 tam,
167 2257 234 2289 Fen
260 2267 298 2289 ex
329 2257 504 2288 rationibus
538 2267 648 2299 parum
686 2257 807 2289 idoneis

57 2300 217 2332 revocavit
228 2312 239 2340 3
270 2309 345 2332 uam
362 2299 436 2342 quis
453 2302 586 2331 daturus
606 2310 673 2342 pro,
697 2301 805 2332 vendi-

58 2347 148 2375 turus
162 2343 262 2376 ferat?

64 2411 68 2414 .
106 2386 184 2418 162.
207 2386 249 2417 Te
262 2387 415 2417 dominnm
424 2388 528 2422 sentit,
540 2384 598 2416 tibi
611 2385 716 2428 fruges
725 2387 805 2427 agri,

59 2432 211 2472 tanquam
237 2428 308 2460 e'us
340 2428 480 2464 domino,
512 2428 598 2459 nasci
634 2429 803 2470 intelligit3

59 2470 139 2508 sive,
169 2476 212 2508 te,
266 2482 320 2503 um
349 2470 472 2514 accipis
502 2472 568 2513 agri
596 2471 711 2514 fruge5‚
735 2472 808 2514 ejus

59 2513 154 2556 quui
167 2514 331 2546 dominum
346 2513 520 2556 cognoscit.

107 2557 182 2594 163,
207 2558 283 2589 164.
306 2557 425 2588 Cadum
451 2558 573 2588 temeti.-
600 2563 739 2588 temetum
763 2563 810 2589 est

61 2600 221 2642 quoddam
246 2605 340 2643 potus
364 2609 478 2642 genus,
501 2598 566 2631 sive
588 2609 626 2630 ex
646 2599 721 2631 vino
744 2601 809 2633 sive

61 2651 103 2676 ex
116 2642 187 2676 aliis
201 2642 377 2686 liquoribus
389 2647 618 2684 comparatum,
634 2652 697 2684 quo
713 2642 808 2675 facile

61 2682 261 2718 incalescunt
288 2691 422 2728 potores.
483 2685 598 2725 Nempe
634 2687 719 2716 modo
753 2688 809 2717 isto

64 2726 227 2760 Paulatim
237 2730 381 2761 merconis
393 2739 521 2771 agrum.-
541 2733 587 2759 est
601 2727 729 2769 quidem
748 2729 808 2760 Or·

62 2770 131 2803 δίκε
159 2770 308 2803 dominus
337 2771 433 2804 totius
461 2771 539 2812 agri,
564 2781 670 2812 quem.
695 2781 810 2813 magna

147 2813 209 2846 uie
237 2823 362 2846 summa
389 2819 522 2851 emtum,
560 2813 620 2844 sibi
652 2815 810 2857 proprium

63 2822 165 2897 ἓῗς
193 2856 248 2889 sed
271 2862 306 2888 tu
328 2866 456 2900 quoque
478 2866 512 2888 es
534 2856 683 2887 domiuus
704 2867 811 2888 eorum

850 1613 920 1655 ejus
942 1613 1032 1655 quasi
1051 1613 1226 1656 particulas
1244 1623 1342 1656 parvo
1366 1615 1463 1657 pretio
1486 1615 1599 1658 paula·

851 1658 908 1687 tim
926 1658 1085 1688 mercaris.

897 1699 1078 1731 166—174.
1112 1700 1195 1734 Quid
1217 1699 1325 1741 refert,
1349 1706 1425 1731 cett.
1479 1701 1599 1732 Sensus

850 1747 882 1772 et
899 1752 1019 1773 nexus:
1044 1742 1121 1784 quid
1138 1742 1243 1778 refert,
1261 1749 1364 1773 utrum
1378 1753 1434 1785 pro
1445 1742 1601 1785 frugibus,

852 1784 970 1826 quibus
993 1785 1136 1820 vesceris.
1155 1795 1254 1827 nuper
1274 1794 1314 1816 an
1334 1785 1409 1816 olim
1430 1786 1599 1827 pecuniam

852 1827 1090 1859 numeraveris?
1128 1827 1254 1858 Isenim
1265 1828 1320 1870 qui
1336 1838 1399 1858 non
1416 1838 1528 1870 nuper,
1547 1829 1601 1860 sed

853 1870 1039 1913 (quondam)
1051 1870 1139 1907 olim,
1150 1880 1271 1911 agrum,
1288 1870 1338 1902 vel
1351 1881 1446 1914 prope
1456 1871 1599 1903 Ariciam

852 1913 1023 1956 (oppidum
1048 1919 1135 1944 trans
1158 1919 1296 1945 montem
1322 1914 1520 1954 Albanum),
1550 1915 1599 1946 vel

851 1967 948 1999 prope
980 1956 1077 1988 Veios
1106 1956 1261 1999 (Etruriae
1291 1956 1463 1999 oppidum)
1491 1956 1599 1993 situm,

850 1999 939 2036 emit,
962 1999 1078 2041 pariter
1099 2009 1137 2031 ac
1160 2004 1194 2030 tu
1216 2005 1336 2030 emtum
1358 1999 1440 2034 olus,
1457 2001 1601 2042 quamvis

851 2052 916 2073 rem
933 2042 1024 2073 aliter
1038 2042 1099 2073 sibi
1118 2042 1219 2083 fingit,
1236 2047 1356 2078 coenat,
1373 2048 1405 2074 et
1417 2049 1500 2074 emto
1512 2042 1599 2084 ligno

852 2085 988 2117 ahenum
1019 2085 1188 2117 calefactat
1198 2097 1207 2124 3
1245 2090 1279 2116 at
1308 2085 1392 2116 idem
1422 2091 1539 2122 tamen,
1566 2086 1599 2117 in

852 2138 962 2169 agrum
984 2138 1078 2159 suum
1097 2137 1198 2169 usque
1220 2127 1260 2158 ad
1283 2129 1425 2159 arborem
1448 2128 1597 2160 termina-

852 2171 914 2202 lem
944 2170 1147 2213 prospiciens,
1174 2171 1234 2201 haec
1255 2181 1318 2201 mea
1341 2178 1424 2209 sunt,
1446 2171 1503 2207 ait,
1528 2178 1598 2203 tan·

851 2224 946 2261 qtuam
960 2213 1147 2255 quidquam
1174 2213 1334 2256 proprium
1357 2219 1387 2245 et
1410 2220 1599 2257 perpetuum

851 2263 901 2292 sn,
919 2262 994 2288 cett.

897 2300 970 2331 167.
995 2300 1166 2342 Perperam
1183 2299 1290 2342 plures
1305 2299 1494 2342 particulam
1506 2310 1599 2341 quon-

849 2344 918 2374 dam
940 2342 980 2374 ad
1010 2353 1119 2384 agrum
1146 2343 1313 2374 Aricinum
1336 2349 1367 2375 et
1391 2345 1598 2375 Veientinum

850 2387 989 2417 referunt
1003 2396 1011 2424 ;
1032 2385 1100 2427 jam
1116 2385 1201 2416 enim
1217 2386 1245 2417 ei
1264 2385 1319 2428 qui
1341 2397 1438 2427 nuper
1454 2386 1502 2418 vel
1518 2396 1597 2428 quo·

850 2428 925 2460 tidie
948 2429 1054 2470 fruges
1076 2428 1142 2469 agri
1166 2429 1304 2471 alicujus
1326 2429 1414 2466 emit,
1430 2431 1602 2472 opponitur

851 2472 917 2512 agri
940 2471 1090 2503 dominus
1112 2471 1168 2513 qui
1196 2472 1271 2502 olim
1296 2473 1497 2513 (quondam),
1527 2478 1599 2504 ante

851 2514 956 2556 plures
972 2524 1082 2547 annos,
1099 2525 1207 2555 agrum
1225 2521 1382 2546 mercatus
1396 2522 1455 2546 est.

900 2558 972 2589 169.
997 2558 1146 2593 Ahenum,
1163 2567 1257 2599 aqua,
1279 2564 1315 2588 ut
1330 2557 1463 2596 videtur,
1487 2558 1599 2601 imple-

853 2605 931 2631 tum.

901 2644 973 2674 170.
1008 2643 1119 2684 Usque,
1149 2642 1198 2674 vel
1224 2648 1285 2678 est,
1311 2643 1459 2683 subinde,
1487 2644 1600 2676 identi-

852 2685 936 2722 dem,
961 2686 1010 2717 vel
1036 2685 1233 2717 referendum
1258 2686 1298 2717 ad
1325 2698 1398 2728 qua,
1423 2698 1525 2730 usque
1551 2698 1600 2722 eo,

853 2739 928 2770 quo.
967 2726 1105 2769 Populus
1116 2730 1233 2760 adsita:
1258 2739 1321 2761 non
1334 2740 1403 2761 raro
1418 2741 1473 2773 pro
1489 2730 1601 2778 lapidi-

854 2772 914 2802 bus
926 2771 1146 2804 terminalibus
1160 2772 1287 2804 arbores
1301 2772 1453 2805 terminos
1466 2783 1532 2815 agri
1547 2773 1602 2804 de-

853 2814 942 2846 finire
965 2820 996 2845 et
1018 2813 1211 2846 constituere
1235 2814 1400 2846 solebant:
1424 2817 1513 2857 Virg.
1530 2815 1603 2847 Ecl.

855 2857 901 2894 ix,
916 2858 949 2895 9,
972 2857 1070 2899 Usque
1081 2860 1122 2888 ad
1137 2870 1246 2900 aquam
1257 2864 1286 2889 et
1299 2860 1409 2890 veteris
1414 2861 1483 2900 jam
1489 2859 1603 2900 fracta
1663 2871 1669 2875 ’

30 2887 35 2892 ’
64 2906 149 2945 qun.
167 2899 294 2943 quoties
315 2909 397 2942 opus
419 2904 479 2934 est,
502 2909 541 2931 ex
559 2899 615 2930 illo
638 2909 714 2940 agro
730 2906 815 2931 emta
857 2902 1017 2932 cacumina
1033 2911 1179 2942 quercus.-
1202 2901 1245 2933 cs.
1262 2902 1365 2933 Varro
1379 2901 1418 2932 de
1439 2901 1490 2932 Re
1512 2901 1606 2932 Rust.

19 2951 30 2973 1,
62 2939 122 2972 tabi
145 2942 272 2986 propria
293 2942 386 2979 facis,
408 2947 441 2974 et
463 2942 508 2973 sic
532 2952 595 2972 non
615 2942 811 2984 conjunctim

19 2976 30 3006 ἢ

20 3013 38 3053 ³⁷

19 3044 36 3072 ‘Q

66 2983 195 3027 quidem
209 2991 242 3018 et
256 2995 320 3018 una
335 2985 472 3018 emtione
495 2990 596 3016 tutum
616 2994 739 3026 agrum,
757 2986 812 3018 sed

855 2954 878 2979 ι’
902 2945 977 3018 ιῐξῐ.
1005 2986 1155 3028 Refugit.-
1181 2987 1311 3018 observa
1327 2997 1418 3017 usum
1440 2984 1610 3027 praeteriti3

789 3029 896 3060 mm2

16 3084 41 3314 stu-&zum
