1904 3314
640 215 864 258 LIBER
892 216 935 267 Ἰ,
965 218 1007 258 3.

1512 217 1596 257 307

160 319 360 362 Candida
382 325 588 373 rectaque
610 319 678 368 sit,
703 318 864 360 munda
885 318 1113 369 hactenus,
1137 325 1186 360 ut
1207 332 1349 373 neque
1371 317 1513 373 longa,

160 386 260 429 Nec
281 388 418 442 magis
438 386 538 428 alba
559 384 674 433 velit,
697 400 828 440 quam
849 386 926 426 det
947 392 1120 436 natura,
1143 387 1295 428 videri.

47 454 130 497 125
160 454 274 498 Haec
295 455 372 497 ubi
394 453 624 509 supposuit
646 454 804 495 dextro
825 467 986 508 corpus
1008 453 1112 495 mihi
1131 453 1302 505 laevum,

161 522 242 565 Ilia
263 530 308 565 et
330 521 493 577 Egeria
513 528 603 570 est3
638 521 695 562 do
717 535 876 562 nomen
897 520 1126 575 quodlibet
1146 519 1229 562 illi:

160 589 260 631 Nee
281 603 447 638 vereor,
470 603 540 638 ne,
563 588 669 630 dum
689 587 829 638 futuo,
852 589 917 629 vir
938 603 1039 630 rure
1061 595 1272 638 recurrat,

159 657 306 699 Janua
325 655 567 711 frangatur,
589 655 719 698 latret
740 656 874 706 canis,
894 656 1087 711 undique
1109 671 1268 712 magno

162 724 298 767 Pulsa
319 724 474 766 domus
497 725 684 779 strepitu
705 732 895 774 resonet,
918 723 1133 778 vepallida
1154 724 1267 766 lecto

50 793 132 835 130
163 791 349 836 Desiliat
370 791 537 842 mulier,
560 794 761 834 miseram
783 807 830 834 se
851 794 1025 834 conscia
1046 791 1224 843 clamet3

163 861 379 903 Cruribus
400 860 495 902 haec
515 868 694 911 metuat,
715 860 807 902 doti
831 861 1064 916 deprensa,
1087 866 1261 916 egomet
1282 860 1352 900 mi.

156 929 388 971 Discincta
408 929 555 971 tunica
575 928 833 984 fugiendum
854 935 922 971 est
943 943 994 970 ac
1015 928 1130 984 pede
1151 927 1288 978 nudo,

162 995 236 1039 Ne
256 997 417 1039 nummi
437 1004 635 1052 pereant,
659 1003 735 1039 aut
755 1012 887 1053 pyga,
909 1003 986 1039 aut
1007 997 1197 1051 denique
1220 995 1345 1037 fama.

164 1063 396 1119 Deprendi
416 1065 621 1107 miserum
643 1072 735 1107 est:
769 1064 907 1107 Fabio
929 1064 995 1107 vel
1013 1065 1165 1119 judice
1187 1064 1366 1106 vincam.

638 1268 884 1310 SATIRA
916 1269 998 1310 ΙΙΙ.

165 1403 385 1446 OMNmus
406 1402 491 1445 hoc
513 1403 662 1445 vitium
683 1411 750 1445 est
772 1404 1040 1454 cantoribus,
1065 1404 1178 1446 inter
1199 1404 1358 1447 amieos

164 1469 230 1513 Ut·
250 1486 473 1526 nunquam
494 1471 704 1513 inducant
725 1472 915 1513 animum
936 1479 1111 1514 cantare
1134 1473 1290 1527 rogati,

165 1539 329 1595 Injussi
349 1554 574 1594 nunquam
594 1540 823 1581 desistant.

49 1641 192 1674 scribat!
220 1640 306 1684 quid
328 1640 386 1672 illa
415 1640 475 1672 sibi
506 1645 656 1682 negatum
688 1642 802 1680 latura,

49 1684 128 1734 quid
145 1683 205 1716 sibi
222 1690 371 1726 negatum
394 1683 463 1715 sine
487 1684 594 1715 dolore
613 1695 675 1715 non
701 1685 804 1717 latura

49 1734 102 1763 su,
141 1727 220 1764 sive,
257 1726 376 1769 quibus
413 1726 551 1758 ferendis
590 1734 701 1758 natura
737 1739 803 1770 par,

52 1770 169 1813 quibus
193 1770 329 1802 ferendis
351 1771 453 1812 impar
478 1771 583 1801 futura
606 1770 658 1806 sit,
675 1776 708 1802 et
724 1781 805 1802 vana

53 1819 150 1856 atque
166 1813 275 1845 inania
291 1823 310 1844 a
322 1813 524 1844 solidioribus
539 1813 755 1854 distinguere?

99 1857 161 1888 120
198 1867 247 1898 sq.
293 1856 399 1894 Illam,
435 1862 510 1887 cett.
548 1866 678 1887 sensus:
717 1857 806 1888 illam

53 1899 273 1931 mulierculam
293 1909 366 1941 quae
387 1909 489 1930 moras
516 1905 631 1934 nectat,
656 1899 804 1937 dicendo,

53 1945 76 1960 ‘⁸
95 1942 201 1974 Paulo
232 1948 303 1984 post
339 1947 370 1973 te
405 1942 567 1972 admittam
584 1954 592 1979 ς
623 1942 679 1972 sed
717 1943 804 1977 affer.

54 1995 175 2028 quaeso,
192 1984 277 2027 quod
299 1984 398 2027 pluris
421 1984 463 2015 sit
483 1984 595 2027 pretii3
619 1985 702 2021 veni,
719 1986 744 2016 si
762 1986 807 2016 vir

53 2027 167 2060 exierit
177 2027 208 2067 ;”
243 2027 351 2059 Gallis
385 2027 619 2067 (sacerdotibus
658 2028 807 2069 Cybeles,

56 2070 124 2113 qui.
141 2070 219 2112 quia
237 2075 327 2102 erant
341 2070 466 2105 evirati,
483 2081 602 2101 moram
623 2070 711 2102 illam
730 2071 808 2103 ferre

53 2116 213 2157 possent.)
229 2113 437 2155 expetendam
458 2123 547 2150 esse;
571 2121 604 2144 at
623 2113 718 2150 hanc,
735 2125 808 2156 quae

54 2165 170 2200 neque,
185 2161 275 2195 cett..
289 2166 323 2187 se
342 2156 403 2187 sibi
423 2162 582 2198 expetere,
603 2156 809 2189 Philodemus

55 2199 112 2231 nit.
161 2198 294 2231 Edituru
317 2204 366 2230 est
387 2209 407 2230 a
427 2198 569 2235 Reiskio,
590 2204 622 2230 et
645 2205 714 2241 post
735 2211 807 2231 eum

58 2251 80 2274 ι
98 2241 276 2277 Brunckio.
292 2241 497 2284 Epigramma
518 2241 706 2278 Philodemi‚
723 2244 809 2284 quod

47 2284 163 2328 'plures
185 2285 240 2328 (in
258 2283 376 2327 quibus
400 2290 448 2316 est
471 2284 566 2316 etiam
592 2285 808 2326 Heindorfius)

51 2327 98 2365 :ab
114 2327 246 2360 Horatio
258 2337 438 2376 expressum
453 2338 519 2359 esse
538 2333 702 2370 putarunt.
747 2329 810 2360 Sed

0 2378 4 2381 '
54 2367 138 2403 illud
159 2375 364 2403 »recentiore
379 2370 515 2413 quodam
540 2371 667 2402 homine
690 2381 729 2402 ex
751 2372 810 2404 hoc

0 2448 2 2455 k
47 2411 71 2446 ᾓί
145 2413 270 2446 Horatii
290 2413 372 2449 loco.
389 2423 552 2456 perperam
574 2413 749 2452 intellecto,
765 2415 810 2447 ef-

51 2458 54 2474 ³
99 2461 180 2494 mm,
193 2462 226 2488 et
236 2455 425 2488 Philodemo
438 2467 494 2499 per
504 2456 646 2488 fraudem
660 2457 813 2489 tributum

46 2502 142 2537 itate.
162 2499 274 2532 docuit
290 2499 442 2531 Amiciss.
459 2500 479 2532 J
483 2499 630 2531 acobsius
653 2499 687 2530 in
708 2501 815 2532 Wolfii

44 2540 212 2587 *An-ieet.
227 2542 289 2574 vol.
303 2541 326 2578 i,
343 2553 375 2584 p.
390 2543 468 2574 357.

48 2613 62 2625 t
107 2585 182 2623 123.
202 2586 276 2616 124.
301 2585 456 2622 candida,
473 2590 551 2616 cett.
566 2584 642 2616 alba
656 2585 696 2616 sit
711 2585 816 2617 colore

47 2627 211 2666 ’piamen
233 2637 384 2670 corpore3
407 2628 562 2659 hactenus
577 2634 681 2659 tamen
696 2629 816 2660 externi

50 2669 172 2713 mltos
192 2675 226 2703 et
246 2670 414 2711 elegantiae
440 2670 595 2705 studiosa,
619 2677 654 2702 ut
675 2670 735 2701 sibi
763 2682 818 2703 ca-

887 1539 1056 1582 Sardus
1079 1540 1273 1582 habebat

849 1643 923 1680 Ilia,
938 1643 1032 1674 Rhea
1048 1642 1167 1684 Sylvia‚
1178 1647 1278 1673 mater
1294 1640 1428 1673 Romuli
1442 1646 1474 1671 et
1485 1639 1600 1676 Remi;

852 1686 978 1727 Egeria,
997 1686 1147 1727 nympha,
1169 1695 1307 1726 quacum
1330 1690 1501 1716 nocturnos
1523 1691 1601 1714 cou-

849 1738 971 1769 giessus
984 1729 1043 1759 sibi
1059 1738 1124 1760 esse
1138 1727 1311 1758 simulabat
1327 1728 1449 1758 Numa.

896 1773 968 1802 129.
996 1772 1169 1811 Vepallida,
1183 1771 1265 1801 male
1279 1769 1410 1812 pallida.
1425 1774 1460 1800 ut
1476 1777 1602 1800 vesanus

850 1819 882 1844 et
897 1815 972 1845 alia.
1012 1815 1151 1849 Conscia,
1168 1823 1213 1844 sc.
1230 1813 1316 1844 furti.
1365 1812 1473 1844 Schol.
1488 1812 1602 1852 Cruq.,

850 1859 965 1887 ancilla
990 1858 1180 1889 conciliatria
1203 1857 1352 1887 adulterii
1367 1862 1395 1886 et
1410 1857 1528 1886 conscia
1542 1863 1603 1884 suoe

851 1901 988 1932 dorniuae.

899 1944 970 1974 131.
1019 1943 1104 1978 Hac,
1137 1941 1268 1977 ancilla.
1302 1947 1418 1972 metuat
1447 1940 1603 1972 cruribus.

851 1991 971 2016 metuat
1008 1996 1047 2016 ne
1088 1995 1178 2016 crura
1217 1984 1278 2015 sibi
1316 1983 1547 2024 suffringantur
1584 1990 1604 2011 a

852 2028 981 2059 domino
1003 2039 1042 2060 ex
1067 2038 1142 2069 agro
1161 2028 1334 2060 redeunte:
1360 2029 1425 2059 doti
1444 2028 1604 2066 deprensa.

853 2071 1007 2113 conjuges
1029 2071 1062 2101 in
1086 2070 1241 2102 adulterio
1264 2069 1471 2112 deprehensae
1496 2067 1606 2099 timere

852 2113 1010 2145 debebant
1032 2114 1071 2145 de
1094 2115 1180 2150 dote,
1203 2123 1301 2156 quam
1322 2113 1497 2145 secundum
1521 2111 1608 2152 leges

852 2158 1027 2198 perdebam.
1042 2157 1207 2188 adulterae.

899 2201 972 2238 133,
1007 2202 1080 2231 134.
1129 2200 1175 2231 Ne
1206 2201 1324 2230 nummi
1351 2205 1501 2239 pereant:
1532 2207 1605 2239 sup.

852 2253 884 2273 v.
920 2244 973 2281 43,
1005 2244 1090 2274 dedic
1123 2244 1171 2274 hic
1208 2254 1263 2282 pro
1301 2253 1424 2282 corpore
1459 2251 1608 2273 nummos-

857 2286 962 2328 Pyga:
980 2286 1108 2317 natibus
1117 2285 1382 2328 deprehensorum
1394 2285 1610 2317 adulterorum

853 2328 1110 2371 impingebantur
1124 2328 1260 2372 raphani
1273 2328 1492 2370 mugilesque:
1509 2327 1551 2359 cf.
1568 2325 1611 2357 ad

855 2372 976 2403 Catull.
1000 2383 1052 2408 xv,
1072 2373 1123 2403 19.
1170 2373 1323 2412 Denique,
1345 2382 1412 2414 pm,
1433 2371 1544 2410 saltem
1558 2368 1610 2400 vel

855 2414 997 2457 insuper.
1047 2415 1141 2446 Fabio
1161 2416 1208 2446 vel
1219 2416 1332 2456 judice
1351 2418 1482 2451 vincam,
1500 2413 1532 2445 id
1550 2411 1609 2443 mi-

855 2467 960 2489 serum
984 2468 1049 2489 esse
1070 2458 1215 2489 evincam
1236 2464 1269 2489 et
1285 2457 1425 2500 probabo
1440 2458 1489 2489 vel
1512 2455 1612 2488 Fabio

854 2500 974 2542 judice.
1019 2500 1129 2532 Schol.
1159 2501 1270 2542 Cruq.,
1287 2501 1370 2532 Satis
1390 2502 1506 2532 urbane
1524 2505 1612 2530 notat

860 2543 989 2574 Fabium
1001 2545 1263 2585 jurisconsultum
1282 2544 1449 2584 aliquando
1470 2546 1501 2575 in
1521 2544 1612 2574 adul-

861 2589 936 2617 terio
961 2588 1177 2626 deprehensum
1194 2587 1308 2628 fuisse.
1355 2587 1499 2618 Fortasse
1528 2585 1614 2617 idem

867 2629 1104 2671 Fabius..quem
1123 2636 1227 2672 poeta,
1244 2640 1315 2671 sup.
1332 2630 1399 2660 Sat.
1418 2629 1441 2665 i,
1461 2631 1489 2665 l.
1507 2630 1559 2664 13.
1578 2633 1617 2659 ut

862 2673 1009 2703 hominem
1039 2675 1192 2713 loquacem
1222 2672 1313 2704 ridet.
1358 2673 1391 2703 si
1418 2683 1526 2704 verum
1557 2677 1617 2707 est,

48 2711 149 2750 ᾅζῖιιί,
171 2723 211 2745 ue
234 2719 348 2756 praeter
371 2719 516 2744 naturam
544 2720 600 2744 aut
623 2713 718 2744 nimis
746 2715 821 2745 alba
862 2715 948 2756 quod
963 2715 1006 2746 ibi
1018 2715 1195 2746 observavit
1206 2722 1295 2747 vetus
1312 2715 1620 2750 Scholiastes.huuc

47 2754 218 2799 2(quae
244 2754 336 2795 usu).
351 2762 408 2788 aut
427 2756 520 2788 nimis
543 2756 639 2797 longa
660 2757 820 2799 (crepida-
868 2759 1003 2789 Fabium
1032 2758 1155 2800 aliquot
1179 2759 1289 2794 libros,
1317 2759 1358 2789 ad
1390 2758 1621 2800 philosophiam

55 2806 59 2807 ⁷
178 2799 425 2842 suppositarum,
469 2805 506 2830 ut
549 2799 694 2830 observat
735 2806 824 2831 vetus
867 2800 1045 2833 Stoicorum
1078 2802 1282 2843 pertinentes,
1314 2801 1487 2843 scripsisse,
1518 2799 1622 2842 lepide

42 2838 189 2877 mahol..
202 2841 280 2879 usu)
293 2841 391 2873 videri
403 2842 491 2873 velit.
515 2841 623 2878 Recta,
634 2849 740 2873 erecta
754 2854 762 2880 ;
778 2843 823 2874 sic
871 2844 1022 2875 Horatius
1044 2845 1191 2880 Fabium,
1208 2844 1257 2875 vel
1279 2843 1437 2878 Stoicum.
1454 2853 1624 2875 concessu-

48 2870 379 2927 sha-irmrectiapud
390 2883 622 2921 Catull.x,20,
635 2885 692 2916 ubi
702 2885 745 2916 cs.
759 2892 825 2916 not.
870 2897 939 2917 rum
965 2886 1022 2923 ait,
1047 2893 1163 2918 sortem
1189 2887 1376 2929 deprehensi
1403 2886 1540 2917 adulteri
1563 2884 1623 2915 mi-

114 2926 192 2958 126.
219 2927 298 2959 nia
330 2933 359 2958 et
389 2927 503 2970 Egeria
534 2935 590 2964 est,
621 2928 720 2959 altera
750 2929 828 2960 mibi
872 2929 1033 2961 serrimam
1069 2940 1151 2962 esse.
1210 2930 1310 2961 Stoici
1342 2929 1427 2961 enim
1465 2936 1622 2960 summum

60 2967 168 3011 ,quasi
182 2973 232 3000 eat
246 2969 310 3001 Ilia
323 2970 373 3002 vel
398 2970 524 3012 Egeria,
542 2970 575 3002 h.
591 2981 623 3003 e.
646 2981 735 3012 aeque
752 2971 830 3003 mihi
874 2969 1034 3014 quemque
1055 2972 1194 3009 dolorem
1219 2982 1310 3016 aequo
1334 2972 1440 3004 animo
1463 2970 1626 3004 serendum

75 3019 154 3043 ma
179 3015 240 3048 ost,
262 3021 300 3044 ac
322 3012 520 3045 nobilissima
542 3023 680 3056 quaeque
706 3014 831 3047 mulier.
875 3025 947 3048 esse
961 3015 1131 3048 docebant.

830 3071 852 3091 x
872 3059 893 3088 2
