1884 3288
870 186 1267 238 CARMINUM

597 295 745 336 Duces
767 295 848 336 sub
867 296 1039 337 umbra:
1071 311 1155 337 nec·
1171 295 1403 336 Semeleius

651 361 759 402 Cum
781 361 925 402 Marte
945 362 1179 403 confundet
1199 362 1435 416 Thyoneus

709 427 892 469 Proelia:
924 443 1002 469 nec
1023 435 1185 469 metues
1205 435 1452 482 protervum

509 496 565 536 25
596 494 806 548 Suspecta
827 495 1000 548 Cyrum,
1021 509 1074 535 ne
1094 494 1202 535 male
1224 495 1386 548 dispari

595 561 912 602 Incontinentes
933 561 1093 614 injiciat
1112 575 1275 609 manus,

650 627 711 668 Et
731 628 895 668 scindat
915 627 1149 667 haerentem
1170 641 1370 667 coronam

708 693 922 742 Crinibus,
945 693 1280 746 immeritamque
1302 699 1474 733 vestem.

830 862 1099 906 CARMEN
1133 860 1306 904 XVIII.

889 1003 968 1034 AD
1013 1003 1251 1034 VARUM.

427 1099 642 1150 NULLAM,
663 1100 795 1149 Vare,
819 1114 938 1140 sacra
956 1100 1040 1140 vite
1061 1101 1180 1154 prius
1204 1099 1361 1140 severis
1383 1099 1592 1148 arborem,

427 1166 552 1207 Circa
573 1167 670 1206 mite
693 1165 827 1207 solum
847 1166 1025 1206 Tiburis
1047 1173 1090 1206 et
1111 1166 1267 1207 moenia
1289 1164 1428 1206 Catili.

429 1231 562 1273 Siccis
583 1233 722 1273 omnia
742 1248 839 1274 nam
859 1233 968 1274 dura
989 1231 1112 1273 Deus
1135 1232 1386 1286 proposuit3
1417 1245 1557 1285 neque

314 1341 389 1371 leius
413 1346 487 1372 cett.
510 1351 568 1372 nec
595 1342 742 1373 Bacchus
765 1342 880 1373 hilares
900 1342 990 1384 jocos
1014 1348 1045 1373 et

313 1383 404 1413 lusus
425 1393 495 1414 cum
520 1384 634 1414 Martis
656 1384 777 1425 proeliis
795 1385 948 1419 miscebit,
968 1385 999 1415 h.
1016 1395 1045 1415 e.

313 1435 371 1455 nec
397 1426 476 1456 inter
498 1425 572 1456 vina
591 1427 658 1456 rixa
681 1427 805 1457 orietur.
852 1427 1006 1467 Thyoneus
1029 1437 1047 1457 a

313 1472 410 1498 matre
426 1467 566 1509 Thyone,
584 1474 620 1499 ut
635 1469 753 1499 Semele
772 1479 898 1510 quoque
914 1469 1046 1500 vocaba-

316 1513 378 1546 tur,
395 1510 542 1540 Bacchus
556 1509 659 1541 dictus
675 1516 733 1541 est.

357 1551 496 1582 25—28.
519 1553 672 1591 Suspecta,
691 1552 751 1594 ipsi
772 1552 866 1593 Cyro,
884 1563 995 1594 nempe
1010 1553 1049 1583 ob

314 1593 429 1624 amoris
445 1594 618 1634 perfidiam.
664 1595 748 1625 Male
766 1597 879 1634 dispari
902 1595 969 1629 tibi,
988 1605 1049 1625 nou

315 1634 383 1665 sine
402 1638 484 1666 malo
503 1641 558 1666 tuo
579 1636 695 1666 viribus
720 1637 748 1667 ei
771 1636 900 1678 dispari,
921 1637 971 1667 vel
993 1637 1051 1666 tibi

315 1676 482 1707 admodum
504 1678 711 1708 imbecilliori.
757 1678 980 1709 Incontinentes
1000 1681 1045 1709 ἰη-

306 1720 403 1759 jiciat
416 1731 540 1750 munus:
565 1719 647 1750 haud
664 1720 758 1750 dubie
778 1720 922 1754 similem.
945 1720 999 1750 ubi
1016 1721 1049 1750 in

315 1761 458 1791 convivio
482 1761 618 1802 quodam
645 1762 789 1792 manibus
813 1773 875 1792 non
898 1767 1048 1804 tempera-

315 1807 402 1833 verat
432 1803 533 1844 Cyrus
570 1804 823 1839 incontinentior,
851 1804 917 1845 jam
955 1805 1050 1835 semel

315 1845 470 1885 Tyndaris
481 1851 605 1886 experta
616 1846 716 1876 fuerat
728 1846 945 1887 petulantiam,
956 1857 1050 1887 quam

318 1886 466 1917 Horatius
502 1887 654 1928 respicere
689 1888 822 1918 videtur.
881 1889 1051 1919 Hoerencem

317 1939 453 1959 coi-ouum
491 1931 635 1964 crinibus,
677 1939 822 1960 coronam
859 1930 1048 1960 convivalem

317 1969 522 2001 inhaerentem
553 1971 703 2007 crinibus,
735 1971 830 2012 capiti
863 1971 1051 2011 impositam.

319 2012 514 2047 Immeritam,
537 2013 732 2043 innocentem
749 2025 756 2051 ;
780 2013 878 2044 facete
898 2014 936 2044 de
951 2024 984 2044 re
1001 2014 1047 2044 in-

317 2054 465 2089 animata,
485 2055 578 2096 plane
601 2060 635 2085 ut
653 2055 708 2085 inf.
724 2056 792 2086 Sat.
807 2055 841 2091 ii,
858 2056 890 2091 3,
909 2057 939 2091 7,
952 2059 1051 2095 paries

318 2099 492 2128 immeritus.

509 2139 707 2169 CARMEN
731 2139 861 2170 XVIII.

360 2181 441 2211 Cum
470 2182 573 2211 Varus
600 2181 792 2223 (Epicureus
818 2182 882 2216 ille,
906 2186 941 2212 ut
963 2181 1047 2213 vide—

316 2225 377 2257 tur,
394 2228 424 2253 et
446 2223 580 2254 Caesaris
601 2223 731 2259 amicus,
747 2223 839 2264 cujus
859 2223 1048 2255 mentionem

318 2264 471 2300 Quinctil.
487 2266 529 2299 vi,
547 2267 578 2300 3,
595 2266 635 2295 73
653 2265 757 2304 facit),
774 2265 840 2306 jam
863 2265 1001 2296 serendis
1015 2266 1048 2296 in

317 2315 390 2346 agro
405 2307 572 2337 Tiburtino
588 2307 746 2337 arboribus
763 2318 835 2338 cum
851 2307 984 2338 maxime
999 2308 1047 2338 in-

315 2353 421 2378 tentus
435 2354 532 2386 esset;
556 2355 658 2390 poeta,
674 2360 736 2390 prae
758 2350 868 2380 ceteris
889 2350 1050 2381 arboribus

316 2391 461 2422 omnibus
476 2390 546 2421 vitis
562 2391 698 2422 serendae
714 2401 820 2422 curam
838 2392 866 2423 ei
890 2403 1048 2423 commen-

315 2431 455 2469 daturus,
490 2433 624 2463 breviter
661 2434 718 2464 hoc
748 2434 884 2464 carmine
911 2434 986 2472 vini,
1015 2441 1051 2466 ut

315 2474 523 2505 efficacissimi
539 2485 682 2505 curarum
699 2481 729 2506 et
742 2476 935 2517 aegritudinis
952 2487 1048 2508 reme—

315 2513 370 2552 dii,
397 2516 504 2547 laudes
526 2517 751 2559 complectitur.
800 2518 861 2549 Sed
882 2519 1051 2560 prudenter

314 2557 372 2588 has
395 2559 504 2589 laudes
527 2565 687 2601 temperat,
712 2560 841 2601 adjectis
865 2561 956 2591 malis
978 2572 1049 2602 quae

314 2600 421 2630 vinum
445 2601 609 2631 immodice
631 2607 767 2631 sumtum
790 2602 877 2644 sequi
893 2603 1002 2638 solent,
1019 2609 1050 2634 et

315 2642 360 2673 sic
387 2653 406 2673 a
429 2643 523 2673 nimio
546 2643 640 2673 simul
665 2643 727 2673 vini
758 2650 844 2685 potu,
867 2655 960 2685 quem
983 2645 1049 2686 ipse

314 2684 524 2721 abominatur,
541 2685 692 2716 deterrere
708 2686 823 2717 studet.
854 2687 926 2717 Nisi
939 2693 1048 2724 totum,

314 2732 398 2758 certe
421 2727 543 2757 initium
566 2727 661 2768 hujus
684 2728 842 2763 carminis,
868 2739 1049 2770 expressum

314 2774 362 2800 est
391 2779 429 2800 ex
458 2769 580 2806 Alcaeo‚
609 2769 700 2810 cujus
729 2770 935 2810 fragmentum
967 2772 1050 2812 apud

313 2810 505 2843 Athenaeum
534 2822 566 2847 x,
593 2812 623 2847 Β,
650 2811 694 2842 sic
725 2821 758 2842 se
783 2812 895 2842 habet:
932 2813 1051 2852 Μηδὲν

314 2853 402 2906 αᾎλο
424 2853 590 2895 φυτεύσῃς
613 2854 780 2895 πρότερον
803 2853 958 2896 δένδρεον
982 2855 1044 2897 ἀμ·

314 2897 418 2937 πελῳ.

359 2939 389 2974 l,
420 2938 461 2968 2..
482 2938 586 2974 Sacra,
615 2937 743 2969 Baccho
775 2948 895 2980 nempe.
955 2939 1045 2970 Circa

1087 1345 1158 1373 mite
1179 1344 1271 1374 solum
1298 1343 1416 1373 Tiburis
1434 1349 1463 1373 et
1485 1343 1591 1373 moenia
1615 1341 1722 1376 Catili.
1737 1340 1822 1373 circa

1089 1395 1194 1425 agrum
1207 1385 1419 1419 Tiburtinum.
1433 1385 1490 1415 sub
1503 1383 1634 1414 mitioris
1649 1383 1728 1414 aeris
1742 1390 1821 1415 tem·

1089 1427 1172 1469 perie
1194 1427 1299 1464 situm,
1321 1433 1352 1458 et
1370 1427 1496 1468 quidem
1519 1425 1693 1468 (particula
1714 1432 1743 1456 et
1757 1425 1820 1456 vim

1090 1469 1268 1510 explicandi
1292 1469 1395 1506 habet,
1420 1470 1463 1500 cf.
1486 1478 1555 1510 sup.
1577 1467 1618 1498 ad
1638 1467 1650 1498 i
1672 1477 1768 1499 carm.
1788 1469 1822 1504 2,

1091 1521 1119 1540 v.
1139 1511 1187 1549 1),
1204 1512 1288 1542 circa
1303 1512 1371 1553 ipsa
1391 1510 1517 1542 Tiburis
1537 1509 1666 1541 moenia.
1709 1510 1823 1542 Moenia

1094 1554 1198 1589 Catili,
1232 1554 1337 1589 Tibur,
1370 1553 1409 1583 ab
1438 1562 1502 1583 uno
1531 1551 1599 1593 ejus
1626 1551 1821 1583 conditorum

1093 1595 1230 1633 Cat31103
1254 1605 1326 1625 nam
1344 1600 1404 1625 tres
1419 1594 1530 1625 Catilli
1548 1593 1615 1628 filii,
1631 1594 1738 1629 Coras,
1757 1594 1821 1626 Ca—

1093 1636 1192 1672 tillus,
1217 1642 1249 1667 et
1273 1637 1444 1672 Tiburnus,
1471 1636 1552 1667 hanc
1578 1636 1686 1667 urbem
1714 1636 1822 1667 condi.

1090 1679 1172 1709 disse
1187 1679 1368 1709 traduntur:
1392 1679 1432 1709 cf.
1451 1679 1563 1720 Heyne
1579 1677 1618 1708 ad
1635 1678 1725 1718 Virg.
1743 1679 1823 1710 AEn.

1091 1720 1144 1756 vii,
1159 1722 1233 1757 671,
1252 1722 1381 1752 Excurs.
1398 1720 1472 1751 viii:
1497 1719 1555 1751 Sil.
1573 1720 1646 1751 Ital.
1665 1719 1730 1756 viii,
1745 1721 1821 1756 366,

1095 1763 1199 1800 Tibur,
1221 1764 1342 1797 Cutitle,
1361 1769 1458 1794 tuum.
1502 1763 1617 1794 Noster
1636 1761 1770 1793 mediam
1789 1761 1821 1793 in

1096 1805 1225 1840 Cutilus,
1241 1805 1318 1835 elisa
1334 1805 1435 1836 littera
1450 1805 1473 1840 l,
1492 1804 1652 1846 corripuit.

1137 1849 1232 1878 3—6.
1256 1848 1348 1878 Siccis
1359 1849 1456 1878 omnia
1467 1858 1538 1878 nam
1549 1848 1638 1882 dura,
1650 1850 1725 1877 cett.
1737 1855 1821 1885 uam,

1094 1889 1149 1929 qui
1176 1890 1248 1919 vino
1275 1889 1446 1925 abstinent,
1475 1889 1513 1920 ad
1538 1888 1632 1919 vitam
1654 1887 1822 1925 duriorem,

1095 1930 1258 1961 hilaritatis
1277 1932 1405 1973 quippe,
1422 1941 1494 1978 quae
1512 1930 1585 1961 vino
1604 1929 1744 1966 debetur,
1765 1940 1822 1962 ex-

1094 1978 1222 2012 pertem,
1241 1983 1260 2002 a
1273 1979 1352 2004 sorte
1363 1972 1511 2004 destinati
1521 1977 1606 2004 sunt.
1642 1973 1750 2010 Siccis.-
1763 1974 1822 2004 sic-

1091 2025 1170 2047 cum,
1194 2014 1245 2045 cui
1268 2015 1431 2056 opponitur
1454 2017 1522 2046 vino
1543 2015 1692 2050 madidus,
1713 2016 1822 2046 uvidus

1093 2056 1168 2096 (inf.
1185 2057 1227 2092 iv,
1242 2058 1272 2094 5,
1287 2055 1359 2096 39),
1376 2067 1448 2088 cum
1461 2056 1574 2087 Ovidio
1588 2057 1668 2088 Met.
1681 2067 1732 2094 xv,
1745 2057 1777 2093 3,
1789 2058 1821 2095 3,

1092 2097 1217 2135 dixeris,
1239 2098 1293 2139 qui
1320 2099 1397 2130 Vina
1411 2099 1517 2140 fugit,
1541 2100 1710 2140 gaudetque
1735 2102 1823 2130 meris

1092 2143 1248 2171 abstemius
1263 2143 1365 2172 undis.
1411 2141 1514 2186 Neun
1527 2142 1628 2174 aliter,
1643 2151 1746 2182 neque
1760 2140 1823 2172 alio

1091 2182 1227 2214 remedio
1250 2182 1309 2212 nisi
1333 2183 1395 2214 vini
1418 2189 1513 2224 potu;
1535 2182 1676 2214 similiter
1695 2182 1822 2225 Euripi-

1092 2224 1159 2259 des,
1187 2225 1306 2255 Bacch.
1329 2236 1362 2256 v.
1386 2226 1462 2261 283.
1489 2225 1528 2256 de
1552 2225 1637 2261 vino,
1662 2223 1730 2256 οὐδ’
1756 2224 1822 2256 ἔστ’

1092 2267 1178 2298 ἄλλο
1192 2267 1368 2309 φάρμακον
1385 2266 1512 2299 πόνων.
1541 2267 1706 2302 Mardum,
1718 2276 1821 2298 mace-

1092 2314 1206 2344 rantes,
1238 2314 1413 2350 pungentes
1442 2309 1580 2340 animum
1611 2308 1822 2351 (θυμοβόροι,

1093 2350 1278 2393 δακὲθυμοι,
1294 2351 1507 2393 θυμοδακεῖς)
1521 2363 1527 2381 :
1553 2350 1695 2382 similiter
1712 2351 1771 2382 inf.
1787 2351 1821 2386 ii,

1097 2395 1146 2430 ll,
1176 2395 1227 2430 17,
1253 2396 1354 2424 edaces
1380 2405 1468 2425 curas
1496 2393 1644 2435 dissipare
1674 2393 1823 2424 Bacchus

1093 2435 1218 2466 dicitur.
1264 2436 1394 2466 Gravem
1419 2438 1558 2471 militiam
1580 2442 1635 2466 aut
1652 2438 1823 2476 pauperiem

1093 2480 1218 2517 crepat?
1247 2477 1278 2508 h.
1300 2488 1328 2509 e.
1352 2478 1476 2509 crebras
1497 2478 1535 2509 de
1557 2477 1635 2508 dura
1656 2476 1770 2508 militia
1792 2483 1823 2508 et

1094 2525 1274 2562 paupertate
1290 2520 1432 2561 querelas
1443 2519 1547 2561 jacit!
1569 2530 1690 2560 crepare
1706 2520 1823 2560 aliquid

1094 2563 1255 2603 (κροτεῖν,
1271 2561 1485 2603 κομπάζειν),
1499 2572 1582 2604 saepe
1593 2561 1712 2611 aliquid
1726 2561 1758 2592 in
1771 2571 1823 2593 ore

1093 2604 1208 2635 habere
1222 2609 1253 2635 et
1265 2611 1412 2646 repetere,
1428 2610 1458 2635 et
1477 2603 1548 2635 hinc
1575 2613 1688 2646 passim
1707 2603 1746 2634 de
1766 2603 1821 2634 ho-

1092 2646 1229 2676 minibus
1245 2646 1299 2687 qui
1318 2646 1417 2677 multa
1438 2647 1531 2677 verba
1554 2647 1594 2677 de
1615 2655 1681 2676 una
1695 2645 1821 2677 eadem-

1092 2699 1152 2729 que
1167 2699 1199 2720 re
1213 2699 1326 2729 magno
1339 2698 1410 2719 cum
1423 2688 1551 2735 strepitu
1567 2687 1738 2719 effutiendo
1753 2687 1823 2718 aliis

1092 2730 1262 2761 molestiam
1279 2735 1405 2761 creant:
1430 2730 1471 2761 cf.
1486 2729 1541 2760 inf.
1557 2729 1656 2771 Epist.
1671 2729 1694 2765 i,
1707 2730 1739 2765 7,
1756 2731 1798 2760 84
1812 2741 1821 2767 ;

1094 2773 1159 2803 Sat.
1183 2772 1216 2808 ii,
1231 2774 1262 2808 3,
1286 2774 1339 2808 33,
1363 2777 1395 2802 et
1414 2771 1447 2802 in
1471 2771 1573 2814 Epist.
1597 2772 1636 2802 ad
1659 2772 1727 2803 Pis.
1746 2772 1822 2803 247.

1098 2815 1173 2848 Quis
1187 2827 1246 2845 mm
1263 2822 1290 2845 te
1309 2816 1408 2855 potius
1429 2824 1474 2845 sc.
1489 2819 1606 2855 crepat,
1627 2818 1659 2845 et
1675 2813 1734 2845 hoc
1754 2812 1822 2854 jam

1090 2867 1154 2898 pro,
1182 2857 1294 2887 iterum
1325 2857 1499 2897 iterumque
1529 2855 1648 2887 laudat.
1695 2856 1821 2892 Decens,

1090 2899 1127 2929 ad
1153 2898 1328 2930 amabilem.
1346 2908 1417 2939 quae
1436 2899 1589 2930 Venerem
1611 2897 1770 2940 componit
1791 2902 1823 2929 et

1088 2940 1299 2982 subsequitur,
1316 2940 1443 2981 gratiam
1459 2945 1490 2972 et
1504 2940 1646 2972 decorem
1661 2939 1749 2972 refer.
