1884 3288
74 200 88 216 0
677 185 906 228 LIBER.
937 187 999 237 11,
1034 189 1099 229 19.

1577 189 1663 232 117

402 286 477 328 Tu
497 286 711 341 separatis
732 287 889 329 uvidus
910 287 952 328 in
968 287 1090 342 jugis

457 353 592 396 Nodo
613 369 790 396 coerces
811 355 1007 411 viperino

310 421 368 462 20

512 420 788 464 Bistonidum
810 423 903 464 sine
924 422 1078 464 fraude
1101 424 1257 465 crines.

395 488 484 540 Tu,
505 504 640 544 quum
660 491 854 546 parentis
876 505 1012 546 regna
1031 505 1114 546 per
1134 491 1319 533 arduum

395 555 566 598 Cohors
589 557 831 613 Gigantum
852 559 1084 600 scanderet
1107 558 1250 614 impia,

454 623 673 681 Rhoetum
694 626 911 667 retorsisti
930 625 1069 667 leonis

514 691 749 748 Unguibus
768 693 1057 748 horribilique
1079 693 1190 734 mala
1208 710 1216 735 :
1254 742 1259 749 ,

308 759 367 801 25
398 758 689 815 Quamquam,
712 760 884 803 choreis
906 762 1049 816 aptior
1070 768 1114 802 et
1129 761 1245 816 jocis

399 826 620 883 Ludoque
641 828 802 879 dictus,
825 843 913 871 non
935 836 1002 870 sat
1022 829 1207 870 idoneus

456 894 627 951 Pugnae
647 895 884 948 ferebaris3

918 898 996 938 sed
1018 897 1134 939 idem

513 963 641 1006 Pacis
663 980 760 1007 eras
781 965 1039 1020 mediusque
1061 964 1177 1007 belli.

395 1029 466 1073 Te
487 1031 595 1074 vidit
617 1033 765 1075 insons
788 1034 1010 1076 Cerberus
1033 1048 1168 1075 aureo

310 1100 368 1141 30
399 1099 550 1143 Cornu
571 1101 796 1152 decorum,
817 1101 976 1144 leniter
998 1109 1192 1144 atterens

108 1232 192 1276 regis
207 1233 407 1275 Thebarum)
429 1235 571 1273 domum,
587 1238 688 1280 ruptis
711 1238 859 1274 vinculis,

107 1276 226 1320 quibus
238 1277 282 1309 ibi
293 1278 487 1310 constrictus
503 1280 682 1316 tenebatur.
698 1281 861 1323 disjecisse

111 1319 173 1364 (cf.
186 1319 332 1363 inprimis
348 1321 456 1363 Eurip.
474 1322 597 1354 Bacch.
613 1324 717 1362 633);
738 1325 855 1365 Lycur·

109 1372 188 1405 gum
207 1373 281 1396 vero
295 1364 482 1413 (Dryantis,
501 1365 699 1401 Edonorum,
716 1366 861 1398 Thraciae

171 1404 226 1455 βε,
246 1416 341 1448 regis.
362 1406 495 1446 filium),
513 1408 600 1450 quod
618 1408 748 1440 Baccho
764 1409 861 1440 infes-

170 1459 257 1481 nuus
283 1459 394 1482 omnes
420 1451 500 1482 vites
522 1461 578 1493 per
600 1457 702 1483 totum
730 1463 862 1494 regnum

111 1491 256 1527 exscindi
266 1492 418 1542 jusserat,
439 1493 472 1524 in
496 1499 619 1526 tantum
643 1495 778 1526 furorem
802 1495 862 1526 im-

107 1534 234 1567 misisse
249 1535 376 1573 dieitur,
395 1542 430 1567 ut
450 1536 552 1568 filium
570 1548 663 1569 suum
686 1539 863 1580 Dryantem

108 1574 312 1614 interficeret.
330 1583 364 1610 et
377 1578 447 1622 ipse
462 1579 522 1611 sibi
539 1580 620 1612 falce
639 1591 732 1613 crura
749 1592 861 1624 ampu-

108 1625 214 1653 sust:
245 1620 311 1654 vid.
334 1622 441 1664 Heyn.
471 1621 512 1653 ad
541 1624 732 1666 Apollodor.
758 1624 804 1661 iii,
830 1628 862 1663 5,

112 1673 146 1707 p.
168 1664 244 1697 576.
291 1664 339 1696 Tu.
355 1666 463 1707 flectis
491 1676 604 1703 amnes,
633 1672 668 1698 tu
697 1667 862 1699 fluviorum

112 1716 245 1739 cursum
266 1718 323 1751 pro
345 1707 451 1739 lubitu
472 1708 644 1740 moderaris
665 1716 698 1741 et
714 1710 862 1750 cohibes3

112 1749 247 1792 respicit
279 1755 386 1783 autem
419 1751 574 1783 Orontem
609 1758 640 1784 et
676 1753 863 1796 Hydaspen,

113 1798 194 1835 quos
209 1793 362 1826 &nehus
383 1793 492 1836 thyrso
509 1805 674 1837 percussos
691 1802 772 1828 retro
787 1797 863 1827 flex-

114 1834 225 1868 ἰαυοῖ
238 1836 326 1868 sicco
342 1836 426 1880 pede
443 1837 604 1870 transiisse
625 1838 776 1870 traditur:
802 1840 864 1872 vid.

114 1878 228 1913 Nomi
251 1878 386 1922 Dionys.
413 1879 482 1917 xiii,
509 1881 570 1911 123
589 1892 661 1923 sqq.
707 1882 754 1913 Tu
782 1894 865 1914 mare

113 1923 290 1958 barbarum,
301 1932 348 1954 sc.
357 1922 468 1959 flectis,
482 1924 570 1966 quod
578 1924 646 1966 jam
660 1935 728 1967 pro,
742 1925 863 1957 domas.

905 1247 1015 1280 pugna
1039 1238 1106 1276 illa,
1130 1247 1196 1279 qua
1225 1238 1382 1278 Gigantes
1410 1238 1501 1269 Jovis
1527 1247 1659 1278 regnum

905 1281 1109 1317 affectabant,
1143 1280 1243 1312 leonis
1269 1281 1370 1312 forma
1398 1281 1530 1312 indutus
1558 1291 1659 1311 unum

905 1333 1013 1354 eorum
1033 1324 1190 1355 Rhoetum
1203 1324 1243 1355 de
1257 1324 1343 1355 coelo
1357 1323 1553 1358 deturbares,
1567 1333 1658 1364 egre-

906 1365 993 1407 gium
1009 1366 1235 1397 documentum
1252 1366 1398 1406 edidisti;
1413 1366 1561 1408 quamvis
1572 1365 1659 1397 enim

908 1409 1041 1440 choreis.
1055 1408 1151 1450 jocis,
1168 1415 1200 1440 et
1216 1409 1292 1440 ludo
1309 1409 1410 1452 aptior
1425 1419 1520 1450 quam
1543 1408 1660 1451 pugnis

907 1461 976 1483 esse
992 1452 1160 1487 videbaris.
1186 1453 1270 1483 idem
1294 1459 1399 1483 tamen
1421 1451 1454 1483 in
1476 1462 1585 1494 pugna
1604 1451 1663 1483 illa

907 1494 996 1536 pacis
1012 1494 1152 1536 bellique
1167 1495 1284 1526 arbiter
1295 1494 1439 1526 extitisti.
1488 1495 1549 1526 Per
1561 1497 1659 1526 ardu-

907 1549 970 1574 um,
987 1549 1042 1580 per
1056 1548 1172 1574 aerem,
1190 1537 1230 1570 δι’
1247 1538 1392 1580 αἰθέρος.
1438 1538 1557 1578 Impia:
1576 1548 1659 1569 mor-

906 1581 979 1612 talis
994 1581 1079 1612 enim
1096 1588 1207 1613 contra
1221 1583 1318 1613 deum
1335 1591 1505 1622 assurgens
1525 1580 1662 1623 impium

906 1624 1013 1655 scelus
1027 1624 1208 1656 committit.
1253 1625 1363 1656 Leonis
1384 1625 1547 1666 Unguibus
1558 1624 1660 1655 horri-

908 1668 1020 1708 bilique
1043 1669 1136 1698 mala.
1182 1667 1331 1709 Sequitur
1355 1667 1507 1698 Horatius
1529 1676 1582 1698 eos
1605 1666 1661 1708 qui

908 1710 1074 1741 Bacchum
1106 1710 1139 1740 in
1177 1710 1300 1742 leonem
1336 1720 1522 1741 conversum
1552 1716 1663 1741 contra

909 1752 1066 1794 Gigantes
1079 1763 1220 1795 pugnare
1236 1753 1377 1784 tradunt.
1411 1753 1563 1783 Similiter
1573 1753 1659 1784 Bac-

908 1795 989 1826 chus
1012 1802 1123 1827 contra
1149 1795 1287 1827 latrones
1310 1804 1459 1839 pugnans
1481 1795 1568 1837 apud
1591 1795 1660 1826 Ho-

909 1849 985 1870 mer.
996 1840 1116 1880 Hymn.
1126 1838 1159 1868 in
1170 1839 1292 1870 Bacch.
1304 1850 1335 1869 v.
1346 1841 1400 1874 44,
1409 1838 1510 1869 leonis
1520 1837 1659 1880 speciem

907 1880 1050 1913 induisse
1073 1881 1211 1922 fingitur.
1257 1882 1380 1913 Choreis
1405 1882 1507 1921 aptior
1532 1887 1562 1911 et
1578 1883 1662 1921 jocis

908 1924 1074 1965 Lucioque:
1113 1924 1310 1965 designatur,
1340 1929 1378 1955 ut
1406 1924 1487 1955 bene
1515 1923 1663 1956 observat

113 1964 302 2002 Barbarum,
323 1965 357 1997 h.
371 1976 400 1997 e.
419 1966 579 2004 Indicum,
602 1968 805 1999 victoriarum
822 1979 863 2000 ex

114 2007 212 2046 Indi·
225 2014 452 2051 reportaturum
465 2016 611 2052 respectu
622 2010 752 2050 habito;
777 2011 862 2048 hinc,

115 2055 153 2082 ut
172 2050 242 2094 jam
266 2051 446 2083 observavit
466 2053 519 2085 (ΣΙ.
544 2053 695 2090 Μίῑεοὴ..
714 2054 863 2086 Bacchus

83 2127 85 2130 Α
114 2093 204 2136 apud
215 2094 328 2132 Senec.
340 2095 436 2126 Herc.
449 2096 525 2127 Fur.
538 2097 614 2133 409,
631 2098 761 2127 domitor
776 2099 866 2129 rubri

46 2155 52 2174 =‚
113 2138 210 2169 aad:
223 2137 350 2169 dicitur.
397 2138 528 2174 Uvidus,
544 2149 592 2170 sc.
609 2139 695 2176 vino,
712 2145 747 2170 ut
765 2143 864 2172 madi-

46 2187 50 2191 “
112 2181 184 2218 dun,
212 2190 256 2212 sae
281 2180 332 2212 ius
354 2180 614 2224 (βεβρεγμένος,
639 2181 783 2225 ὑγρός);
817 2184 864 2215 sic

59 2238 66 2269 ζ
111 2221 174 2255 inf.
188 2223 232 2262 iv,
246 2190 280 2260 5¹:
301 2224 357 2260 39,
380 2225 511 2256 dicimus
531 2226 652 2266 integro
674 2228 758 2257 Sicci
779 2238 865 2258 mane

38 2290 57 2311 ,Β
112 2266 177 2303 ὥ,
205 2268 336 2298 dicimus
364 2269 465 2299 um'di.
523 2268 690 2308 Septim-atis,
722 2270 864 2307 secretis,

44 2319 52 2326 ⁶
93 2336 95 2338 .
114 2309 257 2342 motis.
303 2309 350 2341 Tu
365 2312 443 2342 nodo
451 2321 564 2342 coerces
576 2313 714 2352 viperino
729 2313 865 2344 Bistoni-

40 2327 73 2401 ξ.
108 2352 197 2389 dnus
214 2353 281 2384 sine
297 2352 423 2396 fraudo
449 2355 567 2386 crines:
599 2361 634 2386 tu
658 2355 782 2398 viperas
803 2358 867 2388 sine

40 2399 79 2434 'Q
98 2395 231 2439 -fiueds
244 2395 297 2438 (h.
309 2406 340 2428 e.
355 2407 436 2438 quas
453 2397 596 2440 potentia
616 2402 672 2429 tua
693 2398 795 2430 reddit
816 2399 866 2430 in-

35 2446 77 2478 ,ηῇ
98 2438 247 2479 gnosius)
269 2438 440 2471 mulierum
470 2440 696 2472 bacchantium
724 2442 867 2476 crinibus

33 2491 82 2531 ;4’3
104 2478 285 2524 vimplica„
314 2482 394 2519 sive,
421 2489 476 2514 tua
500 2483 642 2525 potentia
663 2485 709 2522 fit,
733 2490 769 2516 ut
793 2486 866 2517 bac-

0 2533 1 2548 ³
35 2523 252 2569 'ghgflhflntes
271 2524 340 2558 sine
361 2535 446 2557 noxa
460 2532 598 2558 tractent
610 2537 658 2559 ser
682 2532 781 2564 entes,
798 2539 867 2560 eos-

34 2595 35 2598 ,
50 2577 54 2601 s
65 2564 81 2602 ’Ϊ
90 2573 183 2611 que
195 2567 338 2600 crinibus
353 2568 420 2600 suis
434 2569 612 2601 innectant.
689 2573 867 2609 istonidum,

62 2610 116 2629 ⁴'
140 2627 142 2634 ι
162 2611 290 2643 lictum
318 2611 524 2644 Thraciarum
554 2613 621 2644 sive
648 2614 868 2654 Baccharum3

91 2650 115 2689 ζ
135 2654 163 2679 ἐν
174 2671 179 2678 v
190 2665 261 2687 ones
278 2654 363 2686 euim
381 2656 526 2699 populus
544 2656 700 2694 Thraciae,
718 2658 773 2688 ubi
787 2668 868 2700 proe-

91 2698 107 2712 ³⁴
139 2712 166 2723 -·
196 2707 217 2730 e
240 2697 330 2740 orgia
350 2699 511 2731 celebrata
541 2710 610 2732 esse
635 2700 713 2731 satis
735 2707 871 2733 constat.
914 2701 1093 2732 interventu
1114 2700 1275 2742 pendebat
1288 2711 1297 2739 3
1323 2699 1385 2731 nisi
1406 2699 1558 2731 Bacchus
1573 2698 1669 2729 inter-

115 2743 120 2750 *
189 2756 202 2766 a
224 2743 270 2772 'tn
299 2741 340 2773 de
367 2752 455 2774 more
484 2753 548 2785 quo
584 2742 778 2775 bacchantes
805 2750 872 2775 tam
915 2743 1067 2779 venisset,
1094 2743 1164 2774 vult
1190 2743 1308 2779 dicere,
1337 2742 1457 2774 diutius
1480 2742 1537 2773 illa
1562 2751 1672 2784 pugna

184 2799 187 2809 =
205 2799 207 2801 >
226 2800 229 2811 ι
265 2794 364 2827 quarn
386 2795 504 2828 corpus
525 2786 725 2829 serpentibus
748 2786 875 2819 incinx-
918 2787 1085 2825 durasset;
1109 2797 1173 2829 quo
1188 2786 1320 2829 quidem
1336 2785 1417 2817 nihil
1432 2785 1473 2816 ad
1485 2785 1557 2827 ejus
1572 2785 1670 2815 virtu-

78 2831 217 2868 ‘'fint,
249 2826 315 2859 vid.
347 2828 445 2861 Voss.
472 2834 505 2860 et
534 2830 657 2861 Mutet.
685 2829 725 2861 ad
753 2831 877 2863 Catuli.
919 2835 983 2862 tem
1019 2829 1170 2862 bellicam
1207 2829 1432 2862 declarandam
1469 2828 1534 2860 dici
1569 2827 1674 2869 potuit

193 2891 204 2907 ‚
219 2870 296 2907 259.
315 2870 374 2902 ubi
394 2871 434 2903 de
456 2871 700 2910 bacchantibus,
718 2873 799 2906 Pars
820 2885 879 2906 sese
922 2872 1068 2915 gravius:
1099 2875 1217 2905 medius
1242 2873 1349 2915 igitur,
1373 2877 1410 2903 ut
1431 2871 1519 2914 apud
1542 2871 1675 2902 Graecos

118 2917 122 2919 “
146 2915 151 2919 ’
184 2914 201 2936 ·'
297 2915 417 2946 entibus
433 2916 644 2957 incingebant.
922 2917 1076 2960 μεσίτης,
1088 2922 1137 2949 est
1152 2916 1279 2954 arbiter,
1292 2915 1355 2952 vel,
1371 2921 1410 2947 ut
1423 2914 1483 2947 hac
1499 2924 1576 2946 voce
1590 2918 1675 2948 utar,

159 2955 312 2989 ›tu—28.
335 2957 475 2990 Sensus:
511 2964 542 2991 te
559 2968 696 3001 ‘quoque
719 2958 880 3003 insignem
925 2959 1098 2992 mediator:
1130 2959 1197 2992 vid.
1226 2961 1370 3003 Interpp.
1400 2957 1439 2990 ad
1465 2956 1542 2989 Val.
1567 2955 1676 2987 Flacc.

70 2994 208 3046 'rr-fecit
219 2999 318 3033 virtus
335 3000 463 3039 bellica,
487 3002 582 3045 cujus
596 3002 738 3045 quidem.
755 3014 830 3037 cum
846 3004 880 3037 in
926 3015 958 3040 v,
974 3004 1050 3036 500.

908 1967 1058 2004 Mitseh.,
1077 1967 1228 1998 Bacchus
1243 1967 1421 2009 χορευτής,
1438 1966 1662 2009 ε’γερσίγελως

907 2015 940 2041 et
968 2011 1223 2053 φιλοπαίγμων.
1282 2011 1341 2042 Sed
1376 2020 1443 2052 pro,
1474 2015 1593 2046 tamen,
1625 2015 1662 2041 ut

907 2054 1028 2095 passim
1045 2059 1127 2096 post,
1142 2056 1289 2094 quamvis.
1344 2053 1436 2084 Pacis
1449 2063 1515 2084 eras
1530 2055 1661 2084 medius—

909 2107 965 2137 que
997 2098 1079 2135 betti,
1107 2096 1272 2138 explicant
1297 2097 1372 2133 fere,
1404 2101 1469 2126 tam
1507 2096 1594 2138 pacis
1630 2102 1663 2128 et

909 2139 1064 2170 mollioris
1075 2139 1132 2170 otii
1149 2149 1271 2176 amanS,
1286 2150 1384 2182 quam
1401 2138 1486 2170 bello
1499 2145 1660 2175 strenuus,

909 2182 960 2213 vel
981 2182 1109 2225 utrique
1129 2182 1262 2224 tempori
1284 2189 1389 2225 aptuS,
1414 2192 1507 2223 aeque
1527 2181 1661 2213 idoneus

909 2225 1060 2256 mollibus
1072 2224 1196 2257 deliciis
1213 2225 1303 2267 pacis
1318 2236 1355 2257 ac
1368 2224 1558 2256 tumultibus
1574 2225 1662 2256 belli.

909 2269 972 2300 Sed
989 2268 1063 2300 huic
1076 2267 1283 2310 explicationi
1298 2270 1337 2301 τὸ
1352 2279 1420 2300 eras
1434 2268 1561 2299 obstare
1573 2267 1661 2299 vide-

910 2316 974 2348 tur,
991 2323 1066 2343 cum
1081 2313 1167 2352 pacis
1179 2323 1246 2343 eras
1261 2313 1376 2343 medius
1388 2311 1567 2343 necessario
1578 2321 1661 2352 quo-

911 2365 974 2397 que
998 2355 1039 2386 ad
1064 2364 1103 2387 ea
1127 2365 1200 2397 quae
1227 2355 1379 2387 Bacchus
1405 2354 1439 2385 in
1466 2354 1522 2385 illa
1554 2364 1663 2396 pugna

911 2397 1070 2441 praestitit,
1088 2397 1287 2430 referendum
1299 2398 1355 2437 sit;
1371 2397 1481 2440 itaque
1495 2396 1663 2428 Bacchum

910 2441 982 2473 ideo
1009 2443 1142 2473 medium
1169 2443 1255 2482 pacis
1283 2443 1412 2482 bellique
1444 2440 1565 2472 dictum
1592 2450 1663 2472 esse

911 2484 1054 2522 arbitror,
1078 2483 1164 2528 quod
1188 2485 1221 2516 in
1245 2485 1350 2516 medio
1375 2483 1467 2526 quasi
1490 2483 1560 2515 loco
1583 2482 1665 2514 inter

911 2538 1023 2570 pacem
1046 2533 1079 2559 et
1103 2526 1221 2559 bellum
1246 2534 1335 2559 stans
1358 2533 1414 2558 aut
1435 2526 1512 2558 huic
1537 2531 1593 2557 aut
1616 2526 1666 2557 illi

913 2571 1051 2609 favebat,
1074 2571 1141 2602 sive
1163 2571 1251 2612 quod
1274 2570 1438 2602 arbitrium
1461 2569 1550 2612 pacis
1574 2569 1666 2600 belli-

913 2624 988 2657 que,
1004 2614 1036 2645 h.
1055 2624 1085 2645 e.
1102 2624 1218 2656 puguae
1240 2613 1328 2645 illius
1350 2619 1415 2645 tam
1436 2612 1668 2655 componendae

914 2667 1012 2700 quam
1030 2657 1271 2693 continuandae,
1290 2667 1310 2688 a
1326 2657 1394 2688 solo
1411 2655 1482 2698 ejus
1501 2655 1621 2686 auxilio
1637 2660 1670 2686 et
