1884 3288
311 201 366 240 48

859 198 1262 245 CARMINUM

537 298 668 346 Quod
689 298 799 340 latus
820 300 967 341 mundi
983 299 1150 341 nebulae
1171 299 1391 355 malusque

452 366 508 406 20

817 366 990 421 Jupiter
1010 374 1135 420 urget
1149 383 1157 407 :

536 432 655 474 Pone
677 434 757 474 sub
779 447 907 474 curru
927 434 1098 474 nimium
1121 434 1349 487 propinqui

532 498 658 548 Solis,
680 499 723 540 in
744 506 858 541 terra
877 501 1073 541 domibus
1095 507 1272 554 negata:

533 564 674 606 Dulce
694 566 903 607 ridentem
925 564 1118 618 Lalagen
1138 567 1300 615 amabo,

817 631 958 673 Dulce
979 631 1238 685 loquentem.

811 819 1084 861 CARMEN
1117 818 1292 860 XXIII.

877 947 947 978 AD
993 946 1230 978 CHLOEN.

581 1027 723 1068 VrrAs
741 1027 943 1068 hinnuleo
966 1042 1032 1068 me
1056 1027 1216 1076 similis,
1240 1027 1390 1078 Chloe,

583 1093 808 1139 Quaerenti
830 1093 1026 1147 pavidam
1045 1093 1260 1133 montibus
1282 1093 1383 1133 aviis

634 1158 834 1208 Matrem,
856 1174 940 1200 non
962 1159 1052 1198 sine
1072 1173 1180 1198 vano

694 1224 910 1266 Aurarum
932 1231 974 1266 et
995 1223 1112 1264 silvae
1131 1231 1262 1265 metu.

519 1292 545 1331 5
575 1291 690 1332 Nam
711 1305 786 1332 seu
806 1291 1034 1332 mobilibus
1055 1291 1195 1344 vepris
1214 1290 1425 1331 inhorruit

581 1356 653 1398 Ad
675 1364 847 1398 ventum
868 1357 992 1407 foliis,
1017 1371 1093 1398 seu
1114 1357 1270 1398 virides
1291 1358 1447 1398 rubum

298 1477 379 1508 Met.
403 1477 425 1512 i,
453 1477 494 1508 46
519 1486 584 1518 sqq·
632 1478 724 1518 Pigri
748 1479 844 1516 campi
868 1482 941 1508 sunt
966 1482 1027 1507 ste-

297 1519 381 1554 riles,
405 1518 460 1549 ubi
482 1519 586 1549 omnia
608 1523 750 1560 torpent;
774 1518 917 1550 similiter
936 1521 1027 1560 pigra

297 1561 386 1591 hiems
406 1561 489 1602 apud
511 1560 605 1591 Ovid.
626 1561 699 1590 Am.
716 1560 759 1598 iii,
781 1562 813 1596 6,
831 1562 883 1595 94.
899 1565 930 1591 et
948 1563 1027 1591 iners

295 1603 401 1632 bruma
425 1603 508 1644 apud
532 1603 607 1633 Hor.
629 1602 684 1633 inf.
707 1603 749 1638 iv,
772 1603 803 1638 7,
836 1604 884 1632 12.
909 1603 1027 1633 AEstiva

295 1655 375 1674 aura
395 1644 537 1680 mitioris,
553 1644 655 1685 qualis
675 1650 780 1675 aestate
802 1645 918 1685 spirare
936 1645 1026 1679 solet,

294 1695 379 1716 aurae
401 1686 531 1717 adflatu.
574 1686 678 1716 Malus
700 1686 834 1725 Jupiter,
858 1685 976 1727 spissus
997 1691 1029 1717 et

295 1726 427 1768 frigidus
442 1738 514 1767 aer;
535 1733 637 1768 urget,
650 1733 802 1769 tanquam
811 1738 890 1758 onus
905 1727 1027 1769 premit,

293 1769 434 1800 incubat.

337 1813 392 1842 22.
416 1811 560 1841 Domibus
579 1817 687 1853 negata
709 1822 765 1853 pro
786 1811 920 1851 vulgari,
937 1810 1026 1843 inha-

293 1851 428 1883 bitabili.
473 1853 572 1883 Dulce
592 1855 739 1884 ridentem
760 1854 897 1894 Lalagen
912 1855 1026 1889 amabo,

294 1894 393 1925 Dulce
403 1896 582 1935 loquentem.-
605 1895 648 1925 ibi
661 1905 785 1936 quoque
797 1895 828 1925 in
839 1905 953 1931 amore,
965 1906 1028 1936 quo

291 1935 507 1967 dulcissimam
522 1936 661 1976 Lalagen
679 1937 860 1978 amplector,
876 1937 1027 1968 securita-

292 1983 354 2008 tem
380 1978 455 2008 mihi
482 1979 642 2019 praestabit
667 1978 766 2020 pietas
788 1988 859 2009 mea
881 1984 912 2008 et
935 1979 1025 2010 inno-

290 2019 406 2050 centia.
451 2021 548 2050 Dulce
561 2022 839 2050 ridentem—dulce
850 2021 1024 2060 loquentem.

292 2061 474 2093 Graecorum
490 2061 552 2099 ὴδὺ
569 2064 689 2104 γελᾶν,
706 2061 767 2100 ἡδὺ
782 2063 911 2093 λαλεῖν.

480 2144 679 2176 CARMEN
703 2146 835 2176 XXIII.

333 2186 466 2222 Chloen,
485 2197 591 2228 quam,
609 2187 672 2218 viro
694 2187 767 2218 licet
782 2187 848 2228 jam
866 2187 1023 2229 tempesti-

289 2238 373 2263 vam,
389 2228 516 2259 delicias
536 2234 653 2264 tamen,
670 2240 749 2270 quas
763 2236 854 2270 poeta
868 2229 900 2259 in
921 2239 1024 2261 amore

289 2270 372 2311 apud
387 2280 456 2300 eam
470 2271 609 2301 facturus
625 2277 701 2309 erat,
717 2271 834 2312 trepido
853 2271 956 2302 animo
974 2282 1022 2303 re-

289 2312 471 2353 fugientem,
488 2323 546 2343 nec
563 2323 581 2343 a
598 2313 668 2343 sinu
690 2313 795 2343 matris
811 2323 844 2343 se
860 2313 951 2344 avelli
968 2324 1022 2354 pa-

290 2354 430 2388 tientem,
442 2354 578 2385 suaviter
593 2365 663 2385 cum
679 2355 822 2390 hinnulo,
833 2355 886 2396 qui
903 2355 1022 2386 levissi-

288 2406 339 2426 mo
348 2406 473 2437 quoque
482 2401 543 2426 stre
549 2397 612 2438 pitu
622 2398 785 2428 exterritus
794 2397 884 2427 anxie
894 2403 1023 2428 matrem

289 2437 321 2468 in
351 2438 439 2468 silvis
468 2447 604 2478 quaerere
631 2439 740 2476 soleat,
770 2445 940 2480 comparat,
975 2445 1021 2475 ut,

288 2480 398 2511 relicta
431 2479 557 2510 tandem
586 2486 696 2515 matre,
728 2491 773 2515 se.
803 2491 821 2511 a
850 2491 912 2522 quo
942 2481 1022 2512 nihil

287 2521 481 2553 crudelitatis
509 2522 538 2552 ei
567 2522 737 2552 timendum
778 2523 829 2558 sit,
861 2530 1020 2564 sequatur,

285 2574 463 2612 permovere
472 2563 587 2594 studet.
627 2564 731 2595 Graeci
743 2565 907 2606 cujusdam
921 2571 1020 2606 poetae

285 2606 487 2637 imitationem
523 2616 593 2636 cum
630 2605 725 2637 totius
758 2606 905 2637 carminis
935 2607 1020 2638 color

283 2647 396 2696 prodit,
411 2652 476 2677 tum
499 2647 706 2688 fragmentum
726 2650 811 2690 apud
830 2649 1018 2680 Athenaeum

282 2701 327 2726 lx,
349 2691 387 2720 12
405 2689 507 2730 (quod
525 2690 718 2721 Anacreonti
733 2691 826 2732 vulgo
841 2690 1016 2732 tribuitur),

282 2732 328 2762 sie
343 2742 361 2762 a
379 2731 523 2762 Bentleio
537 2732 675 2762 refictum
689 2743 696 2761 :

317 2773 398 2806 ”Are
410 2773 543 2846 ἑνεβρὸν
562 2773 722 2813 νεοθηλέα
742 2774 956 2816 γαλαθηνὸν,
979 2776 1016 2813 ὃς

426 2827 447 2846 ν
461 2815 502 2846 ὕλ

323 2828 729 2899 Κεροὲσσηςῃιίπολειφθεὶς
739 2857 805 2890 ὑπὸ
813 2860 941 2900 μητρὸς
953 2858 1012 2891 ἐπ·

407 2899 525 2938 τοὴθη.

326 2942 418 2973 1-4.
442 2942 615 2973 Hinnuleo:
638 2942 812 2979 hfflnuleus,
824 2951 879 2984 pro
895 2942 1008 2975 hinnu-

1072 1475 1133 1510 lus,
1149 1481 1183 1506 ut
1199 1485 1269 1518 sup.
1291 1476 1314 1513 i,
1334 1477 1385 1512 17,
1401 1478 1434 1512 9,
1449 1477 1586 1508 haeduleae
1602 1486 1656 1519 pro
1671 1469 1803 1509 haeduli.

1076 1518 1240 1554 Pavidum,
1254 1519 1320 1560 jam
1343 1529 1405 1549 non
1424 1529 1480 1549 sua
1499 1524 1631 1556 tantum,
1649 1520 1703 1550 sed
1726 1520 1805 1562 pulli

1069 1569 1194 1601 quoque
1229 1561 1366 1602 pericula
1407 1566 1582 1602 paventem.
1640 1561 1711 1592 Non
1742 1564 1806 1593 sine

1069 1612 1144 1632 vano
1159 1605 1315 1634 Aurarum
1328 1609 1355 1633 et
1371 1604 1451 1633 silvae
1461 1609 1553 1638 metu,
1565 1602 1639 1634 dum
1648 1613 1703 1644 per
1711 1603 1804 1634 levis-

1069 1642 1181 1675 simum
1191 1654 1347 1687 quemque
1357 1644 1397 1674 ab
1407 1653 1483 1675 aura
1491 1644 1523 1675 in
1533 1644 1621 1675 silvis
1630 1645 1804 1677 excitatum

1070 1686 1232 1727 strepitum
1248 1697 1327 1716 vano
1341 1685 1450 1717 timore
1463 1686 1651 1728 percellitur.

1113 1729 1207 1759 5—8.
1232 1729 1261 1760 V
1265 1729 1296 1758 ul
1302 1733 1374 1768 gata
1384 1728 1486 1764 lectio.
1497 1728 1577 1759 Nam
1587 1739 1638 1759 seu
1648 1729 1803 1760 mobilibus

1070 1771 1148 1800 veris
1168 1772 1323 1801 inhorruit
1346 1771 1499 1802 Adventus
1506 1770 1609 1812 soliis.
1632 1776 1753 1802 servata
1771 1778 1803 1803 et

1070 1810 1197 1843 defensa
1235 1822 1253 1843 a
1290 1811 1463 1843 novissimis
1497 1812 1678 1850 editoribus,
1714 1823 1802 1850 sane,

1072 1855 1155 1894 quod
1173 1855 1288 1885 attinet
1306 1853 1452 1885 dictionis
1472 1854 1660 1895 elegantiam
1675 1859 1708 1886 et
1725 1854 1802 1886 doc-

1071 1899 1134 1925 tam
1154 1897 1303 1927 orationis
1320 1896 1537 1932 inversionem,
1557 1898 1705 1928 aduentus
1723 1898 1802 1928 veris

1069 1938 1225 1969 mobilibus
1225 1939 1317 1980 foliis
1331 1939 1497 1974 inhorruit,
1513 1949 1580 1980 pro,
1588 1938 1716 1970 mobilia
1726 1939 1803 1970 folia

1069 1977 1289 2011 inhorruerunt
1313 1979 1451 2011 adventu
1477 1980 1556 2011 veris
1583 1980 1635 2022 (h.
1661 1980 1691 2012 ὀ.
1718 1980 1803 2012 venti

1067 2021 1213 2056 vernalis,
1237 2021 1379 2064 Zephyri,
1402 2021 1509 2061 flatu),
1534 2022 1663 2053 Horatio
1684 2021 1801 2063 dignis-

1068 2062 1148 2093 sima
1169 2069 1236 2102 est3
1259 2063 1326 2098 sed,
1343 2063 1370 2093 si
1391 2074 1455 2094 rem
1477 2069 1611 2105 spectas,
1634 2065 1800 2096 difficulta-

1063 2104 1145 2134 tibus
1159 2105 1213 2136 illa
1234 2106 1364 2140 laborat,
1381 2115 1460 2145 quas
1474 2116 1538 2136 non
1553 2110 1616 2136 tam
1631 2105 1723 2137 facile
1743 2117 1799 2138 ex-

1064 2146 1184 2187 pedias,
1240 2149 1324 2178 Nam
1350 2147 1483 2188 primum
1507 2147 1632 2180 arbores
1660 2147 1800 2180 nondum

1067 2189 1126 2218 sub
1150 2189 1230 2219 veris
1253 2189 1389 2220 adventu
1417 2189 1588 2220 induerunt
1615 2189 1700 2227 folia,
1729 2200 1800 2231 quae

1066 2235 1179 2261 ventus
1194 2241 1316 2262 movere
1329 2237 1362 2262 et
1376 2230 1534 2272 impellere
1549 2231 1664 2274 possit3
1686 2231 1801 2264 deinde

1067 2270 1192 2303 hinnuli
1218 2284 1278 2303 non
1304 2273 1362 2303 sub
1386 2273 1467 2303 veris
1491 2273 1640 2312 adventu,
1662 2275 1719 2305 sed
1739 2275 1799 2306 sub

1067 2313 1136 2354 ejus
1156 2315 1227 2351 fine.
1242 2325 1350 2346 mense
1370 2315 1468 2347 sunio
1489 2315 1626 2351 demum,
1643 2326 1706 2358 quo
1725 2326 1800 2347 nas·

1066 2361 1191 2392 cuntur,
1211 2363 1324 2388 matres
1341 2366 1414 2387 suas
1435 2357 1522 2397 sequi
1539 2358 1653 2390 solent.
1699 2358 1799 2389 Aiunt

1065 2397 1204 2436 quidem,
1229 2399 1378 2440 plurimas
1406 2398 1441 2429 in
1465 2399 1559 2430 Italia
1581 2409 1650 2431 esse
1673 2400 1798 2432 arbores

1064 2438 1233 2475 silvestres,
1251 2451 1281 2471 v.
1298 2451 1325 2471 c.
1342 2441 1476 2479 laurum,
1490 2446 1625 2482 myrtum
1640 2446 1712 2473 cett.
1725 2452 1797 2483 qum

1064 2480 1165 2513 hieme
1188 2493 1250 2513 non
1273 2482 1435 2524 priventur
1457 2483 1550 2520 foliis,
1572 2484 1622 2515 vel
1642 2493 1697 2525 per
1710 2484 1796 2525 folia

1063 2525 1183 2554 mobilia
1204 2534 1252 2559 ea,
1271 2534 1342 2565 quae
1361 2524 1393 2554 in
1413 2530 1523 2556 teiram
1543 2524 1726 2562 deciderint,
1745 2526 1794 2556 in·

1062 2565 1160 2606 telligi
1181 2576 1283 2607 posse,
1302 2576 1409 2597 cervas
1426 2573 1531 2598 autem
1553 2572 1585 2598 et
1599 2577 1726 2609 capreas
1742 2577 1797 2609 per

1061 2607 1141 2638 duos
1155 2614 1186 2638 et
1200 2614 1261 2639 tres
1274 2618 1373 2638 annos
1388 2617 1493 2639 seeum
1505 2608 1618 2640 ducere
1629 2609 1793 2641 hinnulos:

1061 2649 1115 2679 sed
1143 2649 1215 2681 illas
1245 2651 1369 2681 arbores
1397 2650 1447 2680 vel
1474 2650 1560 2682 arida
1588 2650 1675 2686 folia,
1706 2651 1794 2682 humi

1057 2690 1209 2732 jacentia,
1224 2697 1346 2733 poetam
1358 2692 1540 2734 respexisse.
1554 2691 1604 2724 vix
1619 2692 1794 2734 probabile;

1060 2739 1090 2764 et
1119 2734 1251 2765 alterum
1278 2733 1317 2764 de
1343 2733 1482 2765 hinnulis
1510 2734 1623 2765 salsum
1651 2741 1710 2772 est,
1741 2745 1792 2766 ca-

1057 2785 1199 2816 prearum
1214 2775 1297 2806 enim
1307 2781 1339 2806 et
1349 2786 1506 2807 cervarum
1514 2775 1605 2818 pulli,
1617 2775 1684 2818 jam
1695 2786 1792 2807 unum

1057 2827 1174 2848 annum
1195 2818 1271 2855 nati,
1289 2827 1390 2859 neque
1411 2817 1544 2859 amplius
1561 2825 1635 2848 sunt
1654 2818 1791 2855 hinnuli,

1057 2869 1160 2900 neque
1179 2860 1330 2890 matribus
1351 2860 1484 2901 amplius
1501 2859 1672 2896 adhaerent.
1691 2860 1791 2891 multo

1055 2901 1161 2932 minus
1177 2912 1230 2932 eas
1245 2901 1375 2943 pavidas
1390 2901 1422 2931 in
1439 2901 1528 2932 silvis
1542 2907 1707 2944 quaerunt:
1731 2902 1790 2933 ita-

1058 2954 1120 2985 que
1136 2954 1208 2975 cum
1224 2953 1330 2975 omnes
1345 2943 1401 2974 has
1421 2943 1622 2976 difficultates
1637 2949 1793 2976 removeat
