1884 3288
0 2522 18 3046 2YWVWWVer-i-WW*
0 2503 5 2509 ι
0 2486 2 2488 «
0 2421 6 2467 ..vm
0 2387 3 2401 η
0 2356 5 2376 -
0 2328 5 2348 v„
0 2292 3 2295 .

666 200 897 244 LIBER
927 200 964 251 1,
1001 201 1065 242 17.

1579 199 1639 241 39

384 303 483 346 Nec
503 301 731 346 Martiales
750 300 966 353 haeduleae
985 301 1137 356 lupos:

300 373 352 413 10
385 370 619 426 Utcunque
640 369 772 419 dulci,
795 369 1010 424 Tyndari,
1030 368 1194 417 fistula-

441 437 592 481 Valles
613 445 658 479 et
679 437 846 479 Usticae
867 437 1070 478 cubantis

495 506 632 547 Levia
651 519 922 560 personuere
943 519 1071 545 saxa:

381 572 445 616 Di
465 589 533 615 me
554 581 754 615 tuentur:

380 641 442 683 Et
463 641 597 683 Musa
616 641 739 682 cordi
759 647 840 681 est.

789 571 874 613 Dis
894 572 1036 626 pietas
1055 585 1152 613 mea

902 639 991 680 Hic
1012 639 1093 680 tibi
1113 639 1240 694 copia

297 710 350 751 15
437 709 641 751 NIanabit
661 708 718 749 ad
737 707 914 762 plenum
934 702 1124 762 benigno

495 777 631 818 Ruris
652 771 1095 831 honorum'opulenta
1115 788 1264 817 cornu.

379 845 467 887 Hic
487 845 530 886 in
551 845 734 886 reducta
754 843 864 885 valle
886 842 1107 885 Caniculae

380 913 555 956 Vitabis
577 920 734 954 aestus:
768 919 812 954 et
832 912 922 953 fide
940 911 1054 954 Teia

440 982 576 1024 Dices
596 982 846 1023 laborantes
867 981 909 1022 in
931 995 1019 1021 uno

293 1051 351 1093 20

496 1049 750 1104 Penelopen
770 1049 1037 1103 vitreamque
1059 1047 1229 1089 Circen.

382 1118 471 1161 Hic
491 1119 733 1161 innocentis
755 1116 914 1174 pocula
935 1117 1089 1159 Lesbii

90 1245 458 1290 (cvpiZvanducitur.
478 1247 735 1279 Usticaecubantis
745 1248 837 1279 Levia

88 1301 172 1322 saxa.
221 1290 327 1321 Ustica
343 1290 406 1321 fuit
423 1301 538 1332 parvus
559 1301 650 1322 mons
666 1302 762 1333 prope
779 1291 837 1321 vil-

89 1332 153 1364 lam
174 1333 313 1370 Horatii,
329 1332 398 1375 qui,
416 1333 492 1375 quia
510 1333 623 1364 leniter
643 1335 839 1375 assurgebat,

91 1375 154 1412 vel,
181 1382 216 1407 ut
242 1375 399 1417 ἲίῐςὶΙίυε
427 1375 565 1417 loquitur
591 1378 682 1417 (1301.
710 1378 754 1412 ix,
786 1379 838 1416 8),

88 1420 174 1451 motti
195 1421 274 1451 clivo
284 1421 402 1462 jugum
423 1421 610 1454 demittebat,
630 1423 742 1451 cubans
757 1419 836 1450 dici-

88 1467 162 1503 tur;
194 1463 460 1506 quemadmodum
490 1462 574 1493 enim
600 1463 696 1494 altius
725 1463 836 1494 adsur-

89 1512 200 1548 gentes
222 1511 346 1537 montes
366 1513 446 1537 stare
471 1507 560 1548 (sup.
576 1507 608 1542 9,
630 1508 658 1543 l,
681 1507 780 1541 Vides.
803 1513 837 1537 ut

88 1550 155 1580 alta
169 1556 224 1587 stet
246 1550 315 1580 nive
331 1551 498 1581 candidum
515 1548 669 1590 Soracte).
693 1549 737 1580 ita
760 1549 839 1580 mol-

89 1588 182 1624 liter
174 1603 208 1628 in
222 1591 386 1635 planitiem
400 1593 448 1624 vel
462 1592 576 1623 vallem
588 1603 620 1624 se
636 1592 839 1625 demittentes

89 1638 203 1667 cubare
224 1634 396 1685 dicun-tur3
418 1635 493 1667 hinc
517 1637 604 1666 colles
626 1639 728 1677 supini
752 1636 838 1677 apud

92 1678 184 1720 Virg.
213 1679 295 1710 Geo.
319 1678 354 1714 ii,
378 1659 455 1709 2⁹76
501 1679 576 1709 Lei
567 1690 597 1710 ια
617 1679 728 1720 qualia
751 1685 838 1715 sunt,

89 1731 195 1775 super
199 1733 274 1776 quae
290 1721 382 1753 rivuli
405 1722 596 1760 decurrunt3
622 1721 744 1764 πέτραι
764 1724 837 1754 λισ-

89 1763 201 1803 σάὸες
246 1765 421 1814 Comparat
441 1764 495 1795 CL
517 1765 650 1796 Mitsch.
670 1776 743 1796 cum
764 1765 797 1796 h.
817 1766 838 1796 Ι.

89 1809 216 1851 Anytes
231 1808 293 1850 Ep.
311 1810 378 1844 vin,
395 1807 498 1839 Anth.
515 1807 574 1839 Gr.
589 1808 626 1838 ’1.
643 1808 664 1844 i,
684 1819 716 1850 p.
737 1809 807 1838 131

135 1851 350 1883 13—16.1)i
376 1862 421 1882 me
446 1857 574 1882 tuentur
600 1857 677 1882 cett.
703 1861 837 1882 sensus:

90 1894 173 1926 hanc
207 1894 409 1926 securitatem
440 1893 502 1925 diis
533 1900 695 1936 acceptam
730 1894 838 1931 1·,efero

89 1938 209 1980 quibus
223 1936 267 1980 pii
284 1943 314 1968 et
332 1936 512 1968 innocentis
527 1942 640 1986 poetae,
658 1936 763 1979 qualis
779 1948 838 1978 ego

89 1991 172 2016 sum,
189 1980 320 2028 placent
333 1979 493 2011 carmina:
520 1980 591 2012 veni
607 1980 712 2021 igitur,
728 1986 760 2010 et
775 1980 837 2011 lar

89 2023 229 2066 gissimis
257 2033 338 2054 ruris
364 2022 549 2054 muneribus
574 2033 698 2053 mecum
725 2022 837 2055 fruere.

89 2066 154 2099 Hic
181 2068 236 2098 tibi
259 2068 344 2107 copia
372 2071 446 2098 cett.
466 2066 592 2108 junge;
622 2066 670 2096 hic
694 2067 837 2106 opulenta

87 2113 174 2151 copia
194 2111 342 2142 honorum
363 2112 449 2141 ‘ruris
463 2110 609 2149 ynanabit
635 2111 689 2140 tibi
711 2111 838 2151 benigno

87 2165 184 2186 cornu
193 2155 234 2185 ad
244 2155 378 2194 plenam.
413 2153 552 2194 Benigno
565 2163 672 2190 cornu,
684 2158 837 2194 tanquam

87 2205 108 2228 e
137 2195 235 2229 divite
263 2195 444 2227 Amaltheae
471 2205 570 2226 cornu
599 2195 656 2237 (de
683 2206 747 2237 quo
775 2196 838 2227 vid.

89 2239 186 2272 ovid.
197 2237 524 2281 Fast.v,121sqq.);
542 2238 688 2270 similiter
704 2239 744 2270 ad
757 2238 839 2271 illud

89 2293 188 2315 cornu
199 2282 300 2326 copiae
315 2281 455 2324 respexit
469 2283 546 2313 l-lor.
562 2281 621 2312 inf.
634 2282 730 2314 Carrn
755 2283 837 2314 Saec.

89 2327 145 2366 59,
154 2333 338 2367 apparetque
349 2327 434 2356 beato
448 2326 541 2365 Copia
553 2337 648 2356 cornu
657 2337 667 2363 ,·
686 2332 717 2356 et
734 2326 837 2368 Epist.

87 2369 112 2407 i,
132 2370 183 2407 12,
199 2370 255 2406 28,
268 2368 484 2412 aureufruges
499 2368 600 2400 Italiae
614 2370 703 2409 pleno
715 2370 839 2411 defudit

88 2415 174 2454 copia
189 2424 297 2445 cornu.
342 2412 485 2444 Manaba't
499 2414 539 2443 ad
558 2413 694 2452 plenam,
711 2412 839 2452 largiter

88 2455 229 2496 adfluet3
249 2455 296 2488 sic
319 2457 360 2487 ad
382 2456 508 2497 plenum
530 2466 597 2497 pro,
622 2455 835 2492 abundanter,

88 2494 175 2542 apu'd
191 2480 284 2540 Virg.
301 2499 383 2531 Geo.
400 2498 434 2538 ii,
447 2500 524 2534 244,
541 2499 702 2540 dulcesque
725 2500 835 2541 ason-

87 2544 168 2575 tibus
187 2545 277 2575 undoe
298 2543 348 2574 Ad
371 2524 495 2582 pleizum
522 2543 693 2573 calcentur.
740 2543 838 2573 Ruris

89 2585 247 2622 honorum,
257 2585 399 2627 intellige
411 2585 528 2627 fruges¹
542 2595 648 2627 poma,
661 2585 751 2616 flores
763 2591 838 2617 cett.

136 2630 273 2662 17-20.
296 2629 450 2665 Reduc-ta,
467 2629 609 2664 sinuosa,
625 2638 735 2659 curva.
777 2629 837 2660 Ca-

88 2674 201 2706 niente.
216 2673 326 2704 vitabis
338 2678 438 2707 aestus,
451 2671 492 2702 ab
509 2678 588 2703 aestu
606 2671 694 2707 solis,
709 2672 838 2714 quando

87 2715 191 2749 Sirius
206 2715 306 2751 saevit,
322 2721 352 2747 te
368 2714 536 2746 defendes:
561 2714 704 2746 similiter
717 2716 743 2746 T
746 2715 838 2746 ibull

86 2760 110 2795 i.
121 2760 158 2796 l,
174 2760 230 2796 27,
246 2759 305 2791 Sed
319 2761 405 2790 conis
426 2759 540 2790 aestivos
562 2765 646 2789 ortas
667 2759 765 2790 vitate
785 2760 840 2790 snb

87 2804 196 2834 umbra
213 2803 349 2838 Arboris,
365 2804 404 2833 ad
420 2803 498 2833 rivos
516 2805 728 2841 pretereuntis
743 2813 837 2843 aquoe.

89 2840 168 2878 Fide
185 2845 270 2883 Teia,
287 2844 356 2887 lym
379 2845 610 2883 Anacreontis,
620 2844 702 2876 Teii.
749 2845 839 2876 Dices

89 2889 262 2922 laborantes
296 2891 329 2920 in
357 2900 420 2920 uno
456 2888 626 2929 Penelopen
655 2889 839 2930 vitreamque

92 2932 225 2965 Circen:
251 2941 349 2963 canes
371 2942 523 2968 amorem,
544 2942 609 2974 quo
631 2931 726 2963 Circe
745 2931 838 2963 simul

38 2973 42 2976 ’
79 2985 165 3017 rcum
194 2974 315 3007 Penelo
384 2986 482 3006 unum
516 2975 666 3017 Ulyssem
694 2973 838 3017 deperiit.

91 3016 188 3062 Haud
201 3017 299 3050 dubie
317 2985 374 3050 iiiii

377 3029 393 3050 c
414 3017 476 3061 ipsi
493 3024 680 3060 argumento
695 3018 836 3050 carmine

883 1247 1120 1280 Anacreontico
1135 1247 1381 1290 pertractando
1370 1259 1439 1291 Jam
1455 1254 1549 1280 antea
1566 1258 1632 1280 ma-

883 1300 944 1322 nus
968 1293 1150 1323 admoverat
1172 1291 1268 1323 docta
1283 1292 1461 1340 TmyndaiiS,
1485 1292 1526 1322 ad
1546 1291 1635 1333 quod

883 1335 1110 1365 absolvendum
1137 1345 1222 1366 nunc
1246 1334 1304 1366 otii
1325 1334 1555 1377 jucundissimi
1579 1345 1632 1366 co-

885 1377 968 1418 piam
985 1377 1014 1408 ei
1030 1377 1128 1408 facit'
1121 1388 1155 1408 in
1173 1378 1250 1408 villa
1269 1388 1328 1408 sua
1349 1378 1527 1417 Horatius;
1552 1380 1633 1409 labo-

881 1427 983 1451 rantes
1001 1422 1032 1451 in
1051 1433 1123 1456 uno,
1140 1421 1276 1461 graviter
1289 1431 1357 1463 pro,
1372 1427 1516 1452 amantes
1532 1431 1634 1452 unum

881 1464 1102 1510 eundemque;
1135 1465 1173 1496 τὸ
1202 1466 1340 1495 laborare
1365 1464 1449 1495 enim
1474 1464 1635 1507 complec—

883 1505 960 1539 titur
980 1507 1073 1538 simul
1094 1507 1254 1538 notionem
1275 1507 1505 1538 sollicitudinis
1524 1514 1557 1539 et
1577 1518 1635 1539 cu-

884 1559 999 1586 rarum,
1022 1550 1140 1592 quibus
1166 1557 1309 1582 amantes
1331 1551 1468 1582 cruciari
1490 1556 1523 1582 et
1545 1551 1635 1582 labo-

884 1603 950 1624 rate
973 1594 1096 1632 solent;
1128 1593 1174 1624 sic
1201 1596 1324 1626 πονεῖν
1349 1594 1389 1625 de
1413 1594 1530 1626 amoris
1554 1599 1634 1626 aestu

883 1637 967 1677 apud
985 1637 1128 1672 Graecos,
1145 1643 1178 1668 et
1195 1637 1298 1669 πόνοι
1313 1638 1352 1668 de
1371 1639 1487 1668 amoris
1508 1637 1632 1668 crucia-

884 1678 990 1710 tibus:
1013 1681 1055 1711 cf.
1068 1681 1201 1712 Jacobs.
1218 1681 1255 1711 ad
1278 1680 1379 1712 Anth.
1396 1681 1503 1712 Graec.
1521 1681 1635 1713 Rufin.

884 1722 971 1759 xviii,
999 1725 1030 1754 4.
1076 1723 1211 1754 Dictum
1235 1730 1341 1755 autem
1364 1730 1414 1754 est
1438 1726 1575 1755 laborare
1600 1726 1634 1755 in

884 1776 946 1796 uno
961 1766 1012 1808 (h.
1026 1777 1054 1797 e.
1075 1767 1115 1796 ob
1135 1766 1254 1807 unum)
1274 1772 1310 1797 ut
1326 1773 1465 1802 (estuare,
1475 1769 1632 1808 flagrare,

885 1811 993 1839 ardere
1009 1811 1041 1839 in
1055 1811 1160 1849 aliqua
1185 1808 1214 1851 (i
1249 1820 1278 1840 e.
1301 1810 1342 1840 ob
1357 1809 1531 1851 aliquam).
1581 1810 1633 1842 Vi-

886 1858 1038 1893 treamque
1056 1854 1188 1884 Circen:
1213 1852 1318 1889 Circe.
1334 1863 1374 1884 ex
1397 1853 1537 1884 Homero
1556 1853 1636 1884 satis

885 1901 972 1930 nota,
1001 1894 1062 1932 vel,
1095 1902 1128 1926 ut
1156 1895 1321 1937 Nympha,
1352 1906 1370 1926 a
1394 1896 1506 1927 colore>
1526 1895 1634 1933 maris,

882 1938 995 1969 veteris
1011 1938 1082 1968 vitri
1097 1938 1232 1969 colorem
1249 1939 1312 1970 fere
1327 1938 1502 1973 referentis,
1517 1938 1635 1970 dicitur

883 1983 992 2018 vitreo,
1018 1987 1053 2012 ut
1076 1981 1116 2011 sit
1140 1984 1273 2017 marina,
1289 1982 1441 2019 coerulea;
1467 1982 1528 2019 vel,
1546 1983 1633 2024 quod

883 2024 986 2064 magis
1018 2024 1188 2066 respondet
1218 2024 1291 2055 usui
1320 2024 1485 2066 loquendi,
1514 2036 1533 2056 a
1562 2025 1634 2056 vitri

882 2067 1061 2108 splendore.
1087 2074 1122 2098 ut
1139 2068 1191 2105 sit,
1211 2069 1382 2107 splendida,
1406 2069 1563 2108 pulchra5
1587 2069 1634 2100 sic

883 2110 1017 2151 pulchra
1047 2110 1183 2141 Galatea
1213 2111 1298 2153 apud
1323 2111 1419 2143 Ovid.
1449 2113 1532 2143 Met.
1564 2111 1633 2150 xiii,

885 2154 959 2189 792,
971 2153 1089 2184 dicitur
1102 2156 1181 2185 vitro
1194 2155 1398 2193 splendiflui-5
1415 2160 1446 2185 et
1462 2154 1507 2187 sic
1520 2157 1636 2187 vitreus

883 2206 968 2239 saepe
989 2203 1048 2232 est.
1072 2196 1272 2239 splendidus,
1297 2197 1493 2240 perlucidus.
1538 2198 1636 2231 Ovid.

884 2240 962 2271 Her.
979 2251 1032 2276 xv,
1054 2241 1124 2276 157.
1140 2240 1196 2271 Est
1220 2243 1347 2278 nitidus,
1362 2244 1516 2282 vitreoque
1538 2245 1635 2285 magis

878 2294 933 2324 per
936 2285 1057 2315 [aculus
1071 2286 1166 2319 amni,
1184 2283 1263 2316 Fms
1277 2295 1372 2316 sace).
1417 2284 1470 2316 Sic
1489 2285 1546 2316 inf.
1563 2287 1633 2318 Sat.

882 2326 916 2362 ii,
935 2328 966 2363 3,
992 2328 1069 2363 222,
1084 2328 1178 2368 fama
1195 2327 1364 2370 splendida
1386 2327 1505 2359 dicitur
1523 2331 1633 2361 vitrea.

882 2370 935 2401 De
951 2369 1048 2401 simili
1065 2381 1126 2401 usu
1149 2382 1208 2402 του
1226 2371 1378 2410 ὑάλινος,
1398 2371 1533 2410 ὑαλόεις
1547 2372 1634 2415 apud

884 2413 1017 2445 Graecos
1031 2420 1146 2454 praeter
1162 2413 1215 2446 Cl.
1232 2414 1366 2446 Mitsch.
1381 2414 1419 2446 ad
1439 2415 1471 2446 h.
1487 2415 1508 2447 1.
1524 2427 1632 2448 exem-

881 2456 934 2498 pla
958 2456 1112 2488 conduxit
1135 2457 1267 2490 Jacobs.
1293 2457 1334 2489 ad
1361 2458 1498 2491 Anthol.
1523 2460 1633 2492 Graec.

881 2499 942 2530 vol.
957 2499 991 2536 ii,
1007 2501 1046 2531 P.
1063 2500 1109 2535 iii,
1126 2511 1159 2542 p.
1178 2501 1253 2532 122.

923 2544 1066 2574 21—23.
1084 2543 1273 2580 Innocentis,
1290 2545 1322 2575 h.
1337 2555 1367 2577 e.
1384 2545 1634 2578 haudebrietate

880 2592 1017 2618 mentem
1041 2586 1215 2623 obruentis,
1239 2588 1368 2619 lenioris
1391 2588 1631 2632 (ἀμύμονος),

883 2640 941 2660 nos
956 2641 1084 2672 quoque
1096 2630 1215 2668 vinum,
1230 2631 1316 2672 quod
1333 2642 1397 2663 non
1414 2639 1462 2663 est
1477 2632 1630 2664 fervidum

883 2679 914 2704 et
926 2672 1014 2710 forte,
1031 2673 1134 2704 dicere
1146 2673 1297 2709 solemus.
1308 2677 1397 2706 einen
1409 2676 1634 2724 unschuldigen

889 2716 989 2747 Wein.
1033 2716 1085 2747 De
1098 2723 1281 2759 praestantia
1292 2729 1357 2748 vini
1372 2718 1482 2750 Lesbn
1493 2719 1536 2750 cf
1553 2720 1632 2752 Aul.

884 2759 972 2791 Gell.
998 2758 1066 2795 xiii,
1093 2762 1125 2791 5.
1170 2762 1284 2798 Duces,
1308 2761 1429 2803 largius
1452 2762 1560 2801 bibes,
1586 2763 1631 2795 uti

880 2805 991 2834 ducere
1005 2808 1038 2834 et
1051 2804 1172 2834 trahere
1189 2806 1301 2844 popula
1317 2804 1394 2846 (inf.
1410 2806 1512 2848 Epod.
1533 2808 1583 2843 14,
1601 2808 1632 2845 4,

879 2847 1247 2889 pocula—arentefaace
1261 2855 1362 2879 tranen
1365 2849 1423 2889 im)
1435 2859 1502 2890 pro,
1513 2849 1632 2891 largius

882 2889 1002 2927 bibere,
1030 2889 1115 2932 apud
1139 2890 1282 2926 Latinos,
1306 2891 1352 2922 ita
1374 2890 1496 2928 ἕλκειν,
1519 2903 1629 2935 σπᾳν,

883 2932 969 2985 apud
1011 2933 1168 2965 Graecos·
1162 2957 1170 2972 ‚
1217 2933 1331 2987 Eurip.
1376 2935 1513 2977 Cyclop.
1555 2937 1630 2973 416,

879 2975 1030 3008 ἔσπασεν
1044 2975 1070 3008 τ’
1085 2977 1233 3019 ἄμυστιν
1247 2977 1412 3016 ἐλκύσαςῑ
1439 2978 1482 3008 cf.
1501 2978 1632 3019 Bergler

881 3019 921 3051 ad
946 3019 1138 3062 Alciphron.
1163 3020 1185 3056 i,
1204 3021 1258 3056 34,
1276 3031 1308 3062 p.
1330 3023 1399 3052 149.
1448 3021 1510 3052 Aee
1532 3022 1629 3052 Seme-
