1904 3314
320 226 404 265 492

804 223 1327 266 EPISTOLARUM

348 324 403 364 80
432 323 495 364 Ut
514 322 685 377 penitus
706 329 865 371 notum,
888 323 922 363 si
943 329 1107 364 tentent
1128 323 1315 370 crimina,
1338 337 1496 372 serveS,

431 389 692 442 Tuterisque
715 397 788 430 tuo
809 389 1010 430 fidentem
1029 389 1252 443 praesidio:
1285 389 1358 442 qui

433 455 576 496 Dente
597 456 975 509 Theoninoquum
996 456 1332 504 circumroditur,
1355 455 1510 509 ecquid

431 521 506 561 Ad
527 529 568 562 te
589 529 687 575 post
707 521 834 575 paulo
856 530 1034 562 ventura
1054 521 1242 575 pericula
1263 522 1422 561 sentis?

430 587 544 628 Nam
566 595 638 628 tua
657 602 726 628 res
747 589 900 641 agitur,
922 589 1062 640 paries
1084 602 1214 641 quum
1235 589 1452 641 proximus
1473 588 1618 638 ardet3

347 654 402 693 85
433 653 493 693 Et
512 653 707 707 neglecta
727 653 864 693 solent
884 654 1079 694 incendia
1101 668 1265 694 sumere
1286 654 1411 694 vires.

431 718 583 759 Dulcis
605 719 837 772 inexpertis
859 718 1024 760 cultura
1045 719 1232 772 potentis
1253 719 1395 759 amici:

434 785 654 839 Expertus
675 786 837 827 metuit.

898 786 984 834 Tu,
1006 786 1107 826 dum
1129 792 1201 825 tua
1221 786 1338 825 navis
1359 786 1401 826 in
1423 785 1507 826 alto
1527 791 1607 835 est,

431 851 530 891 Hoc
551 866 644 905 age,
664 865 717 891 ne
739 858 897 891 mutata
916 858 1148 891 retrorsum
1167 857 1210 891 te
1231 850 1338 891 ferat
1359 866 1476 892 aura.

433 917 633 959 Oderunt
652 918 827 958 hilarem
849 918 1005 966 tristes,
1029 918 1277 970 tristemque
1293 917 1456 971 jocosi3

346 986 402 1025 90
433 983 637 1024 Sedatum
659 984 833 1032 celeres,
855 983 1004 1036 agilem
1026 997 1292 1036 gnavumque
1312 984 1500 1024 remissi:

431 1049 612 1089 Potores
629 1048 764 1089 bibuli
784 1049 923 1088 media
945 1049 997 1088 de
1019 1055 1146 1088 nocte
1167 1047 1336 1088 Falerni

432 1115 632 1155 Oderunt
653 1121 850 1167 porrecta
869 1121 1094 1167 negantem
1115 1113 1292 1167 pocula3
1324 1114 1514 1166 quamvis

429 1182 678 1222 Nocturnos
695 1182 815 1234 jures
837 1187 878 1220 te
900 1180 1126 1220 formidare
1147 1193 1339 1232 vapores.
1422 1226 1430 1233 Ι,

431 1248 568 1288 Deme
591 1247 817 1301 supercilio
837 1247 1015 1287 nubem:
1047 1245 1295 1300 plerumque
1317 1246 1534 1288 modestus

343 1315 398 1355 95
429 1313 628 1368 Occupat
649 1314 822 1355 obscuri
843 1313 1040 1367 speciem,
1063 1313 1298 1353 taciturnus
1317 1313 1474 1353 acerbi.

430 1381 548 1421 Inter
569 1386 722 1420 cuncta
741 1379 858 1433 leges
880 1386 922 1420 et
943 1379 1251 1432 percontabere
1273 1378 1448 1428 doctos3

431 1447 532 1493 Qua
552 1447 713 1487 ratione
735 1455 872 1499 queas
887 1446 1112 1486 traducere
1132 1443 1284 1484 leniter
1305 1459 1462 1485 aevum:

429 1513 501 1553 Ne
521 1520 562 1553 te
585 1527 751 1566 semper
771 1512 894 1565 inops
916 1512 1049 1565 agitet
1069 1517 1279 1562 vexetque
1301 1510 1473 1563 cupido,

430 1579 501 1619 Ne
522 1593 667 1632 pavor,
689 1585 731 1619 et
751 1593 891 1618 rerum
912 1577 1181 1618 mediocriter
1200 1576 1364 1616 utilium
1389 1591 1510 1630 spes:

318 1709 372 1750 qui
386 1708 483 1739 tradat
490 1719 534 1744 ur,
549 1709 780 1740 commendetur
794 1720 801 1746 ;
826 1708 947 1750 quoties
962 1707 1044 1738 enim

317 1754 428 1792 dignus
443 1751 586 1781 absolute
608 1751 743 1792 ponitur,
759 1751 849 1782 toties
871 1749 991 1791 aliquid
1007 1760 1045 1780 ex

317 1793 465 1823 orationis
481 1793 637 1824 vicinitate
656 1793 862 1834 supplendum
882 1799 939 1823 est.
985 1792 1044 1822 De-

317 1841 429 1874 ceptus,
444 1846 489 1866 sc.
510 1835 604 1876 culpa
621 1845 684 1876 qua
704 1836 758 1866 ille
781 1835 940 1877 premitur.
985 1834 1045 1864 Tu-

317 1880 373 1914 eri,
388 1887 434 1907 sc.
447 1887 531 1907 eum.

361 1919 498 1949 80-85.
526 1919 567 1949 Ut
590 1921 709 1958 penitus
731 1925 846 1948 notum.
891 1918 964 1953 Pro,
994 1917 1046 1952 Ut,

319 1960 426 1990 malim
445 1971 515 1990 cum
535 1960 688 1995 Bentleio,
707 1962 757 1990 At.
803 1960 891 1994 Noli,
906 1960 959 1994 ait,
975 1970 1046 1990 eum

317 2002 408 2038 tueri,
431 2002 486 2043 qui
507 2013 576 2032 vere
596 2003 721 2043 culpam
745 2001 805 2031 sibi
829 2002 992 2036 contraxit,
1015 2006 1047 2031 at

317 2055 387 2075 eum
413 2044 468 2084 qui
494 2044 550 2074 tibi
577 2044 701 2085 penitus
725 2050 814 2073 notus
837 2049 869 2074 et
890 2049 1046 2085 spectatus

317 2092 373 2121 est,
398 2086 424 2115 si
450 2091 584 2116 tentetur
606 2086 653 2116 vel
679 2091 801 2126 petatur
823 2084 1044 2116 criminationi-

319 2129 387 2162 bus,
402 2128 545 2158 fidentem
569 2133 621 2158 tuo
640 2127 780 2168 praesidio
800 2137 899 2157 serves
914 2132 944 2157 et
965 2132 1044 2157 tute-

318 2170 360 2200 ris
378 2182 386 2206 ;
406 2180 476 2199 nam
501 2169 525 2200 si
550 2169 602 2200 ille
627 2169 753 2210 impune
778 2170 934 2199 mordetur
955 2169 1047 2199 dente

318 2211 481 2246 maledico,
509 2221 611 2242 nonne
638 2211 694 2241 tibi
722 2210 888 2240 verendum
919 2216 976 2246 est,
1008 2220 1045 2240 ne

319 2254 398 2284 idern
415 2254 508 2295 paulo
524 2259 591 2294 post
606 2252 660 2283 tibi
677 2251 820 2283 accidat?

361 2297 414 2326 82.
440 2296 537 2326 Dente
554 2296 712 2325 Theonino.
758 2294 865 2328 Theon,
883 2298 918 2323 ut
933 2303 969 2323 ex
989 2293 1046 2323 hoc

319 2339 387 2368 loco
399 2342 535 2379 apparet,
550 2337 639 2367 homo
653 2336 709 2366 fuit
724 2335 1046 2370 maledicentissimuS,

319 2381 381 2410 sive
400 2379 458 2410 iste
477 2379 569 2409 fuerit
589 2378 762 2412 libertinus,
779 2382 814 2407 ut
828 2377 920 2407 tradit
936 2377 1044 2407 Schol.

322 2424 430 2461 Cruq.,
443 2421 518 2458 sive,
529 2420 612 2462 quod
627 2420 725 2450 multo
741 2419 943 2461 probabilius,
959 2419 1045 2459 igno-

320 2463 392 2495 bilis
406 2463 530 2504 quidam
547 2469 647 2504 poeta.

362 2507 413 2536 86.
431 2506 539 2536 Dulcis
550 2505 708 2544 inexpertis
720 2505 840 2534 cultura
854 2505 961 2534 amIci:
982 2508 1047 2532 stu-

318 2547 415 2582 dium.
437 2547 521 2589 quod
543 2546 575 2577 in
600 2546 729 2577 colendo
752 2545 921 2587 potentiore
944 2545 1045 2575 amico

317 2589 453 2633 ponitur,
466 2591 554 2620 dulce
568 2589 689 2619 videtur
704 2588 740 2617 iis
752 2587 807 2628 qui
823 2586 959 2617 nondum
976 2587 1045 2628 ejus

317 2633 456 2664 fecerunt
471 2631 644 2672 periculum
658 2642 666 2668 3
691 2635 722 2660 at
734 2630 754 2660 ii
767 2629 821 2670 qui
836 2629 914 2659 illud
925 2629 1043 2670 experi-

317 2674 401 2706 entia
415 2679 639 2713 cognoverunt,
659 2682 720 2702 non
735 2671 800 2702 sine
817 2671 923 2702 timore
939 2677 970 2702 et
984 2671 1043 2702 cir-

317 2715 546 2757 cumspectione
561 2715 588 2746 ei
603 2725 724 2756 operam
741 2713 826 2744 dant.

359 2759 412 2793 87,
430 2758 481 2788 88.
507 2758 564 2792 Tu,
584 2759 655 2787 dum
677 2763 728 2786 tua
754 2757 850 2790 navis,
875 2759 948 2785 cett.
971 2764 1042 2785 cum

316 2801 348 2832 in
360 2800 447 2830 cultu
462 2798 641 2841 potentioris
656 2807 800 2840 prospero
811 2807 957 2827 successu
967 2807 1043 2826 usus

316 2853 361 2878 es,
375 2841 407 2872 id
423 2852 490 2882 age,
504 2847 534 2871 et
548 2841 605 2872 hoc
620 2840 675 2871 tibi
693 2840 732 2870 sit
746 2850 840 2872 curae,
858 2849 897 2869 ne
915 2839 953 2868 de
974 2839 1043 2868 loco

315 2895 378 2926 quo
400 2893 576 2926 progressus
597 2893 642 2917 es,
664 2882 821 2923 rejiciaris,
839 2880 869 2910 h.
886 2891 914 2911 e.
936 2890 974 2910 ne
992 2891 1038 2910 se-

1089 1707 1190 1737 sausta
1207 1711 1261 1736 aut
1276 1705 1408 1736 infausta
1425 1704 1631 1746 navigatione.
1643 1703 1683 1736 ad
1695 1704 1818 1736 felicem

1090 1754 1144 1779 aut
1160 1748 1314 1779 infelicem
1333 1748 1403 1779 vitae
1427 1757 1550 1778 cursum
1572 1747 1722 1778 translata
1739 1747 1818 1778 nihil

1089 1791 1292 1831 frequentius,

1133 1834 1270 1863 89—95.
1300 1832 1436 1862 Oderunt
1462 1832 1588 1862 hilarem
1614 1832 1722 1867 tristes,
1746 1840 1818 1872 sqq.

1092 1874 1250 1915 Expressit
1266 1873 1411 1904 Horatius
1429 1873 1626 1908 sententiam,
1643 1872 1756 1903 diversi
1768 1873 1818 1903 in-

1090 1917 1174 1957 genii
1197 1915 1334 1947 homines
1362 1926 1423 1946 non
1447 1915 1526 1946 inter
1549 1925 1582 1946 se
1606 1913 1816 1952 conveniuut3

1091 1959 1129 1988 ad
1152 1958 1310 1998 ingenium
1332 1957 1426 1998 igitur
1448 1957 1566 1999 patroni
1585 1955 1630 1986 tui
1649 1961 1678 1987 te
1694 1966 1818 1987 accom-

1091 2000 1214 2031 modare
1229 2006 1259 2030 et
1273 2000 1304 2030 in
1321 1999 1389 2040 ejus
1411 1999 1520 2040 agendi
1540 1997 1755 2039 sentiendique
1770 2007 1818 2029 ra.-

1089 2043 1204 2073 tionem
1219 2041 1317 2072 amice
1333 2043 1509 2083 conspirare
1524 2040 1628 2071 debes.

1131 2086 1186 2115 90.
1209 2085 1361 2119 sedatum,
1377 2082 1535 2124 quietioris
1551 2087 1584 2112 et
1597 2079 1735 2112 lentior-is
1750 2079 1818 2110 ani-

1090 2126 1131 2156 mi
1160 2126 1327 2156 hominem.
1371 2126 1495 2162 Celeres,
1518 2122 1674 2155 vividioris
1697 2127 1730 2153 et
1751 2122 1818 2153 ala-

1090 2168 1196 2198 crioris
1231 2166 1349 2207 ingenii
1386 2166 1538 2197 homines.
1593 2165 1728 2200 Remissi,
1763 2163 1820 2205 qui

1088 2209 1167 2239 vires
1194 2220 1255 2239 non
1279 2209 1454 2244 intendunt,
1479 2207 1566 2238 arcui
1588 2207 1692 2238 laxato
1716 2212 1749 2237 et
1770 2215 1818 2236 re-

1089 2251 1184 2281 misso
1200 2257 1272 2280 sunt
1285 2249 1412 2280 similes.

1131 2294 1270 2323 91-93.
1295 2292 1415 2321 Potor-es
1436 2290 1712 2326 bibuli—Falerni,
1727 2289 1817 2319 biba-

1090 2344 1140 2364 ces
1156 2334 1220 2364 vini
1238 2332 1372 2368 Falerni,
1392 2333 1462 2362 vino
1480 2332 1610 2363 Falerno
1627 2331 1666 2362 ad
1684 2330 1817 2362 mediam

1088 2387 1186 2417 usque
1202 2381 1323 2406 noctem
1341 2385 1406 2405 sese
1423 2374 1664 2414 ingurgitantes:
1689 2373 1734 2403 sic
1747 2382 1817 2414 sup.

1090 2418 1190 2459 Epist.
1216 2417 1238 2453 i,
1267 2418 1316 2452 14,
1343 2418 1396 2451 34,
1424 2417 1516 2450 Quem
1547 2417 1680 2446 bibulum
1709 2415 1818 2455 liquidi

1088 2462 1184 2491 media
1205 2462 1241 2490 de
1266 2461 1331 2489 lnce
1348 2459 1472 2488 Falerni
1490 2459 1580 2489 Coena
1604 2458 1698 2488 brevis
1712 2458 1819 2497 juvat.

1093 2504 1231 2533 Oderunt
1243 2507 1381 2540 porrecta
1396 2506 1551 2541 negantem
1567 2501 1683 2539 pocula,
1698 2503 1773 2530 cett.
1787 2503 1818 2530 te

1088 2555 1150 2575 non
1173 2544 1251 2574 ferre
1278 2547 1418 2584 possunt,
1444 2541 1468 2572 si
1495 2542 1600 2573 oblata
1623 2541 1681 2572 tibi
1703 2540 1819 2582 pocula

1088 2584 1287 2620 recusaveris,
1303 2583 1446 2626 quamvis
1469 2583 1524 2614 tibi
1543 2594 1561 2614 a
1584 2582 1744 2614 nocturnis
1762 2591 1818 2612 va-

1087 2628 1213 2670 poribus
1225 2626 1399 2658 cavendum
1410 2635 1478 2656 esse
1489 2625 1585 2666 jures.
1621 2625 1682 2655 Per
1692 2630 1816 2655 noctur·-

1087 2683 1138 2702 nos
1153 2680 1271 2709 vapores
1288 2668 1426 2708 intellige
1441 2674 1561 2702 aestum,
1600 2676 1641 2696 uo
1658 2666 1690 2696 in
1709 2675 1817 2696 somno

1087 2713 1254 2752 agitantur,
1270 2711 1324 2752 qui
1341 2720 1407 2740 sera
1426 2714 1517 2740 nocte
1538 2719 1570 2740 se
1579 2677 1708 2749 <largius
1724 2706 1816 2739 fervi-

1086 2755 1170 2785 diore
1191 2753 1264 2783 vino
1287 2751 1474 2783 invitarunt:
1498 2761 1569 2792 sup.
1589 2749 1688 2791 Epod.
1710 2750 1742 2785 3,
1766 2750 1816 2786 15,

1088 2797 1151 2828 Nec
1174 2802 1277 2826 tantus
1300 2806 1430 2834 unquam
1450 2795 1580 2824 siderum
1600 2793 1710 2822 insedit
1726 2801 1817 2831 vapor

1087 2837 1219 2880 (aestus)
1236 2838 1397 2868 siticulosae
1412 2836 1543 2875 Apuliae.

1126 2882 1178 2912 94.
1202 2881 1295 2911 Deme
1315 2878 1472 2918 supercilio
1492 2878 1617 2907 nubem:
1641 2874 1724 2916 pelle
1739 2883 1816 2904 con·

315 2927 418 2958 cunda
431 2926 552 2957 fortuna
563 2925 594 2956 in
606 2925 763 2955 adversam
780 2927 924 2953 mutetur.
955 2923 1038 2952 Ima-
1082 2929 1213 2953 tractam
1233 2922 1265 2951 in
1289 2918 1453 2962 supercilio
1470 2919 1584 2949 nubem
1601 2917 1659 2959 (τὸ
1677 2919 1744 2948 τῶν
1757 2915 1816 2957 ὀφ-

313 2970 383 3010 gine
403 2979 421 2999 a
442 2973 533 3000 vento
554 2966 690 3000 secundo
714 2971 767 2997 aut
791 2966 930 3001 adverso,
951 2965 997 2995 vel
1022 2975 1039 2995 a
1082 2965 1174 3006 μύων
1204 2963 1330 3005 νέφος),
1357 2962 1388 2993 h.
1413 2971 1440 2993 e.
1468 2959 1645 2998 tristitiam,
1682 2958 1814 2990 frontem
