1904 3314
339 183 423 223 552

682 183 1044 227 EPISTOLA
1084 183 1180 226 AD
1225 183 1550 227 PISONES.

455 281 663 324 Incolumi
681 285 887 339 gravitate
902 285 1047 337 jocum
1067 285 1245 326 tentavit
1264 299 1331 334 eo,
1351 285 1469 338 quod

455 347 672 389 Illecebris
693 357 783 390 erat
804 357 847 390 et
867 356 989 403 grata
1009 350 1196 390 novitate
1217 351 1446 391 morandus

455 414 694 468 Spectator,
715 415 974 469 functusque
995 415 1141 464 sacris,
1163 422 1205 456 et
1225 422 1368 468 potus,
1391 423 1435 456 et
1455 415 1594 456 exlex.

341 480 426 520 225
454 479 619 521 Verum
637 481 696 521 ita
715 481 884 531 risores,
906 482 965 522 ita
984 481 1278 523 commendare
1300 482 1467 522 dicaces
1615 482 1619 486 ’

456 545 692 587 Conveniet
713 547 903 600 Satyros,
925 548 984 588 ita
1004 554 1168 588 vertere
1191 548 1301 587 seria
1322 546 1438 596 ludo,

454 611 540 660 Ne,
562 613 804 666 quicunque
825 613 964 662 Deus,
985 614 1229 666 quicunque
1251 613 1527 654 adhibebitur
1545 613 1688 663 heros,

453 676 609 731 Regali
629 686 884 732 conspectus
906 680 948 719 in
969 694 1073 720 auro
1094 693 1232 733 nuper
1253 686 1295 720 et
1317 686 1448 728 ostro,

454 742 616 797 Migret
636 745 678 785 in
699 745 904 786 obscuras
925 744 1072 786 humili
1094 759 1284 786 sermone
1307 746 1505 786 tabernas
1523 762 1533 794 ;

339 809 423 850 230
452 809 558 859 Aut,
582 811 682 852 dum
701 812 813 852 vivat
833 811 1019 861 humum,
1042 813 1178 852 nubes
1200 818 1242 852 et
1262 812 1403 852 inania
1423 818 1582 866 captet.

452 875 640 918 Effutire
662 877 776 919 leves
796 879 971 932 indigna
991 878 1202 931 tragoedia
1221 892 1386 926 versuS,

454 941 517 983 Ut
537 943 655 984 festis
676 951 868 985 matrona
887 945 1046 985 moveri
1060 945 1181 997 jussa
1202 944 1369 992 diebus,

453 1006 652 1050 Intererit
674 1010 838 1063 Satyris
860 1008 1048 1063 paullum
1068 1009 1320 1062 pudibunda
1339 1008 1565 1062 proterviS.

451 1073 555 1114 Non
575 1089 656 1129 ego
676 1076 869 1116 inornata
889 1083 932 1116 et
953 1075 1213 1116 dominantia
1233 1075 1402 1115 nomina
1423 1073 1572 1122 solum,

340 1206 381 1235 bit
397 1207 512 1245 quidem
525 1213 614 1245 poetae
629 1209 756 1247 tragico,
771 1209 804 1238 in
823 1209 955 1248 gratiam
969 1217 1070 1237 eorum

340 1249 391 1286 qui
414 1251 509 1279 animi
535 1251 689 1280 recreandi
713 1256 740 1280 et
766 1251 956 1280 eahilarandi
979 1259 1070 1280 causa

339 1295 503 1327 spectatum
528 1293 664 1326 veniunt,
688 1293 760 1321 sales
780 1294 924 1332 satyricos
949 1297 978 1320 et
1005 1292 1069 1321 dic-

343 1333 419 1361 teria
435 1334 608 1374 adspergere
622 1344 632 1369 ;
659 1335 707 1363 sed
722 1334 778 1363 hac
795 1336 869 1373 lege,
884 1339 918 1363 ut
933 1334 1068 1374 gravita-

340 1378 397 1403 tem
424 1381 516 1404 servet
548 1377 742 1412 incalumem;
779 1381 814 1405 ut
843 1385 925 1404 suam
954 1376 1070 1413 cuique,

341 1425 403 1454 quae
416 1416 590 1452 inducitur,
601 1427 730 1455 personae
745 1419 858 1447 tribuat
872 1418 1069 1456 dignitatem5

340 1462 376 1486 ut
404 1467 496 1487 sermo
526 1469 617 1498 neque
647 1460 736 1489 nubes
762 1465 790 1489 et
825 1461 930 1488 inania
959 1465 1069 1497 captet,

342 1508 434 1538 neque
455 1502 494 1530 ad
518 1501 716 1530 humilitatem
741 1507 767 1530 et
789 1502 902 1531 sordem
923 1502 1071 1539 deprima-

342 1546 417 1577 tur-5
440 1548 476 1571 ut
491 1543 534 1571 rei
550 1544 585 1572 de
605 1543 698 1572 medio
714 1549 815 1572 sumrae
837 1544 978 1572 orationis
1000 1544 1072 1572 serie

341 1587 370 1611 et
381 1584 537 1621 junctura
552 1585 643 1614 honm·
658 1586 803 1621 accedam
826 1591 861 1614 ut
876 1585 1030 1614 immunda
1044 1589 1072 1614 et

338 1624 534 1664 ignominiosa
549 1627 629 1656 dicta
646 1628 893 1656 exterminentur.

383 1666 565 1698 220—224.
595 1668 736 1698 Carmine
764 1670 815 1708 qui
845 1669 971 1708 tragico,
1000 1671 1074 1697 cett.

340 1707 470 1742 Sensus,
487 1714 523 1739 ut
537 1709 614 1739 mihi
628 1708 760 1744 videtur,
777 1715 841 1740 est:
867 1715 957 1751 poeta
978 1709 1071 1748 tragi-

339 1757 396 1778 cus
418 1759 490 1780 mox
513 1750 606 1781 etiam
629 1751 788 1792 tragoediis
807 1750 976 1781 immiscuit
994 1751 1073 1782 sales

339 1791 500 1830 satyricos,
523 1802 559 1823 eo
581 1792 706 1834 quidem
730 1793 872 1830 consilio,
893 1798 927 1823 ut
951 1798 1071 1834 specta-

339 1831 461 1863 toribus
485 1834 539 1875 qui
565 1835 714 1866 delectari
739 1835 871 1876 cupiunt
894 1834 953 1865 hac
984 1840 1071 1874 gruta

339 1874 474 1906 novitate
503 1877 706 1908 satisfaceret.
754 1877 904 1907 Horatius
932 1875 1071 1916 sequitur

339 1925 391 1946 eos
405 1917 459 1957 qui
482 1918 631 1958 originem
649 1920 734 1950 vocis
756 1921 902 1960 tragoedia
924 1928 942 1948 a
959 1919 1072 1949 Graeca

341 1967 416 1988 voce
448 1959 571 2001 τράγος
598 1960 740 2000 (hircus)
770 1966 801 1991 et
829 1960 895 2002 ιρδὴ
922 1961 1070 2000 (cantus)

339 2005 503 2045 repetunt3
534 2003 648 2032 hircum
674 2003 793 2033 scilicet
820 2002 994 2043 accipiebat
1017 2003 1071 2043 qui

341 2050 373 2070 in
409 2042 539 2074 solemni
568 2044 711 2074 carminis
746 2044 855 2085 tragici
883 2044 1071 2075 decantandi

341 2084 508 2115 certamine
524 2085 652 2116 vicerat.

381 2125 456 2156 221.
479 2126 628 2162 Nudavit,
651 2127 808 2167 eleganter
835 2138 902 2168 pro,
926 2127 1070 2166 induxit3

339 2175 401 2196 non
426 2166 507 2208 ipsos
531 2170 667 2209 Satyros,
690 2174 725 2208 u‘t
752 2174 850 2204 erant,
875 2169 974 2199 nudos
998 2179 1068 2210 pro-

339 2207 438 2245 duxit,
469 2210 522 2240 sed
553 2210 659 2241 drama
687 2210 860 2252 Satyricum
899 2220 917 2240 a
954 2211 1070 2251 Satyris

340 2249 522 2283 derivatum.
569 2254 674 2291 Asper,
698 2252 828 2283 acerbus
857 2252 888 2281 in
914 2262 966 2282 eos
992 2262 1070 2292 quos

335 2290 444 2331 jocose
468 2293 559 2324 dictis
588 2305 675 2325 urere
699 2294 850 2324 tentavit:
875 2304 945 2334 sup.
969 2294 1070 2335 Epod.

339 2333 370 2369 6,
403 2335 452 2370 11,
483 2337 515 2366 in
550 2337 640 2366 malos
669 2339 872 2376 asperrimus,·
917 2335 987 2366 Cic.
1015 2346 1069 2377 pro

338 2374 451 2408 Planc-
465 2387 494 2408 ε.
511 2378 558 2415 14,
577 2380 774 2418 asperioribus
780 2378 907 2420 facetiis
920 2381 1068 2416 perstrin-

334 2428 415 2457 gere.

380 2460 454 2491 223.
482 2461 659 2496 Morandus,
682 2462 880 2496 detinendus,
909 2460 1068 2492 adverten-

337 2499 408 2537 dus,
437 2501 651 2541 oblectandus,
677 2510 711 2534 ut
735 2514 805 2546 sup.
831 2503 933 2545 Epist.
964 2503 985 2541 i,
1013 2504 1064 2538 13,

339 2542 389 2578 17,
405 2548 436 2574 et
450 2543 507 2574 inf.
522 2555 550 2575 v.
563 2546 639 2576 321.

351 2608 354 2609 γ
376 2585 451 2616 224.
476 2585 669 2627 Functusque
691 2589 796 2618 sacris.
843 2587 947 2627 Fungi
972 2589 1065 2617 sacris

335 2636 391 2666 pro
413 2628 523 2668 quavis
550 2629 593 2659 rei
619 2629 776 2660 severioris
800 2628 1064 2659 administratione

335 2667 471 2708 positum
495 2670 634 2709 videtur;
669 2671 809 2701 similiter
834 2681 863 2701 v.
889 2672 965 2706 212,
991 2672 1066 2701 liber

336 2711 479 2742 taborum.
526 2713 630 2750 Exlezr,
655 2713 743 2743 nulla
770 2713 895 2743 omnino
924 2722 968 2747 re,
993 2723 1064 2754 quae

333 2758 415 2783 vetet
436 2763 508 2785 eum
531 2754 724 2796 frequentare
746 2754 970 2796 spectaculum,
994 2765 1063 2796 pro·

335 2792 474 2834 hibitus;
508 2796 547 2827 ad
578 2797 633 2827 illa
658 2802 796 2838 tempora
825 2807 895 2826 cum
926 2797 1063 2826 nondum

331 2844 435 2868 essent
456 2837 540 2879 leges
563 2838 743 2876 theatrales,
762 2848 834 2870 cum
853 2838 991 2869 Gesnero
1013 2849 1055 2870 re-

329 2878 405 2911 ferre
420 2879 527 2912 nolim.

376 2923 559 2955 225—230.
600 2924 708 2954 Verum
745 2925 788 2954 ι’ία
826 2925 943 2959 risores,
980 2928 1054 2955 cett.
1088 2925 1271 2963 fraternum
1313 2931 1451 2959 rumpere
1483 2919 1616 2960 soedffii

1114 1206 1248 1236 Sensus:
1278 1214 1382 1235 verum
1406 1204 1528 1236 decebit
1547 1208 1670 1246 poetam
1692 1204 1843 1253 tragicum

1114 1246 1157 1277 ita
1180 1247 1211 1277 in
1235 1252 1336 1288 partes
1350 1256 1461 1278 vocare
1482 1251 1629 1288 satyram,
1641 1251 1675 1277 et
1688 1246 1775 1278 seriis
1787 1247 1844 1278 ad-

1114 1288 1242 1319 miscere
1271 1288 1402 1324 ludicra,
1434 1298 1472 1319 ne
1497 1288 1547 1319 vel
1575 1288 1654 1319 deus
1680 1287 1730 1319 vel
1757 1289 1845 1320 heros

1114 1330 1227 1371 aliquis
1250 1330 1281 1360 in
1307 1340 1431 1360 scenam
1456 1329 1636 1371 productus,
1658 1335 1690 1360 et
1711 1330 1843 1371 (nuper)

1114 1373 1205 1402 modo
1222 1372 1316 1411 regali
1331 1371 1564 1412 magnificentia
1577 1371 1774 1414 conspectum
1790 1378 1846 1404 aut

1115 1414 1154 1443 ad
1178 1413 1343 1444 humiliora
1365 1413 1505 1448 dicteria,
1521 1413 1628 1453 qualia
1649 1414 1683 1444 in
1703 1413 1845 1445 obscuris

1114 1455 1250 1486 tabernis
1275 1455 1456 1490 audiuntur,
1479 1454 1659 1490 descendat,
1680 1461 1746 1492 aut,
1769 1455 1844 1487 dum

1115 1497 1280 1527 humiliora
1304 1497 1429 1538 refugit.
1446 1496 1484 1526 ad
1508 1496 1616 1527 altiora
1637 1506 1706 1528 sese
1724 1497 1846 1530 attollat

1115 1545 1147 1570 et
1163 1539 1268 1569 inania
1283 1545 1388 1580 captet
1401 1539 1433 1569 in
1449 1538 1597 1569 nubibus.

1158 1582 1231 1612 225.
1258 1581 1533 1611 Risores—-di-cuces
1557 1580 1663 1621 Satyri
1689 1590 1758 1622 pro.
1786 1581 1844 1612 Sa-

1116 1628 1195 1664 tyra,
1222 1632 1294 1664 quae
1323 1622 1401 1654 alios
1430 1622 1549 1653 deridet
1574 1626 1606 1652 et
1633 1627 1725 1653 acute
1753 1622 1846 1654 dictis

1115 1664 1239 1706 pungit.
1294 1664 1515 1699 Commendare,
1545 1673 1590 1694 sc.
1618 1663 1845 1706 spectatoribus

1115 1713 1147 1738 et
1166 1707 1263 1747 aequis
1283 1706 1442 1746 tragoediae
1462 1705 1712 1736 aestimatoribus.
1760 1707 1844 1738 com-

1116 1751 1254 1780 mendare
1273 1748 1339 1789 jam
1360 1748 1478 1790 aliquid
1492 1747 1638 1779 dicuntur
1651 1747 1707 1790 qui
1724 1748 1847 1780 faciunt

1116 1790 1199 1832 quod
1215 1797 1332 1821 rectum
1346 1796 1404 1821 est.

1163 1833 1345 1863 226—230.
1383 1833 1502 1862 Vertere
1536 1833 1614 1862 seria
1649 1832 1733 1867 ludo,
1765 1832 1845 1864 seria

1114 1874 1146 1904 in
1171 1874 1280 1905 ludum
1302 1879 1430 1909 vertere,
1453 1873 1651 1904 commiscere
1673 1873 1752 1904 seria
1771 1884 1844 1905 cum

1115 1916 1200 1947 ludo.
1248 1916 1348 1946 Nubes
1367 1922 1395 1946 et
1413 1916 1518 1946 inania
1537 1921 1650 1954 captet:
1673 1921 1700 1946 et
1716 1915 1782 1957 jam
1796 1921 1845 1947 ost

1115 1958 1268 2000 particula
1289 1957 1477 1999 explicativa
1498 1967 1566 1998 pro,
1583 1956 1715 1993 scilieet,
1730 1957 1763 1988 id
1783 1963 1843 1994 est,

1116 2001 1175 2042 (cf.
1191 2011 1262 2042 sup.
1279 2001 1319 2030 ad
1335 1999 1397 2030 od.
1412 1997 1569 2039 i,2‚16;)
1588 1998 1724 2040 namqui
1737 2005 1845 2042 captat

1115 2043 1223 2076 nubes.
1239 2048 1345 2083 captat
1358 2041 1477 2072 inania.

1161 2085 1343 2115 231-233.
1376 2083 1508 2124 Effutire
1549 2083 1633 2118 leves,
1665 2086 1738 2114 cett.
1781 2091 1854 2119 non,

1114 2125 1203 2156 decet
1218 2125 1401 2165 tragoediam
1417 2135 1498 2166 saepe
1513 2129 1544 2156 et
1562 2124 1650 2164 larga
1663 2123 1753 2166 copia
1766 2123 1844 2155 effu.

1113 2168 1168 2198 tire
1205 2167 1335 2198 leviores
1370 2165 1543 2207 argumenti
1571 2175 1690 2202 versus,
1718 2164 1773 2197 sed
1805 2175 1844 2197 ea

1113 2209 1240 2250 paulum
1258 2208 1440 2250 pudibunda.
1453 2218 1520 2238 raro
1533 2213 1652 2238 tantum
1666 2207 1747 2238 inter
1759 2213 1844 2249 saty-

1113 2260 1162 2281 ros
1180 2250 1361 2287 versabitur,
1382 2249 1413 2280 h.
1428 2259 1458 2280 e.
1480 2259 1547 2280 raro
1570 2249 1712 2281 admittet
1731 2253 1843 2290 satyrae

1114 2292 1285 2328 lasciviam,
1315 2291 1408 2322 sicuti
1441 2297 1583 2321 matrona
1617 2290 1702 2322 festis
1733 2289 1843 2323 diebus

1114 2339 1247 2369 tantum,
1260 2334 1292 2364 h.
1303 2343 1332 2364 e.
1349 2343 1428 2369 raro,
1444 2332 1548 2363 saltat.
1594 2331 1784 2363 Suaviseima
1798 2338 1845 2364 est

1113 2376 1179 2406 haec
1215 2374 1376 2416 tragoediae
1413 2384 1538 2412 severae,
1570 2373 1686 2416 passim
1719 2379 1843 2405 tantum

1112 2424 1223 2458 satyrae
1260 2416 1451 2459 protervitati
1484 2417 1589 2447 locum
1626 2415 1842 2458 relinquentis,

1113 2470 1185 2491 curn
1211 2466 1352 2490 matrona
1377 2459 1488 2490 diebus
1512 2458 1600 2490 festis
1626 2462 1748 2490 tantum
1778 2458 1842 2489 sal·

1111 2507 1194 2532 tante
1209 2500 1414 2543 comparatio!

1152 2545 1226 2575 231.
1258 2543 1404 2585 Effutire,
1429 2542 1469 2574 de
1493 2542 1635 2574 versibus
1663 2539 1840 2573 inconside-

1110 2586 1229 2616 rantius
1243 2591 1274 2616 et
1288 2585 1418 2626 largiore
1433 2583 1522 2626 copia
1538 2583 1690 2626 profusis:
1710 2585 1841 2624 indigua

1108 2628 1229 2668 effutire
1249 2627 1326 2668 (οὐκ
1347 2628 1424 2662 ἄξια
1441 2626 1625 2666 ἐκλαλεῖν),
1643 2626 1754 2657 Graece
1771 2635 1838 2667 pro,

1110 2680 1170 2700 non
1191 2670 1286 2709 digna
1308 2679 1379 2709 quae
1401 2667 1533 2703 effutiat,
1556 2667 1588 2699 h.
1604 2678 1632 2699 e.
1655 2677 1750 2709 quam
1774 2677 1839 2698 non

1107 2712 1198 2742 decet
1219 2710 1356 2749 effutire3
1390 2710 1466 2752 quia
1483 2709 1542 2741 hoc
1560 2709 1641 2740 infra
1654 2709 1722 2751 ejus
1735 2708 1838 2750 digni-

1108 2759 1200 2784 tatem
1221 2759 1268 2784 est
1289 2753 1434 2794 positum.
1479 2752 1582 2789 Quem
1598 2761 1660 2782 non
1674 2750 1763 2781 decet
1776 2750 1836 2781 ali-

1107 2795 1182 2837 quid
1209 2795 1319 2831 facere,
1346 2794 1395 2825 vel
1418 2793 1472 2835 qui
1502 2803 1565 2824 non
1593 2792 1687 2824 debet
1715 2791 1836 2833 aliquid

1102 2839 1211 2874 faeere,
1233 2837 1260 2867 is
1280 2838 1423 2877 indignus
1442 2837 1493 2876 qm·
1516 2837 1549 2866 id
1561 2835 1679 2876 saciat,
1698 2833 1834 2865 dicitur:

1101 2890 1172 2921 sup.
1187 2879 1287 2920 Epist.
1305 2877 1326 2916 i,
1340 2879 1372 2914 3,
1387 2879 1441 2914 35,
1457 2877 1580 2919 indigni
1598 2879 1671 2919 (vos
1683 2875 1834 2915 dedecet)

1667 2917 1835 2951 Terentius
