1904 3314
325 177 407 225 518

813 182 1339 226 EPISTOLARUM

437 281 510 323 Ad
530 281 660 323 libros
680 289 724 323 et
743 282 799 323 ad
818 281 911 323 haec
933 281 1158 323 Musarum
1178 281 1289 322 dona
1307 294 1498 330 vocares,

439 347 640 390 Boeotfim
658 348 702 388 in
722 362 865 389 crasso
881 348 1049 402 jurares
1071 361 1169 388 aere
1189 354 1349 387 natum.

324 414 408 455 245
437 414 499 455 At
518 428 657 467 neque
678 414 940 455 dedecorant
959 420 1033 453 tua
1052 413 1106 453 de
1128 427 1174 453 se
1189 412 1365 466 judicia,
1387 419 1516 465 atque

438 480 637 528 BIunera,
659 495 755 534 quae
773 479 904 520 multa
925 479 1063 520 dantis
1084 493 1180 520 cum
1200 477 1327 518 laude
1349 477 1551 526 tulerunt,

439 545 600 587 Dilecti
621 546 698 586 tibi
718 545 924 599 Virgilius
947 544 1190 598 Variusque
1211 551 1373 597 poetae3

438 611 535 653 Nec
555 612 688 666 magis
708 612 903 665 expressi
923 610 1062 651 vultus
1082 624 1159 663 per
1179 609 1341 649 ahenea
1363 608 1498 661 signa,

441 678 582 725 Quam
602 693 679 732 per
699 679 806 719 vatis
827 691 934 730 opus
955 690 1093 717 mores
1114 675 1324 728 animique
1346 674 1531 714 virorum

324 745 409 785 250
439 743 660 785 Clarorum
680 750 901 797 apparent.

962 742 1057 783 Nec
1079 755 1294 782 sermones
1316 754 1397 793 ego
1419 738 1582 779 mallem

439 809 661 863 Repentes
680 823 758 863 per
778 809 966 856 humum,
987 821 1114 861 quam
1134 821 1203 847 res
1224 819 1479 859 componere
1499 811 1657 858 gestaS,

439 875 756 928 Terrarumque
777 875 883 914 situs
904 880 947 914 et
967 873 1140 913 flumina
1160 872 1315 921 dicere,
1339 878 1382 912 et
1402 885 1522 911 arces

438 940 662 982 Montibus
683 940 916 993 impositaS,
936 946 978 979 et
999 939 1181 979 barbara
1202 952 1348 991 regna,
1370 937 1540 990 tuisque

436 1004 655 1060 Auspiciis
677 1013 812 1046 totum
833 1004 1027 1045 confecta
1047 1002 1189 1043 duella
1209 1017 1287 1055 per
1309 1003 1470 1051 orbem,

324 1072 410 1112 255
439 1072 722 1125 Claustraque
743 1071 963 1112 custodem
983 1069 1100 1123 pacis
1123 1068 1366 1108 cohibentia
1385 1066 1556 1115 Janum,

441 1138 501 1179 Et
521 1138 788 1179 formidatam
810 1136 982 1176 Parthis
1003 1142 1045 1175 te
1067 1134 1258 1188 principe
1280 1133 1476 1181 Romam,

441 1203 499 1252 Si,
522 1211 726 1258 quantum
746 1217 961 1257 cuperem,
983 1215 1154 1255 possem
1174 1214 1369 1253 quoque;
1397 1198 1474 1239 sed
1493 1212 1632 1252 neque
1653 1212 1829 1252 parvum

440 1269 621 1311 Carmen
643 1270 839 1323 majestas
860 1269 1011 1321 recipit
1031 1274 1118 1315 tua,
1140 1280 1218 1307 nec
1239 1280 1356 1306 meus
1378 1266 1508 1306 audet

441 1335 552 1376 Rem
574 1344 738 1376 tentare
758 1335 912 1388 pudor,
935 1348 1061 1387 quam
1081 1333 1192 1373 vires
1215 1332 1324 1372 ferre
1346 1337 1557 1372 recusent.

326 1403 410 1444 260
440 1401 656 1443 sedulitas
677 1409 816 1442 autem
839 1400 981 1449 stulte,
1003 1412 1129 1452 quem
1150 1397 1300 1451 diligit,
1322 1403 1462 1450 urget,

331 1534 382 1569 19,
402 1534 452 1568 13.
475 1534 618 1564 simulare
635 1534 797 1569 Catonem5
822 1537 853 1563 et
873 1531 930 1562 ins.
954 1532 1057 1573 Epist.

327 1575 367 1606 ad
384 1575 448 1605 Pis.
465 1586 494 1606 ν.
508 1576 560 1611 20,
575 1575 718 1605 simulare
731 1584 909 1613 cupressum.

371 1617 554 1647 241—244.
594 1617 680 1651 Quod
718 1618 753 1650 si.
789 1620 864 1645 cett.
923 1615 1055 1644 Sensus:

329 1658 412 1698 quod
428 1658 454 1688 si
465 1657 621 1699 judicium
637 1657 716 1687 illud
730 1656 914 1692 Alexandri,
931 1661 1056 1685 acutum

330 1710 404 1730 sane
419 1705 448 1730 et
463 1700 588 1734 subtile,
610 1700 695 1740 quod
710 1699 820 1729 attinet
835 1698 874 1728 ad
893 1696 1059 1738 inspicien-

330 1741 371 1772 da
385 1747 416 1772 et
434 1741 638 1782 dijudicanda
659 1741 809 1771 artificum
833 1750 936 1781 opera,
960 1745 1059 1769 trans-

330 1783 424 1814 ferres
437 1784 475 1813 ad
492 1783 627 1813 virorum
643 1783 803 1814 doctorum
815 1783 928 1823 scripta
942 1787 973 1811 et
987 1790 1059 1821 poe-

329 1830 430 1855 tarum
448 1825 596 1859 carmina,
614 1824 736 1866 jurares
750 1823 906 1865 judicium
926 1822 1004 1853 illud
1028 1823 1061 1852 in

330 1877 432 1898 crasso
464 1876 532 1897 aere
570 1866 761 1897 Boeotiorum
796 1866 948 1906 prolatum
981 1874 1061 1899 esse,

333 1908 364 1939 h.
380 1919 408 1940 e.
426 1908 555 1943 diceres,
575 1908 731 1948 judicium
750 1907 830 1938 illud
850 1917 917 1937 esse
935 1906 1062 1937 durissi-

331 1961 430 1980 mum.
475 1950 557 1980 Nam
571 1950 663 1990 quale
678 1950 716 1979 de
730 1949 827 1991 poetis
838 1948 991 1989 judicium
1009 1958 1062 1978 ex-

331 1990 466 2033 spectari
481 1997 582 2032 potest
605 1992 644 2021 ab
663 2001 699 2021 eo
719 1991 773 2032 qui
794 1991 915 2032 ineptos
932 1989 1063 2020 Choerili

331 2044 436 2064 versus
451 2039 512 2063 tam
529 2043 599 2062 caro
611 2033 708 2074 pretio
721 2033 814 2063 emit!
863 2033 1062 2071 Quamquam

330 2075 419 2110 mihi,
435 2081 470 2105 ut
481 2074 546 2115 jam
562 2074 680 2110 monui,
696 2074 751 2104 illa
765 2074 934 2104 Alexandri
950 2073 1061 2103 libera-

331 2116 403 2148 litas
434 2116 517 2146 haud
546 2116 586 2145 ab
609 2116 677 2156 ejus
703 2116 741 2146 de
765 2115 895 2146 Choerili
918 2125 1061 2144 versuum

331 2158 471 2189 bonitate
496 2159 660 2198 repetenda
681 2157 802 2187 videtur
826 2156 957 2197 judicio.
1001 2156 1062 2187 Sed

330 2200 405 2231 scite
431 2199 581 2230 Horatius
598 2199 656 2230 hoc
681 2198 852 2228 Alexandri
872 2198 1060 2238 exemplum,

329 2248 364 2272 ut
386 2251 423 2271 eo
445 2241 542 2282 magis
565 2240 700 2280 Augusti
723 2240 762 2270 de
783 2239 881 2281 poetis
902 2239 1062 2270 extolleret

329 2283 498 2324 judicium,
514 2284 545 2313 in
562 2293 625 2313 rem
639 2292 727 2313 suam
742 2280 878 2311 detorsit.

375 2326 449 2356 244.
487 2325 622 2355 Boeouim
658 2326 689 2354 in
727 2334 820 2353 crasso
855 2333 947 2358 αρν-ες

333 2366 429 2398 Corn.
447 2367 528 2407 Nep.
546 2365 652 2396 Alcib.
670 2367 719 2400 ll,
737 2376 831 2395 omnes
851 2366 929 2394 enim
953 2364 1061 2394 Bcroaeii

332 2411 425 2450 magis
437 2409 587 2449 firmitati
602 2409 741 2447 corporis,
756 2418 842 2446 quam
859 2407 972 2446 ingenii
986 2418 1058 2437 acu-

331 2452 405 2480 mini
419 2451 600 2480 inserviunt.

372 2492 554 2522 245—247.
579 2492 619 2520 At
644 2501 735 2530 neque
764 2491 952 2524 dedecorant,
983 2494 1057 2520 cett.

330 2533 377 2564 At
392 2539 437 2569 tu,
454 2533 609 2573 Auguste,
631 2533 726 2572 probe
742 2537 839 2566 tenes,
856 2531 929 2572 quid
945 2530 1062 2561 distent

332 2585 392 2606 aera
407 2574 541 2616 lupinis3
565 2580 599 2604 tu
615 2574 696 2604 enim
715 2584 778 2603 non
799 2573 909 2606 malos,
935 2572 989 2603 sed
1005 2572 1059 2604 de-

329 2616 425 2648 lectos
442 2616 497 2647 tibi
514 2621 619 2657 poetas
634 2615 777 2657 optimos,
797 2614 976 2655 Virgilium.
995 2616 1059 2645 Va-

329 2657 483 2699 riumque,
503 2657 601 2698 gratia
622 2663 653 2688 et
671 2657 851 2687 muneribus
871 2655 934 2686 tuis
949 2655 1060 2696 dignos

324 2699 461 2741 judicas,
476 2710 533 2730 nec
548 2699 580 2730 hi
597 2706 650 2730 tuo
665 2699 703 2730 de
719 2709 751 2730 se
772 2698 893 2739 judicio
913 2705 987 2729 sunt
1002 2699 1054 2730 de-

325 2741 442 2774 decori.

987 2322 1059 2353 hinc

367 2784 444 2815 246.
482 2784 585 2814 Multa
614 2784 715 2814 dantis
743 2793 809 2812 cum
839 2782 948 2811 laude.-
986 2780 1054 2811 haec

323 2826 417 2857 verba
425 2825 546 2867 duplici
556 2824 646 2855 modo
658 2823 805 2865 explicari
817 2828 965 2863 possunt3
989 2828 1053 2860 aut,

1102 1528 1172 1559 illos
1193 1538 1294 1563 ornas,
1318 1527 1448 1558 multam
1472 1525 1565 1557 simul
1585 1525 1708 1557 laudem
1732 1525 1832 1562 addis,

1101 1576 1132 1600 et
1145 1570 1189 1600 sic
1201 1572 1300 1600 dantis
1314 1570 1471 1610 eleganter
1483 1578 1549 1610 pm,
1565 1575 1618 1599 tua
1627 1572 1676 1599 est
1686 1568 1833 1610 positum.

1104 1612 1272 1642 Tulermzt:
1298 1612 1371 1642 Vet.
1389 1611 1494 1642 Schol.
1517 1610 1629 1651 Cruq„
1643 1616 1834 1649 acceperunt,

1102 1655 1171 1694 quia
1187 1655 1255 1693 jum
1279 1654 1323 1683 his
1344 1654 1472 1693 singulis
1494 1654 1655 1682 donaverat
1677 1653 1832 1694 Augustus

1103 1697 1195 1767 degies
1224 1696 1403 1726 sestertiiim.
1447 1694 1498 1725 De
1525 1693 1614 1724 Vario
1636 1692 1677 1724 cf.
1702 1703 1772 1736 sup.
1793 1693 1834 1724 ad

1105 1738 1133 1767 O
1160 1759 1167 1767 .
1185 1737 1206 1772 i,
1223 1738 1253 1772 6,
1274 1738 1304 1767 1.

1146 1779 1325 1809 248—250.
1348 1778 1411 1808 Nec
1435 1778 1527 1818 mgis
1546 1777 1682 1816 expressi,
1705 1780 1780 1807 cett.
1800 1775 1834 1806 in

1104 1822 1233 1851 eandem
1261 1819 1445 1850 sententiam
1475 1818 1560 1850 canit
1589 1817 1738 1848 Horatius
1765 1827 1835 1860 sup.

1106 1862 1167 1893 Od.
1183 1863 1224 1898 iv,
1243 1863 1273 1897 8,
1294 1862 1430 1897 13-20,
1454 1861 1522 1891 Non
1541 1862 1636 1890 incisa
1654 1861 1731 1890 notis
1750 1870 1832 1890 mar-

1104 1915 1184 1934 mora
1199 1905 1327 1943 publicis
1341 1904 1421 1945 (Per
1439 1914 1502 1942 quae
1518 1903 1643 1941 spiritns
1659 1907 1688 1931 et
1701 1902 1764 1932 vita
1784 1911 1832 1932 re-

1105 1947 1151 1976 dit
1167 1948 1246 1976 bouis
1264 1946 1330 1975 Post
1348 1951 1468 1975 mortem
1483 1943 1639 1982 ducibus),
1654 1943 1768 1974 clarius
1785 1945 1835 1974 in-

1106 1990 1207 2018 dicant
1225 1989 1326 2017 laudes
1341 1998 1427 2026 quam
1445 1987 1577 2017 Calabrae
1595 1985 1741 2015 Pierides.

1147 2031 1221 2060 250.
1246 2032 1412 2068 Apim-eut,
1437 2028 1470 2057 in
1490 2027 1592 2058 lucem
1611 2027 1834 2067 producuntur,

1105 2071 1385 2112 exsplendescunt:
1410 2069 1451 2100 cf.
1467 2079 1536 2110 sup.
1551 2079 1582 2099 v.
1598 2069 1675 2098 224.

1147 2115 1222 2144 251.
1253 2113 1510 2150 Sermones,—-per
1537 2111 1659 2140 humum
1688 2115 1834 2150 repentes,

1106 2153 1250 2189 humiles.
1275 2160 1404 2190 tenues3
1427 2151 1573 2192 intelligit
1594 2151 1712 2182 Satiras
1735 2156 1768 2182 et
1789 2151 1833 2182 E-

1104 2195 1242 2236 pistulas.
1287 2196 1345 2226 Res
1373 2205 1541 2234 componere
1560 2199 1668 2235 gestas,
1697 2193 1835 2224 carmine

1105 2237 1193 2278 epico
1210 2248 1256 2268 res
1271 2244 1373 2276 gestas
1387 2236 1555 2267 celebrare.

1147 2279 1223 2314 252,
1239 2279 1312 2308 253.
1335 2279 1424 2308 Aroes
1447 2278 1600 2308 Montibus
1616 2277 1777 2315 impositas,
1791 2275 1832 2306 ab

1105 2320 1246 2360 Augusto
1261 2319 1378 2350 scilicet
1400 2319 1438 2349 ad
1461 2319 1537 2350 fines
1554 2316 1674 2359 imperii
1691 2316 1834 2348 munien-

1103 2361 1170 2392 dos.
1214 2362 1352 2392 Barbara
1368 2372 1473 2401 regna,
1490 2359 1635 2391 victorias
1652 2359 1692 2390 de
1709 2358 1833 2400 regibus

1102 2409 1134 2434 et
1148 2404 1270 2445 populis
1287 2403 1434 2433 barbaris.

1143 2447 1218 2476 255.
1256 2446 1452 2484 Clam-traque
1479 2444 1637 2480 custodem,
1661 2445 1737 2473 cett.
1780 2441 1832 2472 De

1101 2487 1176 2518 Jam'
1190 2489 1307 2527 tempto,
1320 2486 1405 2527 pacis
1419 2492 1555 2526 tempore
1565 2485 1676 2519 clauso,
1687 2488 1734 2515 est
1745 2482 1833 2513 loeus

1104 2528 1254 2559 classicus
1275 2528 1358 2570 apud
1383 2527 1451 2558 Liv.
1470 2527 1492 2557 i.
1517 2526 1567 2557 19.
1612 2526 1663 2556 De
1682 2527 1735 2556 deo
1753 2525 1832 2555 Jano

1103 2572 1193 2601 docte
1215 2571 1352 2612 disputat
1375 2570 1479 2610 Heyn.
1501 2568 1540 2598 ad
1564 2567 1622 2599 Vir
1646 2589 1654 2598 .
1679 2567 1758 2602 AEn,
1779 2566 1834 2603 vii,

1105 2614 1236 2644 Excurs.
1252 2623 1280 2642 v.
1325 2611 1473 2642 Horatius
1493 2620 1563 2651 sup.
1589 2609 1617 2639 Ο
1644 2630 1652 2639 .
1668 2607 1712 2643 iv,
1731 2609 1780 2644 15,
1795 2608 1829 2644 9,

1103 2654 1142 2685 de
1154 2655 1310 2694 Augusto,
1321 2661 1491 2694 elavacuum
1503 2651 1612 2683 duellis
1625 2650 1739 2681 Jnnum
1756 2650 1832 2684 Qui-

1099 2701 1198 2727 rinum
1215 2697 1335 2727 clausit.

1141 2739 1216 2769 256.
1240 2738 1281 2768 Et
1290 2737 1493 2779 formidatum
1510 2733 1632 2765 Parthis
1650 2738 1679 2764 te
1692 2733 1830 2772 principe

1099 2781 1224 2811 Romam
1240 2791 1251 2816 ;
1289 2778 1430 2809 similiter
1463 2776 1496 2806 in
1533 2774 1657 2806 laudem
1691 2773 1831 2813 Augusti

1099 2822 1204 2854 Carm.
1225 2822 1306 2852 Saec.
1322 2831 1351 2851 v.
1367 2820 1420 2855 54.
1441 2818 1560 2855 Medus,
1578 2817 1611 2848 h.
1626 2826 1656 2847 e.
1676 2814 1826 2851 Parthus,

321 2869 396 2899 dum
409 2867 457 2898 illi
470 2872 512 2904 te,
533 2866 588 2908 qui
607 2876 735 2898 munera
752 2865 820 2900 das,
841 2864 939 2895 multa
959 2864 1050 2895 laude
1093 2875 1199 2895 manus
1223 2869 1355 2903 potentes
1381 2867 1410 2893 et
1432 2861 1564 2891 Albanas
1585 2868 1700 2890 secures
1722 2858 1826 2888 time-re

322 2910 500 2947 celebrant,
524 2914 589 2945 aut,
604 2908 679 2940 dum
692 2914 727 2939 tu
741 2906 922 2938 muneribus
936 2905 1051 2947 quibus
1092 2906 1219 2938 dicitur.
