1884 3288
299 185 357 225 96

815 185 821 189 ’
853 188 1247 233 CARMINUM

582 287 793 329 Sordibus
815 291 928 341 tecti,
951 299 1068 332 caret
1088 292 1315 333 invidenda

976 358 1154 399 Sobrius
1180 358 1289 399 aula.

582 419 743 462 Saevius
763 423 898 463 ventis
920 424 1106 478 agitatur
1126 425 1277 478 ingens

499 486 550 526 10
580 485 736 527 Pinus:
769 494 811 528 et
832 487 956 529 celsae
978 489 1171 543 graviore
1191 503 1293 530 casu

580 552 802 595 Decidunt
823 562 984 595 turres:
1017 554 1262 608 feriuntque
1284 569 1468 596 summos

973 619 1163 674 Fulgura
1182 628 1361 662 monteS.

581 683 736 738 Sperat
756 686 936 734 infestis,
957 687 1107 727 metuit
1128 687 1327 727 secundis

579 749 773 791 Alteram
795 759 951 792 sortem
974 753 1082 792 bene
1103 760 1391 806 praeparatum

498 817 550 856 15
579 814 752 858 Pectus.
813 817 1021 859 Informes
1041 818 1202 859 hiemes
1223 820 1391 860 reducit

567 883 571 885 “
971 883 1158 939 Jupiter,
1180 885 1293 926 idem

580 949 829 990 Submovet.

887 950 1004 1000 Non,
1027 951 1062 991 si
1082 951 1189 992 male
1209 966 1337 1001 nunc,
1359 959 1402 993 et
1423 952 1519 994 olim

578 1015 650 1056 Sic
670 1016 774 1056 erit:
807 1017 1020 1070 quondam
1042 1017 1204 1058 cithara
1225 1025 1436 1059 tacentem

578 1081 767 1122 Suscitat
789 1082 976 1132 Musam,
999 1097 1138 1137 neque
1161 1098 1328 1138 semper
1348 1098 1491 1126 arcum

492 1147 549 1188 20

973 1149 1138 1189 Tendit
1158 1149 1333 1204 Apollo.

577 1213 730 1254 Rebus
751 1214 943 1268 angustis
965 1215 1179 1255 animosus
1201 1222 1330 1269 atque

575 1279 718 1321 Fortis
739 1282 922 1334 adpare:
956 1277 1170 1335 sapienter
1189 1282 1302 1323 idem

295 1407 327 1439 δὲ
337 1408 414 1449 βίος
425 1407 621 1451 κεκραμένος
633 1408 757 1446 δίκαιός
767 1408 873 1440 ἐστιν.
898 1408 1025 1450 Αὐτάρ-

293 1462 365 1482 κεια
382 1451 448 1493 γὰρ
473 1452 557 1493 πρὸς
582 1452 689 1482 πᾶσιν
711 1450 813 1489 ἡδονὴ
838 1450 960 1482 δικαία·
982 1451 1024 1481 cf.

296 1493 420 1523 Pallad.
448 1493 506 1534 Ep.
530 1492 633 1528 cxxiv,
657 1493 689 1523 in
713 1493 844 1524 Anthol.
869 1493 973 1524 Graec.
988 1493 1025 1523 Τ.

294 1533 341 1572 iii,
356 1546 389 1576 p.
407 1536 477 1565 140.

335 1577 456 1607 9—12.
492 1576 665 1617 Vulgarem
695 1576 893 1612 sententiam,
927 1581 948 1594 “
959 1575 1023 1606 noli

293 1617 388 1658 igitur
398 1618 480 1648 ultra
494 1619 737 1649 mediocritatem
753 1628 913 1658 assurgere
927 1629 935 1655 3
952 1627 1023 1647 nam

293 1670 357 1700 quo
373 1661 445 1701 quis
459 1660 491 1690 in
507 1661 615 1691 altiore
635 1661 702 1691 loco
717 1666 765 1691 est
786 1661 917 1701 positus,
934 1659 966 1689 in
988 1669 1024 1690 eo

292 1701 410 1742 majore
421 1702 558 1743 periculo
571 1701 745 1736 versatur.”
761 1701 937 1742 allegoricis
949 1701 1025 1731 ima-

291 1743 419 1782 ginibus
434 1744 563 1785 pulchre
578 1743 749 1775 exornavit.
793 1745 914 1780 Stenius,
931 1742 1020 1773 saevi-

291 1795 345 1816 ore
371 1791 404 1816 et
430 1786 658 1817 vehementiore
687 1786 815 1827 impetu.
874 1785 1024 1825 Vulgaris

291 1827 396 1862 lectio.
411 1830 528 1867 sceptus,
546 1829 648 1868 friget·
693 1828 782 1858 Celsae
795 1829 938 1867 graviore
952 1838 1023 1857 casu-

293 1869 448 1900 Deciduut
464 1876 580 1900 turres:
605 1870 719 1901 Claud.
730 1870 761 1900 in
778 1870 855 1900 Ruf.
871 1869 955 1905 i,22,
967 1871 1022 1899 tol-

293 1912 404 1941 luntur·
419 1913 451 1940 in
467 1913 574 1947 altum,
594 1912 634 1942 Ut
650 1913 736 1950 lapsu.
749 1913 889 1951 graviore
903 1917 996 1941 ruant
1011 1923 1018 1939 .·

290 1953 332 1982 cf.
349 1952 481 1983 Mitsch.
522 1954 653 1983 Summos
669 1959 788 1990 montes,
800 1963 922 1983 summa
934 1963 1021 1983 mon-

289 1993 368 2024 tium
383 1994 558 2030 cacumina,
571 1996 612 2026 τὰ
628 1996 726 2036 ἄκρα.

336 2037 471 2067 13—17.
494 2038 600 2076 operat
616 2038 744 2078 iqfesfis,
755 2038 861 2066 metuit
876 2038 1022 2072 secundis,

291 2083 366 2109 cett.
393 2088 520 2109 sensus:
555 2079 677 2108 animus
701 2078 824 2108 virtutis
855 2079 1019 2119 praeceptis

288 2119 368 2150 bene
383 2119 523 2150 munitus
537 2126 567 2151 et
578 2120 779 2151 confirmatus
797 2130 899 2160 neque
915 2120 947 2150 in
971 2131 1017 2151 re-

289 2161 350 2191 bus
365 2161 485 2192 infestis
498 2163 653 2203 desperat,
678 2171 780 2202 neque
803 2161 835 2191 in
858 2162 1017 2198 secundis,

287 2203 401 2233 timens
415 2205 531 2245 quippe
545 2204 676 2234 fortunae
691 2203 944 2240 inconstantiam,
969 2203 1016 2234 in-

287 2245 439 2276 solentius
465 2256 497 2276 se
523 2245 619 2285 gerit;
653 2245 713 2276 scit
737 2244 832 2281 euim,
857 2245 1017 2286 utriusque

281 2286 419 2318 'fortunae
446 2287 573 2318 eandem
599 2297 635 2318 ac
661 2286 803 2318 tristioris
828 2292 860 2318 et
889 2287 1017 2318 laetioris

287 2328 363 2359 anni
375 2330 520 2371 temporis
532 2328 775 2360 vicissitudinem
786 2335 946 2365 esse,cett.
962 2331 1016 2360 Al-

280 2377 392 2407 terum,
417 2371 612 2406 contrariam,
637 2371 819 2402 adversam:
844 2370 900 2413 qui
922 2372 954 2402 in
969 2382 1016 2402 re-

285 2413 346 2443 bus
368 2413 514 2444 secundis
540 2413 650 2443 metuit
679 2413 835 2447 adversas,
859 2412 1016 2454 eleganter

283 2454 342 2486 ius.
359 2455 426 2486 Sat.
440 2455 473 2490 ii,
490 2456 521 2491 2,
541 2456 597 2485 111
622 2457 656 2485 in
679 2465 752 2495 pace
775 2457 925 2494 sapienter
941 2457 1015 2485 bella

282 2498 387 2528 idonea
402 2503 508 2537 aptare
521 2497 643 2528 dicitur.
689 2497 848 2538 Informes,
860 2496 935 2538 quia
943 2498 1012 2528 tris·

282 2543 343 2570 tem
359 2538 487 2569 sormam
503 2545 622 2569 naturae
638 2539 785 2569 induunt.
814 2539 954 2578 Jupiter:
972 2540 1013 2571 cf.

281 2590 352 2622 sup.
367 2580 392 2616 i,
409 2581 459 2618 12,
478 2582 526 2616 15.
550 2586 581 2611 et
596 2580 629 2618 ii,
645 2582 676 2616 6,
694 2582 743 2611 17.
789 2580 872 2611 Idem
897 2583 1011 2611 submo-

280 2629 338 2653 vet.
383 2622 434 2653 Cl.
451 2623 580 2653 Mitsch.
596 2623 684 2654 affert
706 2622 809 2653 locum
825 2633 863 2653 ex
887 2623 1012 2664 Fragm.

283 2663 405 2695 Comici
430 2665 513 2706 apud
540 2665 628 2696 Grot.
655 2665 687 2695 in
715 2665 847 2695 Excurs.
902 2687 909 2695 .
935 2666 1010 2701 913,

280 2705 402 2748 χειμὼν
417 2707 620 2748 μεταβάλλει
635 2706 755 2749 ῥᾳδίως
771 2706 817 2742 εἷς’·
832 2675 957 2738 emilam

325 2749 461 2779 17—20.
487 2750 567 2784 Non,
585 2751 609 2779 si
631 2751 707 2779 male
724 2759 815 2783 nunc,
833 2757 860 2779 et
875 2750 945 2779 olim
961 2749 1010 2780 Sic

277 2792 357 2821 erit:
381 2790 535 2821 notissimi
560 2791 593 2821 in
621 2791 700 2821 hanc
727 2789 912 2821 senteutiam
938 2797 1012 2821 sunt

279 2842 386 2863 versus
410 2832 567 2863 Theocriti
593 2833 634 2868 iv,
660 2834 696 2862 41
722 2838 752 2863 et
776 2833 838 2862 43:
864 2835 1008 2872 θαρσεῖν

279 2875 358 2916 χρὴ,
368 2875 441 2917 φίλε
453 2874 568 2906 Βάττε·
587 2874 662 2915 τάχ’
675 2875 790 2916 αὔριον
804 2874 904 2905 ἔσσετ’
916 2877 1005 2917 ἄμει-

278 2929 351 2948 νον.
390 2916 444 2948 Χώ
454 2918 532 2955 Ζεὺς
547 2918 675 2948 ἅλλοκα
686 2918 748 2959 μὲν
761 2915 853 2948 πέλει
868 2917 1006 2958 αἴθριος,

1069 1408 1199 1440 ἄλλοκα
1214 1409 1241 1441 δ’
1256 1410 1315 1442 ὕει.
1350 1411 1507 1446 Quondam
1520 1413 1637 1442 cithara
1652 1417 1797 1443 tacentem

1069 1451 1202 1482 Suscitat
1230 1453 1360 1489 Musam,
1384 1458 1458 1484 cett.
1473 1463 1534 1484 non
1554 1463 1676 1495 semper
1697 1453 1798 1485 tendit

1069 1502 1174 1523 arcum
1193 1494 1318 1536 Apollo,
1334 1494 1388 1525 sed
1405 1495 1484 1526 idem
1502 1494 1652 1526 citharam
1673 1505 1798 1537 quoque

1066 1533 1224 1566 'interdum
1241 1537 1355 1577 pulsat,
1371 1537 1403 1566 h.
1419 1547 1448 1567 e.
1464 1547 1527 1567 non
1542 1547 1664 1579 semper
1679 1537 1797 1568 tristem

1065 1581 1097 1606 et
1111 1577 1235 1613 iratum,
1253 1578 1307 1609 sed
1323 1588 1466 1608 serenum
1481 1589 1606 1621 quoque
1624 1578 1796 1620 placidum·

1067 1628 1127 1658 que
1159 1629 1382 1692 nonnunguam
1421 1620 1542 1651 vultum
1579 1632 1642 1663 prae
1677 1631 1710 1652 se
1738 1621 1797 1652 sert

1068 1661 1197 1701 Apollo,
1223 1662 1281 1692 Ten
1306 1673 1354 1692 ere
1370 1672 1480 1704 nempe
1494 1674 1596 1693 arcum
1607 1663 1724 1703 Apollo
1737 1663 1795 1694 fin·
1841 1703 1847 1710 ,

1068 1702 1161 1742 gitur,
1184 1703 1310 1744 quando
1333 1703 1378 1734 ira
1399 1710 1571 1735 commotus
1592 1704 1714 1746 sagittis
1731 1705 1796 1736 suis

1066 1750 1183 1785 pestem
1200 1750 1232 1776 et
1253 1746 1462 1776 calamitatem
1485 1746 1642 1777 immittit:
1667 1747 1795 1778 Homer.

1069 1787 1202 1827 Hym-in
1215 1787 1324 1829 Apoll.
1335 1789 1369 1822 3,
1382 1793 1414 1818 et
1428 1787 1519 1819 Iliad.
1534 1788 1626 1828 i‚59;
1649 1793 1680 1819 at
1691 1800 1794 1820 arcum

1065 1838 1164 1865 suum,
1196 1834 1230 1860 ut
1258 1829 1289 1860 in
1320 1830 1427 1861 Carm-
1458 1830 1573 1861 Saecul.
1602 1831 1642 1861 33
1669 1829 1794 1868 dicitur,

1065 1872 1178 1907 condit,
1201 1872 1324 1912 quando
1346 1874 1427 1902 mitis
1445 1873 1638 1913 placidusque
1654 1879 1794 1914 apparet.

1066 1911 1221 1943 Tacentem
1246 1914 1364 1944 Musam
1392 1915 1545 1950 suscitare.
1574 1925 1628 1956 pro
1659 1915 1794 1955 vulgari,

1064 1953 1240 1984 intermissa
1256 1956 1396 1986 carmina
1409 1961 1574 1987 retractare
1589 1968 1597 1994 ;
1620 1956 1659 1988 de
1681 1956 1794 1988 Graeco

1065 1996 1213 2036 loquendi
1227 2007 1338 2037 genere
1350 1998 1467 2028 Musam
1476 1999 1631 2033 suscitare,
1645 1998 1794 2041 ἐγείρειν,

1066 2037 1233 2079 ἐρεθίζειν,
1258 2045 1332 2069 cett.
1356 2039 1421 2069 vid.
1445 2039 1577 2070 Mitsch.
1623 2041 1792 2078 Quondam,

1064 2089 1300 2121 nonnunquam,
1328 2080 1502 2111 interdum:
1537 2082 1626 2122 Virg.
1653 2083 1730 2114 AEn.
1756 2083 1790 2119 ii,

1062 2121 1136 2156 367,
1164 2122 1322 2155 Quondam
1344 2124 1431 2153 etium
1453 2125 1538 2154 victis
1559 2126 1639 2154 ‘redit
1659 2125 1692 2154 in
1714 2135 1790 2165 praeq

1062 2165 1166 2193 cordia
1180 2165 1291 2194 virtus.

1103 2206 1242 2236 21—24.
1264 2207 1418 2238 Animosus
1432 2207 1563 2246 culpare:
1579 2207 1659 2238 bene
1669 2218 1790 2251 praepa-

1061 2252 1161 2277 ratum
1177 2253 1296 2288 pectus.
1314 2254 1350 2278 ut
1363 2260 1394 2279 v.
1413 2251 1452 2279 14
1464 2249 1635 2285 dicebatur,
1650 2250 1789 2287 ostende,

1061 2287 1157 2319 animi
1174 2290 1264 2320 robur
1276 2295 1307 2321 et
1328 2291 1536 2322 constantiam
1581 2292 1665 2322 roba.
1711 2291 1787 2323 Con-

1061 2331 1158 2361 trahes
1174 2337 1259 2361 vento
1274 2333 1400 2362 nimium
1414 2334 1539 2364 secundo
1585 2334 1696 2375 urgida
1710 2335 1787 2365 uela.

1061 2372 1216 2404 Carminis
1240 2374 1341 2404 exitus
1363 2375 1443 2405 bene
1465 2374 1534 2416 ejus
1552 2374 1640 2406 initio
1661 2385 1788 2417 respon-

1058 2414 1128 2451 det;
1153 2414 1312 2454 vulgarem
1336 2417 1535 2452 sententiam.
1560 2416 1717 2448 “fortuna
1738 2428 1787 2450 se-

1057 2456 1160 2487 cunda
1189 2456 1246 2487 tibi
1277 2457 1430 2489 arridente
1459 2468 1620 2501 compesce
1648 2460 1787 2490 animum

1058 2498 1182 2534 tuum,''
1193 2509 1231 2540 pa
1237 2499 1302 2530 rite1
1318 2499 1453 2540 imagine
1462 2510 1481 2531 a
1490 2500 1685 2540 navigatione
1692 2501 1788 2533 ducta

1056 2541 1179 2571 extulit.
1225 2541 1307 2572 Nam
1324 2547 1428 2573 nautae
1439 2552 1575 2584 quoque.
1587 2542 1612 2573 si
1627 2542 1787 2585 prohibere

1055 2582 1166 2613 volunt
1182 2593 1219 2613 ne
1242 2583 1366 2624 longius
1381 2584 1538 2615 auferatur
1554 2585 1643 2616 navis
1657 2585 1787 2616 secundi

1055 2625 1140 2655 venti
1162 2625 1291 2660 adflatu,
1315 2626 1495 2657 contrahere
1516 2625 1632 2658 debent
1653 2627 1722 2658 vela
1738 2627 1784 2658 ni-

1055 2665 1151 2697 mium
1169 2674 1258 2697 vento
1274 2667 1446 2708 turgentia:
1472 2668 1510 2699 τὸ
1532 2670 1658 2699 nimium
1680 2668 1785 2710 aptius

1055 2708 1093 2737 ad
1110 2710 1247 2750 turgida,
1260 2719 1354 2750 quam
1369 2709 1408 2739 ad
1423 2711 1549 2740 secundo
1563 2710 1710 2742 refertur:
1727 2710 1784 2743 inf.

1057 2749 1156 2791 Epist.
1187 2750 1221 2785 ii,
1250 2749 1284 2787 2‘,
1311 2752 1388 2786 201,
1418 2751 1486 2781 Non
1514 2754 1636 2793 agimur
1660 2753 1784 2784 tumidis

1055 2793 1126 2822 velis
1143 2793 1288 2833 Aquilone
1301 2794 1427 2823 secundo
1436 2803 1447 2830 ‚·
1474 2793 1549 2828 Non·
1560 2800 1656 2825 tamen
1672 2795 1782 2826 adver-

1051 2835 1090 2863 sis
1106 2841 1218 2866 oetatem
1241 2835 1376 2864 ducimus
1393 2836 1525 2865 Austris.
1570 2835 1722 2878 Exempla
1743 2836 1782 2868 de

1051 2875 1210 2906 locutione
1226 2875 1365 2914 nautica,
1378 2875 1444 2906 vela
1458 2878 1643 2914 contrahere,
1659 2877 1700 2909 ad
1722 2877 1782 2909 im.

1051 2923 1156 2958 petum
1183 2918 1280 2948 animi
1306 2917 1514 2949 cohibendum
1546 2919 1709 2955 translata,
1739 2929 1779 2951 ex
