1904 3314
340 197 425 238 622

387 297 530 335 deperire.
573 297 627 338 qui
642 296 772 340 deperiit
787 297 887 329 minor
896 308 959 329 uno
970 308 1074 330 mense

344 339 371 369 E
397 362 404 369 .
418 337 452 374 ii,
471 340 501 374 l,
518 339 571 370 40.

373 349 537 419 Pdeponere.
583 381 613 417 1,
641 380 760 423 depone
788 381 870 412 latus
898 381 957 412 sub
985 381 1074 412 lauro

339 431 410 452 mea
433 422 495 453 Od.
516 422 548 457 ii.
572 423 604 458 7,
630 424 681 453 19.
725 424 882 464 deponent
905 423 1014 454 oculos
1039 423 1072 454 in

343 463 494 494 Damalin
518 464 580 494 Od.
602 465 623 499 i,
645 465 697 500 36,
719 466 768 496 18.
812 466 931 506 argenti
950 466 1071 506 pondus

342 509 421 535 terra
442 505 594 546 deponere
615 506 682 536 Sat.
702 506 725 540 i,
746 508 774 541 l,
793 508 844 536 42.
887 508 918 544 2,
931 509 1071 547 afficere,

343 548 492 576 omittere.-
516 547 675 587 depositus
697 548 806 578 clavus
828 549 893 579 Sat.
920 548 941 586 i,
963 550 994 584 6,
1017 549 1070 580 25.

340 587 477 628 deponas
501 598 587 630 spem
614 590 680 619 Sat.
705 589 738 623 ii,
762 592 792 624 5,
816 591 870 620 26.
912 590 1072 631 depositus

343 629 443 670 pudor
478 630 537 671 Ep.
569 630 589 667 i,
622 632 654 666 9,
685 632 735 662 12.
794 641 939 671 magnam
973 631 1071 662 morbi

342 677 458 712 partem
485 673 544 714 Ep.
568 671 589 708 i,
616 674 646 707 1,
669 674 723 703 35.
765 673 886 703 senium
911 675 1071 705 Camoenae

343 714 404 754 Ep.
425 713 446 748 i,
469 714 520 750 18,
542 715 594 744 47.
637 715 668 750 3,
689 717 722 745 in
744 721 808 745 tuto
831 717 891 745 loco
911 717 1070 746 collocare.-

341 755 467 785 auribus
489 755 550 786 Od.
569 755 590 791 i,
611 757 665 791 27,
683 757 733 786 18.
777 766 848 797 quae
871 758 1068 798 deponuntur

339 796 372 827 in
391 806 463 828 aure
478 797 542 827 Sat.
557 797 591 832 ii,
607 799 638 833 6,
656 799 707 828 46.

383 840 544 878 deposcere.
586 849 725 870 cunnum
741 840 805 870 Sat.
822 840 843 875 i,
859 841 891 877 2,
909 841 961 871 70.

383 882 571 920 deprendere.
615 881 762 922 deprendi
781 881 922 912 miserum
945 888 992 913 est
1007 883 1073 912 Sat.

342 922 365 958 i,
379 923 411 957 2,
431 923 503 953 134.
548 922 574 952 si
589 933 637 953 me
653 923 774 954 stultior
794 923 991 965 deprenderis
1006 925 1072 954 Sat.

345 964 379 1000 ii,
409 965 441 998 7,
465 965 518 994 43.
561 965 731 1005 deprensus
756 966 931 996 Trebonius
957 967 1023 996 Sat.
1050 966 1071 1002 i,

343 1007 374 1042 4,
393 1006 464 1037 114.
508 1005 660 1047 deprensa
675 1008 740 1037 Sat.
755 1006 776 1041 i,
791 1008 824 1042 2,
842 1008 912 1038 131.

377 1048 570 1118 geproeliuri.
614 1049 696 1079 venti
713 1059 835 1088 aequore
849 1047 1069 1089 deproeliantes

346 1089 374 1119 Ο
401 1111 408 1119 .
424 1089 445 1124 i,
460 1091 491 1126 9,
515 1091 562 1119 11.

385 1133 561 1170 depromere.
603 1130 799 1170 quadrimum
831 1131 895 1161 Od.
924 1130 945 1165 i,
975 1132 1007 1164 9,
1036 1131 1068 1160 7.

344 1172 516 1203 Caecubum
539 1171 627 1202 cellis
644 1173 706 1202 Od.
728 1171 749 1208 i,
767 1173 819 1208 37,
833 1174 864 1203 5.
909 1182 979 1214 quae
997 1182 1068 1203 mox

337 1213 517 1255 depromere
532 1213 643 1254 possim
662 1214 720 1260 Ep.
735 1213 755 1249 i,
775 1215 804 1250 1,
823 1215 874 1244 12.

379 1258 582 1296 deproperare.
647 1265 717 1297 apio
741 1266 870 1286 coronas
893 1256 955 1287 od.
978 1255 1011 1293 ii,
1036 1258 1068 1292 7,

379 1341 566 1381 depugnare.
607 1338 704 1380 parati
721 1340 781 1380 Ep.
797 1339 830 1376 ii,
847 1341 876 1375 1,
898 1340 968 1370 184.

381 1383 517 1423 depygis.
562 1382 627 1411 Sat.
640 1380 662 1415 i,
678 1381 710 1416 2,
727 1383 780 1412 93.

377 1425 523 1454 deridere.
566 1422 620 1463 qui
644 1428 674 1453 te
693 1422 811 1453 deridet
829 1422 896 1452 Sat.
915 1421 949 1456 ii,
965 1423 997 1456 3,
1013 1422 1067 1452 53.

335 1464 420 1505 quod
435 1465 506 1506 quis
521 1464 638 1495 deridet
653 1465 712 1505 Ep.
728 1464 762 1500 ii,
780 1466 807 1499 l,
823 1465 896 1495 263.
927 1463 1063 1494 derisum

335 1507 430 1538 semel
455 1511 684 1548 exceptumque
707 1506 827 1537 sinistre
850 1507 910 1548 Ep.
934 1505 974 1535 ad
995 1506 1062 1536 Pis.

376 1592 521 1630 deripere.
558 1590 669 1631 pignus
684 1589 844 1631 dereptum
860 1588 984 1619 lacertis
1000 1589 1063 1619 Od.

334 1631 357 1668 i,
381 1634 414 1667 9,
436 1634 488 1662 23.
532 1632 621 1672 signa
641 1631 769 1672 derepta
791 1631 853 1661 Od.
874 1629 927 1665 iii,
943 1633 974 1664 5,
997 1631 1035 1661 21
1054 1641 1062 1667 ;

335 1674 396 1705 Od.
412 1674 454 1709 iv,
474 1675 524 1710 15,
542 1675 573 1704 7.
616 1673 794 1715 amphoram
810 1673 917 1703 horreo
933 1671 996 1702 Od.
1014 1672 1061 1708 iii,

333 1717 387 1751 28,
403 1717 433 1746 7.
477 1716 583 1746 lunam
598 1715 680 1746 coelo
697 1715 798 1756 Epod.
814 1716 846 1751 5,
862 1714 914 1744 46.
956 1714 1062 1744 lunam

333 1758 463 1788 vocibus
478 1758 553 1789 meis
570 1756 669 1799 Epod.
690 1757 739 1791 17,
757 1757 810 1787 78.

377 1801 499 1831 derisor.
545 1801 575 1836 1,
589 1798 643 1830 irni
667 1798 782 1829 derisor
795 1797 870 1829 lecti
892 1798 950 1839 Ep.
968 1797 990 1833 i,
1010 1799 1060 1833 18,

336 1842 385 1872 ll.
429 1843 460 1877 2,
483 1842 592 1883 εἴρων,
610 1845 645 1872 ut
668 1845 701 1871 tu
724 1850 845 1882 semper
866 1839 924 1870 eris
947 1840 1062 1871 derisor

334 1884 399 1914 Sat.
413 1883 446 1919 ii.
463 1885 494 1919 6,
509 1885 562 1915 54.
599 1882 716 1914 derisor
730 1892 802 1914 vero
817 1882 888 1924 plus
902 1882 1062 1913 laudatore

333 1931 475 1956 movetur
491 1927 552 1967 Ep.
567 1925 607 1956 ad
627 1924 693 1955 Pis.
711 1926 786 1955 433.

375 1969 520 1999 derivare.
548 1967 606 1999 hoc
623 1967 707 1998 sonte
721 1966 858 1998 derivata
872 1966 978 1997 clades
995 1965 1060 1997 Od.

333 2007 380 2043 iii,
393 2009 425 2044 6,
446 2010 497 2040 19.

374 2052 521 2081 desaevire.
572 2050 605 2080 in
637 2055 701 2081 arte
732 2050 851 2091 tragica
884 2050 945 2091 Ep.
975 2049 997 2085 i,
1027 2050 1059 2086 3,

374 2135 555 2164 descendere.
616 2134 644 2167 1,
679 2133 760 2164 coelo
792 2133 853 2164 Od.
886 2133 930 2168 iii,
963 2135 994 2170 4,
1029 2134 1059 2164 1.

331 2175 484 2206 descende
514 2178 546 2216 (e
573 2176 648 2205 cella
680 2177 812 2209 vinaria,
843 2187 906 2215 quae
935 2182 999 2205 erat
1026 2177 1059 2205 in

330 2220 480 2257 superiore
502 2219 609 2247 aedium
637 2217 742 2256 parte)
775 2217 838 2248 Od.
869 2217 914 2251 iii,
939 2218 994 2250 21,
1027 2217 1058 2246 7.

331 2259 534 2290 descenderet
552 2268 640 2289 sacra
659 2264 822 2289 catenatus
841 2258 891 2288 via
909 2257 1008 2299 Epod.
1028 2259 1059 2294 7,

332 2302 361 2331 7.
406 2311 466 2332 non
494 2301 571 2332 Afra
593 2300 658 2330 avis
680 2300 847 2331 descendat
868 2301 899 2330 in
922 2305 1059 2330 ventrem

331 2353 433 2374 meum
460 2343 562 2384 Epod.
589 2344 621 2379 2,
645 2343 696 2372 53.
741 2344 773 2377 2,
803 2354 831 2373 se
861 2342 996 2383 conferre
1027 2345 1058 2372 in

331 2386 438 2420 locum,
480 2387 627 2424 precipue
668 2385 857 2426 inferiorem.-
903 2383 964 2414 huc
1008 2384 1058 2423 (In

321 2427 475 2468 fornices)
492 2437 615 2467 aequum
636 2432 684 2456 est
706 2426 891 2457 descendere
909 2427 973 2456 Sat.
988 2424 1010 2459 i,
1026 2427 1057 2461 2,

331 2470 383 2499 34.
412 2468 463 2499 hic
478 2468 654 2508 generosior
668 2467 838 2499 descendat
854 2467 886 2497 in
904 2468 1057 2508 Campum

329 2510 440 2553 petitor
456 2510 519 2540 Od.
535 2510 580 2546 iii,
601 2511 627 2545 1,
647 2511 697 2540 ll.
741 2511 780 2540 ad
794 2520 877 2540 mare
891 2509 1058 2540 descendet

332 2558 416 2583 vates
450 2557 522 2582 tuus
557 2553 616 2592 Ep.
653 2552 675 2587 i,
710 2553 741 2586 7,
781 2553 830 2582 11.
889 2552 960 2591 fuge
994 2561 1056 2592 quo

329 2594 515 2625 descendere
538 2593 630 2634 gestis
653 2594 711 2634 Ep.
735 2594 757 2628 i,
780 2595 832 2629 20,
857 2595 887 2624 5.
930 2593 955 2624 si
981 2592 1057 2633 quid

328 2635 497 2677 scripseris,
536 2636 567 2666 in
608 2636 700 2666 Metii
739 2636 907 2666 descendat
941 2635 1058 2676 judicis

329 2688 418 2709 aures
434 2678 493 2719 Ep.
509 2678 548 2707 ad
565 2677 630 2708 Pis.
646 2678 720 2708 387.
756 2677 864 2708 frontis
876 2677 914 2708 ad
928 2677 1055 2707 urbanae

326 2719 475 2751 descendi
492 2720 618 2761 praemia
633 2720 692 2760 Ep.
708 2719 730 2755 i,
746 2720 778 2755 9,
797 2721 846 2750 ll.

370 2763 540 2793 describere.
587 2762 616 2796 l,
635 2761 718 2791 unde
734 2771 791 2801 ego
811 2761 888 2791 mira
909 2759 1056 2802 descripsi

327 2803 438 2835 docilis
459 2808 614 2845 praecepta
637 2803 703 2834 haec
726 2805 792 2833 Sat.
814 2802 846 2838 ii,
871 2804 902 2839 3,
924 2804 978 2833 34.
1023 2804 1054 2838 2,

327 2847 505 2876 inscribere.-
536 2844 689 2886 descripta
720 2845 836 2875 tabella
863 2846 928 2874 Sat.
955 2844 988 2879 ii,
1024 2845 1051 2879 l,

327 2889 381 2919 33.
426 2889 456 2924 3,
469 2889 648 2927 exprimere:
672 2886 804 2918 describi
820 2886 933 2927 dignus
951 2887 1014 2916 Sat.
1028 2885 1050 2922 i,

327 2932 357 2965 4,
390 2931 420 2961 3.
463 2930 548 2960 malo
572 2939 642 2970 quae
667 2929 763 2959 nollet
786 2929 921 2959 carmine
946 2938 1052 2967 quem-

875 212 1015 240 INDEX
1046 212 1303 241 VERBORUM.

1116 309 1211 340 quam
1234 298 1368 330 describi
1394 298 1454 340 Ep.
1475 297 1510 335 ii,
1538 298 1566 336 1,
1593 301 1664 332 154.
1710 300 1844 332 labentis

1115 349 1196 381 equo
1217 341 1367 372 describit
1387 341 1517 372 vulnera
1538 341 1646 372 Parthi
1668 343 1734 374 Sat.
1755 342 1790 378 ii,
1815 344 1846 378 1.

1118 383 1169 413 15.
1205 383 1331 424 pluvius
1345 382 1530 413 describitur
1545 393 1635 414 arcus
1651 385 1710 426 Ep.
1723 385 1763 416 nd
1779 384 1846 416 Pis.

1118 424 1168 454 18.
1221 426 1252 459 4,
1286 426 1482 455 constituere.-
1521 424 1692 466 descriptas
1723 436 1845 459 servare

1114 465 1197 496 vices
1213 466 1273 506 Ep.
1290 466 1329 496 ad
1342 465 1410 496 Pis.
1422 467 1474 496 86.

1155 509 1297 538 desecare.
1339 507 1522 548 particulam
1537 507 1675 548 undique
1687 509 1844 540 desectam

1114 547 1187 578 limo
1203 549 1314 580 addere
1330 549 1391 579 Od.
1405 549 1427 584 i,
1447 551 1498 584 16,
1518 550 1567 580 15.

1157 592 1298 622 deserere.
1341 590 1529 621 fastidiosam
1573 590 1694 632 copiam
1737 590 1844 623 desere

1115 631 1178 663 Od.
1199 631 1244 667 iii,
1269 634 1321 668 29,
1343 634 1374 663 9.
1419 633 1527 663 Venus
1549 633 1688 674 Cyprum
1710 632 1846 664 deseruit

1115 674 1177 704 od.
1196 673 1220 709 i,
1237 675 1287 710 19,
1305 675 1355 704 10.
1400 674 1501 704 locum
1522 673 1643 704 virtutis
1663 675 1724 716 Ep.
1745 674 1767 710 i,
1791 675 1842 711 16,

1115 715 1167 745 67.
1212 715 1293 746 viam
1312 715 1437 746 virtutis
1457 716 1519 746 od.
1538 715 1584 751 iii,
1605 717 1658 751 24,
1679 717 1732 747 44.
1774 727 1843 748 ves-

1111 756 1188 796 tigia
1202 757 1314 788 Graeca
1330 757 1397 788 ausi
1408 757 1548 788 deserere
1561 758 1623 798 Ep.
1638 758 1676 789 ad
1691 758 1758 789 Pis.
1768 759 1843 790 287.

1110 808 1177 829 raro
1220 800 1452 830 antecedentem
1495 799 1661 830 scelestum
1706 799 1842 831 deseruit

1110 839 1213 870 Poena
1241 841 1304 871 Od.
1330 842 1374 878 iii,
1398 842 1430 876 2,
1455 841 1506 872 32.
1548 841 1647 872 donec
1673 846 1703 872 te
1724 841 1845 873 deseret

1116 886 1191 911 aetas
1207 882 1265 923 Ep.
1281 881 1303 918 i,
1319 884 1372 917 20,
1391 884 1440 913 10.
1483 892 1541 914 nec
1561 882 1709 914 facundia
1723 883 1844 915 deseret

1115 922 1198 953 hunc
1215 924 1272 964 Ep.
1285 924 1324 954 ad
1342 925 1407 954 Pis.
1423 925 1476 954 41.

1157 967 1300 996 desertus.
1345 976 1415 1006 quae
1453 965 1575 996 deserta
1613 970 1646 998 et
1686 965 1843 1008 inhospita

1115 1011 1225 1047 tesqua
1253 1007 1352 1037 credis
1382 1008 1442 1048 Ep.
1470 1007 1493 1042 i,
1526 1009 1576 1043 14,
1611 1009 1660 1039 19.
1703 1013 1842 1039 vetustas

1113 1048 1173 1119 ξρ.
1204 1048 1236 1083 ii,
1265 1049 1296 1085 2,
1329 1050 1401 1079 118.
1445 1048 1554 1079 Gabiis
1579 1049 1726 1081 desertior
1752 1050 1842 1081 vicus

1131 1089 1140 1098 ³
1168 1111 1176 1119 .
1194 1089 1214 1123 i.
1233 1091 1284 1124 11,
1299 1091 1329 1119 7.

1145 1099 1330 1161 ¹desiderare.
1364 1130 1590 1162 desiderantem
1605 1131 1688 1173 quod
1704 1132 1780 1164 satis
1795 1138 1843 1164 est

1113 1171 1176 1203 Od.
1205 1172 1250 1209 iii,
1283 1175 1312 1208 1,
1342 1173 1393 1203 25.
1450 1172 1528 1214 quid
1557 1183 1615 1214 ego
1643 1179 1675 1204 et
1706 1175 1840 1217 populus

1113 1224 1234 1245 mecum
1254 1214 1407 1245 desideret
1428 1215 1490 1257 Ep.
1509 1214 1548 1246 ad
1568 1215 1634 1246 Pis.
1657 1216 1728 1247 153.
1771 1227 1842 1248 sex·

1113 1255 1197 1328 t7ilem
1233 1262 1331 1287 totum
1367 1257 1502 1288 mendax
1537 1256 1692 1288 desideror
1722 1258 1783 1300 Ep.
1818 1258 1840 1295 i,

1153 1342 1343 1371 desiderium.
1387 1339 1450 1371 cari
1472 1339 1584 1382 capitis
1606 1340 1669 1372 Od.
1691 1340 1714 1375 i,
1733 1341 1787 1376 24,
1809 1342 1840 1372 1.

1111 1381 1195 1411 urbis
1225 1383 1285 1424 Ep.
1310 1382 1334 1417 i,
1358 1383 1410 1417 14,
1437 1383 1493 1412 22.
1538 1392 1637 1424 nuper
1665 1393 1737 1423 quae
1762 1383 1839 1414 mihi

1111 1424 1250 1459 taedium,
1271 1434 1353 1454 nunc
1374 1423 1560 1454 desiderium
1584 1423 1645 1455 Od.
1666 1423 1689 1459 i,
1711 1425 1761 1460 14,
1788 1426 1839 1455 18.

1107 1465 1265 1495 desideriis
1306 1465 1370 1495 icta
1407 1465 1550 1496 fidelibus
1611 1465 1686 1496 atria
1724 1466 1839 1507 quaerit

1108 1507 1264 1538 Caesarem
1283 1506 1346 1537 Od.
1367 1506 1409 1542 iv,
1429 1509 1461 1542 5,
1480 1508 1532 1538 15.
1574 1475 1718 1538 disiderii
1738 1517 1836 1549 pocu-

1107 1548 1174 1578 lum
1192 1549 1294 1589 Epod.
1311 1549 1360 1584 17,
1378 1550 1430 1579 80.

1148 1591 1271 1621 desidia.
1314 1590 1442 1621 vitanda
1473 1594 1520 1621 est
1555 1590 1695 1632 improba
1735 1590 1837 1627 Siren,

1106 1631 1224 1662 desidia
1239 1633 1306 1662 Sat.
1321 1632 1354 1668 ii,
1371 1633 1403 1668 3,
1422 1632 1472 1662 14.

1148 1675 1304 1714 designare
1318 1672 1546 1714 (committere).

1105 1721 1171 1746 etas
1186 1716 1353 1756 designat!
1377 1717 1435 1757 Ep.
1449 1715 1470 1751 i,
1487 1717 1519 1751 5,
1538 1715 1587 1746 16.

1147 1760 1328 1798 designator.
1372 1757 1599 1798 designatorem
1624 1757 1750 1789 decorat
1776 1758 1833 1789 lic-

1106 1799 1224 1830 toribus
1239 1800 1312 1830 atris
1328 1801 1388 1841 Ep.
1403 1799 1425 1835 i,
1442 1800 1473 1834 7,
1490 1799 1523 1830 6.

1146 1843 1277 1873 desilire.
1319 1842 1400 1872 lecto
1427 1840 1550 1872 desiliat
1575 1839 1689 1872 mulier
1715 1841 1779 1873 Sat.
1812 1841 1834 1879 i,

1104 1884 1135 1918 2,
1154 1883 1226 1914 130.
1269 1883 1340 1914 altis
1355 1882 1478 1914 desilire
1496 1882 1632 1913 turribus
1652 1883 1757 1925 Epod.
1781 1885 1834 1919 17,

1104 1926 1157 1956 70.
1201 1925 1335 1967 lymphae
1365 1925 1513 1956 desiliunt
1537 1924 1598 1955 Od.
1625 1923 1670 1959 iii,
1699 1927 1751 1961 13,
1781 1926 1832 1957 16.

1104 1967 1178 1997 levis
1199 1973 1344 2009 crepante
1361 1966 1490 2008 lympha
1509 1965 1614 1997 desilit
1631 1965 1711 2008 pede
1732 1968 1833 2008 Epod.

1109 2010 1156 2046 16,
1179 2010 1231 2040 48.
1275 2019 1332 2040 nec
1355 2009 1480 2040 desilies
1501 2007 1636 2039 imitator
1657 2009 1690 2039 in
1712 2016 1831 2040 arctum

1103 2052 1162 2093 Ep.
1179 2051 1217 2082 ad
1235 2050 1301 2082 Pis.
1321 2053 1389 2082 134.

1144 2095 1288 2124 desinere.
1334 2095 1364 2128 1,
1387 2104 1412 2123 c.
1434 2093 1543 2133 influa
1568 2091 1630 2122 Od.
1651 2091 1673 2128 i,
1695 2093 1748 2128 23,
1773 2094 1832 2132 11;

1103 2135 1165 2165 Od.
1181 2135 1224 2168 iii.
1239 2136 1269 2171 3,
1290 2136 1354 2173 70;
1379 2134 1442 2165 Od.
1461 2134 1507 2169 iii,
1525 2134 1576 2169 15,
1597 2135 1637 2172 43
1661 2135 1723 2165 Od.
1740 2135 1782 2171 iv,
1802 2137 1830 2170 1,

1103 2179 1143 2213 43
1167 2177 1267 2218 Epod.
1285 2178 1335 2211 11,
1353 2178 1371 2206 8
1387 2187 1396 2214 3
1417 2178 1483 2207 Sat.
1499 2176 1564 2212 i,2,
1582 2176 1644 2213 78;
1668 2177 1734 2207 Sat.
1749 2175 1782 2213 ii,
1799 2178 1832 2213 3.

1102 2220 1187 2255 3233
1221 2220 1278 2259 Ep.
1304 2218 1326 2253 i,
1356 2219 1406 2254 18,
1429 2219 1483 2248 30.
1526 2229 1551 2248 c.
1577 2220 1694 2258 genit.:
1723 2218 1830 2250 desine

1102 2260 1297 2300 querelarum
1333 2259 1397 2290 Od.
1437 2259 1471 2293 ii,
1506 2261 1539 2294 9,
1575 2260 1624 2290 17.
1669 2261 1702 2294 2,
1730 2262 1828 2292 exire.-

1102 2301 1213 2333 mulier
1234 2302 1367 2332 formosa
1388 2301 1512 2332 desinat
1536 2301 1570 2331 in
1591 2307 1690 2332 atrum
1713 2302 1830 2344 piscem

1102 2345 1160 2385 Ep.
1177 2343 1216 2374 ad
1232 2343 1299 2374 Pis.
1315 2345 1346 2373 4.

1144 2387 1287 2424 desipere.
1334 2385 1364 2420 1,

1103 2437 1192 2467 aeque
1214 2437 1251 2457 ac
1271 2433 1302 2457 tu
1321 2427 1386 2457 Sat.
1405 2426 1438 2461 ii,
1459 2428 1491 2461 3,
1513 2427 1564 2456 47.
1607 2425 1722 2468 desipit
1744 2427 1828 2468 Ajax

1102 2468 1180 2499 ibid.
1201 2470 1275 2499 211.
1316 2468 1460 2509 2,falli.·
1482 2467 1596 2509 desipit
1613 2477 1711 2509 augur
1730 2470 1788 2511 Ep.
1805 2469 1827 2506 i,

1098 2512 1151 2548 20,
1176 2511 1207 2541 9.
1259 2512 1290 2544 3.
1323 2514 1412 2550 genio
1444 2511 1620 2550 indulgere:
1657 2510 1751 2542 dulce
1780 2517 1829 2542 est

1099 2551 1237 2593 desipere
1252 2552 1282 2582 in
1299 2552 1368 2582 loco
1385 2551 1446 2582 Od.
1460 2551 1501 2586 iv,
1523 2553 1570 2587 12,
1586 2552 1640 2582 28.

1142 2597 1290 2625 desistere.
1333 2593 1444 2634 injussi
1476 2603 1638 2634 nunquam
1674 2593 1827 2625 desistant

1101 2638 1165 2667 Sat.
1181 2637 1200 2670 i.
1218 2638 1249 2672 3,
1264 2637 1294 2666 3.
1340 2645 1413 2671 non,
1429 2635 1519 2666 hodie
1535 2635 1561 2665 si
1578 2635 1725 2666 exclusus
1741 2636 1826 2666 fuero

1100 2678 1243 2709 desistam
1269 2679 1335 2708 Sat.
1353 2677 1373 2712 i,
1389 2679 1421 2712 9,
1438 2679 1490 2708 58.
1534 2688 1559 2707 c.
1578 2677 1682 2717 ἐπιχέῃ..-
1706 2687 1743 2709 ex
1762 2687 1826 2719 quo

1099 2720 1204 2751 destiti
1217 2719 1348 2751 Inachia
1360 2719 1459 2750 furere
1474 2718 1574 2760 Epod.
1591 2720 1640 2753 11,
1656 2720 1689 2749 5.

1142 2765 1307 2801 desperare.
1351 2761 1396 2791 nil
1435 2761 1660 2802 desperandum
1705 2760 1825 2790 Teucro

1099 2804 1178 2835 duce
1196 2804 1257 2834 Od.
1276 2803 1298 2838 i,
1314 2804 1343 2838 7,
1362 2803 1415 2834 27.
1457 2802 1533 2843 quia
1551 2802 1694 2844 desperes
1716 2801 1823 2832 invicti

1095 2846 1231 2876 membra
1264 2845 1417 2886 Glyconis
1447 2846 1507 2886 Ep.
1538 2844 1560 2880 i,
1593 2845 1624 2879 1,
1657 2844 1707 2874 30.
1751 2853 1823 2884 quae

1095 2887 1239 2929 desperat
1259 2892 1390 2918 tractata
1416 2886 1562 2918 nitescere
1582 2895 1671 2927 posse
1695 2886 1755 2927 Ep.
1783 2885 1822 2916 ad

1098 2930 1163 2960 Pis.
1180 2930 1251 2959 150.

1589 1673 1665 1715 quid
1680 1683 1743 1705 non
1756 1674 1837 1706 ebri-

1402 2394 1497 2424 quare
1535 2394 1642 2414 omnes
1675 2384 1831 2426 desipiant
