1884 3288
633 212 858 257 LIBER
894 213 979 265 ΙΙΙ,
1009 214 1052 256 6.

1538 215 1618 256 143

363 318 462 361 Jam
482 319 549 360 bis
571 317 792 359 Monaeses
814 324 858 359 et
880 317 1038 359 Pacori
1060 330 1210 360 manus

278 387 332 430 10
363 387 468 430 Non
489 386 736 441 auspicatos
758 385 959 428 contudit
980 386 1168 441 impetus

419 454 626 503 Nostros,
648 461 692 495 et
714 453 928 509 adjecisse
949 455 1144 509 praedam

475 521 732 577 Torquibus
754 522 925 577 exiguis
948 522 1133 564 renidet.

336 586 493 633 'Paene
515 597 772 645 occupatam
794 590 1084 632 seditionibus

361 658 538 701 Delevit
559 659 712 700 urbem
733 658 886 700 Dacus
909 667 954 700 et
975 658 1189 715 AEthiops
1207 677 1217 701 :

279 728 332 770 15

419 727 507 770 Hic
527 727 667 769 classe
688 726 962 777 formidatus,
986 726 1057 769 ille

478 795 723 837 Missilibus
744 794 896 837 melior
908 796 1104 851 sagittis.

363 864 574 907 Fecunda
594 862 735 918 culpae
757 863 918 905 saecula
939 865 1114 919 nuptias

365 932 560 975 Primum
579 933 875 988 inquinavere,
898 939 942 974 et
962 947 1116 987 genuS,
1138 940 1182 975 et
1203 933 1379 975 domos:

423 1000 525 1043 Hoc
546 1000 667 1043 fonte
689 1000 884 1042 derivata
905 1000 1051 1042 clades

277 1069 336 1112 20

480 1069 533 1112 In
552 1070 737 1126 patriam
757 1069 1057 1125 populumque
1078 1070 1219 1112 fluxit.

363 1138 517 1180 Motus
538 1139 687 1182 doceri
708 1138 874 1194 gaudet
896 1137 1068 1180 Ionicos

368 1206 549 1249 Matura
569 1207 707 1263 virgo,
730 1214 774 1248 et
794 1206 976 1262 fingitur
998 1208 1166 1249 artibus
1184 1223 1193 1248 ε

119 1353 241 1386 9-12.
260 1354 333 1387 Jam
352 1357 397 1387 bis
417 1356 559 1387 Monoeses
579 1362 607 1388 et
634 1357 743 1388 Pacori
762 1369 825 1387 ma-

77 1406 150 1434 ma,
171 1402 248 1430 cett.
278 1398 329 1430 bis
352 1409 465 1442 nempe
493 1399 632 1430 Romani
656 1409 675 1430 a
697 1400 826 1431 Parthis

78 1439 144 1472 fusi
165 1446 262 1480 sunt3
285 1441 422 1485 primum
441 1442 570 1484 quidem
591 1442 672 1474 duce
696 1443 825 1478 Crasso,

78 1492 173 1526 quem
182 1483 301 1526 majore
311 1485 469 1517 exercitus
481 1485 620 1517 Romani
634 1491 721 1528 parte
731 1485 825 1517 inter-

78 1531 164 1558 emta
180 1527 267 1570 (vid.
288 1528 374 1560 vell.
390 1528 517 1560 Patere.
533 1529 568 1564 ii,
585 1528 644 1568 46)
663 1529 738 1560 vicit
761 1528 827 1561 dux

81 1568 210 1608 orodis,
224 1571 378 1608 Mona-aes,
390 1571 446 1614 qui
459 1572 555 1613 vulgo
571 1572 611 1603 ab
626 1571 828 1603 historiarum

79 1611 290 1656 neriptoribus
304 1614 424 1646 Surena
445 1615 643 1657 appellatur;
667 1614 726 1646 fuit
741 1615 828 1646 scili-

79 1661 135 1688 eet
156 1656 290 1693 Surena,
316 1663 352 1689 ut
383 1662 468 1689 recte
497 1657 580 1689 hanc
609 1657 828 1690 difficultatem

79 1697 261 1732 historicam
272 1700 340 1743 jam
355 1700 566 1742 expedierunt
580 1701 738 1744 Interpp.,
755 1701 830 1732 titu-

82 1741 147 1779 lut,
159 1753 226 1785 quo
241 1753 386 1774 summus
401 1743 468 1775 dux
482 1743 568 1786 apud
582 1743 717 1775 Parthos
731 1743 831 1784 insig-

82 1784 144 1817 niri
159 1785 304 1826 solebat5
327 1786 442 1818 deinde
460 1786 542 1818 duce
564 1786 717 1822 Antonio,
741 1788 833 1829 cujus

82 1828 253 1866 exercitus,
275 1835 446 1872 postquam
470 1830 541 1872 ejus
567 1830 692 1870 legatus
715 1830 834 1862 Didius

83 1871 170 1903 Saxa
190 1882 211 1903 a
233 1872 367 1910 Pacoro,
390 1871 473 1912 regis
497 1873 614 1904 Orodis
636 1873 701 1904 filio
725 1873 829 1904 fortis-

83 1913 176 1952 simo,
191 1921 287 1947 antea
302 1915 406 1948 victus
425 1916 537 1952 fuerat,
555 1916 620 1947 vid.
646 1916 711 1947 Dio
730 1916 831 1955 xlviii,

84 1958 129 1988 24
144 1967 218 2001 sqq.
231 1958 292 1990 sub
313 1958 412 2002 ipsius
430 1958 579 2002 deinceps
593 1959 725 2001 imperio
739 1970 832 2002 paene

85 2000 212 2033 deletus
229 2007 301 2033 est:
326 2002 390 2034 vid.
407 2001 473 2033 Dio
491 2002 568 2036 xlix.
584 2003 627 2033 24
643 2013 714 2044 sqq.
762 2003 832 2034 Non

84 2045 257 2086 auspicatos
285 2046 427 2077 contudit
458 2047 597 2086 impetus,
626 2045 834 2077 temeritatem

87 2092 240 2126 nostram,
262 2098 326 2130 qua
347 2087 549 2131 inauspicato
571 2093 604 2120 et
626 2095 738 2131 praeter
759 2088 834 2120 deo-

82 2138 156 2162 rum
171 2131 368 2163 voluntatem
388 2131 524 2163 Parthos
548 2131 677 2172 aggredi
694 2131 764 2163 ausi
780 2143 835 2163 su·

86 2182 171 2211 nus,
185 2173 322 2216 graviter
337 2174 403 2206 ulta
422 2182 471 2206 est
491 2175 603 2206 Pacori
627 2184 762 2206 manus:
787 2177 835 2206 in-

59 2227 68 2231 ·
84 2218 270 2258 auspicatos,
301 2217 418 2249 Crasso
447 2223 531 2249 certe
562 2218 664 2249 multa
691 2217 835 2260 prodigia

86 2268 162 2302 qun
176 2259 317 2292 funestas
331 2260 428 2302 hujus
447 2260 524 2292 belli
542 2261 650 2292 clades
667 2261 835 2303 portende-

85 2307 168 2340 καὶ,
184 2302 292 2335 oblata
303 2313 371 2335 esse
383 2303 551 2335 dicuntur:
579 2303 641 2335 vid.
658 2304 730 2335 Val.
742 2305 835 2336 Max.

86 2344 110 2385 i,
130 2346 164 2383 6,
189 2347 248 2386 11;
272 2346 357 2378 Flor.
376 2346 424 2384 iii,
445 2348 498 2378 ll.
544 2348 584 2378 Ee
601 2349 743 2388 adjecisse
756 2359 834 2388 prae-

46 2395 47 2398 ’
86 2389 158 2421 dem
175 2388 340 2431 Torquibus
355 2391 475 2430 eziguis
495 2393 627 2427 renidet,
644 2396 676 2422 et
695 2391 835 2422 Parthus

39 2447 50 2462 2
63 2446 75 2462 Δ·
88 2431 188 2464 animi
205 2432 257 2464 sui
271 2433 478 2476 voluptatem,
493 2434 579 2476 quod
600 2434 741 2476 praedam
766 2435 834 2466 Ro-

34 2468 66 2518 3÷3
87 2474 193 2526 inquis·
221 2475 397 2526 detractam
426 2477 550 2517 exiguis
573 2477 740 2518 torquibus
769 2477 836 2509 suis

28 2507 233 2604 §aaa
243 2519 606 2605 assasse..
621 2521 838 2605 agata?

32 2597 203 2649 ξὶ-Ἦηιὴι
231 2605 410 2643 Romanos,
439 2607 563 2648 equites
596 2606 752 2648 inprimis,
783 2618 838 2649 ge·

38 2651 191 2689 gimo
219 2654 366 2680 constat:
408 2649 451 2681 cs.
482 2649 541 2681 Sil.
572 2649 647 2680 Ital.
680 2661 733 2686 xv,
763 2651 839 2682 256.

31 2688 78 2719 ³³·
87 2688 241 2730 fluida.-
255 2692 383 2724 verbum
399 2694 539 2725 renidere
551 2692 688 2724 hominis
700 2693 840 2725 suaviter

35 2728 225 2778 J,·'›ffl0ndo
236 2745 272 2767 os
284 2735 465 2767 diducentis
476 2735 614 2778 speciem
625 2736 705 2768 bene
718 2736 837 2778 pingit:

31 2774 141 2826 &fgef-
155 2777 196 2810 ld
211 2777 334 2810 Catuli.
349 2779 458 2816 xxxix,
475 2780 508 2810 2.

31 2828 56 2863 'f
72 2816 118 2863 ’ξ
140 2820 278 2853 13-16,
299 2822 518 2858 Seditiom'bus,
538 2822 633 2853 bellis
647 2822 842 2854 domesticis.

35 2860 215 2907 ζψᾜσαισ,
238 2864 319 2896 refer
343 2864 385 2896 ad
411 2865 545 2900 bellum,
573 2865 660 2908 quod
691 2866 842 2898 Romano

30 2886 236 2951 Qwhpefio,
249 2907 290 2939 ad
305 2917 339 2939 se
353 2913 386 2939 et
399 2909 604 2951 Cleopatram
617 2908 843 2948 transferendo,

31 2949 216 3026 ⁴:71'ssmt
235 2949 419 2992 Antonius;
443 2951 476 2982 in
500 2952 571 2994 ejus
593 2951 733 2983 exercitu
757 2952 842 2984 enim

35 2989 90 3034 f..
195 2998 233 3032 t,
248 3003 328 3036 quos
343 2993 404 3025 sibi
420 2994 609 3038 adjunxerat
624 2994 707 3038 (vid.
727 2995 791 3027 Dio
806 2996 842 3033 li,

30 3034 67 3087 ᾖ
88 3032 171 3077 ’.12)
190 3035 283 3075 Daci,
294 3047 373 3079 gens
384 3038 629 3071 bellicosissima
642 3045 674 3070 et
686 3037 843 3071 Romanis

29 2921 59 2959 *ὁ

66 2924 75 2931 a

69 2943 74 2958 ἱ

872 1356 1100 1388 infestissima:
1125 1356 1168 1388 cf.
1186 1367 1259 1399 sup.
1275 1356 1297 1392 i,
1314 1357 1369 1392 35,
1385 1357 1418 1388 9.
1463 1355 1622 1395 AEthiops:

871 1410 926 1441 per
943 1400 1112 1442 AEtbiopes
1136 1400 1230 1441 (licet
1249 1399 1289 1431 ad
1314 1400 1472 1439 AEthiopiae
1494 1408 1624 1440 quoque

871 1443 994 1485 proprie
1007 1443 1052 1474 sic
1064 1443 1158 1474 dictae
1172 1442 1322 1474 terminos
1335 1447 1520 1484 potestatem
1532 1451 1622 1472 suam

871 1486 1051 1528 prorogavit
1067 1486 1242 1522 Antonius,
1260 1485 1323 1516 vid.
1340 1485 1506 1516 Plutarch.
1520 1484 1552 1515 iu
1567 1484 1624 1516 vit.

872 1529 994 1560 Auton.
1019 1541 1050 1572 p.
1072 1530 1156 1565 945)
1177 1529 1244 1571 jam
1265 1528 1471 1570 designantur
1495 1529 1623 1601 AEgff-

872 1571 921 1610 tii,
933 1572 1018 1614 quod
1028 1572 1104 1604 satis
1113 1573 1230 1604 docent
1242 1573 1339 1603 verba
1354 1570 1519 1613 sequentia
1534 1583 1541 1602 :
1598 1573 1624 1602 ic

872 1615 1176 1658 classeformidutus,
1191 1615 1223 1647 h.
1239 1626 1268 1647 e.
1286 1615 1445 1647 timendus
1460 1614 1624 1646 horrendae

872 1658 1102 1699 magnitudinis
1117 1659 1218 1690 classe
1235 1658 1303 1694 illa,
1319 1668 1414 1700 quam
1430 1663 1543 1688 contra
1555 1657 1624 1688 Ro-

874 1711 987 1732 manos
1003 1702 1204 1743 Cleopatram
1218 1701 1405 1732 instruxisse
1417 1706 1562 1732 constat:
1583 1700 1626 1732 cf.

877 1743 971 1785 Virg.
988 1745 1067 1776 AEn.
1082 1744 1148 1782 viii,
1164 1745 1227 1776 688
1244 1754 1315 1786 sqq.
1362 1744 1488 1780 Melior,
1504 1743 1625 1775 exerci-

876 1787 982 1824 tatior,
999 1787 1210 1829 praestantior.

925 1831 1063 1864 17—20.
1082 1831 1180 1862 Notat
1194 1836 1226 1862 et
1236 1829 1418 1872 perstringit
1431 1839 1516 1860 nunc
1532 1834 1626 1871 poeta

873 1872 1074 1905 libidinosam
1101 1874 1319 1905 Romanorum
1343 1873 1451 1907 vitam,
1469 1872 1509 1903 ad
1527 1882 1625 1914 quam

875 1916 1147 1958 perstringendam
1161 1916 1306 1959 periculi,
1325 1926 1344 1946 a
1357 1916 1511 1956 flagitiosa
1525 1917 1627 1946 Anto-

877 1959 922 1990 nii
951 1965 982 1991 et
1011 1960 1189 2002 Cleopatrae
1218 1959 1450 1991 consuetudine
1478 1958 1627 1989 Romano

876 2001 1007 2045 imperio
1076 2002 1283 2037 imminentis.
1329 2001 1628 2033 commemoratione

878 2046 1043 2077 commode
1061 2046 1121 2077 sibi
1144 2046 1228 2077 viam
1246 2044 1435 2076 muniverat.
1482 2045 1627 2075 Fecunda

878 2090 974 2129 cnlpoe
982 2091 1105 2125 saecula,
1115 2095 1191 2120 aetas
1203 2094 1320 2120 nostra.
1328 2094 1480 2129 tanquam
1491 2087 1629 2119 fecunda

880 2132 1069 2173 flagitiorum
1086 2138 1198 2167 mater,
1218 2132 1249 2163 h.
1265 2142 1293 2163 e.
1310 2131 1428 2172 flagitia
1445 2136 1537 2162 aetate
1553 2141 1627 2162 nos-

880 2180 929 2206 tra
942 2175 1230 2214 increbrescentia3
1255 2175 1400 2206 similiter
1419 2176 1561 2206 seculum
1578 2176 1626 2205 bo-

879 2220 927 2249 m's
941 2219 1168 2262 artibusferax
1187 2218 1268 2250 dixit
1292 2217 1416 2249 Plinius
1440 2219 1499 2260 Ep.
1514 2217 1556 2253 iv,
1576 2219 1628 2254 15,

880 2259 912 2292 8.
957 2262 1105 2302 Nuptias,
1122 2261 1391 2293 matrimoniorum
1406 2261 1480 2304 jura
1491 2266 1523 2292 et
1536 2270 1629 2292 sanc·

880 2303 1024 2344 titatem3
1052 2317 1160 2347 genus,
1185 2305 1219 2337 h.
1242 2316 1271 2336 e.
1294 2304 1425 2340 liberos,
1449 2304 1519 2347 qui,
1543 2305 1629 2346 quod

880 2355 1027 2389 parentes
1049 2348 1126 2380 vitia
1147 2359 1205 2379 sua
1226 2347 1267 2379 iis
1289 2347 1446 2383 inserunt,
1468 2349 1630 2388 inquinari

879 2390 1051 2422 dicuntur:
1082 2391 1114 2422 in
1138 2391 1341 2427 sententiam,
1363 2391 1442 2422 vitia
1463 2397 1629 2434 parentum

879 2433 913 2465 in
937 2433 1053 2466 liberos
1075 2435 1252 2478 ptopagari,
1276 2440 1415 2466 veterum
1443 2434 1630 2476 scriptorum

880 2477 1027 2520 exempla
1039 2479 1200 2519 congessit
1213 2478 1252 2510 ad
1267 2478 1299 2509 h.
1315 2477 1336 2509 l.
1346 2477 1481 2509 Mitsch.
1510 2478 1630 2513 Damas,

881 2520 1072 2552 familiarum
1090 2521 1307 2564 propaginem,
1324 2527 1467 2563 nepotes,
1511 2520 1564 2551 Sic
1579 2523 1631 2552 do-

883 2574 949 2594 mus
966 2565 1111 2596 Assaraci
1128 2565 1212 2608 apud
1239 2564 1330 2606 Virg.
1354 2565 1435 2595 AEn.
1453 2563 1475 2602 i,
1497 2565 1574 2598 284,
1592 2563 1632 2594 de

883 2606 955 2648 ejus
983 2607 1169 2650 propagine,
1201 2608 1370 2639 Romanis.
1429 2607 1468 2638 In
1497 2609 1632 2648 patriam

882 2651 1097 2692 populumque,
1112 2662 1169 2694 pro
1186 2651 1322 2693 vulgari,
1346 2651 1378 2682 in
1398 2650 1534 2682 salutem
1556 2660 1631 2681 cum

884 2693 1044 2735 publicam
1063 2699 1128 2725 tum
1149 2694 1326 2737 privatam;
1351 2694 1397 2726 sic
1421 2693 1571 2729 Bentleii,
1594 2693 1633 2724 de

884 2736 983 2767 otiosa
991 2737 1133 2778 ejusdem
1147 2738 1284 2769 notionis
1295 2737 1478 2780 repetitione
1491 2736 1632 2770 solliciti.

885 2780 1048 2817 correctio,
1069 2780 1166 2822 Inque
1187 2788 1290 2822 patres
1310 2782 1526 2822 populumque,
1549 2779 1635 2810 haud

885 2823 1065 2855 necessaria
1080 2830 1139 2856 est.
1178 2825 1447 2865 Deo-ivutafluoeit‚
1458 2823 1635 2864 elegantius

886 2876 942 2915 pro
973 2866 1108 2908 vulgari,
1139 2867 1279 2899 derivata
1307 2873 1367 2899 est.
1418 2868 1567 2899 Ceterum
1597 2865 1636 2896 de

885 2908 1052 2951 insigniter
1076 2916 1171 2942 aucto
1193 2911 1278 2953 apud
1304 2911 1471 2941 Romanos
1494 2908 1636 2940 moecho-

886 2962 956 2983 rum
994 2963 1124 2985 numero
1160 2953 1306 2996 queritur
1341 2963 1470 2995 quoque
1513 2951 1636 2983 Catuli.

887 2996 995 3028 Carm.
1009 2996 1098 3028 cxiii.

930 3040 1072 3071 21-24.
1098 3041 1202 3071 Motus
1226 3039 1353 3075 Ionicos,
1378 3039 1410 3069 h.
1435 3048 1464 3070 e.
1490 3036 1638 3068 lascivos.
