1904 3314
359 189 445 230 440

845 189 1376 233 EPISTULARUM

910 382 1225 424 EPISTOLA
1259 382 1315 423 11.

895 520 974 550 AD
1016 518 1339 550 LOLLIUM.

476 612 684 653 TROJANI
704 612 806 654 belli
826 613 1090 667 scriptorem,
1112 613 1291 652 maxime
1315 611 1441 660 Lolli,

477 679 592 719 Dum
614 688 660 721 tu
683 679 892 720 declamas
917 679 1081 728 Romae,
1105 679 1327 719 Praeneste
1347 677 1503 732 relegi;

476 745 579 795 Qui,
601 745 704 799 quid
726 746 779 785 sit
797 745 1036 799 pulchrum,
1059 745 1162 799 quid
1183 752 1324 799 turpe,
1347 745 1449 799 quid
1473 744 1590 794 utile,
1611 743 1715 798 quid
1736 759 1836 793 non,

478 811 653 852 Planius
675 826 724 852 ac
745 811 893 852 melius
917 812 1161 866 Chrysippo
1182 819 1225 852 et
1247 811 1457 852 Crantore
1479 812 1597 853 dicit.

421 878 447 918 5
478 877 566 918 Cur
586 878 646 918 ita
665 878 934 927 crediderim,
956 879 1036 919 nisi
1057 879 1160 932 quid
1182 885 1223 918 te
1246 879 1422 927 detinet,
1445 879 1559 920 audi.

477 942 653 992 Fabula,
675 958 759 996 qua
782 943 949 984 Paridis
970 950 1147 997 propter
1168 951 1365 984 narratur
1386 958 1571 985 amorem

478 1009 650 1050 Graecia
671 1009 892 1050 Barbariae
911 1009 1027 1050 lento
1049 1009 1194 1050 collisa
1214 1008 1373 1058 duello,

478 1074 714 1116 Stultorum
735 1090 884 1130 regum
906 1082 949 1116 et
968 1075 1222 1129 populorum
1244 1075 1433 1115 continet
1454 1082 1599 1115 aestus.

477 1141 674 1182 Antenor
695 1148 841 1182 censet
861 1141 962 1182 belli
982 1141 1216 1195 praecidere
1239 1155 1432 1182 causam:

396 1207 447 1246 10

479 1273 588 1327 Cogi
609 1288 735 1327 posse
757 1280 900 1327 negat.

477 1207 595 1253 Quid
619 1207 740 1248 Paris
759 1210 775 1248 ’ἐ
805 1214 853 1248 ut
875 1207 1014 1248 salvus
1036 1214 1186 1262 regnet
1207 1207 1403 1260 vivatque
1423 1208 1594 1255 beatus,

962 1273 1126 1314 Nestor
1147 1287 1401 1326 componere
1421 1272 1518 1314 lites

478 1339 596 1380 Inter
619 1339 797 1380 Peliden
818 1339 990 1380 festinat
1010 1346 1053 1380 et
1073 1340 1183 1379 inter
1204 1338 1415 1380 Atriden:

477 1406 610 1447 Hunc
631 1421 759 1456 amor,
781 1407 843 1446 ira
865 1406 1035 1459 quidem
1058 1406 1335 1446 communiter
1356 1406 1443 1446 urit
1463 1411 1705 1460 utrumque.

587 1572 807 1602 EPISTOLA
831 1572 876 1602 Π.

409 1611 582 1653 Postquam
601 1619 694 1654 poeta
707 1614 778 1644 vitae
793 1617 960 1655 praecepta,
979 1622 1049 1653 quae
1063 1611 1096 1642 in

367 1653 502 1684 Homero
524 1655 735 1691 continentur,
760 1655 898 1696 planiora
919 1659 950 1684 et
971 1654 1098 1684 meliora

366 1693 417 1728 iis,
442 1705 512 1735 quae
535 1696 709 1739 philosophi
731 1697 868 1732 tradunt,
890 1706 956 1727 esse
979 1695 1096 1731 docuit,

367 1735 433 1777 ipse
459 1747 552 1768 aurea
579 1744 744 1781 praecepta,
770 1739 809 1769 ad
837 1749 905 1779 quae
932 1738 994 1768 vita
1020 1737 1094 1768 diri-

366 1778 469 1818 genda
484 1780 535 1815 sit,
552 1781 655 1821 pueris
670 1780 825 1823 praecipue
839 1780 994 1822 proponit.

412 1822 503 1852 1—4.
531 1823 658 1853 Maxime
674 1824 764 1853 Lolli.
791 1823 919 1858 Lollius,
938 1823 986 1852 M.
1002 1821 1096 1852 Lollii

367 1862 522 1899 Palicani,
552 1870 586 1895 ut
617 1865 748 1901 videtur,
779 1864 918 1895 consulis
950 1875 1022 1895 cum
1055 1864 1097 1900 Q.

368 1903 499 1935 AEmilio
512 1906 641 1947 Lepido,
657 1907 752 1937 filius.
789 1907 931 1941 Maxime,
947 1916 991 1936 sc.
1008 1912 1095 1941 natu,

367 1950 401 1975 ut
422 1952 502 1977 recte
528 1948 686 1979 Gesnerns
710 1949 872 1986 observat;
897 1958 968 1978 nam
988 1948 1046 1978 inf.
1063 1947 1096 1978 in

369 1987 470 2027 Epist.
490 1990 540 2024 18,
557 1989 595 2020 ad
612 1990 742 2020 eundem
763 1990 900 2020 Lollium
925 1989 1052 2031 scripta,
1068 2000 1097 2021 v.

367 2029 408 2059 63
425 2029 525 2060 fratris
539 2031 674 2072 alicujus
688 2032 720 2062 fit
735 2032 863 2063 mentio.

409 2071 441 2101 2.
466 2072 632 2110 Declamas,
651 2073 866 2108 declamando,
886 2073 1011 2104 dicendi
1033 2079 1098 2104 arte

367 2113 532 2144 exerceris.
579 2115 734 2151 Praeneste,
765 2125 801 2145 eo
834 2115 918 2146 enim
950 2115 1097 2145 Horatius

366 2154 508 2186 secedere
522 2155 630 2196 ibique
646 2156 705 2186 sibi
721 2157 887 2196 Musisque
903 2156 1003 2187 vivere
1016 2156 1095 2188 sole-

369 2196 443 2226 bat:
468 2196 531 2227 vid.
548 2207 616 2238 sup.
634 2198 696 2229 Od.
712 2198 759 2235 iii,
777 2200 807 2233 4,
825 2199 878 2228 23.

411 2239 442 2269 3.
467 2239 549 2272 Quid
566 2242 605 2270 sit
625 2241 787 2279 pulchrum
809 2238 964 2281 (καλὸν),
986 2239 1096 2270 hones-

367 2285 455 2316 tum3
484 2287 582 2319 turpe,
613 2283 700 2318 utile,
729 2282 768 2312 de
798 2281 912 2322 quibus
938 2281 1099 2322 disputant

368 2321 558 2364 philosophi.

411 2365 444 2394 4.
467 2364 619 2394 Planius:
644 2364 758 2406 majore
789 2363 1019 2406 perspicuitate,
1042 2375 1097 2405 pro

366 2406 490 2445 planius
526 2404 579 2436 alii
615 2405 725 2446 legunt
757 2408 886 2446 plenius.
939 2406 1096 2437 Librarios

367 2453 451 2478 certe
462 2447 494 2478 in
511 2447 683 2479 scribendis
694 2449 822 2479 vocibus
832 2450 941 2488 planus
952 2454 982 2479 et
992 2450 1097 2488 plenus

368 2499 451 2531 saepe
470 2499 623 2531 peccasse,
639 2491 752 2520 docent
768 2491 910 2532 exempla
934 2489 1065 2522 collecta
1079 2501 1097 2521 a

368 2531 527 2562 Drakenb.
552 2532 591 2562 ad
616 2531 684 2562 Liv.
710 2532 752 2569 iv,
779 2533 831 2570 32,
859 2534 875 2572 §
903 2533 954 2563 10.
1000 2533 1095 2573 Chry-

366 2575 465 2614 sippo:
489 2573 528 2604 de
550 2583 588 2604 eo
603 2573 667 2604 vid.
693 2584 764 2616 sup.
786 2575 825 2605 ad
849 2575 914 2605 Sat.
934 2573 956 2609 i,
974 2575 1005 2610 3,
1024 2576 1096 2605 127.

370 2616 528 2651 Crantore,
570 2616 755 2647 Xenocratis
793 2616 958 2659 discipulo,
999 2616 1097 2647 nobili

367 2657 550 2699 philosopho
567 2658 766 2689 Academico.

410 2700 431 2730 6
451 2709 522 2741 sqq.
544 2699 601 2735 Iis,
622 2710 694 2740 quae
716 2710 799 2731 nune
821 2705 1006 2740 sequuntur,
1026 2700 1095 2742 pul-

356 2740 440 2774 ⁴chre
455 2741 600 2772 Horatius
614 2741 774 2772 exornavit
791 2742 975 2772 sententiam
991 2743 1071 2774 hanc
1086 2755 1093 2774 ε

370 2784 523 2814 Homerus
541 2783 692 2825 exemplis
707 2789 770 2814 tam
790 2782 942 2818 stultitiae,
959 2784 1096 2823 sceleris,

366 2824 518 2861 libidinis,
533 2830 566 2856 et
579 2826 644 2863 irae,
654 2835 748 2866 quarn
763 2825 947 2867 prudentiae,
960 2826 1095 2867 pietatiS,

365 2867 499 2904 virtutis,
508 2872 540 2899 et
551 2867 751 2899 continentiae
761 2866 882 2908 egregie
891 2867 1094 2904 adumbratis,

365 2914 397 2940 et
419 2915 490 2942 ante
507 2909 616 2942 oculos
636 2909 756 2951 positis,
772 2909 898 2951 planius
919 2914 950 2941 et
972 2910 1094 2948 melius,

1138 1580 1233 1611 quam
1257 1568 1443 1611 philosophi,
1479 1570 1531 1600 uid
1552 1572 1591 1601 sit
1610 1568 1783 1609 pulchrum,
1799 1572 1872 1612 quid

1139 1618 1239 1651 turpe,
1256 1613 1328 1652 quid
1346 1613 1433 1646 utile,
1471 1611 1567 1642 ocuit.

1182 1655 1279 1684 6—8.
1305 1654 1436 1690 Fabula,
1451 1665 1522 1694 qua,
1537 1658 1612 1685 cett.
1633 1652 1762 1685 Homeri
1783 1652 1871 1690 Ilias,

1141 1696 1194 1726 ubi
1211 1695 1335 1726 insertis
1352 1695 1467 1726 fabulis
1479 1701 1636 1727 enarratur
1648 1696 1768 1727 bellum
1780 1705 1871 1736 prop-

1138 1742 1183 1768 ter
1207 1737 1330 1768 Paridis
1354 1747 1488 1768 amorem
1512 1737 1576 1768 sive
1597 1742 1721 1780 propter
1741 1736 1871 1768 Helenae

1139 1784 1274 1820 raptum,
1288 1780 1367 1810 inter
1378 1779 1506 1810 Graecos
1515 1784 1547 1810 et
1555 1779 1705 1821 Trojanos
1716 1783 1869 1814 exortum,

1138 1827 1170 1852 et
1186 1822 1217 1852 in
1232 1822 1340 1852 decem
1360 1831 1458 1852 annos
1472 1826 1656 1858 extractum,
1672 1826 1736 1852 tam
1778 1819 1871 1851 rinei-

1140 1874 1213 1910 pum
1239 1874 1332 1904 quam
1356 1863 1539 1905 populorum
1565 1863 1660 1895 stulta
1683 1863 1816 1894 consilia
1841 1867 1874 1894 et

1140 1905 1292 1936 insaniam
1313 1911 1385 1936 ante
1405 1905 1514 1936 oculos
1537 1905 1636 1946 ponit.
1681 1905 1833 1936 Barbaria
1855 1914 1875 1936 a

1142 1947 1264 1978 Graecis
1279 1947 1398 1988 quaevis
1413 1946 1497 1987 regio
1516 1952 1601 1978 extra
1615 1946 1785 1983 Graeciam,
1801 1951 1833 1978 et
1852 1956 1871 1978 a

1141 1988 1293 2020 Romanis
1310 1989 1429 2030 quaevis
1443 1988 1528 2028 regio
1548 1994 1635 2020 extra
1654 1988 1779 2020 Italiam
1799 1988 1870 2024 sita,

1141 2030 1321 2062 nominatim
1349 2029 1498 2072 Phrygia,
1530 2030 1716 2072 appellatur.
1761 2031 1872 2062 collisa

1140 2073 1263 2113 gravius
1289 2078 1321 2103 et
1342 2071 1568 2114 significantius
1592 2083 1658 2114 pro,
1682 2072 1871 2111 commixta3

1140 2114 1194 2155 qui
1215 2114 1350 2145 invicem
1368 2125 1401 2145 se
1421 2118 1543 2156 petunt,
1558 2115 1765 2146 colliduntur.-
1788 2119 1870 2146 cete-

1139 2166 1207 2186 rum
1228 2156 1277 2187 hic
1293 2166 1401 2187 versus
1418 2162 1481 2186 tam
1505 2156 1546 2186 ob
1566 2155 1647 2188 hanc
1669 2155 1870 2191 locutionem,

1139 2207 1232 2238 quam
1252 2198 1292 2228 ob
1308 2197 1440 2239 priscam
1455 2207 1562 2229 vocem
1579 2199 1726 2234 duellum,
1742 2198 1870 2240 prodere

1140 2239 1263 2270 videtur
1279 2239 1428 2269 Ennium.

1182 2281 1213 2311 8.
1241 2281 1303 2310 Per
1331 2288 1433 2311 aestum
1462 2280 1603 2322 intellige
1628 2279 1871 2312 vehementiores

1141 2321 1236 2352 animi
1258 2322 1436 2353 affectiones
1459 2327 1490 2354 et
1512 2322 1588 2354 vitia
1608 2321 1642 2354 in
1667 2333 1699 2354 v.
1723 2322 1762 2354 15
1785 2331 1871 2352 com-

1140 2370 1320 2395 memorata.

1183 2407 1213 2436 9.
1237 2407 1371 2436 Antenor
1385 2413 1492 2440 censet,
1507 2409 1581 2436 cett.
1605 2405 1760 2442 Antenor,
1775 2414 1870 2436 senex

1140 2447 1344 2489 Trojanorum
1370 2447 1639 2489 prudentissimus¹
1663 2451 1768 2478 censet
1793 2457 1869 2478 cau-

1141 2499 1218 2527 sam,
1234 2500 1272 2521 ex
1286 2500 1348 2530 qua
1364 2489 1447 2520 bello
1461 2499 1479 2520 a
1495 2488 1616 2520 Graecis
1635 2493 1781 2531 petantur
1793 2489 1869 2520 Tro-

1136 2531 1217 2572 jani.
1242 2542 1259 2563 e
1287 2531 1388 2562 medio
1414 2531 1583 2563 tollendam
1608 2540 1695 2569 esse5
1721 2531 1871 2562 censebat

1140 2573 1262 2604 scilicet
1301 2574 1453 2608 Antenor.
1491 2572 1646 2604 Helenam
1682 2571 1868 2604 reddendam

1139 2625 1226 2647 esse:
1257 2615 1385 2647 Homer.
1412 2614 1505 2646 Iliad.
1531 2613 1584 2651 vii,
1609 2614 1671 2645 348
1701 2623 1770 2656 sqq.
1815 2615 1868 2646 Ad

1137 2660 1297 2698 proeciclere
1309 2657 1431 2699 supple,
1445 2657 1472 2687 T
1473 2655 1596 2697 rojanos
1611 2655 1736 2688 debere.

1185 2701 1235 2736 10,
1263 2701 1314 2731 ll.
1348 2700 1430 2734 Quid
1461 2698 1573 2729 Paris?
1606 2697 1692 2735 Quid
1715 2696 1806 2728 Paris
1829 2698 1868 2728 ad

1139 2741 1220 2773 hanc
1238 2740 1407 2772 Antenoris
1426 2739 1633 2772 sententiam!
1655 2745 1818 2782 repugnat,
1837 2744 1869 2770 et

1138 2788 1184 2820 ut,
1196 2783 1314 2815 reddita
1329 2783 1462 2818 Helena,
1475 2781 1581 2812 salvus
1592 2787 1698 2822 regnet
1709 2786 1742 2812 et
1757 2780 1867 2812 beatus

1138 2825 1234 2861 vivat,
1262 2823 1439 2867 persuaderi
1467 2823 1593 2854 omnino
1622 2821 1743 2864 nequit.
1790 2823 1865 2864 Cogi

1135 2878 1213 2907 posse
1239 2873 1347 2908 negat.-
1374 2877 1436 2897 non
1461 2865 1540 2896 dixit
1564 2863 1691 2907 quidem
1718 2863 1807 2895 Paris
1831 2874 1864 2896 se

1137 2909 1206 2950 cogi
1221 2919 1280 2941 non
1296 2918 1396 2951 posse,
1408 2907 1463 2939 sed
1479 2907 1697 2949 convenienter
1709 2905 1757 2937 his
1770 2905 1863 2938 dictis
