<?xml version="1.0" encoding="UTF-8"?>
<!DOCTYPE html PUBLIC "-//W3C//DTD XHTML 1.0 Transitional//EN"
    "http://www.w3.org/TR/xhtml1/DTD/xhtml1-transitional.dtd">
<html xmlns="http://www.w3.org/1999/xhtml" xml:lang="en" lang="en">
 <head>
  <title>
</title>
<meta http-equiv="Content-Type" content="text/html;charset=utf-8" />
  <meta name='ocr-system' content='tesseract 3.04.00' />
  <meta name='ocr-capabilities' content='ocr_page ocr_carea ocr_par ocr_line ocrx_word'/>
</head>
<body>
  <div class='ocr_page' id='page_1' title='image "./operahorac00horauoft_0484.png"; bbox 0 0 1904 3314; ppageno 0'>
   <div class='ocr_carea' id='block_1_1' title="bbox 294 198 380 239">
    <p class='ocr_par' dir='ltr' id='par_1_1' title="bbox 294 198 380 239">
     <span class='ocr_line' id='line_1_1' title="bbox 294 198 380 239; baseline 0.012 -1"><span class='ocrx_word' id='word_1_1' title='bbox 294 198 380 239; x_wconf 80' lang='lat'><strong>444</strong></span> 
     </span>
    </p>
   </div>
   <div class='ocr_carea' id='block_1_2' title="bbox 787 198 1311 242">
    <p class='ocr_par' dir='ltr' id='par_1_2' title="bbox 787 198 1311 242">
     <span class='ocr_line' id='line_1_2' title="bbox 787 198 1311 242; baseline 0.004 -2"><span class='ocrx_word' id='word_1_2' title='bbox 787 198 1311 242; x_wconf 88' lang='lat' dir='ltr'><strong>EPISTOLARUM</strong></span> 
     </span>
    </p>
   </div>
   <div class='ocr_carea' id='block_1_3' title="bbox 324 299 1629 621">
    <p class='ocr_par' dir='ltr' id='par_1_3' title="bbox 324 299 1629 621">
     <span class='ocr_line' id='line_1_3' title="bbox 324 299 1582 355; baseline 0.002 -14"><span class='ocrx_word' id='word_1_3' title='bbox 324 301 380 342; x_wconf 88' lang='lat'><strong>60</strong></span> <span class='ocrx_word' id='word_1_4' title='bbox 410 300 621 342; x_wconf 86' lang='lat' dir='ltr'><strong>Infectum</strong></span> <span class='ocrx_word' id='word_1_5' title='bbox 642 299 754 341; x_wconf 91' lang='lat' dir='ltr'><strong>volet</strong></span> <span class='ocrx_word' id='word_1_6' title='bbox 775 303 884 350; x_wconf 52' lang='lat' dir='ltr'><strong>esse.</strong></span> <span class='ocrx_word' id='word_1_7' title='bbox 907 301 1029 342; x_wconf 85' lang='lat' dir='ltr'><strong>dolor</strong></span> <span class='ocrx_word' id='word_1_8' title='bbox 1048 302 1164 355; x_wconf 88' lang='lat' dir='ltr'><strong>quod</strong></span> <span class='ocrx_word' id='word_1_9' title='bbox 1188 302 1369 342; x_wconf 83' lang='lat' dir='ltr'>suaserit</span> <span class='ocrx_word' id='word_1_10' title='bbox 1387 309 1430 342; x_wconf 90' lang='lat' dir='ltr'><strong>et</strong></span> <span class='ocrx_word' id='word_1_11' title='bbox 1450 316 1582 352; x_wconf 90' lang='lat' dir='ltr'><strong>mens,</strong></span> 
     </span>
     <span class='ocr_line' id='line_1_4' title="bbox 411 366 1381 421; baseline 0 -14"><span class='ocrx_word' id='word_1_12' title='bbox 411 367 529 408; x_wconf 91' lang='lat' dir='ltr'><strong>Dum</strong></span> <span class='ocrx_word' id='word_1_13' title='bbox 547 380 697 421; x_wconf 84' lang='lat' dir='ltr'><strong>poenas</strong></span> <span class='ocrx_word' id='word_1_14' title='bbox 719 366 818 407; x_wconf 87' lang='lat' dir='ltr'><strong>odio</strong></span> <span class='ocrx_word' id='word_1_15' title='bbox 839 381 917 420; x_wconf 89' lang='lat' dir='ltr'><strong>per</strong></span> <span class='ocrx_word' id='word_1_16' title='bbox 938 367 1018 407; x_wconf 89' lang='lat' dir='ltr'><strong>vim</strong></span> <span class='ocrx_word' id='word_1_17' title='bbox 1039 366 1212 407; x_wconf 81' lang='lat' dir='ltr'><strong>festinat</strong></span> <span class='ocrx_word' id='word_1_18' title='bbox 1231 366 1381 407; x_wconf 90' lang='lat' dir='ltr'><strong>inulto.</strong></span> 
     </span>
     <span class='ocr_line' id='line_1_5' title="bbox 412 430 1629 487; baseline 0 -13"><span class='ocrx_word' id='word_1_19' title='bbox 412 433 482 474; x_wconf 86' lang='lat' dir='ltr'><strong>Ira</strong></span> <span class='ocrx_word' id='word_1_20' title='bbox 502 432 620 473; x_wconf 85' lang='lat' dir='ltr'><strong>furor</strong></span> <span class='ocrx_word' id='word_1_21' title='bbox 640 433 780 473; x_wconf 86' lang='lat' dir='ltr'><strong>brevis</strong></span> <span class='ocrx_word' id='word_1_22' title='bbox 802 439 890 473; x_wconf 90' lang='lat' dir='ltr'><strong>est:</strong></span> <span class='ocrx_word' id='word_1_23' title='bbox 923 430 1105 474; x_wconf 85' lang='lat' dir='ltr'><strong>animum</strong></span> <span class='ocrx_word' id='word_1_24' title='bbox 1126 447 1249 487; x_wconf 83' lang='lat' dir='ltr'><strong>rege3</strong></span> <span class='ocrx_word' id='word_1_25' title='bbox 1282 434 1370 487; x_wconf 92' lang='lat' dir='ltr'><strong>qui,</strong></span> <span class='ocrx_word' id='word_1_26' title='bbox 1392 433 1472 473; x_wconf 90' lang='lat' dir='ltr'><strong>nisi</strong></span> <span class='ocrx_word' id='word_1_27' title='bbox 1491 439 1629 487; x_wconf 85' lang='lat' dir='ltr'><strong>paret,</strong></span> 
     </span>
     <span class='ocr_line' id='line_1_6' title="bbox 410 498 1562 553; baseline 0 -13"><span class='ocrx_word' id='word_1_28' title='bbox 410 500 620 552; x_wconf 85' lang='lat' dir='ltr'><strong>Imperat:</strong></span> <span class='ocrx_word' id='word_1_29' title='bbox 652 498 767 540; x_wconf 89' lang='lat' dir='ltr'><strong>hunc</strong></span> <span class='ocrx_word' id='word_1_30' title='bbox 788 498 932 547; x_wconf 87' lang='lat' dir='ltr'><strong>frenis,</strong></span> <span class='ocrx_word' id='word_1_31' title='bbox 955 499 1067 540; x_wconf 90' lang='lat' dir='ltr'><strong>hunc</strong></span> <span class='ocrx_word' id='word_1_32' title='bbox 1090 506 1136 540; x_wconf 88' lang='lat' dir='ltr'><strong>tu</strong></span> <span class='ocrx_word' id='word_1_33' title='bbox 1157 514 1378 553; x_wconf 87' lang='lat' dir='ltr'>compesce</span> <span class='ocrx_word' id='word_1_34' title='bbox 1400 506 1562 541; x_wconf 84' lang='lat' dir='ltr'><strong>catena.</strong></span> 
     </span>
     <span class='ocr_line' id='line_1_7' title="bbox 410 562 1500 621; baseline 0 -15"><span class='ocrx_word' id='word_1_35' title='bbox 410 562 554 619; x_wconf 86' lang='lat' dir='ltr'>Fingit</span> <span class='ocrx_word' id='word_1_36' title='bbox 572 579 728 618; x_wconf 91' lang='lat' dir='ltr'><strong>equum</strong></span> <span class='ocrx_word' id='word_1_37' title='bbox 749 572 896 606; x_wconf 87' lang='lat' dir='ltr'><strong>tenera</strong></span> <span class='ocrx_word' id='word_1_38' title='bbox 916 565 1095 606; x_wconf 88' lang='lat' dir='ltr'><strong>docilem</strong></span> <span class='ocrx_word' id='word_1_39' title='bbox 1115 566 1278 607; x_wconf 89' lang='lat' dir='ltr'><strong>cervice</strong></span> <span class='ocrx_word' id='word_1_40' title='bbox 1298 567 1500 621; x_wconf 86' lang='lat' dir='ltr'><strong>magister</strong></span> 
     </span>
    </p>
   </div>
   <div class='ocr_carea' id='block_1_4' title="bbox 325 632 1105 686">
    <p class='ocr_par' dir='ltr' id='par_1_4' title="bbox 325 632 1105 686">
     <span class='ocr_line' id='line_1_8' title="bbox 325 632 1105 686; baseline 0 -14"><span class='ocrx_word' id='word_1_41' title='bbox 325 633 380 673; x_wconf 89' lang='lat'><strong>65</strong></span> <span class='ocrx_word' id='word_1_42' title='bbox 409 632 479 672; x_wconf 88' lang='lat' dir='ltr'><strong>Ire</strong></span> <span class='ocrx_word' id='word_1_43' title='bbox 501 633 609 672; x_wconf 88' lang='lat' dir='ltr'><strong>viam</strong></span> <span class='ocrx_word' id='word_1_44' title='bbox 630 647 714 686; x_wconf 90' lang='lat' dir='ltr'><strong>qua</strong></span> <span class='ocrx_word' id='word_1_45' title='bbox 734 640 940 673; x_wconf 87' lang='lat' dir='ltr'><strong>monstret</strong></span> <span class='ocrx_word' id='word_1_46' title='bbox 962 647 1105 686; x_wconf 85' lang='lat' dir='ltr'><strong>eques.</strong></span> 
     </span>
    </p>
   </div>
   <div class='ocr_carea' id='block_1_5' title="bbox 1167 632 1599 686">
    <p class='ocr_par' dir='ltr' id='par_1_5' title="bbox 1167 632 1599 686">
     <span class='ocr_line' id='line_1_9' title="bbox 1167 632 1599 686; baseline 0.002 -14"><span class='ocrx_word' id='word_1_47' title='bbox 1167 632 1417 681; x_wconf 88' lang='lat' dir='ltr'><strong>Venaticus,</strong></span> <span class='ocrx_word' id='word_1_48' title='bbox 1438 647 1493 673; x_wconf 87' lang='lat' dir='ltr'><strong>ex</strong></span> <span class='ocrx_word' id='word_1_49' title='bbox 1513 647 1599 686; x_wconf 91' lang='lat' dir='ltr'><strong>quo</strong></span> 
     </span>
    </p>
   </div>
   <div class='ocr_carea' id='block_1_6' title="bbox 411 698 1410 753">
    <p class='ocr_par' dir='ltr' id='par_1_6' title="bbox 411 698 1410 753">
     <span class='ocr_line' id='line_1_10' title="bbox 411 698 1410 753; baseline 0 -14"><span class='ocrx_word' id='word_1_50' title='bbox 411 698 627 753; x_wconf 82' lang='lat' dir='ltr'><strong>Tempore</strong></span> <span class='ocrx_word' id='word_1_51' title='bbox 649 699 857 740; x_wconf 84' lang='lat' dir='ltr'><strong>cervinam</strong></span> <span class='ocrx_word' id='word_1_52' title='bbox 877 698 1030 752; x_wconf 90' lang='lat' dir='ltr'><strong>pellem</strong></span> <span class='ocrx_word' id='word_1_53' title='bbox 1049 698 1218 739; x_wconf 88' lang='lat' dir='ltr'><strong>latravit</strong></span> <span class='ocrx_word' id='word_1_54' title='bbox 1237 699 1279 739; x_wconf 92' lang='lat' dir='ltr'><strong>in</strong></span> <span class='ocrx_word' id='word_1_55' title='bbox 1300 699 1410 748; x_wconf 87' lang='lat' dir='ltr'><strong>aula,</strong></span> 
     </span>
    </p>
   </div>
   <div class='ocr_carea' id='block_1_7' title="bbox 411 764 970 805">
    <p class='ocr_par' dir='ltr' id='par_1_7' title="bbox 411 764 970 805">
     <span class='ocr_line' id='line_1_11' title="bbox 411 764 970 805; baseline -0.002 0"><span class='ocrx_word' id='word_1_56' title='bbox 411 764 573 805; x_wconf 80' lang='lat' dir='ltr'><strong>Militat</strong></span> <span class='ocrx_word' id='word_1_57' title='bbox 592 765 635 805; x_wconf 91' lang='lat' dir='ltr'><strong>in</strong></span> <span class='ocrx_word' id='word_1_58' title='bbox 657 764 770 805; x_wconf 88' lang='lat' dir='ltr'><strong>silvis</strong></span> <span class='ocrx_word' id='word_1_59' title='bbox 792 764 970 805; x_wconf 85' lang='lat' dir='ltr'><strong>catulus.</strong></span> 
     </span>
    </p>
   </div>
   <div class='ocr_carea' id='block_1_8' title="bbox 1031 764 1472 818">
    <p class='ocr_par' dir='ltr' id='par_1_8' title="bbox 1031 764 1472 818">
     <span class='ocr_line' id='line_1_12' title="bbox 1031 764 1472 818; baseline 0.002 -14"><span class='ocrx_word' id='word_1_60' title='bbox 1031 764 1162 806; x_wconf 90' lang='lat' dir='ltr'><strong>Nunc</strong></span> <span class='ocrx_word' id='word_1_61' title='bbox 1183 765 1340 805; x_wconf 83' lang='lat' dir='ltr'><strong>adhibe</strong></span> <span class='ocrx_word' id='word_1_62' title='bbox 1361 779 1472 818; x_wconf 84' lang='lat' dir='ltr'><strong>puro</strong></span> 
     </span>
    </p>
   </div>
   <div class='ocr_carea' id='block_1_9' title="bbox 411 830 1518 947">
    <p class='ocr_par' dir='ltr' id='par_1_9' title="bbox 411 830 1518 947">
     <span class='ocr_line' id='line_1_13' title="bbox 411 830 1486 884; baseline 0 -13"><span class='ocrx_word' id='word_1_63' title='bbox 411 831 593 872; x_wconf 82' lang='lat' dir='ltr'><strong>Pectore</strong></span> <span class='ocrx_word' id='word_1_64' title='bbox 614 832 744 871; x_wconf 84' lang='lat' dir='ltr'><strong>verba</strong></span> <span class='ocrx_word' id='word_1_65' title='bbox 759 846 880 884; x_wconf 90' lang='lat' dir='ltr'><strong>puer,</strong></span> <span class='ocrx_word' id='word_1_66' title='bbox 902 845 1014 871; x_wconf 89' lang='lat' dir='ltr'><strong>nunc</strong></span> <span class='ocrx_word' id='word_1_67' title='bbox 1035 838 1077 871; x_wconf 92' lang='lat' dir='ltr'><strong>te</strong></span> <span class='ocrx_word' id='word_1_68' title='bbox 1097 830 1342 872; x_wconf 90' lang='lat' dir='ltr'><strong>melioribus</strong></span> <span class='ocrx_word' id='word_1_69' title='bbox 1365 830 1486 872; x_wconf 84' lang='lat' dir='ltr'><strong>offer.</strong></span> 
     </span>
     <span class='ocr_line' id='line_1_14' title="bbox 414 897 1518 947; baseline 0.001 -10"><span class='ocrx_word' id='word_1_70' title='bbox 414 897 514 943; x_wconf 83' lang='lat' dir='ltr'><strong>Quo</strong></span> <span class='ocrx_word' id='word_1_71' title='bbox 535 897 663 938; x_wconf 89' lang='lat' dir='ltr'><strong>semel</strong></span> <span class='ocrx_word' id='word_1_72' title='bbox 684 905 749 938; x_wconf 88' lang='lat' dir='ltr'><strong>est</strong></span> <span class='ocrx_word' id='word_1_73' title='bbox 769 898 930 939; x_wconf 88' lang='lat' dir='ltr'><strong>imbuta</strong></span> <span class='ocrx_word' id='word_1_74' title='bbox 950 912 1112 947; x_wconf 81' lang='lat' dir='ltr'><strong>recenS,</strong></span> <span class='ocrx_word' id='word_1_75' title='bbox 1135 898 1322 938; x_wconf 86' lang='lat' dir='ltr'><strong>servabit</strong></span> <span class='ocrx_word' id='word_1_76' title='bbox 1342 898 1518 938; x_wconf 87' lang='lat' dir='ltr'><strong>odorem</strong></span> 
     </span>
    </p>
   </div>
   <div class='ocr_carea' id='block_1_10' title="bbox 327 963 654 1004">
    <p class='ocr_par' dir='ltr' id='par_1_10' title="bbox 327 963 654 1004">
     <span class='ocr_line' id='line_1_15' title="bbox 327 963 654 1004; baseline -0.003 0"><span class='ocrx_word' id='word_1_77' title='bbox 327 964 382 1004; x_wconf 78' lang='lat'><strong>70</strong></span> <span class='ocrx_word' id='word_1_78' title='bbox 411 963 547 1004; x_wconf 79' lang='lat' dir='ltr'><strong>Testa</strong></span> <span class='ocrx_word' id='word_1_79' title='bbox 567 964 654 1004; x_wconf 90' lang='lat' dir='ltr'><strong>diu.</strong></span> 
     </span>
    </p>
   </div>
   <div class='ocr_carea' id='block_1_11' title="bbox 716 963 1551 1013">
    <p class='ocr_par' dir='ltr' id='par_1_11' title="bbox 716 963 1551 1013">
     <span class='ocr_line' id='line_1_16' title="bbox 716 963 1551 1013; baseline 0.001 -9"><span class='ocrx_word' id='word_1_80' title='bbox 716 963 885 1010; x_wconf 84' lang='lat' dir='ltr'>Quodsi</span> <span class='ocrx_word' id='word_1_81' title='bbox 906 979 1063 1013; x_wconf 88' lang='lat' dir='ltr'><strong>cessas,</strong></span> <span class='ocrx_word' id='word_1_82' title='bbox 1086 970 1159 1004; x_wconf 85' lang='lat' dir='ltr'><strong>aut</strong></span> <span class='ocrx_word' id='word_1_83' title='bbox 1181 971 1379 1005; x_wconf 84' lang='lat' dir='ltr'><strong>strenuus</strong></span> <span class='ocrx_word' id='word_1_84' title='bbox 1401 965 1551 1011; x_wconf 87' lang='lat' dir='ltr'><strong>anteis,</strong></span> 
     </span>
    </p>
   </div>
   <div class='ocr_carea' id='block_1_12' title="bbox 413 1029 1545 1084">
    <p class='ocr_par' dir='ltr' id='par_1_12' title="bbox 413 1029 1545 1084">
     <span class='ocr_line' id='line_1_17' title="bbox 413 1029 1545 1084; baseline 0 -14"><span class='ocrx_word' id='word_1_85' title='bbox 413 1029 510 1070; x_wconf 92' lang='lat' dir='ltr'><strong>Nec</strong></span> <span class='ocrx_word' id='word_1_86' title='bbox 532 1029 699 1070; x_wconf 85' lang='lat' dir='ltr'><strong>tardum</strong></span> <span class='ocrx_word' id='word_1_87' title='bbox 721 1030 935 1084; x_wconf 87' lang='lat' dir='ltr'><strong>opperior,</strong></span> <span class='ocrx_word' id='word_1_88' title='bbox 958 1044 1036 1070; x_wconf 91' lang='lat' dir='ltr'><strong>nec</strong></span> <span class='ocrx_word' id='word_1_89' title='bbox 1056 1030 1400 1083; x_wconf 78' lang='lat' dir='ltr'><strong>praecedentibus</strong></span> <span class='ocrx_word' id='word_1_90' title='bbox 1419 1031 1545 1071; x_wconf 89' lang='lat' dir='ltr'><strong>insto.</strong></span> 
     </span>
    </p>
   </div>
   <div class='ocr_carea' id='block_1_13' title="bbox 845 1238 1271 1280">
    <p class='ocr_par' dir='ltr' id='par_1_13' title="bbox 845 1238 1271 1280">
     <span class='ocr_line' id='line_1_18' title="bbox 845 1238 1271 1280; baseline 0.005 -2"><span class='ocrx_word' id='word_1_91' title='bbox 845 1238 1159 1279; x_wconf 88' lang='lat' dir='ltr'><strong>EPISTOLA</strong></span> <span class='ocrx_word' id='word_1_92' title='bbox 1191 1239 1271 1280; x_wconf 90' lang='lat'><strong>111.</strong></span> 
     </span>
    </p>
   </div>
   <div class='ocr_carea' id='block_1_14' title="bbox 746 1365 1360 1398">
    <p class='ocr_par' dir='ltr' id='par_1_14' title="bbox 746 1365 1360 1398">
     <span class='ocr_line' id='line_1_19' title="bbox 746 1365 1360 1398; baseline 0 -2"><span class='ocrx_word' id='word_1_93' title='bbox 746 1366 817 1396; x_wconf 89' lang='lat' dir='ltr'><strong>AD</strong></span> <span class='ocrx_word' id='word_1_94' title='bbox 863 1365 1072 1396; x_wconf 88' lang='lat' dir='ltr'>JULIUM</span> <span class='ocrx_word' id='word_1_95' title='bbox 1119 1365 1360 1398; x_wconf 81' lang='lat' dir='ltr'><strong>FLORUM.</strong></span> 
     </span>
    </p>
   </div>
   <div class='ocr_carea' id='block_1_15' title="bbox 417 1479 1418 1600">
    <p class='ocr_par' dir='ltr' id='par_1_15' title="bbox 417 1479 1418 1600">
     <span class='ocr_line' id='line_1_20' title="bbox 417 1479 1371 1534; baseline -0.001 -14"><span class='ocrx_word' id='word_1_96' title='bbox 417 1480 522 1520; x_wconf 78' lang='lat' dir='ltr'>JULI</span> <span class='ocrx_word' id='word_1_97' title='bbox 546 1479 685 1529; x_wconf 86' lang='lat' dir='ltr'><strong>Flore,</strong></span> <span class='ocrx_word' id='word_1_98' title='bbox 708 1480 864 1534; x_wconf 88' lang='lat' dir='ltr'><strong>quibus</strong></span> <span class='ocrx_word' id='word_1_99' title='bbox 887 1486 1097 1519; x_wconf 84' lang='lat' dir='ltr'><strong>terrarum</strong></span> <span class='ocrx_word' id='word_1_100' title='bbox 1117 1479 1267 1519; x_wconf 87' lang='lat' dir='ltr'><strong>militet</strong></span> <span class='ocrx_word' id='word_1_101' title='bbox 1287 1480 1371 1519; x_wconf 86' lang='lat' dir='ltr'><strong>oris</strong></span> 
     </span>
     <span class='ocr_line' id='line_1_21' title="bbox 421 1545 1418 1600; baseline 0 -14"><span class='ocrx_word' id='word_1_102' title='bbox 421 1546 642 1595; x_wconf 85' lang='lat' dir='ltr'><strong>Claudius,</strong></span> <span class='ocrx_word' id='word_1_103' title='bbox 663 1545 852 1600; x_wconf 85' lang='lat' dir='ltr'><strong>Augusti</strong></span> <span class='ocrx_word' id='word_1_104' title='bbox 872 1546 1105 1600; x_wconf 87' lang='lat' dir='ltr'><strong>privignus,</strong></span> <span class='ocrx_word' id='word_1_105' title='bbox 1128 1546 1236 1587; x_wconf 88' lang='lat' dir='ltr'><strong>scire</strong></span> <span class='ocrx_word' id='word_1_106' title='bbox 1257 1546 1418 1587; x_wconf 86' lang='lat' dir='ltr'><strong>laboro.</strong></span> 
     </span>
    </p>
   </div>
   <div class='ocr_carea' id='block_1_16' title="bbox 306 1665 1054 2968">
    <p class='ocr_par' dir='ltr' id='par_1_16' title="bbox 306 1665 1041 1998">
     <span class='ocr_line' id='line_1_22' title="bbox 306 1665 1040 1706; baseline -0.001 -10"><span class='ocrx_word' id='word_1_107' title='bbox 306 1667 423 1706; x_wconf 78' lang='lat' dir='ltr'><strong>parasti</strong></span> <span class='ocrx_word' id='word_1_108' title='bbox 449 1665 544 1696; x_wconf 76' lang='lat' dir='ltr'><strong>Tanto</strong></span> <span class='ocrx_word' id='word_1_109' title='bbox 572 1667 666 1705; x_wconf 79' lang='lat' dir='ltr'><strong>plura</strong></span> <span class='ocrx_word' id='word_1_110' title='bbox 689 1667 784 1705; x_wconf 83' lang='lat' dir='ltr'><strong>cupis.</strong></span> <span class='ocrx_word' id='word_1_111' title='bbox 829 1666 952 1695; x_wconf 81' lang='lat' dir='ltr'><strong>Certum</strong></span> <span class='ocrx_word' id='word_1_112' title='bbox 976 1671 1040 1695; x_wconf 78' lang='lat' dir='ltr'><strong>voto</strong></span> 
     </span>
     <span class='ocr_line' id='line_1_23' title="bbox 306 1706 1040 1748; baseline -0.004 -9"><span class='ocrx_word' id='word_1_113' title='bbox 306 1709 497 1748; x_wconf 79' lang='lat' dir='ltr'><strong>petefinem:</strong></span> <span class='ocrx_word' id='word_1_114' title='bbox 521 1713 638 1738; x_wconf 88' lang='lat' dir='ltr'><strong>certum</strong></span> <span class='ocrx_word' id='word_1_115' title='bbox 654 1707 746 1738; x_wconf 89' lang='lat' dir='ltr'><strong>finem</strong></span> <span class='ocrx_word' id='word_1_116' title='bbox 763 1712 834 1738; x_wconf 86' lang='lat' dir='ltr'><strong>ante</strong></span> <span class='ocrx_word' id='word_1_117' title='bbox 851 1707 959 1738; x_wconf 87' lang='lat' dir='ltr'><strong>oculos</strong></span> <span class='ocrx_word' id='word_1_118' title='bbox 982 1706 1040 1737; x_wconf 88' lang='lat' dir='ltr'><strong>tibi</strong></span> 
     </span>
     <span class='ocr_line' id='line_1_24' title="bbox 308 1748 1039 1791; baseline -0.003 -11"><span class='ocrx_word' id='word_1_119' title='bbox 308 1760 390 1791; x_wconf 89' lang='lat' dir='ltr'><strong>pone</strong></span> <span class='ocrx_word' id='word_1_120' title='bbox 414 1748 656 1790; x_wconf 84' lang='lat' dir='ltr'><strong>assequendum,</strong></span> <span class='ocrx_word' id='word_1_121' title='bbox 679 1749 718 1780; x_wconf 86' lang='lat' dir='ltr'><strong>ad</strong></span> <span class='ocrx_word' id='word_1_122' title='bbox 744 1748 939 1779; x_wconf 82' lang='lat' dir='ltr'><strong>notissimum</strong></span> <span class='ocrx_word' id='word_1_123' title='bbox 961 1748 1039 1779; x_wconf 88' lang='lat' dir='ltr'><strong>illud</strong></span> 
     </span>
     <span class='ocr_line' id='line_1_25' title="bbox 309 1790 1040 1834; baseline -0.001 -12"><span class='ocrx_word' id='word_1_124' title='bbox 309 1797 511 1834; x_wconf 81' lang='lat' dir='ltr'><strong>praeceptum,</strong></span> <span class='ocrx_word' id='word_1_125' title='bbox 534 1801 603 1832; x_wconf 87' lang='lat' dir='ltr'><strong>sup.</strong></span> <span class='ocrx_word' id='word_1_126' title='bbox 619 1792 684 1822; x_wconf 86' lang='lat' dir='ltr'><strong>Sat.</strong></span> <span class='ocrx_word' id='word_1_127' title='bbox 701 1790 722 1826; x_wconf 90' lang='lat' dir='ltr'><strong>i,</strong></span> <span class='ocrx_word' id='word_1_128' title='bbox 743 1792 772 1825; x_wconf 89' lang='lat'><strong>1,</strong></span> <span class='ocrx_word' id='word_1_129' title='bbox 792 1792 863 1827; x_wconf 88' lang='lat'>106,</span> <span class='ocrx_word' id='word_1_130' title='bbox 890 1791 963 1827; x_wconf 89' lang='lat'>107,</span> <span class='ocrx_word' id='word_1_131' title='bbox 987 1790 1040 1821; x_wconf 84' lang='lat' dir='ltr'><strong>Est</strong></span> 
     </span>
     <span class='ocr_line' id='line_1_26' title="bbox 310 1833 1039 1874; baseline 0 -11"><span class='ocrx_word' id='word_1_132' title='bbox 310 1835 411 1864; x_wconf 84' lang='lat' dir='ltr'><strong>modus</strong></span> <span class='ocrx_word' id='word_1_133' title='bbox 434 1835 467 1863; x_wconf 84' lang='lat' dir='ltr'><strong>in</strong></span> <span class='ocrx_word' id='word_1_134' title='bbox 491 1834 589 1869; x_wconf 83' lang='lat' dir='ltr'><strong>rebus,</strong></span> <span class='ocrx_word' id='word_1_135' title='bbox 613 1839 683 1864; x_wconf 81' lang='lat' dir='ltr'><strong>sunt</strong></span> <span class='ocrx_word' id='word_1_136' title='bbox 707 1835 782 1863; x_wconf 81' lang='lat' dir='ltr'><strong>certi</strong></span> <span class='ocrx_word' id='word_1_137' title='bbox 806 1834 931 1873; x_wconf 79' lang='lat' dir='ltr'><strong>denique</strong></span> <span class='ocrx_word' id='word_1_138' title='bbox 945 1833 1039 1874; x_wconf 70' lang='lat' dir='ltr'><strong>fines,</strong></span> 
     </span>
     <span class='ocr_line' id='line_1_27' title="bbox 312 1875 1038 1916; baseline 0.001 -12"><span class='ocrx_word' id='word_1_139' title='bbox 312 1875 390 1909; x_wconf 82' lang='lat' dir='ltr'><strong>Quos</strong></span> <span class='ocrx_word' id='word_1_140' title='bbox 413 1877 498 1905; x_wconf 81' lang='lat' dir='ltr'><strong>ultra</strong></span> <span class='ocrx_word' id='word_1_141' title='bbox 522 1878 656 1915; x_wconf 77' lang='lat' dir='ltr'><strong>citraque</strong></span> <span class='ocrx_word' id='word_1_142' title='bbox 679 1877 783 1916; x_wconf 78' lang='lat' dir='ltr'><strong>nequit</strong></span> <span class='ocrx_word' id='word_1_143' title='bbox 805 1877 960 1906; x_wconf 78' lang='lat' dir='ltr'><strong>consistere</strong></span> <span class='ocrx_word' id='word_1_144' title='bbox 974 1886 1038 1906; x_wconf 81' lang='lat' dir='ltr'><strong>‘rec-</strong></span> 
     </span>
     <span class='ocr_line' id='line_1_28' title="bbox 311 1916 1041 1957; baseline 0.001 -11"><span class='ocrx_word' id='word_1_145' title='bbox 311 1923 376 1947; x_wconf 82' lang='lat' dir='ltr'><strong>tum</strong></span> <span class='ocrx_word' id='word_1_146' title='bbox 387 1930 395 1946; x_wconf 88' lang='lat'><strong><em>:</em></strong></span> <span class='ocrx_word' id='word_1_147' title='bbox 419 1916 451 1946; x_wconf 87' lang='lat' dir='ltr'><strong>in</strong></span> <span class='ocrx_word' id='word_1_148' title='bbox 467 1917 573 1948; x_wconf 84' lang='lat' dir='ltr'><strong>eadem</strong></span> <span class='ocrx_word' id='word_1_149' title='bbox 587 1919 654 1948; x_wconf 85' lang='lat' dir='ltr'><strong>Sat.</strong></span> <span class='ocrx_word' id='word_1_150' title='bbox 667 1918 759 1953; x_wconf 85' lang='lat' dir='ltr'><strong>v.92‚</strong></span> <span class='ocrx_word' id='word_1_151' title='bbox 775 1919 910 1957; x_wconf 84' lang='lat' dir='ltr'><strong>Denique</strong></span> <span class='ocrx_word' id='word_1_152' title='bbox 920 1918 1041 1956; x_wconf 81' lang='lat' dir='ltr'><strong>sitfinis</strong></span> 
     </span>
     <span class='ocr_line' id='line_1_29' title="bbox 311 1960 474 1998; baseline -0.006 -9"><span class='ocrx_word' id='word_1_153' title='bbox 311 1960 474 1998; x_wconf 71' lang='lat' dir='ltr'><strong>quterendi.</strong></span> 
     </span>
    </p>

    <p class='ocr_par' dir='ltr' id='par_1_17' title="bbox 311 1999 1047 2414">
     <span class='ocr_line' id='line_1_30' title="bbox 354 1999 1041 2042; baseline -0.001 -11"><span class='ocrx_word' id='word_1_154' title='bbox 354 2001 407 2035; x_wconf 86' lang='lat'><strong>57,</strong></span> <span class='ocrx_word' id='word_1_155' title='bbox 425 2001 478 2030; x_wconf 83' lang='lat'><strong>58.</strong></span> <span class='ocrx_word' id='word_1_156' title='bbox 507 2000 698 2036; x_wconf 76' lang='lat' dir='ltr'><strong>Mam-escere,</strong></span> <span class='ocrx_word' id='word_1_157' title='bbox 709 2000 945 2042; x_wconf 83' lang='grc' dir='ltr'>μαραίνεσθαι,</span> <span class='ocrx_word' id='word_1_158' title='bbox 962 1999 1041 2030; x_wconf 85' lang='lat' dir='ltr'><strong>invi-</strong></span> 
     </span>
     <span class='ocr_line' id='line_1_31' title="bbox 311 2041 1042 2083; baseline 0 -11"><span class='ocrx_word' id='word_1_159' title='bbox 311 2041 375 2074; x_wconf 84' lang='lat' dir='ltr'><strong>dia.</strong></span> <span class='ocrx_word' id='word_1_160' title='bbox 391 2047 426 2072; x_wconf 87' lang='lat' dir='ltr'><strong>ut</strong></span> <span class='ocrx_word' id='word_1_161' title='bbox 441 2042 519 2072; x_wconf 88' lang='lat' dir='ltr'><strong>alias</strong></span> <span class='ocrx_word' id='word_1_162' title='bbox 534 2042 676 2072; x_wconf 78' lang='lat' dir='ltr'><strong>tabescere</strong></span> <span class='ocrx_word' id='word_1_163' title='bbox 687 2053 696 2078; x_wconf 86' lang='lat'><strong>,·</strong></span> <span class='ocrx_word' id='word_1_164' title='bbox 721 2042 774 2072; x_wconf 92' lang='lat' dir='ltr'><strong>sed</strong></span> <span class='ocrx_word' id='word_1_165' title='bbox 790 2052 966 2072; x_wconf 78' lang='lat' dir='ltr'><strong>macrescere</strong></span> <span class='ocrx_word' id='word_1_166' title='bbox 976 2042 1042 2083; x_wconf 86' lang='lat' dir='ltr'><strong>jam</strong></span> 
     </span>
     <span class='ocr_line' id='line_1_32' title="bbox 314 2083 1040 2130; baseline -0.001 -16"><span class='ocrx_word' id='word_1_167' title='bbox 314 2083 443 2125; x_wconf 86' lang='lat' dir='ltr'><strong>pulchre</strong></span> <span class='ocrx_word' id='word_1_168' title='bbox 459 2084 621 2130; x_wconf 81' lang='lat' dir='ltr'><strong>respondet</strong></span> <span class='ocrx_word' id='word_1_169' title='bbox 640 2083 707 2114; x_wconf 88' lang='lat' dir='ltr'><strong>voci</strong></span> <span class='ocrx_word' id='word_1_170' title='bbox 726 2086 837 2122; x_wconf 79' lang='lat' dir='ltr'><strong>opimis.</strong></span> <span class='ocrx_word' id='word_1_171' title='bbox 881 2084 978 2114; x_wconf 78' lang='lat' dir='ltr'><strong>Siculi</strong></span> <span class='ocrx_word' id='word_1_172' title='bbox 994 2090 1040 2124; x_wconf 75' lang='lat' dir='ltr'><strong>ty-</strong></span> 
     </span>
     <span class='ocr_line' id='line_1_33' title="bbox 315 2125 1041 2166; baseline 0 -10"><span class='ocrx_word' id='word_1_173' title='bbox 315 2127 418 2160; x_wconf 78' lang='lat' dir='ltr'><strong>ranni,</strong></span> <span class='ocrx_word' id='word_1_174' title='bbox 436 2125 616 2155; x_wconf 80' lang='lat' dir='ltr'><strong>nominatim</strong></span> <span class='ocrx_word' id='word_1_175' title='bbox 631 2125 787 2160; x_wconf 85' lang='lat' dir='ltr'><strong>Phalaris,</strong></span> <span class='ocrx_word' id='word_1_176' title='bbox 803 2125 906 2166; x_wconf 85' lang='lat' dir='ltr'><strong>cujus,</strong></span> <span class='ocrx_word' id='word_1_177' title='bbox 930 2130 965 2155; x_wconf 82' lang='lat' dir='ltr'><strong>ut</strong></span> <span class='ocrx_word' id='word_1_178' title='bbox 987 2126 1041 2156; x_wconf 86' lang='lat' dir='ltr'><strong>Ci-</strong></span> 
     </span>
     <span class='ocr_line' id='line_1_34' title="bbox 315 2166 1044 2206; baseline -0.003 -8"><span class='ocrx_word' id='word_1_179' title='bbox 315 2177 387 2198; x_wconf 86' lang='lat' dir='ltr'><strong>cero</strong></span> <span class='ocrx_word' id='word_1_180' title='bbox 403 2167 496 2198; x_wconf 86' lang='lat' dir='ltr'><strong>Offic.</strong></span> <span class='ocrx_word' id='word_1_181' title='bbox 514 2166 548 2200; x_wconf 87' lang='lat' dir='ltr'><strong>ii,</strong></span> <span class='ocrx_word' id='word_1_182' title='bbox 563 2167 605 2196; x_wconf 83' lang='lat'><strong>26</strong></span> <span class='ocrx_word' id='word_1_183' title='bbox 620 2172 732 2204; x_wconf 85' lang='lat' dir='ltr'><strong>narrat,</strong></span> <span class='ocrx_word' id='word_1_184' title='bbox 754 2174 862 2206; x_wconf 75' lang='lat' dir='ltr'><strong>proeter</strong></span> <span class='ocrx_word' id='word_1_185' title='bbox 875 2173 984 2197; x_wconf 73' lang='lat' dir='ltr'><strong>ceteros</strong></span> <span class='ocrx_word' id='word_1_186' title='bbox 994 2179 1044 2197; x_wconf 81' lang='lat' dir='ltr'><strong>no-</strong></span> 
     </span>
     <span class='ocr_line' id='line_1_35' title="bbox 317 2209 1046 2239; baseline -0.001 0"><span class='ocrx_word' id='word_1_187' title='bbox 317 2210 437 2239; x_wconf 80' lang='lat' dir='ltr'><strong>bilituta</strong></span> <span class='ocrx_word' id='word_1_188' title='bbox 452 2210 627 2239; x_wconf 79' lang='lat' dir='ltr'><strong>crudelitas.</strong></span> <span class='ocrx_word' id='word_1_189' title='bbox 674 2209 902 2239; x_wconf 83' lang='lat' dir='ltr'><strong>Crudelissimus</strong></span> <span class='ocrx_word' id='word_1_190' title='bbox 915 2210 1046 2238; x_wconf 77' lang='lat' dir='ltr'><strong>omnium</strong></span> 
     </span>
     <span class='ocr_line' id='line_1_36' title="bbox 317 2251 1047 2290; baseline -0.001 -8"><span class='ocrx_word' id='word_1_191' title='bbox 317 2258 439 2282; x_wconf 82' lang='lat' dir='ltr'><strong>taurum</strong></span> <span class='ocrx_word' id='word_1_192' title='bbox 455 2251 586 2281; x_wconf 81' lang='lat' dir='ltr'><strong>habuisse</strong></span> <span class='ocrx_word' id='word_1_193' title='bbox 599 2252 724 2287; x_wconf 78' lang='lat' dir='ltr'><strong>dicitur,</strong></span> <span class='ocrx_word' id='word_1_194' title='bbox 739 2262 794 2290; x_wconf 85' lang='lat' dir='ltr'><strong>quo</strong></span> <span class='ocrx_word' id='word_1_195' title='bbox 816 2252 893 2280; x_wconf 85' lang='lat' dir='ltr'><strong>vivos</strong></span> <span class='ocrx_word' id='word_1_196' title='bbox 907 2251 1047 2289; x_wconf 81' lang='lat' dir='ltr'><strong>supplicii</strong></span> 
     </span>
     <span class='ocr_line' id='line_1_37' title="bbox 317 2293 1045 2332; baseline -0.001 -9"><span class='ocrx_word' id='word_1_197' title='bbox 317 2304 406 2324; x_wconf 77' lang='lat' dir='ltr'><strong>causa</strong></span> <span class='ocrx_word' id='word_1_198' title='bbox 422 2294 548 2323; x_wconf 74' lang='lat' dir='ltr'><strong>homines</strong></span> <span class='ocrx_word' id='word_1_199' title='bbox 562 2293 725 2328; x_wconf 77' lang='lat' dir='ltr'><strong>demittere,</strong></span> <span class='ocrx_word' id='word_1_200' title='bbox 741 2304 776 2322; x_wconf 82' lang='lat' dir='ltr'><strong>ac</strong></span> <span class='ocrx_word' id='word_1_201' title='bbox 793 2293 937 2332; x_wconf 58' lang='lat' dir='ltr'><strong>sulgjicere</strong></span> <span class='ocrx_word' id='word_1_202' title='bbox 950 2293 1045 2332; x_wconf 83' lang='lat' dir='ltr'><strong>flam-</strong></span> 
     </span>
     <span class='ocr_line' id='line_1_38' title="bbox 319 2334 1045 2372; baseline -0.004 -6"><span class='ocrx_word' id='word_1_203' title='bbox 319 2347 396 2366; x_wconf 76' lang='lat' dir='ltr'><strong>mam</strong></span> <span class='ocrx_word' id='word_1_204' title='bbox 410 2336 516 2365; x_wconf 81' lang='lat' dir='ltr'><strong>solebat</strong></span> <span class='ocrx_word' id='word_1_205' title='bbox 527 2347 535 2363; x_wconf 91' lang='lat'><strong>.·</strong></span> <span class='ocrx_word' id='word_1_206' title='bbox 560 2334 601 2365; x_wconf 90' lang='lat' dir='ltr'><strong>cf.</strong></span> <span class='ocrx_word' id='word_1_207' title='bbox 618 2334 693 2365; x_wconf 80' lang='lat' dir='ltr'><strong>Val.</strong></span> <span class='ocrx_word' id='word_1_208' title='bbox 707 2335 797 2364; x_wconf 87' lang='lat' dir='ltr'><strong>Max.</strong></span> <span class='ocrx_word' id='word_1_209' title='bbox 807 2334 852 2370; x_wconf 86' lang='lat' dir='ltr'><strong>iii,</strong></span> <span class='ocrx_word' id='word_1_210' title='bbox 869 2335 900 2370; x_wconf 89' lang='lat'><strong>3,</strong></span> <span class='ocrx_word' id='word_1_211' title='bbox 918 2334 990 2364; x_wconf 88' lang='lat' dir='ltr'><strong>Ext.</strong></span> <span class='ocrx_word' id='word_1_212' title='bbox 1004 2335 1045 2372; x_wconf 72' lang='lat'><strong>25</strong></span> 
     </span>
     <span class='ocr_line' id='line_1_39' title="bbox 319 2377 542 2414; baseline -0.004 -6"><span class='ocrx_word' id='word_1_213' title='bbox 319 2377 361 2414; x_wconf 86' lang='lat' dir='ltr'><strong>ix,</strong></span> <span class='ocrx_word' id='word_1_214' title='bbox 377 2378 408 2413; x_wconf 83' lang='lat'><strong>2,</strong></span> <span class='ocrx_word' id='word_1_215' title='bbox 425 2377 495 2407; x_wconf 81' lang='lat' dir='ltr'><strong>Ext.</strong></span> <span class='ocrx_word' id='word_1_216' title='bbox 510 2377 542 2407; x_wconf 91' lang='grc'><strong>9.</strong></span> 
     </span>
    </p>

    <p class='ocr_par' dir='ltr' id='par_1_18' title="bbox 320 2418 1048 2535">
     <span class='ocr_line' id='line_1_40' title="bbox 363 2418 1046 2459; baseline -0.001 -9"><span class='ocrx_word' id='word_1_217' title='bbox 363 2420 416 2451; x_wconf 87' lang='grc'><strong>61.</strong></span> <span class='ocrx_word' id='word_1_218' title='bbox 441 2419 523 2449; x_wconf 85' lang='lat' dir='ltr'><strong>Dum</strong></span> <span class='ocrx_word' id='word_1_219' title='bbox 547 2429 647 2458; x_wconf 82' lang='lat' dir='ltr'><strong>poenas</strong></span> <span class='ocrx_word' id='word_1_220' title='bbox 672 2419 729 2448; x_wconf 83' lang='lat' dir='ltr'><strong>olio</strong></span> <span class='ocrx_word' id='word_1_221' title='bbox 753 2429 808 2457; x_wconf 77' lang='lat' dir='ltr'><strong>per</strong></span> <span class='ocrx_word' id='word_1_222' title='bbox 836 2419 894 2448; x_wconf 83' lang='lat' dir='ltr'><strong>vim</strong></span> <span class='ocrx_word' id='word_1_223' title='bbox 913 2418 1046 2459; x_wconf 79' lang='lat' dir='ltr'><strong>festinat</strong></span> 
     </span>
     <span class='ocr_line' id='line_1_41' title="bbox 320 2458 1048 2501; baseline -0.003 -9"><span class='ocrx_word' id='word_1_224' title='bbox 320 2462 452 2499; x_wconf 75' lang='lat' dir='ltr'><strong>insulto:</strong></span> <span class='ocrx_word' id='word_1_225' title='bbox 474 2460 548 2490; x_wconf 91' lang='lat' dir='ltr'><strong>dum</strong></span> <span class='ocrx_word' id='word_1_226' title='bbox 571 2459 623 2490; x_wconf 82' lang='lat' dir='ltr'><strong>irae</strong></span> <span class='ocrx_word' id='word_1_227' title='bbox 639 2459 800 2501; x_wconf 82' lang='lat' dir='ltr'><strong>expiandae</strong></span> <span class='ocrx_word' id='word_1_228' title='bbox 819 2458 866 2490; x_wconf 86' lang='lat' dir='ltr'><strong>vel</strong></span> <span class='ocrx_word' id='word_1_229' title='bbox 887 2459 1048 2501; x_wconf 62' lang='lat' dir='ltr'><strong>explendae</strong></span> 
     </span>
     <span class='ocr_line' id='line_1_42' title="bbox 322 2501 810 2535; baseline -0.008 0"><span class='ocrx_word' id='word_1_230' title='bbox 322 2513 420 2535; x_wconf 80' lang='lat' dir='ltr'><strong>causa</strong></span> <span class='ocrx_word' id='word_1_231' title='bbox 435 2501 616 2533; x_wconf 82' lang='lat' dir='ltr'><strong>festinanter</strong></span> <span class='ocrx_word' id='word_1_232' title='bbox 630 2501 691 2531; x_wconf 87' lang='lat' dir='ltr'><strong>vim</strong></span> <span class='ocrx_word' id='word_1_233' title='bbox 707 2501 810 2532; x_wconf 79' lang='lat' dir='ltr'><strong>infert.</strong></span> 
     </span>
    </p>

    <p class='ocr_par' dir='ltr' id='par_1_19' title="bbox 323 2543 1048 2629">
     <span class='ocr_line' id='line_1_43' title="bbox 365 2543 1048 2582; baseline -0.003 -6"><span class='ocrx_word' id='word_1_234' title='bbox 365 2546 419 2576; x_wconf 75' lang='lat'><strong>62.</strong></span> <span class='ocrx_word' id='word_1_235' title='bbox 444 2545 516 2579; x_wconf 80' lang='lat' dir='ltr'><strong>Qui,</strong></span> <span class='ocrx_word' id='word_1_236' title='bbox 541 2545 599 2574; x_wconf 78' lang='lat' dir='ltr'><strong>nisi</strong></span> <span class='ocrx_word' id='word_1_237' title='bbox 622 2550 719 2582; x_wconf 80' lang='lat' dir='ltr'><strong>paret,</strong></span> <span class='ocrx_word' id='word_1_238' title='bbox 744 2543 892 2582; x_wconf 77' lang='lat' dir='ltr'><strong>Imperat:</strong></span> <span class='ocrx_word' id='word_1_239' title='bbox 917 2543 975 2574; x_wconf 84' lang='lat' dir='ltr'><strong>nisi</strong></span> <span class='ocrx_word' id='word_1_240' title='bbox 995 2549 1048 2574; x_wconf 87' lang='lat' dir='ltr'><strong>tuo</strong></span> 
     </span>
     <span class='ocr_line' id='line_1_44' title="bbox 323 2585 934 2629; baseline -0.005 -11"><span class='ocrx_word' id='word_1_241' title='bbox 323 2587 485 2629; x_wconf 87' lang='lat' dir='ltr'><strong>subjectus</strong></span> <span class='ocrx_word' id='word_1_242' title='bbox 500 2590 546 2616; x_wconf 85' lang='lat' dir='ltr'><strong>est</strong></span> <span class='ocrx_word' id='word_1_243' title='bbox 559 2585 699 2627; x_wconf 82' lang='lat' dir='ltr'><strong>imperio,</strong></span> <span class='ocrx_word' id='word_1_244' title='bbox 716 2585 781 2626; x_wconf 87' lang='lat' dir='ltr'><strong>ipse</strong></span> <span class='ocrx_word' id='word_1_245' title='bbox 795 2586 934 2626; x_wconf 86' lang='lat' dir='ltr'><strong>imperat.</strong></span> 
     </span>
    </p>

    <p class='ocr_par' dir='ltr' id='par_1_20' title="bbox 320 2627 1054 2968">
     <span class='ocr_line' id='line_1_45' title="bbox 364 2627 1048 2669; baseline -0.001 -9"><span class='ocrx_word' id='word_1_246' title='bbox 364 2629 503 2660; x_wconf 79' lang='lat'><strong>64-67,</strong></span> <span class='ocrx_word' id='word_1_247' title='bbox 526 2628 633 2669; x_wconf 78' lang='lat' dir='ltr'><strong>Fingit</strong></span> <span class='ocrx_word' id='word_1_248' title='bbox 647 2639 764 2668; x_wconf 83' lang='lat' dir='ltr'><strong>equum,</strong></span> <span class='ocrx_word' id='word_1_249' title='bbox 778 2633 851 2658; x_wconf 83' lang='lat' dir='ltr'><strong>cett.</strong></span> <span class='ocrx_word' id='word_1_250' title='bbox 894 2627 955 2657; x_wconf 89' lang='lat' dir='ltr'><strong>Sed</strong></span> <span class='ocrx_word' id='word_1_251' title='bbox 972 2637 1048 2669; x_wconf 89' lang='lat' dir='ltr'><strong>pue-</strong></span> 
     </span>
     <span class='ocr_line' id='line_1_46' title="bbox 324 2669 1051 2711; baseline -0.003 -9"><span class='ocrx_word' id='word_1_252' title='bbox 324 2670 373 2702; x_wconf 85' lang='lat' dir='ltr'><strong>rili</strong></span> <span class='ocrx_word' id='word_1_253' title='bbox 389 2675 490 2707; x_wconf 83' lang='lat' dir='ltr'><strong>aetate,</strong></span> <span class='ocrx_word' id='word_1_254' title='bbox 505 2669 560 2700; x_wconf 88' lang='lat' dir='ltr'><strong>ubi</strong></span> <span class='ocrx_word' id='word_1_255' title='bbox 579 2675 687 2711; x_wconf 85' lang='lat' dir='ltr'><strong>pectus</strong></span> <span class='ocrx_word' id='word_1_256' title='bbox 703 2669 804 2700; x_wconf 86' lang='lat' dir='ltr'><strong>adhuc</strong></span> <span class='ocrx_word' id='word_1_257' title='bbox 827 2679 937 2710; x_wconf 87' lang='lat' dir='ltr'><strong>purum</strong></span> <span class='ocrx_word' id='word_1_258' title='bbox 953 2675 984 2701; x_wconf 87' lang='lat' dir='ltr'><strong>et</strong></span> <span class='ocrx_word' id='word_1_259' title='bbox 1004 2670 1051 2700; x_wconf 90' lang='lat' dir='ltr'><strong>in-</strong></span> 
     </span>
     <span class='ocr_line' id='line_1_47' title="bbox 323 2711 1053 2754; baseline -0.004 -9"><span class='ocrx_word' id='word_1_260' title='bbox 323 2719 442 2754; x_wconf 84' lang='lat' dir='ltr'><strong>tegrum</strong></span> <span class='ocrx_word' id='word_1_261' title='bbox 459 2717 518 2747; x_wconf 85' lang='lat' dir='ltr'><strong>est,</strong></span> <span class='ocrx_word' id='word_1_262' title='bbox 534 2711 640 2742; x_wconf 86' lang='lat' dir='ltr'><strong>virtuti</strong></span> <span class='ocrx_word' id='word_1_263' title='bbox 655 2722 748 2753; x_wconf 89' lang='lat' dir='ltr'><strong>opera</strong></span> <span class='ocrx_word' id='word_1_264' title='bbox 771 2711 874 2741; x_wconf 79' lang='lat' dir='ltr'><strong>danda</strong></span> <span class='ocrx_word' id='word_1_265' title='bbox 889 2716 957 2750; x_wconf 81' lang='lat' dir='ltr'><strong>est3</strong></span> <span class='ocrx_word' id='word_1_266' title='bbox 980 2712 1053 2752; x_wconf 91' lang='lat' dir='ltr'><strong>equi</strong></span> 
     </span>
     <span class='ocr_line' id='line_1_48' title="bbox 325 2753 1052 2797; baseline -0.004 -11"><span class='ocrx_word' id='word_1_267' title='bbox 325 2765 451 2797; x_wconf 86' lang='lat' dir='ltr'><strong>quoque</strong></span> <span class='ocrx_word' id='word_1_268' title='bbox 465 2759 496 2785; x_wconf 87' lang='lat' dir='ltr'><strong>et</strong></span> <span class='ocrx_word' id='word_1_269' title='bbox 510 2763 604 2784; x_wconf 86' lang='lat' dir='ltr'><strong>canes</strong></span> <span class='ocrx_word' id='word_1_270' title='bbox 621 2753 754 2785; x_wconf 87' lang='lat' dir='ltr'><strong>venatici</strong></span> <span class='ocrx_word' id='word_1_271' title='bbox 769 2759 874 2784; x_wconf 88' lang='lat' dir='ltr'><strong>tenera</strong></span> <span class='ocrx_word' id='word_1_272' title='bbox 890 2758 980 2784; x_wconf 81' lang='lat' dir='ltr'><strong>aetate</strong></span> <span class='ocrx_word' id='word_1_273' title='bbox 995 2754 1052 2784; x_wconf 88' lang='lat' dir='ltr'><strong>fin-</strong></span> 
     </span>
     <span class='ocr_line' id='line_1_49' title="bbox 325 2793 1052 2839; baseline -0.003 -11"><span class='ocrx_word' id='word_1_274' title='bbox 325 2802 450 2839; x_wconf 88' lang='lat' dir='ltr'><strong>guntur.</strong></span> <span class='ocrx_word' id='word_1_275' title='bbox 496 2797 643 2836; x_wconf 74' lang='lat' dir='ltr'><strong>Magister</strong></span> <span class='ocrx_word' id='word_1_276' title='bbox 666 2793 833 2837; x_wconf 85' lang='lat' dir='ltr'><strong>(domitor)</strong></span> <span class='ocrx_word' id='word_1_277' title='bbox 861 2806 966 2835; x_wconf 80' lang='lat' dir='ltr'><strong>equum</strong></span> <span class='ocrx_word' id='word_1_278' title='bbox 987 2795 1052 2836; x_wconf 87' lang='lat' dir='ltr'><strong>(ju-</strong></span> 
     </span>
     <span class='ocr_line' id='line_1_50' title="bbox 320 2836 1054 2880; baseline -0.004 -9"><span class='ocrx_word' id='word_1_279' title='bbox 320 2836 453 2879; x_wconf 64' lang='lat' dir='ltr'><strong>venem)</strong></span> <span class='ocrx_word' id='word_1_280' title='bbox 468 2839 567 2880; x_wconf 77' lang='lat' dir='ltr'><strong>fingit</strong></span> <span class='ocrx_word' id='word_1_281' title='bbox 590 2837 716 2879; x_wconf 87' lang='lat' dir='ltr'><strong>(docet)</strong></span> <span class='ocrx_word' id='word_1_282' title='bbox 741 2839 816 2867; x_wconf 75' lang='lat' dir='ltr'><strong>riam</strong></span> <span class='ocrx_word' id='word_1_283' title='bbox 842 2839 884 2867; x_wconf 84' lang='lat' dir='ltr'><strong>ire</strong></span> <span class='ocrx_word' id='word_1_284' title='bbox 898 2849 955 2876; x_wconf 81' lang='lat' dir='ltr'><strong>qua</strong></span> <span class='ocrx_word' id='word_1_285' title='bbox 972 2849 1054 2878; x_wconf 86' lang='lat' dir='ltr'><strong>eques</strong></span> 
     </span>
     <span class='ocr_line' id='line_1_51' title="bbox 327 2878 1053 2923; baseline -0.004 -10"><span class='ocrx_word' id='word_1_286' title='bbox 327 2883 416 2923; x_wconf 83' lang='lat' dir='ltr'><strong>(eum</strong></span> <span class='ocrx_word' id='word_1_287' title='bbox 436 2880 497 2920; x_wconf 87' lang='lat' dir='ltr'><strong>ire)</strong></span> <span class='ocrx_word' id='word_1_288' title='bbox 520 2887 660 2912; x_wconf 79' lang='lat' dir='ltr'><strong>monstret</strong></span> <span class='ocrx_word' id='word_1_289' title='bbox 684 2878 838 2921; x_wconf 83' lang='lat' dir='ltr'><strong>(jubeat),</strong></span> <span class='ocrx_word' id='word_1_290' title='bbox 865 2878 935 2909; x_wconf 88' lang='lat' dir='ltr'><strong>h.e.</strong></span> <span class='ocrx_word' id='word_1_291' title='bbox 951 2889 987 2910; x_wconf 90' lang='lat' dir='ltr'><strong>eo</strong></span> <span class='ocrx_word' id='word_1_292' title='bbox 1011 2879 1053 2911; x_wconf 86' lang='lat' dir='ltr'><strong>ire</strong></span> 
     </span>
     <span class='ocr_line' id='line_1_52' title="bbox 325 2922 1053 2968; baseline -0.01 -12"><span class='ocrx_word' id='word_1_293' title='bbox 325 2934 389 2968; x_wconf 86' lang='lat' dir='ltr'><strong>quo</strong></span> <span class='ocrx_word' id='word_1_294' title='bbox 404 2932 500 2966; x_wconf 86' lang='lat' dir='ltr'><strong>eques</strong></span> <span class='ocrx_word' id='word_1_295' title='bbox 511 2933 583 2954; x_wconf 83' lang='lat' dir='ltr'><strong>eum</strong></span> <span class='ocrx_word' id='word_1_296' title='bbox 606 2923 720 2955; x_wconf 84' lang='lat' dir='ltr'><strong>flectat.</strong></span> <span class='ocrx_word' id='word_1_297' title='bbox 767 2922 1053 2953; x_wconf 61' lang='lat' dir='ltr'><strong>Venerium—catu.</strong></span> 
     </span>
    </p>
   </div>
   <div class='ocr_carea' id='block_1_17' title="bbox 1083 1666 1819 2449">
    <p class='ocr_par' dir='ltr' id='par_1_21' title="bbox 1083 1666 1813 1989">
     <span class='ocr_line' id='line_1_53' title="bbox 1084 1666 1808 1705; baseline 0.003 -11"><span class='ocrx_word' id='word_1_298' title='bbox 1084 1666 1142 1701; x_wconf 85' lang='lat' dir='ltr'><strong>lus,</strong></span> <span class='ocrx_word' id='word_1_299' title='bbox 1159 1676 1191 1695; x_wconf 69' lang='lat' dir='ltr'><strong>eav</strong></span> <span class='ocrx_word' id='word_1_300' title='bbox 1206 1676 1262 1705; x_wconf 82' lang='lat' dir='ltr'><strong>quo</strong></span> <span class='ocrx_word' id='word_1_301' title='bbox 1280 1666 1415 1704; x_wconf 79' lang='lat' dir='ltr'><strong>Tempore</strong></span> <span class='ocrx_word' id='word_1_302' title='bbox 1431 1667 1580 1697; x_wconf 77' lang='lat' dir='ltr'><strong>cervinam</strong></span> <span class='ocrx_word' id='word_1_303' title='bbox 1594 1666 1698 1705; x_wconf 77' lang='lat' dir='ltr'><strong>pellem</strong></span> <span class='ocrx_word' id='word_1_304' title='bbox 1713 1666 1808 1696; x_wconf 80' lang='lat' dir='ltr'><strong>latra-</strong></span> 
     </span>
     <span class='ocr_line' id='line_1_54' title="bbox 1083 1706 1809 1748; baseline 0.003 -12"><span class='ocrx_word' id='word_1_305' title='bbox 1083 1708 1126 1736; x_wconf 80' lang='lat' dir='ltr'><strong>vit</strong></span> <span class='ocrx_word' id='word_1_306' title='bbox 1149 1708 1181 1738; x_wconf 84' lang='lat' dir='ltr'><strong>in</strong></span> <span class='ocrx_word' id='word_1_307' title='bbox 1204 1708 1287 1743; x_wconf 67' lang='lat' dir='ltr'><strong>aiala,</strong></span> <span class='ocrx_word' id='word_1_308' title='bbox 1312 1712 1476 1748; x_wconf 82' lang='lat' dir='ltr'><strong>postquam</strong></span> <span class='ocrx_word' id='word_1_309' title='bbox 1501 1706 1719 1738; x_wconf 80' lang='lat' dir='ltr'><strong>adsimulatum</strong></span> <span class='ocrx_word' id='word_1_310' title='bbox 1743 1717 1809 1738; x_wconf 83' lang='lat' dir='ltr'><strong>cer·</strong></span> 
     </span>
     <span class='ocr_line' id='line_1_55' title="bbox 1083 1748 1812 1792; baseline 0.001 -14"><span class='ocrx_word' id='word_1_311' title='bbox 1083 1759 1156 1778; x_wconf 90' lang='lat' dir='ltr'><strong>vum</strong></span> <span class='ocrx_word' id='word_1_312' title='bbox 1180 1749 1284 1788; x_wconf 79' lang='lat' dir='ltr'><strong>(einen</strong></span> <span class='ocrx_word' id='word_1_313' title='bbox 1305 1750 1523 1792; x_wconf 77' lang='lat' dir='ltr'><strong>ausgestopften</strong></span> <span class='ocrx_word' id='word_1_314' title='bbox 1541 1748 1669 1788; x_wconf 71' lang='lat' dir='ltr'><strong>Hirsch)</strong></span> <span class='ocrx_word' id='word_1_315' title='bbox 1686 1749 1718 1780; x_wconf 88' lang='lat' dir='ltr'><strong>in</strong></span> <span class='ocrx_word' id='word_1_316' title='bbox 1738 1748 1812 1779; x_wconf 84' lang='lat' dir='ltr'><strong>aula</strong></span> 
     </span>
     <span class='ocr_line' id='line_1_56' title="bbox 1084 1790 1813 1832; baseline 0 -12"><span class='ocrx_word' id='word_1_317' title='bbox 1084 1790 1250 1826; x_wconf 83' lang='lat' dir='ltr'><strong>allatravit,</strong></span> <span class='ocrx_word' id='word_1_318' title='bbox 1268 1791 1299 1821; x_wconf 90' lang='lat' dir='ltr'><strong>h.</strong></span> <span class='ocrx_word' id='word_1_319' title='bbox 1315 1801 1344 1821; x_wconf 87' lang='lat' dir='ltr'><strong>e.</strong></span> <span class='ocrx_word' id='word_1_320' title='bbox 1362 1797 1524 1832; x_wconf 81' lang='lat' dir='ltr'><strong>postquam</strong></span> <span class='ocrx_word' id='word_1_321' title='bbox 1541 1791 1570 1822; x_wconf 89' lang='lat' dir='ltr'><strong>ei</strong></span> <span class='ocrx_word' id='word_1_322' title='bbox 1585 1790 1688 1822; x_wconf 78' lang='lat' dir='ltr'><strong>adhuc</strong></span> <span class='ocrx_word' id='word_1_323' title='bbox 1701 1790 1813 1832; x_wconf 87' lang='lat' dir='ltr'><strong>juveni</strong></span> 
     </span>
     <span class='ocr_line' id='line_1_57' title="bbox 1083 1831 1811 1875; baseline 0 -13"><span class='ocrx_word' id='word_1_324' title='bbox 1083 1831 1200 1873; x_wconf 87' lang='lat' dir='ltr'><strong>injecta</strong></span> <span class='ocrx_word' id='word_1_325' title='bbox 1223 1839 1272 1863; x_wconf 86' lang='lat' dir='ltr'><strong>est</strong></span> <span class='ocrx_word' id='word_1_326' title='bbox 1294 1833 1427 1863; x_wconf 87' lang='lat' dir='ltr'><strong>venandi</strong></span> <span class='ocrx_word' id='word_1_327' title='bbox 1453 1833 1627 1875; x_wconf 77' lang='lat' dir='ltr'><strong>cupiditas:</strong></span> <span class='ocrx_word' id='word_1_328' title='bbox 1658 1843 1765 1864; x_wconf 78' lang='lat' dir='ltr'><strong>cervus</strong></span> <span class='ocrx_word' id='word_1_329' title='bbox 1792 1842 1811 1862; x_wconf 91' lang='lat' dir='ltr'><strong>a.</strong></span> 
     </span>
     <span class='ocr_line' id='line_1_58' title="bbox 1083 1874 1813 1916; baseline 0 -12"><span class='ocrx_word' id='word_1_330' title='bbox 1083 1874 1278 1905; x_wconf 81' lang='lat' dir='ltr'><strong>venatoribus</strong></span> <span class='ocrx_word' id='word_1_331' title='bbox 1300 1875 1514 1912; x_wconf 87' lang='lat' dir='ltr'><strong>adsimulatur,</strong></span> <span class='ocrx_word' id='word_1_332' title='bbox 1537 1885 1611 1906; x_wconf 86' lang='lat' dir='ltr'><strong>cum</strong></span> <span class='ocrx_word' id='word_1_333' title='bbox 1633 1874 1724 1916; x_wconf 83' lang='lat' dir='ltr'><strong>pellis</strong></span> <span class='ocrx_word' id='word_1_334' title='bbox 1746 1884 1813 1905; x_wconf 87' lang='lat' dir='ltr'><strong>cer-</strong></span> 
     </span>
     <span class='ocr_line' id='line_1_59' title="bbox 1083 1916 1813 1959; baseline 0.001 -13"><span class='ocrx_word' id='word_1_335' title='bbox 1083 1916 1155 1946; x_wconf 85' lang='lat' dir='ltr'><strong>vina</strong></span> <span class='ocrx_word' id='word_1_336' title='bbox 1172 1916 1330 1953; x_wconf 81' lang='lat' dir='ltr'><strong>stramine,</strong></span> <span class='ocrx_word' id='word_1_337' title='bbox 1348 1927 1465 1954; x_wconf 86' lang='lat' dir='ltr'><strong>musco,</strong></span> <span class='ocrx_word' id='word_1_338' title='bbox 1479 1923 1538 1948; x_wconf 87' lang='lat' dir='ltr'><strong>ete.</strong></span> <span class='ocrx_word' id='word_1_339' title='bbox 1553 1916 1697 1959; x_wconf 82' lang='lat' dir='ltr'><strong>impletur</strong></span> <span class='ocrx_word' id='word_1_340' title='bbox 1718 1921 1813 1958; x_wconf 76' lang='lat' dir='ltr'><strong>atque</strong></span> 
     </span>
     <span class='ocr_line' id='line_1_60' title="bbox 1084 1957 1267 1989; baseline 0.011 -2"><span class='ocrx_word' id='word_1_341' title='bbox 1084 1957 1267 1989; x_wconf 83' lang='lat' dir='ltr'><strong>intenditur.</strong></span> 
     </span>
    </p>

    <p class='ocr_par' dir='ltr' id='par_1_22' title="bbox 1128 1999 1770 2041">
     <span class='ocr_line' id='line_1_61' title="bbox 1128 1999 1770 2041; baseline 0.002 -11"><span class='ocrx_word' id='word_1_342' title='bbox 1128 2001 1179 2031; x_wconf 89' lang='lat'><strong>67.</strong></span> <span class='ocrx_word' id='word_1_343' title='bbox 1205 2001 1295 2030; x_wconf 76' lang='lat' dir='ltr'><strong>Nunc</strong></span> <span class='ocrx_word' id='word_1_344' title='bbox 1310 2001 1411 2032; x_wconf 73' lang='lat' dir='ltr'><strong>adhibe</strong></span> <span class='ocrx_word' id='word_1_345' title='bbox 1425 2010 1480 2041; x_wconf 84' lang='lat' dir='ltr'><strong>pro</strong></span> <span class='ocrx_word' id='word_1_346' title='bbox 1494 2000 1626 2040; x_wconf 81' lang='lat' dir='ltr'><strong>vulgari,</strong></span> <span class='ocrx_word' id='word_1_347' title='bbox 1644 1999 1770 2031; x_wconf 74' lang='lat' dir='ltr'><strong>imbibe-</strong></span> 
     </span>
    </p>

    <p class='ocr_par' dir='ltr' id='par_1_23' title="bbox 1084 2041 1815 2162">
     <span class='ocr_line' id='line_1_62' title="bbox 1129 2041 1813 2083; baseline 0.001 -11"><span class='ocrx_word' id='word_1_348' title='bbox 1129 2044 1181 2072; x_wconf 85' lang='grc'><strong>68.</strong></span> <span class='ocrx_word' id='word_1_349' title='bbox 1205 2043 1390 2076; x_wconf 78' lang='lat' dir='ltr'><strong>Melioribus.</strong></span> <span class='ocrx_word' id='word_1_350' title='bbox 1411 2042 1671 2083; x_wconf 81' lang='lat' dir='ltr'><strong>prudentioribus,</strong></span> <span class='ocrx_word' id='word_1_351' title='bbox 1695 2041 1813 2073; x_wconf 85' lang='lat' dir='ltr'><strong>doctio-</strong></span> 
     </span>
     <span class='ocr_line' id='line_1_63' title="bbox 1085 2082 1815 2126; baseline 0.001 -13"><span class='ocrx_word' id='word_1_352' title='bbox 1085 2082 1170 2114; x_wconf 86' lang='lat' dir='ltr'><strong>ribus</strong></span> <span class='ocrx_word' id='word_1_353' title='bbox 1183 2095 1190 2113; x_wconf 85' lang='lat'>:</span> <span class='ocrx_word' id='word_1_354' title='bbox 1215 2084 1247 2114; x_wconf 89' lang='lat' dir='ltr'><strong>in</strong></span> <span class='ocrx_word' id='word_1_355' title='bbox 1264 2084 1456 2125; x_wconf 65' lang='lat' dir='ltr'><strong>praecedente</strong></span> <span class='ocrx_word' id='word_1_356' title='bbox 1472 2084 1572 2126; x_wconf 85' lang='lat' dir='ltr'><strong>Epist.</strong></span> <span class='ocrx_word' id='word_1_357' title='bbox 1587 2095 1618 2115; x_wconf 84' lang='lat' dir='ltr'><strong>v.</strong></span> <span class='ocrx_word' id='word_1_358' title='bbox 1630 2085 1683 2122; x_wconf 79' lang='lat'><strong>48,</strong></span> <span class='ocrx_word' id='word_1_359' title='bbox 1695 2083 1815 2115; x_wconf 78' lang='lat' dir='ltr'><strong>Discere</strong></span> 
     </span>
     <span class='ocr_line' id='line_1_64' title="bbox 1084 2127 1688 2162; baseline 0.002 -7"><span class='ocrx_word' id='word_1_360' title='bbox 1084 2132 1112 2155; x_wconf 80' lang='lat' dir='ltr'><strong>et</strong></span> <span class='ocrx_word' id='word_1_361' title='bbox 1127 2127 1235 2156; x_wconf 72' lang='lat' dir='ltr'><strong>andire</strong></span> <span class='ocrx_word' id='word_1_362' title='bbox 1249 2133 1275 2156; x_wconf 80' lang='lat' dir='ltr'><strong>et</strong></span> <span class='ocrx_word' id='word_1_363' title='bbox 1291 2128 1406 2157; x_wconf 82' lang='lat' dir='ltr'><strong>meliori</strong></span> <span class='ocrx_word' id='word_1_364' title='bbox 1420 2129 1538 2157; x_wconf 78' lang='lat' dir='ltr'><strong>credere</strong></span> <span class='ocrx_word' id='word_1_365' title='bbox 1551 2138 1609 2162; x_wconf 83' lang='lat' dir='ltr'><strong>non</strong></span> <span class='ocrx_word' id='word_1_366' title='bbox 1623 2127 1688 2157; x_wconf 79' lang='lat' dir='ltr'><strong>vis?</strong></span> 
     </span>
    </p>

    <p class='ocr_par' dir='ltr' id='par_1_24' title="bbox 1088 2167 1819 2449">
     <span class='ocr_line' id='line_1_65' title="bbox 1131 2167 1814 2206; baseline 0.003 -10"><span class='ocrx_word' id='word_1_367' title='bbox 1131 2168 1184 2202; x_wconf 90' lang='lat'><strong>70,</strong></span> <span class='ocrx_word' id='word_1_368' title='bbox 1201 2168 1255 2197; x_wconf 83' lang='lat'><strong>71.</strong></span> <span class='ocrx_word' id='word_1_369' title='bbox 1282 2168 1394 2202; x_wconf 76' lang='lat' dir='ltr'><strong>Quodsi</strong></span> <span class='ocrx_word' id='word_1_370' title='bbox 1408 2179 1508 2206; x_wconf 80' lang='lat' dir='ltr'><strong>cessas,</strong></span> <span class='ocrx_word' id='word_1_371' title='bbox 1521 2173 1596 2200; x_wconf 81' lang='lat' dir='ltr'><strong>cett.</strong></span> <span class='ocrx_word' id='word_1_372' title='bbox 1639 2167 1726 2199; x_wconf 81' lang='lat' dir='ltr'><strong>Finit</strong></span> <span class='ocrx_word' id='word_1_373' title='bbox 1746 2167 1814 2198; x_wconf 82' lang='lat' dir='ltr'><strong>Ho-</strong></span> 
     </span>
     <span class='ocr_line' id='line_1_66' title="bbox 1088 2207 1816 2250; baseline 0.001 -12"><span class='ocrx_word' id='word_1_374' title='bbox 1088 2207 1185 2239; x_wconf 85' lang='lat' dir='ltr'><strong>ratius</strong></span> <span class='ocrx_word' id='word_1_375' title='bbox 1201 2209 1374 2250; x_wconf 88' lang='lat' dir='ltr'><strong>Epistolam</strong></span> <span class='ocrx_word' id='word_1_376' title='bbox 1390 2209 1447 2240; x_wconf 89' lang='lat' dir='ltr'><strong>hoc</strong></span> <span class='ocrx_word' id='word_1_377' title='bbox 1463 2210 1537 2245; x_wconf 82' lang='lat' dir='ltr'><strong>fere,</strong></span> <span class='ocrx_word' id='word_1_378' title='bbox 1553 2215 1589 2241; x_wconf 86' lang='lat' dir='ltr'><strong>ut</strong></span> <span class='ocrx_word' id='word_1_379' title='bbox 1597 2209 1673 2241; x_wconf 84' lang='lat' dir='ltr'><strong>mihi</strong></span> <span class='ocrx_word' id='word_1_380' title='bbox 1684 2209 1816 2245; x_wconf 79' lang='lat' dir='ltr'><strong>videtur,</strong></span> 
     </span>
     <span class='ocr_line' id='line_1_67' title="bbox 1088 2250 1818 2298; baseline 0 -18"><span class='ocrx_word' id='word_1_381' title='bbox 1088 2256 1259 2298; x_wconf 86' lang='lat' dir='ltr'><strong>praecepto:</strong></span> <span class='ocrx_word' id='word_1_382' title='bbox 1278 2250 1332 2281; x_wconf 86' lang='lat' dir='ltr'><strong>sed</strong></span> <span class='ocrx_word' id='word_1_383' title='bbox 1343 2257 1460 2281; x_wconf 85' lang='lat' dir='ltr'><strong>certum</strong></span> <span class='ocrx_word' id='word_1_384' title='bbox 1472 2251 1595 2282; x_wconf 85' lang='lat' dir='ltr'><strong>modum</strong></span> <span class='ocrx_word' id='word_1_385' title='bbox 1606 2257 1693 2290; x_wconf 80' lang='lat' dir='ltr'><strong>tene;</strong></span> <span class='ocrx_word' id='word_1_386' title='bbox 1706 2250 1818 2292; x_wconf 78' lang='lat' dir='ltr'><strong>quodsi</strong></span> 
     </span>
     <span class='ocr_line' id='line_1_68' title="bbox 1089 2291 1818 2333; baseline 0 -11"><span class='ocrx_word' id='word_1_387' title='bbox 1089 2291 1170 2322; x_wconf 85' lang='lat' dir='ltr'><strong>enim</strong></span> <span class='ocrx_word' id='word_1_388' title='bbox 1187 2303 1219 2322; x_wconf 81' lang='lat' dir='ltr'><strong>in</strong></span> <span class='ocrx_word' id='word_1_389' title='bbox 1234 2303 1265 2323; x_wconf 85' lang='lat' dir='ltr'><strong>re</strong></span> <span class='ocrx_word' id='word_1_390' title='bbox 1285 2298 1430 2333; x_wconf 84' lang='lat' dir='ltr'><strong>suscepta</strong></span> <span class='ocrx_word' id='word_1_391' title='bbox 1444 2298 1498 2323; x_wconf 80' lang='lat' dir='ltr'><strong>aut</strong></span> <span class='ocrx_word' id='word_1_392' title='bbox 1519 2302 1636 2328; x_wconf 71' lang='lat' dir='ltr'><strong>cessae,</strong></span> <span class='ocrx_word' id='word_1_393' title='bbox 1650 2298 1705 2324; x_wconf 82' lang='lat' dir='ltr'><strong>aut</strong></span> <span class='ocrx_word' id='word_1_394' title='bbox 1725 2291 1818 2323; x_wconf 82' lang='lat' dir='ltr'><strong>nimis</strong></span> 
     </span>
     <span class='ocr_line' id='line_1_69' title="bbox 1089 2333 1819 2374; baseline 0.001 -10"><span class='ocrx_word' id='word_1_395' title='bbox 1089 2339 1120 2364; x_wconf 85' lang='lat' dir='ltr'><strong>et</strong></span> <span class='ocrx_word' id='word_1_396' title='bbox 1134 2333 1332 2364; x_wconf 80' lang='lat' dir='ltr'><strong>festinantius</strong></span> <span class='ocrx_word' id='word_1_397' title='bbox 1347 2344 1414 2365; x_wconf 90' lang='lat' dir='ltr'><strong>eam</strong></span> <span class='ocrx_word' id='word_1_398' title='bbox 1431 2344 1533 2374; x_wconf 72' lang='lat' dir='ltr'><strong>urgeS,</strong></span> <span class='ocrx_word' id='word_1_399' title='bbox 1547 2334 1638 2370; x_wconf 73' lang='lat' dir='ltr'><strong>scias,</strong></span> <span class='ocrx_word' id='word_1_400' title='bbox 1654 2345 1703 2366; x_wconf 80' lang='lat' dir='ltr'><strong>me</strong></span> <span class='ocrx_word' id='word_1_401' title='bbox 1717 2343 1819 2374; x_wconf 85' lang='lat' dir='ltr'><strong>neque</strong></span> 
     </span>
     <span class='ocr_line' id='line_1_70' title="bbox 1090 2375 1818 2416; baseline 0.001 -10"><span class='ocrx_word' id='word_1_402' title='bbox 1090 2386 1163 2406; x_wconf 89' lang='lat' dir='ltr'><strong>cum</strong></span> <span class='ocrx_word' id='word_1_403' title='bbox 1177 2376 1383 2411; x_wconf 84' lang='lat' dir='ltr'><strong>cessantibus,</strong></span> <span class='ocrx_word' id='word_1_404' title='bbox 1403 2386 1504 2416; x_wconf 88' lang='lat' dir='ltr'><strong>neque</strong></span> <span class='ocrx_word' id='word_1_405' title='bbox 1526 2386 1599 2407; x_wconf 87' lang='lat' dir='ltr'><strong>cum</strong></span> <span class='ocrx_word' id='word_1_406' title='bbox 1621 2375 1713 2407; x_wconf 84' lang='lat' dir='ltr'><strong>nimis</strong></span> <span class='ocrx_word' id='word_1_407' title='bbox 1733 2375 1818 2407; x_wconf 82' lang='lat' dir='ltr'><strong>festi-</strong></span> 
     </span>
     <span class='ocr_line' id='line_1_71' title="bbox 1091 2417 1363 2449; baseline 0.004 -1"><span class='ocrx_word' id='word_1_408' title='bbox 1091 2417 1237 2449; x_wconf 81' lang='lat' dir='ltr'><strong>nantibus</strong></span> <span class='ocrx_word' id='word_1_409' title='bbox 1251 2418 1363 2449; x_wconf 86' lang='lat' dir='ltr'><strong>facere.</strong></span> 
     </span>
    </p>
   </div>
   <div class='ocr_carea' id='block_1_18' title="bbox 1092 2501 1826 2954">
    <p class='ocr_par' dir='ltr' id='par_1_25' title="bbox 1303 2501 1616 2533">
     <span class='ocr_line' id='line_1_72' title="bbox 1303 2501 1616 2533; baseline 0.003 -1"><span class='ocrx_word' id='word_1_410' title='bbox 1303 2501 1524 2533; x_wconf 85' lang='lat' dir='ltr'><strong>EPISTOLA</strong></span> <span class='ocrx_word' id='word_1_411' title='bbox 1547 2502 1616 2533; x_wconf 89' lang='lat'><strong>111.</strong></span> 
     </span>
    </p>

    <p class='ocr_par' dir='ltr' id='par_1_26' title="bbox 1092 2542 1826 2954">
     <span class='ocr_line' id='line_1_73' title="bbox 1135 2542 1819 2586; baseline 0 -12"><span class='ocrx_word' id='word_1_412' title='bbox 1135 2543 1213 2574; x_wconf 89' lang='lat' dir='ltr'><strong>Haec</strong></span> <span class='ocrx_word' id='word_1_413' title='bbox 1228 2543 1360 2586; x_wconf 84' lang='lat' dir='ltr'><strong>epistola</strong></span> <span class='ocrx_word' id='word_1_414' title='bbox 1374 2544 1533 2584; x_wconf 84' lang='lat' dir='ltr'><strong>ingenium</strong></span> <span class='ocrx_word' id='word_1_415' title='bbox 1549 2549 1581 2574; x_wconf 87' lang='lat' dir='ltr'><strong>et</strong></span> <span class='ocrx_word' id='word_1_416' title='bbox 1600 2542 1750 2575; x_wconf 80' lang='lat' dir='ltr'><strong>rationem</strong></span> <span class='ocrx_word' id='word_1_417' title='bbox 1773 2543 1819 2574; x_wconf 80' lang='lat' dir='ltr'><strong>fa-</strong></span> 
     </span>
     <span class='ocr_line' id='line_1_74' title="bbox 1092 2584 1821 2626; baseline 0.001 -11"><span class='ocrx_word' id='word_1_418' title='bbox 1092 2585 1251 2616; x_wconf 85' lang='lat' dir='ltr'><strong>miliariter</strong></span> <span class='ocrx_word' id='word_1_419' title='bbox 1277 2587 1317 2616; x_wconf 90' lang='lat' dir='ltr'><strong>ad</strong></span> <span class='ocrx_word' id='word_1_420' title='bbox 1346 2585 1483 2617; x_wconf 85' lang='lat' dir='ltr'><strong>amicum</strong></span> <span class='ocrx_word' id='word_1_421' title='bbox 1510 2585 1673 2616; x_wconf 75' lang='lat' dir='ltr'><strong>scribentis</strong></span> <span class='ocrx_word' id='word_1_422' title='bbox 1699 2584 1821 2626; x_wconf 80' lang='lat' dir='ltr'><strong>egregie</strong></span> 
     </span>
     <span class='ocr_line' id='line_1_75' title="bbox 1092 2626 1822 2669; baseline -0.001 -11"><span class='ocrx_word' id='word_1_423' title='bbox 1092 2627 1248 2669; x_wconf 84' lang='lat' dir='ltr'><strong>exprimit.</strong></span> <span class='ocrx_word' id='word_1_424' title='bbox 1292 2629 1367 2658; x_wconf 85' lang='lat' dir='ltr'><strong>Erat</strong></span> <span class='ocrx_word' id='word_1_425' title='bbox 1389 2627 1496 2659; x_wconf 86' lang='lat' dir='ltr'><strong>Julius</strong></span> <span class='ocrx_word' id='word_1_426' title='bbox 1517 2627 1628 2659; x_wconf 82' lang='lat' dir='ltr'><strong>Florus</strong></span> <span class='ocrx_word' id='word_1_427' title='bbox 1648 2627 1682 2658; x_wconf 86' lang='lat' dir='ltr'><strong>in</strong></span> <span class='ocrx_word' id='word_1_428' title='bbox 1697 2626 1822 2658; x_wconf 79' lang='lat' dir='ltr'><strong>cohorte</strong></span> 
     </span>
     <span class='ocr_line' id='line_1_76' title="bbox 1095 2667 1822 2705; baseline 0 -6"><span class='ocrx_word' id='word_1_429' title='bbox 1095 2669 1159 2700; x_wconf 88' lang='lat' dir='ltr'><strong>sive</strong></span> <span class='ocrx_word' id='word_1_430' title='bbox 1171 2669 1202 2699; x_wconf 90' lang='lat' dir='ltr'><strong>in</strong></span> <span class='ocrx_word' id='word_1_431' title='bbox 1220 2669 1368 2701; x_wconf 81' lang='lat' dir='ltr'><strong>comitatu</strong></span> <span class='ocrx_word' id='word_1_432' title='bbox 1391 2669 1516 2700; x_wconf 83' lang='lat' dir='ltr'><strong>Claudii</strong></span> <span class='ocrx_word' id='word_1_433' title='bbox 1537 2669 1658 2700; x_wconf 81' lang='lat' dir='ltr'><strong>Tiberii·</strong></span> <span class='ocrx_word' id='word_1_434' title='bbox 1675 2667 1822 2705; x_wconf 78' lang='lat' dir='ltr'><strong>Neronis,</strong></span> 
     </span>
     <span class='ocr_line' id='line_1_77' title="bbox 1096 2710 1823 2753; baseline -0.001 -12"><span class='ocrx_word' id='word_1_435' title='bbox 1096 2717 1162 2742; x_wconf 88' lang='lat' dir='ltr'><strong>tum</strong></span> <span class='ocrx_word' id='word_1_436' title='bbox 1185 2712 1282 2753; x_wconf 78' lang='lat' dir='ltr'><strong>Syriae</strong></span> <span class='ocrx_word' id='word_1_437' title='bbox 1304 2711 1344 2742; x_wconf 89' lang='lat' dir='ltr'><strong>ab</strong></span> <span class='ocrx_word' id='word_1_438' title='bbox 1358 2711 1503 2752; x_wconf 85' lang='lat' dir='ltr'><strong>Augusto</strong></span> <span class='ocrx_word' id='word_1_439' title='bbox 1523 2710 1672 2753; x_wconf 66' lang='lat' dir='ltr'><strong>praefecti.</strong></span> <span class='ocrx_word' id='word_1_440' title='bbox 1716 2710 1823 2750; x_wconf 77' lang='lat' dir='ltr'><strong>Rogat</strong></span> 
     </span>
     <span class='ocr_line' id='line_1_78' title="bbox 1097 2751 1821 2796; baseline -0.003 -12"><span class='ocrx_word' id='word_1_441' title='bbox 1097 2753 1191 2794; x_wconf 84' lang='lat' dir='ltr'><strong>igitur</strong></span> <span class='ocrx_word' id='word_1_442' title='bbox 1205 2759 1297 2796; x_wconf 80' lang='lat' dir='ltr'><strong>poeta</strong></span> <span class='ocrx_word' id='word_1_443' title='bbox 1312 2753 1449 2788; x_wconf 87' lang='lat' dir='ltr'><strong>Florum,</strong></span> <span class='ocrx_word' id='word_1_444' title='bbox 1466 2759 1502 2784; x_wconf 80' lang='lat' dir='ltr'><strong>ut</strong></span> <span class='ocrx_word' id='word_1_445' title='bbox 1516 2752 1576 2784; x_wconf 84' lang='lat' dir='ltr'><strong>sibi</strong></span> <span class='ocrx_word' id='word_1_446' title='bbox 1594 2752 1773 2794; x_wconf 79' lang='lat' dir='ltr'><strong>perscribat,</strong></span> <span class='ocrx_word' id='word_1_447' title='bbox 1788 2751 1821 2782; x_wconf 89' lang='lat' dir='ltr'><strong>in</strong></span> 
     </span>
     <span class='ocr_line' id='line_1_79' title="bbox 1097 2793 1825 2837; baseline -0.004 -11"><span class='ocrx_word' id='word_1_448' title='bbox 1097 2806 1160 2837; x_wconf 89' lang='lat' dir='ltr'><strong>qua</strong></span> <span class='ocrx_word' id='word_1_449' title='bbox 1182 2795 1306 2836; x_wconf 85' lang='lat' dir='ltr'><strong>regione</strong></span> <span class='ocrx_word' id='word_1_450' title='bbox 1329 2805 1412 2826; x_wconf 89' lang='lat' dir='ltr'><strong>nunc</strong></span> <span class='ocrx_word' id='word_1_451' title='bbox 1434 2800 1571 2827; x_wconf 84' lang='lat' dir='ltr'><strong>versetur</strong></span> <span class='ocrx_word' id='word_1_452' title='bbox 1597 2793 1763 2829; x_wconf 76' lang='lat' dir='ltr'><strong>exercitus,</strong></span> <span class='ocrx_word' id='word_1_453' title='bbox 1793 2798 1825 2824; x_wconf 82' lang='lat' dir='ltr'><strong>et</strong></span> 
     </span>
     <span class='ocr_line' id='line_1_80' title="bbox 1096 2835 1825 2879; baseline -0.004 -11"><span class='ocrx_word' id='word_1_454' title='bbox 1096 2837 1172 2878; x_wconf 89' lang='lat' dir='ltr'><strong>quid</strong></span> <span class='ocrx_word' id='word_1_455' title='bbox 1187 2848 1287 2869; x_wconf 87' lang='lat' dir='ltr'><strong>rerum</strong></span> <span class='ocrx_word' id='word_1_456' title='bbox 1305 2843 1365 2868; x_wconf 76' lang='lat' dir='ltr'><strong>tam</strong></span> <span class='ocrx_word' id='word_1_457' title='bbox 1386 2837 1454 2879; x_wconf 89' lang='lat' dir='ltr'><strong>ipse</strong></span> <span class='ocrx_word' id='word_1_458' title='bbox 1475 2847 1570 2879; x_wconf 87' lang='lat' dir='ltr'><strong>quam</strong></span> <span class='ocrx_word' id='word_1_459' title='bbox 1591 2835 1685 2868; x_wconf 83' lang='lat' dir='ltr'><strong>ceteri</strong></span> <span class='ocrx_word' id='word_1_460' title='bbox 1705 2840 1825 2876; x_wconf 69' lang='lat' dir='ltr'><strong>gerant.</strong></span> 
     </span>
     <span class='ocr_line' id='line_1_81' title="bbox 1097 2877 1826 2921; baseline -0.004 -11"><span class='ocrx_word' id='word_1_461' title='bbox 1097 2879 1148 2910; x_wconf 81' lang='lat' dir='ltr'><strong>Ad</strong></span> <span class='ocrx_word' id='word_1_462' title='bbox 1170 2880 1302 2911; x_wconf 84' lang='lat' dir='ltr'><strong>eundem</strong></span> <span class='ocrx_word' id='word_1_463' title='bbox 1325 2880 1450 2910; x_wconf 83' lang='lat' dir='ltr'><strong>Florum</strong></span> <span class='ocrx_word' id='word_1_464' title='bbox 1475 2878 1588 2921; x_wconf 78' lang='lat' dir='ltr'><strong>scripta</strong></span> <span class='ocrx_word' id='word_1_465' title='bbox 1613 2884 1660 2911; x_wconf 81' lang='lat' dir='ltr'><strong>est</strong></span> <span class='ocrx_word' id='word_1_466' title='bbox 1686 2877 1826 2919; x_wconf 84' lang='lat' dir='ltr'><strong>Epistola</strong></span> 
     </span>
     <span class='ocr_line' id='line_1_82' title="bbox 1096 2920 1475 2954; baseline 0.003 -2"><span class='ocrx_word' id='word_1_467' title='bbox 1096 2922 1235 2954; x_wconf 84' lang='lat' dir='ltr'><strong>secunda.</strong></span> <span class='ocrx_word' id='word_1_468' title='bbox 1250 2921 1319 2953; x_wconf 87' lang='lat' dir='ltr'><strong>libri</strong></span> <span class='ocrx_word' id='word_1_469' title='bbox 1333 2920 1475 2953; x_wconf 86' lang='lat' dir='ltr'><strong>secundi.</strong></span> 
     </span>
    </p>
   </div>
  </div>
 </body>
</html>
