1904 3314
10 153 33 370 *wem*
12 91 28 147 m..
15 54 19 63 ψ
24 28 27 29 ,

75 170 84 175 .

691 165 917 210 LIBER
949 166 983 217 1,
1020 167 1084 208 10.

1570 163 1658 208 355

223 273 327 316 Non
351 274 466 316 ridet
485 288 636 316 versus
659 270 778 314 Enni
797 271 1011 326 gravitate
1033 271 1236 321 minores,

133 340 190 382 55
222 341 372 390 Quum
393 344 449 385 de
471 357 516 384 se
538 340 744 396 loquitur,
767 354 856 380 non
877 346 926 380 ut
946 339 1111 394 majore
1133 337 1386 393 reprensis?

220 409 343 458 Quid
363 418 481 453 vetat
501 417 545 452 et
565 415 734 450 nosmet
757 406 904 450 Lucili
924 407 1088 462 scripta
1107 405 1320 462 legentes,

219 479 447 529 Quaerere,
469 492 571 519 num
591 475 720 526 illius,
743 491 846 518 num
868 490 1014 517 rerum
1035 476 1146 517 dura
1166 475 1336 530 negarit

217 545 471 589 Versiculos
492 552 649 587 natura
669 545 805 599 magis
828 543 967 586 factos
990 550 1035 585 et
1055 550 1210 585 euntes

217 615 411 665 Mollius,
433 629 483 656 ac
506 614 542 655 si
562 613 672 668 quis,
696 612 900 669 (pedibus
923 611 1028 667 quid
1051 610 1256 653 claudere
1282 610 1412 660 senis,

128 684 187 726 60
216 683 317 726 Hoc
338 690 506 726 tantum
525 681 790 735 contentus,)
812 687 926 722 amet
949 680 1176 735 scripsisse
1199 679 1414 720 ducentos

214 750 334 794 Ante
355 750 500 794 cibum
520 766 689 800 versus,
714 750 897 792 totidem
917 749 1149 791 coenatus?

1213 747 1394 789 Etrusci

216 816 360 866 Quale
381 817 463 860 fuit
485 816 613 859 Cassi
632 817 787 872 rapido
810 816 1047 858 ferventius
1070 815 1185 857 amni

216 885 459 941 Ingenium,
482 886 624 942 capsis
647 900 775 940 quem
797 884 911 926 fama
932 892 1000 926 est
1021 899 1118 926 esse
1139 883 1351 939 librisque

214 951 479 996 Ambustum
499 954 702 1010 propriis.

765 953 917 995 Fuerit
939 952 1152 1003 Lucilius,
1174 952 1364 1007 inquam,

121 1022 185 1065 ’65
216 1021 361 1064 Comis
382 1030 426 1065 et
446 1024 664 1074 urbanus3
697 1021 831 1064 fuerit
851 1020 1038 1064 limatior
1061 1022 1190 1072 idem,

218 1091 363 1140 Quam
383 1091 505 1133 rudis
528 1098 571 1133 et
595 1090 766 1133 Graecis
789 1091 939 1132 intacti
962 1091 1162 1132 carminis
1185 1096 1351 1139 auctor,

98 1217 335 1250 accommodate
378 1218 419 1249 ad
465 1228 539 1249 eum
582 1217 637 1259 qui
676 1218 850 1248 lutulentus

89 1259 197 1300 fluere
210 1259 345 1302 dicitnr)
366 1262 485 1301 quidem
502 1259 662 1302 (utique),
681 1270 754 1301 quae
770 1259 850 1292 reci-

98 1301 205 1335 denda
219 1303 320 1344 magis
333 1314 429 1346 quam
442 1303 680 1346 (relinquenda)
695 1302 851 1333 servanda

99 1344 175 1378 sint.
222 1346 350 1385 Tollere,
371 1352 407 1378 ut
430 1346 490 1378 inf.
514 1345 617 1388 Epist.
650 1346 683 1380 ii,
707 1346 742 1380 2,
772 1347 847 1380 113.

100 1390 217 1421 virtute
242 1392 381 1422 carentia
405 1390 500 1427 tollet,

99 1441 172 1475 sup.
187 1431 229 1464 ad
245 1433 313 1464 Sat.
330 1432 352 1472 i,
370 1435 402 1470 4,
422 1434 476 1465 ll.

143 1476 286 1508 52-55.
316 1477 455 1508 Sensus:
489 1480 577 1510 tune.
607 1474 663 1517 qui
692 1473 784 1506 docte
808 1473 848 1506 de

98 1523 263 1561 poetarum
280 1519 380 1562 pretio
392 1518 538 1561 judicare
553 1517 702 1555 didicisti,
720 1517 798 1549 nihil
814 1517 848 1549 in

99 1570 216 1602 magno
254 1562 392 1594 Homero
431 1561 653 1604 reprehendis?
715 1561 851 1592 Comisne

101 1604 194 1646 (cum
225 1604 367 1637 irrisione
396 1605 441 1636 ita
474 1603 671 1647 appellatur)
707 1604 851 1635 Lucilius

100 1646 181 1679 nihil
196 1647 227 1679 in
251 1648 371 1690 tragico
391 1647 495 1680 Accio
520 1653 620 1679 mutat
643 1646 850 1688 (mutandum

101 1697 222 1728 censet,
243 1691 276 1723 h.
293 1703 324 1724 e.
345 1690 585 1734 reprehendit)‘!
617 1700 723 1721 nonne
752 1690 851 1721 Ennii

99 1743 221 1770 versus.
242 1735 362 1778 quibus
379 1734 467 1766 deest
481 1734 631 1776 gravitas,
651 1734 753 1764 ridet!
777 1743 849 1764 cum

103 1776 250 1809 Lucilius
266 1777 306 1810 de
325 1789 358 1810 se
381 1777 530 1820 loquitur.
550 1787 656 1808 nonne
680 1776 724 1807 ita
746 1776 850 1817 loqui-

101 1824 164 1857 tur.
180 1831 218 1852 ac
234 1820 261 1852 si
275 1821 378 1864 potior
387 1826 467 1852 esset
479 1821 518 1852 iis
532 1830 614 1862 quos
631 1819 852 1862 reprehendit?

104 1862 223 1895 comis.-
247 1864 281 1896 in
300 1875 333 1896 v.
356 1866 398 1896 65
419 1863 509 1895 addit
530 1865 667 1895 urbanus
679 1874 689 1900 ,·
719 1862 852 1894 fortasse

102 1907 274 1939 vocabatur
288 1907 334 1939 ita
349 1908 390 1939 ab
405 1907 443 1938 iis
458 1906 514 1949 qui
529 1917 600 1938 eum
622 1905 846 1937 defendebant.

101 1949 228 1982 Accius.-
243 1951 276 1982 in
289 1957 379 1982 tanto
392 1951 510 1982 honore
519 1950 581 1981 fuit
592 1955 684 1992 poeta
696 1949 849 1990 tragicus,

103 1991 241 2032 Accius,
267 1999 303 2026 ut
331 1993 391 2025 inf.
418 1993 520 2036 Epist.
544 1992 578 2029 ii,
607 1994 635 2028 l,
659 1993 713 2030 56,
727 1993 851 2035 samam

100 2035 160 2068 alti
188 2039 266 2069 senis
295 2037 346 2079 (h.
375 2048 405 2069 e.
431 2035 616 2080 Sophoclis)
645 2037 772 2078 ausen-re
801 2035 850 2066 di-

101 2083 206 2111 catur.

527 1399 596 1432 pro,
620 1387 763 1422 recidere.
774 1400 781 1419 ι
806 1388 849 1420 cf.

145 2122 290 2155 56-64.
307 2123 391 2158 Quid
399 2129 493 2159 vetat,
505 2127 580 2153 cett.
593 2131 718 2152 sensus:
737 2121 851 2163 quodsi

103 2163 200 2206 igitur
234 2165 344 2208 optimi
375 2166 495 2208 quique
525 2165 691 2207 scriptores
721 2164 851 2196 obnoxii

102 2213 178 2240 sunt
197 2208 442 2251 reprehensioni,
463 2218 521 2240 cur
539 2218 601 2238 non
623 2206 701 2238 mihi
722 2218 851 2250 quoque

101 2249 199 2283 liceat
219 2262 370 2295 quaerere,
388 2263 464 2284 num
482 2250 606 2283 Lucilio
621 2250 783 2292 ingenium
801 2251 849 2283 vel

100 2291 242 2327 difficilis
276 2294 423 2328 materies
465 2293 628 2335 denegarit
663 2293 848 2331 versiculos,

101 2336 309 2379 elegantiores
324 2338 447 2371 scilicet
462 2339 576 2379 (magis
584 2336 707 2386 suctos)
722 2343 753 2369 et
769 2337 848 2368 mol-

102 2378 167 2412 lius
195 2381 338 2418 fluentes.
361 2392 458 2425 quarn
481 2381 508 2412 si
538 2391 622 2423 quis,
644 2388 681 2411 ut
703 2381 849 2412 Lucilius

24 2413 46 2475 Ξ
102 2421 183 2464 (hoc
206 2430 331 2456 tantum
356 2430 535 2461 contemne,
561 2423 683 2466 aliquid
710 2423 850 2465 redigere

23 2468 42 2513 ,¹
102 2475 195 2509 posse
222 2467 256 2499 in
282 2467 530 2505 hexametrum),
560 2467 715 2499 ducentos
741 2478 850 2499 versus

27 2531 42 2543 a
102 2515 176 2547 ante
194 2520 334 2548 coenam,
355 2517 387 2543 et
404 2511 533 2543 totidem
558 2516 628 2553 post
646 2521 770 2542 coenam
796 2510 847 2542 de-

102 2562 287 2628 groperasse
303 2554 364 2586 sibi
384 2555 533 2598 placeat!
556 2553 631 2590 Sed,
648 2559 684 2584 ut
704 2552 780 2584 mihi
804 2553 849 2584 vi-

36 2621 42 2635 ,
125 2602 206 2634 etur,
220 2597 334 2641 aptior,
349 2597 535 2640 simplicior,
550 2602 581 2628 et
593 2597 779 2628 concinnior
792 2596 850 2628 hu-

34 2643 42 2670 ἱ,
98 2637 156 2682 jus
169 2639 232 2673 loci
245 2641 279 2673 fit
289 2642 459 2677 sententia,
471 2641 498 2672 si
513 2651 550 2672 ea
563 2639 776 2671 constituatur
786 2639 830 2670 sic
843 2653 850 2670 :

28 2679 44 2721 'f
104 2681 217 2758 {vidui
238 2690 272 2716 et
292 2694 364 2726 ego,
387 2695 460 2716 cum
476 2682 700 2724 *negligentius
719 2682 854 2724 scriptos

29 2727 44 2766 g·
134 2725 225 2759 ucilii
244 2737 354 2760 versus
381 2727 462 2770 lego,
484 2737 636 2769 quaeram,
667 2732 772 2757 utrum
803 2725 852 2757 in-

104 2769 233 2811 genium
249 2770 360 2812 magis,
378 2771 428 2802 vel
450 2781 563 2806 rerum,
582 2779 665 2812 quas
685 2769 744 2800 sibi
768 2774 850 2801 trac-

47 2817 48 2820 ’
105 2813 220 2845 tnndas
243 2813 371 2852 sumsit,
397 2813 570 2845 difficultas
597 2812 626 2844 ei
651 2811 854 2854 denegaverit

105 2863 214 2888 versus
237 2857 400 2899 elegantes
427 2862 459 2889 et
488 2855 616 2887 mollius
644 2855 789 2891 fluentes,
812 2866 853 2888 an

95 2897 287 2940 festinatio?
310 2910 383 2932 nam
401 2900 434 2932 in
458 2900 561 2931 verbis
581 2901 605 2931 si
625 2900 691 2941 quis
707 2904 783 2930 cett.
801 2909 852 2930 us-

108 2950 172 2982 que
194 2940 235 2974 ad
257 2950 402 2978 coenatus.
426 2943 505 2974 nihil
530 2942 588 2973 nisi
607 2943 776 2985 festinatio
798 2953 852 2973 ex-

107 2993 215 3026 pressa
234 2990 292 3019 est.
337 2985 447 3018 Exibit
469 2992 576 3018 autem
601 2986 669 3018 haec
685 2985 854 3021 sementia,

894 1217 921 1248 si
938 1215 969 1248 in
987 1229 1017 1249 v.
1034 1218 1087 1255 59,
1104 1228 1159 1260 pro
1175 1229 1211 1249 ac
1230 1217 1268 1252 si.
1290 1215 1451 1248 levissima
1469 1214 1646 1247 mutatione

893 1272 934 1291 an
963 1262 987 1291 si
1018 1261 1174 1303 posueris,
1226 1260 1279 1292 Sic
1308 1260 1460 1291 Horatius
1489 1260 1551 1300 (ut‘
1574 1269 1647 1301 sup.

894 1304 959 1334 Sat.
976 1303 1019 1341 iv,
1039 1303 1095 1334 ubi
1115 1303 1194 1335 dicit
1212 1314 1241 1334 v.
1262 1305 1294 1340 9,
1323 1304 1374 1339 10,
1401 1302 1570 1344 Namsut't
1593 1303 1646 1333 hoc

894 1347 1028 1382 vitiosus,
1054 1349 1087 1377 ἱη
1116 1347 1189 1376 hom
1211 1357 1284 1386 soepe
1309 1347 1464 1382 ducentos,
1492 1345 1535 1376 Ut
1558 1357 1644 1387 mag-

893 1400 979 1425 num,
1007 1400 1108 1420 versus
1132 1391 1283 1424 dictabat.
1313 1395 1395 1420 stans
1415 1389 1490 1428 pede
1512 1389 1545 1418 in
1569 1400 1643 1425 unu,

892 1437 926 1463 et
952 1442 980 1463 ν.
1008 1433 1058 1470 12,
1081 1434 1169 1473 piger
1198 1433 1350 1463 scribendi
1370 1431 1464 1474 ferre
1496 1431 1643 1471 laborem)

893 1474 999 1506 omnia
1018 1475 1096 1506 vitia
1119 1474 1236 1507 Lucilii
1260 1474 1401 1507 versibus
1423 1474 1647 1516 exprobranda

893 1517 988 1550 unice
1005 1529 1023 1549 a
1039 1529 1164 1550 summa
1181 1518 1253 1560 ejus
1270 1518 1482 1554 festinatione,
1508 1517 1644 1554 incuria,

895 1566 928 1592 et
961 1561 1157 1603 negligentia
1192 1573 1222 1592 re
1248 1562 1318 1593 etit.
1380 1561 1553 1592 Num—an
1591 1572 1647 1604 pro

894 1610 1088 1636 ulrum—an
1105 1573 1294 1647 respond’ent
1312 1604 1386 1640 sibi,
1410 1612 1446 1636 ut
1466 1605 1535 1636 Sat.
1554 1603 1589 1641 ii,
1613 1607 1645 1642 5,

896 1647 950 1681 50,
982 1648 1067 1678 Num
1088 1647 1191 1690 furis,
1221 1660 1262 1679 an
1295 1650 1430 1688 prudens
1464 1649 1546 1678 ludis
1585 1659 1643 1684 me,

895 1691 1021 1721 obscura
1041 1692 1198 1722 canendo?
1217 1690 1309 1722 etsie
1334 1700 1429 1732 saepe.
1475 1690 1569 1721 Illius
1588 1702 1646 1721 ηα-

894 1739 980 1769 tura,
998 1732 1118 1774 ingenii
1131 1732 1224 1769 vires,
1242 1733 1410 1764 facultates
1423 1745 1431 1772 ;
1446 1744 1549 1763 rerum
1563 1735 1646 1764 dura

895 1782 1023 1811 natura,
1068 1787 1171 1808 rerum
1208 1776 1447 1808 scribendarum
1488 1775 1647 1808 difficilior

896 1819 1052 1857 materies,
1074 1819 1141 1850 sive
1165 1825 1395 1861 argumentum,
1420 1829 1482 1850 non
1502 1819 1571 1851 sine
1594 1819 1645 1851 in-

896 1862 1030 1894 tentiore
1053 1871 1085 1894 et
1107 1863 1284 1894 molestiore
1306 1862 1412 1894 studio
1431 1862 1646 1895 tractandum.

894 1905 1012 1940 Factos.
1026 1917 1073 1938 sc.
1088 1912 1154 1937 arte
1170 1906 1360 1942 elaborat0S‚
1372 1905 1548 1948 expolitos:
1573 1906 1646 1938 Cic.

893 1949 933 1980 de
953 1949 1043 1980 Orat.
1066 1948 1114 1984 iii,
1135 1950 1189 1984 48,
1212 1951 1308 1980 oratio
1330 1949 1427 1989 polita
1449 1954 1539 1990 atque
1549 1948 1646 1990 facta

894 1994 1124 2032 quodammodo:
1162 1992 1205 2023 cs.
1236 1993 1362 2023 Ernest.
1390 1991 1423 2022 in
1456 1992 1551 2023 Clav.
1575 1992 1646 2024 Cic.

894 2045 920 2065 s.
941 2045 971 2066 v.
994 2036 1120 2067 Factus.
1167 2036 1275 2067 Verba
1297 2037 1423 2076 pedibus
1445 2036 1518 2076 quid
1541 2046 1645 2077 usque

896 2077 936 2109 ad
951 2085 1109 2110 concentus
1125 2078 1306 2121 parenthesi
1326 2078 1470 2110 distinxi.
1520 2078 1646 2110 Etrusci

898 2122 998 2156 Quale
1010 2123 1082 2165 fuit
1102 2121 1204 2153 Cassi.-
1230 2121 1363 2154 Cassius
1381 2122 1547 2157 Etruscus,
1570 2122 1646 2164 quia

896 2165 1022 2212 pariter,
1040 2170 1076 2196 ut
1093 2165 1248 2199 Lucilius,
1270 2165 1355 2196 brevi
1375 2163 1523 2207 temporis
1543 2165 1645 2207 spatio

895 2214 1054 2249 ingentem
1078 2218 1222 2240 versuum
1248 2218 1415 2240 numerum
1437 2214 1552 2239 temere
1574 2209 1645 2240 fun-

894 2250 967 2282 dere
991 2251 1126 2286 solebat.
1151 2257 1244 2294 poeta
1269 2252 1328 2283 suit
1352 2251 1505 2288 vitiosus3
1529 2258 1560 2283 at
1586 2252 1646 2285 inf.

895 2293 994 2336 Epist.
1011 2294 1033 2331 i,
1050 2297 1082 2330 4,
1103 2296 1135 2331 3,
1159 2301 1196 2326 ut
1218 2300 1311 2338 poeta
1331 2294 1478 2336 egregius
1497 2295 1646 2327 laudatur

897 2338 1018 2369 Cassius
1037 2338 1220 2369 Parmensis.
1249 2338 1399 2369 Attamen
1411 2344 1522 2380 praeter
1534 2338 1646 2371 Schol.

895 2381 996 2422 Cruq.
1010 2381 1149 2418 fuerunt,
1167 2381 1222 2423 qui
1239 2392 1294 2424 per
1310 2381 1458 2412 Cassium
1474 2382 1646 2414 Etruscum

894 2430 926 2455 et
939 2425 1142 2456 Parmensem
1157 2435 1255 2456 unum
1272 2424 1474 2467 eundemque
1486 2425 1645 2466 designari

894 2467 1141 2500 contenderent:
1178 2467 1219 2499 cf.
1249 2468 1423 2500 Ruhnken.
1455 2468 1494 2499 ad
1526 2469 1646 2501 Vellei.

895 2510 929 2545 ii,
947 2512 1001 2543 88.
1048 2511 1110 2543 Sed
1124 2511 1201 2542 mihi
1221 2511 1373 2543 Horatius
1385 2511 1494 2543 addita
1508 2511 1558 2543 hic
1570 2523 1645 2544 voce

898 2553 1058 2591 Etruscus,
1089 2560 1121 2586 et
1145 2554 1204 2585 inf.
1236 2555 1420 2591 Parmensis,
1445 2554 1518 2586 data
1551 2566 1645 2598 opera

895 2597 976 2629 duos
995 2598 1123 2629 Cassios
1146 2597 1228 2629 inter
1250 2608 1283 2629 se
1305 2597 1489 2630 distinxisse
1512 2598 1645 2634 videtur,

897 2639 1083 2683 quicunque
1107 2641 1234 2672 tandem
1264 2640 1318 2672 ille
1354 2641 1501 2673 Etruscus
1530 2642 1644 2674 fuerit:

898 2683 974 2715 satis
991 2690 1086 2715 notus
1100 2690 1150 2715 est
1162 2686 1282 2716 Cassius
1294 2685 1479 2720 Parmensis,
1494 2695 1555 2716 non
1575 2691 1645 2716 tan·

899 2731 963 2757 tum
981 2733 1017 2758 ut
1031 2733 1124 2769 poeta
1139 2727 1288 2768 tragicus,
1300 2727 1354 2759 sed
1371 2728 1466 2760 etiam
1483 2735 1519 2759 ut
1535 2729 1645 2760 Caesa-

896 2770 938 2801 ris
952 2769 1188 2802 interfectorum
1206 2781 1301 2803 unus.
1349 2772 1453 2812 Capsis
1463 2770 1646 2813 quenijiima

897 2820 950 2849 est,
968 2819 1042 2844 cett.
1057 2813 1098 2844 ad
1115 2813 1275 2855 ingentem
1293 2813 1454 2850 librorum,
1470 2824 1550 2855 quos
1566 2815 1645 2846 Cas-

898 2856 966 2888 sius
981 2856 1151 2899 scripserit,
1167 2857 1292 2906 copiam
1315 2857 1558 2899 designandam,
1578 2858 1648 2899 ejus

901 2910 974 2941 rogo
989 2901 1182 2931 exstruendo
1198 2900 1276 2941 ligni
1301 2900 1371 2932 loco
1393 2901 1492 2942 ipsius
1514 2899 1585 2930 libri
1612 2900 1647 2930 li-

900 2943 1091 2985 brorumque
1118 2944 1321 2984 receptacula
1345 2943 1486 2975 adhibita
1509 2952 1577 2973 esse
1600 2942 1648 2971 di-

901 2992 1037 3018 cuntur:
1069 2989 1238 3018 ambustum
1268 2997 1323 3028 pro
1348 2989 1554 3021 combustum,-
1590 2985 1650 3015 nisi

829 3030 922 3061 Aa‘Z
