1884 3288
280 205 336 246 92

834 199 1231 242 CARMINUM

564 300 785 342 Perfidum
803 300 912 340 votis
934 306 1078 354 caput,
1099 299 1297 340 enitescis

561 366 787 408 Pulchrior
807 365 953 415 multo,
970 367 1260 420 juvenumque
1279 366 1427 419 prodis

953 431 1132 471 Publica
1152 445 1267 471 cura.

563 498 769 552 Expedit,
791 497 936 538 matris
959 497 1120 537 cineres
1142 503 1318 550 opertos

483 564 534 604 10
562 562 743 612 Fallere,
765 569 808 604 et
828 569 917 603 toto
938 562 1149 602 taciturna
1164 563 1302 602 noctis

563 630 695 684 Signa
714 644 810 670 cum
829 628 952 677 coelo,
974 627 1200 682 gelidaque
1222 627 1359 669 Divos

955 694 1100 735 Morte
1122 700 1330 735 carentes.

565 762 701 803 Ridet
719 761 817 809 hoc,
838 760 1024 813 inquam,
1046 759 1197 801 Venus
1219 760 1326 813 ipsa,
1348 759 1490 800 rident

566 826 787 880 Simplices
807 825 1040 879 Nymphae,
1062 825 1177 866 ferus
1199 833 1242 866 et
1263 826 1448 879 Cupido,

482 894 533 933 15
563 894 741 946 Semper
761 892 960 932 ardentes
981 905 1136 931 acuens
1158 892 1335 945 sagittas

955 958 1063 998 Cote
1083 965 1272 999 cruenta.

565 1022 707 1072 Adde,
729 1025 843 1077 quod
864 1025 1002 1077 pubes
1023 1024 1101 1064 tibi
1122 1024 1274 1064 crescit
1295 1024 1445 1073 omnis,

565 1089 756 1130 Servitus
777 1089 930 1130 crescit
949 1103 1083 1138 nova3
1114 1103 1191 1129 nec
1212 1089 1378 1142 priores

562 1155 710 1209 Impiae
729 1161 888 1196 tectum
908 1155 1087 1195 dominae
1108 1154 1355 1208 relinquunt

476 1222 532 1262 20

959 1220 1083 1274 Saepe
1104 1222 1262 1261 minati.

563 1287 630 1328 Te
653 1287 739 1327 suis
761 1294 916 1328 matres
938 1293 1130 1327 metuunt
1145 1287 1356 1341 juvencis,
1378 1299 1382 1302 ·

282 1421 387 1451 statim
414 1430 522 1451 curam
550 1419 597 1450 tui
625 1419 689 1450 sive
717 1418 829 1450 amoris
857 1420 1012 1449 flammam

283 1463 387 1493 animo
401 1462 597 1504 concipiant3
616 1461 734 1492 scilicet
747 1462 853 1501 puellae
867 1461 1014 1492 dicuntur

282 1516 372 1540 curat,
390 1503 465 1546 quia
476 1514 567 1534 curas
584 1502 741 1545 injiciunt.
784 1503 848 1538 Sic,
866 1508 900 1533 ut
915 1513 1012 1533 unum

284 1546 393 1577 saltem
414 1557 452 1577 ex
471 1545 579 1576 multis
598 1554 713 1587 ponam
732 1545 920 1586 exemplum,
936 1546 1013 1574 Pro-

283 1595 363 1628 pert.
379 1588 414 1622 ii,
432 1589 485 1623 25,
503 1589 531 1624 l,
549 1586 716 1627 Cynthiam
733 1596 821 1616 suam
840 1587 1012 1626 pulcherri-

283 1641 361 1659 mam
376 1640 491 1663 curam,
507 1630 601 1659 dolori
614 1639 666 1658 suo
681 1634 795 1665 natam,
811 1628 960 1669 appellat.

326 1671 444 1701 9-12,
469 1671 582 1700 Matris
605 1672 719 1700 cineres
743 1676 855 1708 opertos
882 1669 1012 1703 Fallere,

283 1711 363 1742 falso
382 1711 485 1752 jurare
512 1722 565 1753 per
589 1710 730 1742 conditos
749 1711 857 1741 matris
877 1710 1013 1741 cineres:

282 1753 321 1784 de
345 1764 429 1784 more
458 1763 511 1794 per
537 1758 700 1794 parentum
727 1763 797 1783 ossa
821 1752 948 1794 jurandi
973 1753 1013 1783 cf.

284 1796 428 1837 Propert.
442 1795 475 1830 ii,
494 1796 545 1832 16,
567 1797 614 1830 15,
631 1800 662 1825 et
676 1794 720 1824 ibi
731 1795 907 1825 Burmann.
953 1795 1013 1825 Pe-

280 1837 421 1877 jerantes
434 1836 529 1883 igitur
550 1847 604 1878 per
618 1846 692 1872 rem,
710 1847 779 1876 quae
796 1836 932 1866 maxima
947 1836 1013 1878 pie-

283 1884 346 1909 tate
361 1884 392 1909 et
407 1877 554 1918 religione
569 1879 608 1908 ab
623 1877 661 1907 iis
675 1877 740 1908 coli
753 1878 896 1914 debebat,
913 1878 1013 1918 gravi·

282 1920 344 1950 oris
374 1919 500 1950 sceleris
531 1919 657 1960 culpam
687 1919 746 1950 sibi
775 1919 1012 1950 contrahebant.

286 1961 396 1991 Getida
414 1961 512 1991 Morte
526 1967 669 1996 carentes,
685 1960 882 1991 immortales.

331 2003 466 2033 13—-16,
492 2003 581 2032 Ridet
593 2003 655 2037 hoc,
671 2005 802 2042 inquam,
820 2003 926 2039 Venus,
942 2007 1015 2033 cett.

285 2044 374 2080 nihil,
394 2044 536 2084 inquam,
559 2050 675 2074 nocent
695 2043 751 2074 tibi
774 2043 920 2084 perjuria,
943 2054 1014 2074 nam

283 2085 352 2127 ipsa
376 2087 498 2120 Venus.
521 2085 690 2126 Nymphae,
713 2091 746 2116 et
767 2085 890 2127 Cupido
915 2095 951 2116 ea
973 2085 1013 2115 ri-

282 2127 368 2158 dent.
414 2127 552 2158 Positatn
563 2127 656 2167 igitur
667 2127 705 2157 ab
717 2126 806 2157 initio
816 2127 1014 2163 sententiam,

282 2171 404 2208 impune
421 2171 557 2208 pejerare
574 2175 715 2205 amantes,
733 2167 771 2198 ad
792 2178 886 2208 quam
909 2170 946 2199 τὸ
967 2170 1013 2198 ἰη-

281 2222 370 2250 quam
385 2210 577 2242 referendum
597 2215 656 2245 est,
677 2210 804 2240 alterius
823 2210 1014 2251 exsequitur.

285 2253 378 2282 Ridet
408 2253 459 2283 hoc
490 2251 662 2292 (ejusmodi
693 2251 882 2292 perjurium)
917 2253 1013 2282 Venus

282 2296 367 2332 ipsa‚·
383 2294 468 2335 apud
483 2293 646 2324 Tibullum
663 2293 706 2328 iii,
721 2295 752 2328 6,
770 2294 823 2328 49,
840 2293 905 2334 ipse
920 2294 1012 2334 Jupi-

283 2341 346 2366 ter:
378 2337 515 2375 perjuria
540 2337 619 2365 ridet
643 2342 798 2365 amantum
825 2335 961 2375 Jupiter,
986 2342 1014 2366 et

283 2384 380 2408 ventos
395 2379 486 2407 irrita
490 2377 580 2418 ferre
586 2378 689 2416 jubet.
732 2377 878 2407 Ceterum
894 2377 926 2407 in
942 2387 1013 2407 sen-

283 2419 410 2450 tentiam
426 2419 502 2455 τοὺς
518 2419 554 2449 ἐν
569 2419 664 2459 ἔρωτι
673 2417 815 2460 ’Όρκους
832 2419 878 2459 μὴ
900 2418 1013 2451 δύνειν

283 2460 372 2492 οὔατ’
389 2461 421 2497 ἐς
437 2459 619 2491 ἀθανάτων
653 2465 689 2490 ut
707 2459 789 2501 apud
806 2460 934 2491 Callim.
952 2462 1013 2503 Ep.

283 2502 370 2539 xxvi,
384 2503 403 2532 3
420 2502 552 2541 dicitur)
577 2502 617 2532 cf.
669 2501 732 2532 vid.
754 2502 825 2532 Art.
845 2502 866 2538 i,
889 2503 963 2538 631,
983 2510 1014 2534 et

283 2544 374 2585 plura
395 2543 436 2574 ad
459 2543 491 2574 h.
512 2543 534 2573 1.
553 2544 593 2573 ab
615 2543 833 2584 interpretibus
849 2543 942 2574 allata
957 2554 1012 2575 ex-

282 2585 396 2627 empla.
434 2586 598 2624 Simplices,
613 2595 674 2615 non
690 2585 728 2615 ad
739 2590 899 2616 externum
913 2586 1012 2626 Nym-

283 2627 414 2668 pharum
441 2627 574 2664 cuhum,
598 2627 652 2657 sed
679 2628 718 2657 ad
743 2626 879 2657 nativam
908 2637 1014 2658 earum

282 2668 379 2699 animi
402 2667 458 2698 sim
484 2668 632 2699 licitatem
654 2667 827 2699 retulerim:
857 2679 924 2704 nos,
940 2676 1014 2710 gut-

282 2712 412 2751 miuhig.
483 2721 561 2745 erus,
587 2719 700 2745 saevuS,
729 2711 855 2751 ἄγριος.
898 2712 1017 2750 Semper

282 2754 420 2783 ardentes
434 2763 543 2782 acuens
556 2754 683 2792 sagittas
700 2752 770 2782 Cute
784 2758 922 2782 cruenta.
963 2753 1015 2784 De

282 2794 341 2824 hac
358 2793 537 2835 Cupidinis,
557 2793 686 2834 sagittas
707 2793 859 2828 amentis,
881 2793 912 2823 in
929 2805 1014 2834 gem·

283 2835 343 2865 mis
377 2845 502 2876 quoque
537 2845 684 2876 expressa
723 2833 856 2874 imagine
885 2835 1015 2867 laudant

284 2877 424 2918 Lippert.
456 2877 585 2918 Dactyl.
620 2876 707 2907 Mill.
739 2876 761 2912 i,
797 2877 871 2907 798.
923 2877 1013 2909 Adde

285 2918 538 2951 Winckelmann.
561 2919 594 2949 in
617 2919 702 2960 Opp.
725 2918 762 2949 T.
786 2918 807 2954 i,
832 2929 863 2959 p.
887 2920 939 2957 71,
958 2919 1010 2955 vii,

1056 1429 1089 1465 p.
1106 1420 1180 1450 499,
1225 1419 1349 1461 Sagittae
1371 1420 1518 1451 dicuntur
1539 1423 1688 1458 ardentes,
1711 1421 1786 1464 quia.

1056 1471 1172 1501 ignem,
1196 1471 1259 1501 quo
1279 1462 1406 1493 imbutae
1422 1468 1507 1500 sunt,
1523 1463 1652 1505 spirant.
1697 1465 1785 1500 Τόξα

1057 1502 1145 1543 ἕμπυ
1169 1514 1201 1537 α,
1209 1503 1395 1544 πυρίπνοοι,
1406 1505 1784 1546 πυριπνείοντεςόἳστοίε

1057 1545 1098 1574 cf.
1114 1545 1139 1576 C
1159 1544 1310 1576 ‚Mitsch.
1355 1548 1490 1576 Aeaeus.-
1511 1546 1556 1578 sic
1571 1557 1590 1578 a
1611 1547 1654 1578 ud
1675 1547 1785 1580 Philo·

1055 1586 1180 1616 demum
1200 1587 1260 1628 Ep.
1278 1597 1327 1624 xv,
1341 1588 1374 1622 3,
1390 1588 1423 1618 in
1439 1587 1568 1619 Anthol.
1615 1599 1688 1621 τωο.
1699 1590 1740 1621 Τ.
1750 1590 1785 1626 ii,

1050 1639 1088 1678 J).
1105 1629 1156 1663 74,
1172 1628 1264 1660 Ἀλλ’
1276 1628 1340 1667 ἤδη
1357 1630 1417 1660 Θοὰ
1438 1630 1520 1666 τόξα
1535 1629 1600 1662 νέοι
1623 1630 1786 1679 θήγουσιν

1067 1673 1210 1711 Ερωτες.
1246 1672 1315 1701 cote
1326 1679 1468 1703 cruenta:
1486 1672 1588 1712 cogita
1597 1673 1786 1715 Cupidinem

1057 1711 1185 1752 sagittas
1208 1723 1319 1743 acuere
1340 1713 1479 1749 obtusas,
1507 1719 1538 1744 et
1566 1714 1730 1755 sanguine,
1753 1715 1787 1747 in

1056 1759 1156 1784 cotem
1178 1754 1369 1790 destillante,
1393 1755 1494 1786 adhuc
1521 1755 1702 1796 madentes;
1725 1757 1787 1788 nisi

1057 1802 1210 1832 cruentus,
1238 1802 1273 1826 ut
1298 1806 1381 1838 saepe
1406 1796 1493 1834 alibi,
1514 1797 1581 1839 jam
1602 1803 1651 1829 est
1671 1808 1785 1836 saevus,

1057 1838 1203 1875 crudelis,
1218 1844 1315 1870 atrox.

1104 1880 1238 1910 17—20.
1260 1881 1357 1917 Adde,
1384 1882 1462 1920 qaod
1483 1882 1574 1920 pubes
1601 1882 1656 1912 tibi
1680 1884 1787 1914 erescit

1055 1922 1158 1956 omnis,
1177 1922 1308 1952 Servitus
1330 1924 1434 1953 cr’escit
1456 1933 1541 1954 nova.
1585 1922 1683 1960 Quid,
1701 1924 1784 1966 quod

1056 1962 1172 2002 plures,
1188 1973 1282 2004 quam
1301 1969 1384 2000 ante,
1407 1974 1446 1994 ex
1463 1963 1548 1995 omni
1561 1963 1726 2006 juveutute
1746 1967 1787 1998 ad

1057 2009 1086 2033 te
1101 2005 1275 2039 confluunt,
1291 2011 1323 2035 et
1336 2005 1380 2036 sic
1400 2016 1560 2042 novorum,
1575 2006 1629 2047 qui
1648 2006 1705 2038 tibi
1722 2017 1786 2039 ser.

1057 2044 1153 2082 viam,
1173 2052 1342 2077 amatorum
1365 2057 1510 2078 numerus
1531 2053 1672 2088 augetur.
1714 2049 1784 2080 Ser-

1057 2088 1151 2117 vitus.-
1175 2087 1247 2118 hinc
1269 2088 1383 2119 Bai-ine
1403 2099 1484 2120 vers.
1502 2099 1549 2130 sq.
1564 2091 1684 2121 domina
1707 2090 1786 2122 dici-

1057 2132 1129 2166 tur3
1158 2129 1297 2200 apposite
1323 2136 1426 2161 autem
1447 2131 1586 2172 juveni8‚
1608 2132 1664 2172 qui
1686 2136 1786 2164 totum

1057 2179 1090 2200 se
1115 2181 1174 2211 pue
1191 2171 1228 2201 1ae
1255 2171 1380 2202 cuidam
1409 2172 1596 2214 emancipat,
1620 2173 1650 2204 ei
1676 2175 1787 2206 servire

1057 2210 1179 2249 dicitur,
1202 2218 1236 2242 ut
1256 2213 1338 2254 apud
1363 2214 1492 2245 Graecos
1513 2213 1699 2248 δουλεύειντ
1722 2215 1786 2248 vid.

1057 2253 1191 2284 Dorvill.
1215 2255 1254 2284 ad
1278 2255 1398 2286 Charit.
1419 2255 1454 2292 ii,
1485 2258 1535 2293 17,
1579 2279 1588 2287 .
1610 2257 1684 2295 319,
1707 2257 1784 2290 edit.

1057 2293 1144 2336 Lips.
1188 2296 1303 2335 Impiae,
1320 2297 1463 2338 perjurae,
1479 2298 1553 2340 perfi
1575 2308 1615 2329 re.

1098 2339 1237 2367 21—24.
1252 2338 1395 2369 Juvencis
1404 2341 1475 2376 suis,
1491 2339 1564 2370 filiis
1574 2339 1659 2379 suis;
1669 2342 1784 2381 juven-

1057 2389 1109 2409 cus
1121 2379 1159 2410 de
1171 2379 1377 2416 adolescente,
1394 2386 1429 2411 ut
1441 2391 1511 2423 sup.
1522 2381 1554 2417 ii,
1571 2382 1604 2416 5,
1615 2383 1785 2422 5,juvenea

1056 2419 1095 2450 de
1110 2421 1227 2461 puella,
1242 2421 1295 2452 ubi
1311 2422 1381 2453 vide
1393 2428 1510 2454 notata.
1544 2423 1584 2454 Te
1597 2434 1676 2455 senes
1686 2427 1786 2464 parci,

1057 2471 1103 2492 sc.
1126 2473 1164 2494 ne
1184 2463 1290 2494 formae
1313 2469 1376 2494 tuae
1397 2464 1554 2496 illecebris
1574 2475 1680 2496 eorum
1705 2466 1784 2498 filios

1056 2503 1173 2544 capias,
1189 2510 1221 2535 et
1237 2504 1282 2535 sic
1298 2506 1384 2536 fundi
1399 2506 1521 2537 illorum
1540 2506 1596 2537 fias
1611 2507 1788 2540 calamitas.

1059 2546 1188 2582 Miserae,
1208 2546 1241 2576 h.
1261 2557 1291 2578 e.
1315 2547 1424 2579 misere
1443 2553 1475 2579 et
1492 2545 1610 2590 perdite
1630 2555 1784 2586 amantes,

1057 2586 1256 2629 δυσέρωτεςε
1294 2588 1401 2620 eodem
1428 2599 1521 2620 sensu
1544 2589 1599 2620 inf.
1619 2589 1666 2626 iii,
1689 2591 1720 2629 7,
1745 2593 1784 2623 10

1058 2629 1158 2660 Chloe
1188 2632 1294 2660 misera
1323 2630 1448 2662 dicitur.
1494 2631 1559 2662 Tua
1588 2641 1626 2662 ne
1651 2635 1786 2666 retardet

1058 2671 1144 2700 Aura
1165 2673 1296 2709 maritos,
1320 2671 1350 2702 b.
1372 2683 1400 2703 e.
1425 2682 1464 2703 ne
1485 2672 1590 2703 forme
1613 2678 1676 2706 tuae
1697 2675 1785 2706 leno·
1822 2680 1824 2684 ’

1058 2712 1150 2743 ciniis
1174 2713 1300 2744 maritos
1323 2713 1360 2744 ad
1387 2713 1549 2745 libidinem
1570 2719 1675 2746 tecum
1697 2726 1786 2748 exer-

1058 2754 1187 2785 cendam
1204 2755 1355 2796 pellicias.
1398 2756 1483 2786 Aura
1504 2755 1542 2787 de
1564 2757 1668 2794 odore,
1690 2768 1785 2799 quem

1054 2795 1212 2836 juvencae,
1224 2807 1313 2838 equae
1329 2797 1437 2838 (Virg.
1451 2798 1532 2829 Geo.
1545 2797 1590 2835 iii,
1607 2799 1683 2836 250,
1701 2799 1785 2831 Ncm-

1058 2848 1093 2867 ne
1113 2840 1203 2874 vides,
1225 2845 1261 2869 ut
1281 2845 1341 2869 tota
1361 2846 1470 2870 tremor·
1483 2845 1630 2878 pertentet
1644 2851 1785 2882 equorum

1060 2879 1202 2918 Corpora,
1225 2882 1250 2910 si
1270 2887 1388 2911 tantum
1407 2886 1490 2912 notas
1510 2882 1581 2912 odor
1599 2884 1707 2914 attulit
1727 2895 1783 2914 an-

1054 2932 1102 2952 rm
1113 2921 1155 2962 .⁷)‚
1172 2927 1203 2953 et
1220 2921 1280 2953 alia
1299 2922 1457 2961 animalia,
1477 2922 1516 2954 ad
1535 2923 1694 2956 libidinem
1713 2934 1783 2967 pro-
