1904 3314
360 189 445 239 500

828 189 1363 232 'EPISTOLARUM

476 291 552 334 Me
572 298 723 346 quater
742 293 934 334 undenos
956 294 1060 334 sciat
1079 292 1319 347 implevisse
1342 291 1619 341 Decembres,

478 358 695 414 Collegam
715 359 929 414 Lepidum
949 374 1034 414 quo
1054 359 1163 400 dixit
1184 357 1348 399 Lollius
1369 372 1495 398 anno.

366 481 403 509 ab
417 480 474 509 imo
489 479 538 509 Ad
552 489 696 509 summum
718 485 796 510 totus
814 481 927 511 moduli
944 481 1095 519 bipedalis.

369 521 486 551 Solibus
499 527 614 560 aptum,
624 519 828 562 apricationes
842 526 1024 559 sectantem,
1039 521 1094 552 ho-

368 562 483 593 minem
498 572 610 603 corpus
622 562 748 593 mollius
762 569 935 594 curantem.

410 605 463 635 25.
486 603 583 634 Irasci
604 606 726 635 celerem
749 604 946 647 (ὀξύθυμον,
977 604 1096 646 ὐξύχο·

367 645 463 684 λον),
476 647 656 686 praecipitem
671 648 791 688 ingenio
801 650 834 677 in
846 649 933 684 iram,
945 652 981 677 ut
993 647 1096 688 loqui-

370 693 421 718 tur
437 687 545 718 Livius
561 687 647 723 xxiii,
665 688 696 718 7.

413 730 466 766 27,
502 731 554 760 28.
600 730 651 759 Me
682 735 798 770 quater.
831 734 905 760 cett.
950 729 1098 760 Horatius

370 776 463 801 natus
484 777 543 807 est,
567 777 601 801 ut
622 770 687 813 ipse
709 771 754 802 ait
775 781 811 802 su
838 793 845 801 .
861 771 923 802 Od.
936 770 982 808 iii,
997 773 1050 808 21,
1070 773 1099 808 1,

372 813 432 853 (U.
448 813 488 844 C.
504 814 729 851 ncnxxxvur)
752 813 790 843 L.
841 812 936 843 urelio
958 813 1052 844 Cotta
1066 819 1097 844 et

371 856 410 886 L.
418 854 542 885 Manlio
549 856 707 895 Torquato
717 855 806 886 Coss.
830 855 881 885 Ab
887 855 994 884 horum
1004 854 1098 895 igitur

370 896 534 927 consulatu
548 906 648 937 usque
663 896 702 927 ad
723 895 918 927 consulatum
942 897 991 926 M.
1004 896 1099 927 Lollii

369 943 401 970 et
424 939 466 969 A.
483 939 607 969 AEmilii
631 938 742 980 Lepidi
767 939 827 978 (U.
849 939 888 969 C.
911 939 1098 977 nccxxxn)

393 980 576 1020 uadraginta
590 985 723 1021 quatuor
737 990 889 1011 annorum
903 980 1099 1010 intervallum

385 1021 443 1053 uit.
479 1023 545 1056 Quo
556 1023 633 1053 discit
646 1033 654 1051 .·
670 1022 788 1052 nullum
799 1021 891 1062 plane
902 1021 1099 1063 interpretem

371 1063 405 1094 in
426 1069 527 1095 vetere
551 1063 683 1094 lectione
705 1065 792 1094 duxit
814 1063 951 1098 haesisse,
971 1063 1100 1094 mireris.

372 1106 542 1141 Ponamus,
558 1107 666 1135 ducere
681 1104 830 1146 explicari
847 1114 937 1146 posse
958 1115 1024 1146 pro,
1046 1114 1099 1136 ac-

372 1147 487 1189 cipere,
504 1152 540 1178 ut
560 1146 644 1188 apud
669 1147 760 1178 Ovid.
776 1147 856 1177 Met.
870 1156 902 1182 x,
918 1147 994 1182 680,
1013 1148 1102 1177 duxit

373 1199 429 1219 sua
443 1190 566 1229 praemia
579 1190 674 1219 victor
685 1200 695 1226 ‚·
719 1187 773 1219 sed
788 1187 858 1229 quis
868 1198 1007 1229 unquam
1022 1187 1102 1218 dixit

373 1232 516 1273 collegam
534 1231 664 1262 ducere?
707 1229 830 1262 Lollius
852 1240 934 1262 unus
955 1230 1100 1261 consula-

1138 483 1204 509 tum
1229 483 1391 526 acceperat
1415 476 1498 520 (Dio
1519 476 1574 513 liv,
1600 475 1651 518 6).
1668 482 1701 509 et
1722 477 1749 508 is
1768 486 1864 513 nunc,

1137 520 1200 551 sive
1215 520 1341 552 cumina
1363 520 1505 551 habendo
1532 519 1624 561 (Liv.
1638 518 1714 558 xxii,
1729 520 1784 554 35,
1810 518 1865 549 Te-

1138 564 1253 593 rentius
1275 563 1376 593 consul
1398 573 1478 593 unus
1500 567 1633 597 creatur.
1656 567 1693 592 ut
1717 562 1752 592 in
1774 571 1866 591 manu.

1139 606 1202 644 ejus
1221 611 1313 635 essent
1337 606 1456 635 comitia
1477 605 1610 644 rogando
1630 601 1777 644 collega),
1801 602 1867 632 sive

1139 646 1201 676 alio
1214 646 1316 681 modo,
1331 656 1369 677 ex
1385 656 1443 677 usu
1466 644 1615 686 loquendi
1632 644 1786 685 collegam
1806 643 1867 674 sibi

1141 698 1202 718 non
1220 690 1339 723 ducere,
1355 688 1408 718 sed
1433 689 1530 718 dicere
1552 691 1689 728 poterat:
1722 685 1791 717 Liv.
1812 684 1868 723 vii,

1140 731 1193 765 24,
1209 730 1228 760 I
1227 740 1275 768 pse
1291 729 1493 770 (Camillus),
1507 729 1541 760 ob
1554 730 1585 759 id
1599 730 1738 759 meritum
1749 728 1867 769 ingenti

1140 774 1238 802 studio
1255 771 1384 802 Patrum
1398 778 1516 802 creatus
1529 771 1644 806 consul,
1657 771 1799 810 collegam
1808 769 1869 808 Δρ.

1141 813 1303 843 Claudium
1327 814 1466 844 Crassum
1489 814 1590 849 dixin·
1618 817 1650 844 et
1671 810 1789 847 xxxvii,
1814 811 1868 848 47,

1140 855 1269 886 Fulvius
1291 856 1392 886 consul
1415 865 1495 886 unus
1517 860 1650 890 creatur,
1667 864 1758 894 quum
1777 854 1869 884 ceteri

1139 899 1290 928 centurias
1312 908 1370 927 non
1389 898 1546 937 explessent
1555 907 1567 934 ‚-
1590 899 1670 937 isque
1689 901 1802 934 postero
1818 895 1881 924 die*

1143 939 1202 969 Cn.
1220 939 1371 968 Manlium
1385 940 1527 980 collegam
1539 939 1628 969 dirit.
1670 937 1720 968 Ex
1741 936 1868 978 conjec-

1141 985 1212 1010 tura
1225 979 1319 1020 igitur
1331 981 1409 1011 dixit
1424 990 1479 1022 pro
1494 981 1582 1011 duxit
1597 979 1739 1017 exhibui,
1752 983 1784 1010 et
1798 977 1869 1020 qui-

1142 1021 1211 1052 dem
1224 1032 1260 1052 eo
1275 1021 1489 1057 confidentius,
1502 1022 1578 1063 quie
1586 1021 1620 1052 in
1633 1020 1756 1052 duobus
1770 1018 1872 1051 verbis

1141 1065 1239 1094 dicere
1251 1068 1282 1094 et
1297 1064 1405 1094 ducere
1420 1063 1590 1094 scribendis
1602 1061 1774 1094 sexcenties
1835 1071 1868 1092 c-

1141 1109 1253 1136 carunt
1278 1103 1415 1135 librarii:
1454 1104 1517 1136 vid.
1545 1104 1708 1136 Drakenb.
1733 1103 1774 1135 ad
1829 1102 1872 1134 iv.

1143 1146 1271 1183 xxxviii,
1285 1147 1338 1183 43,
1354 1148 1370 1187 §
1393 1147 1423 1182 l,
1439 1147 1478 1178 T.
1491 1156 1522 1184 v,
1534 1157 1567 1194 p.
1581 1147 1658 1182 250,
1672 1150 1704 1179 et
1723 1145 1766 1178 cf.
1779 1145 1868 1178 Heu-

1143 1188 1225 1230 sing.
1239 1187 1279 1219 ad
1293 1187 1422 1221 Cornel.
1438 1188 1524 1232 Nep.
1536 1187 1572 1228 ii,
1587 1188 1619 1225 7,
1637 1188 1670 1220 1.
