1884 3288
179 819 196 838 C

709 183 938 227 LIBER.
970 184 1004 235 Ι,
1042 186 1106 226 15.

360 288 539 345 Ingrato
558 287 723 330 celeres
744 286 892 330 obruit
912 287 1002 328 otio

474 355 662 406 Ventos,
682 361 733 396 ut
752 361 929 396 caneret
951 354 1045 396 sera

298 424 328 466 5
356 423 533 466 Nereus
553 423 643 466 fata
660 439 671 465 :
704 421 826 467 Mala
846 422 971 465 ducis
993 423 1062 464 avi
1083 423 1274 475 domum,

357 492 503 541 Quam
522 491 659 535 multo
680 498 852 548 repetet
873 491 1052 534 Graecia
1071 491 1221 543 milite,

359 559 599 618 Conjurata
619 567 718 603 tuas
738 575 942 617 rumpere
963 561 1157 616 nuptias,

472 629 535 672 Et
555 643 740 685 regnum
759 627 922 671 Priami
943 635 1082 670 vetus.

357 697 503 749 Eheu,
525 705 716 754 quantus
736 697 877 752 equiS‚
900 705 1091 751 quantus
1113 697 1240 739 adest
1263 698 1363 739 viris

273 765 327 808 lo
355 766 531 810 Sudor!
554 773 718 823 quanta
737 780 885 808 moves
907 765 1062 808 funera
1086 766 1310 808 Dardanae

358 834 521 878 Genti!
583 834 684 877 Jam
703 832 871 890 galeam
892 832 1038 876 Pallas
1059 841 1104 876 et
1125 836 1269 890 aegida

474 902 731 959 Currusque
755 910 800 944 et
821 902 987 944 rabiem
1009 910 1150 958 parat.

339 970 668 1027 ·Nequidquam
691 969 880 1013 Veneris
901 970 1109 1025 praesidio
1130 970 1256 1013 ferox

358 1038 517 1082 Pectes
538 1039 775 1090 caesariem,
798 1045 1012 1095 grataque
1034 1038 1204 1081 feminis

16 1152 17 1155 ’
110 1143 266 1190 >'attentam
280 1160 352 1183 esse
368 1150 518 1182 Paridem
534 1151 684 1191 tradunt3
707 1150 783 1183 hinc
805 1151 876 1193 ipsa

20 1200 22 1202 “
124 1193 166 1227 nd
181 1194 329 1227 Paridem
346 1194 432 1236 apud
448 1193 545 1226 Ovid.
562 1195 642 1226 Her.
665 1194 742 1231 xvii,
757 1195 811 1232 21,
829 1193 875 1224 sic

124 1235 256 1270 floribit:
281 1237 343 1274 An.
358 1238 432 1278 quia
451 1239 512 1268 vim
531 1239 616 1268 nohis
632 1237 808 1278 Neptunius
827 1242 875 1268 at-

68 1295 78 1314 c
110 1280 203 1312 -tuln't
216 1281 302 1311 heron
311 1291 323 1318 ,·
348 1279 454 1320 Rapta
466 1281 566 1316 semel,
583 1281 687 1311 videor
703 1282 747 1311 bis
763 1291 879 1321 quoque

70 1346 80 1357 η.
122 1323 221 1366 digna
234 1324 331 1364 rapi?
374 1322 478 1359 Idaeis,
491 1322 656 1354 fabricatis
675 1333 715 1354 ex
732 1323 820 1364 ligno
842 1322 878 1353 in

94 1371 232 1407 =5monte
253 1365 315 1398 Ida
327 1365 448 1397 exciso.
497 1366 651 1407 Perfidus,
669 1365 786 1397 violata
805 1365 877 1396 hos-

88 1439 90 1442 ,
147 1406 196 1440 'tii
213 1408 276 1442 fide
289 1414 322 1440 et
335 1408 525 1448 sanctitate;
549 1408 624 1440 hinc
642 1408 768 1440 Helena
790 1407 877 1450 apud

2 1463 114 1476 ···
176 1451 223 1485 id.
243 1451 268 1484 l.
289 1461 321 1484 c.
341 1463 371 1485 v.
395 1453 428 1489 4,
451 1452 554 1483 Ausus
574 1462 615 1487 es.
641 1452 764 1493 hospitii
787 1458 876 1482 teme-

87 1496 215 1534 rntt's,
229 1495 360 1534 ηᾶυειια,
373 1496 480 1533 tauris,
497 1494 683 1536 Legitimam
698 1501 803 1535 παρίω
817 1495 876 1525 sol-

72 1565 93 1578 Ἰ.
122 1533 371 1580 &mefidemY
414 1537 546 1581 Ingrato
565 1539 672 1569 celeres
687 1539 791 1569 obruit
805 1538 876 1575 otio,

118 1574 158 1618 ᾗ,
178 1590 212 1617 η.
236 1580 374 1619 Nereus,
399 1586 438 1613 ut
461 1581 591 1612 auribus
615 1580 740 1623 ,percipi
771 1586 878 1623 posset

85 1634 98 1641 ’-
121 1622 212 1670 qnod
241 1630 371 1656 caneret
393 1623 594 1660 vaticinium,
621 1623 785 1655 silentium
817 1622 875 1654 im-

81 1694 83 1699 ,
99 1671 102 1679 ²
122 1667 233 1711 penit
244 1666 360 1704 ventis,
372 1677 437 1698 non
443 1666 520 1699 sine
533 1676 642 1698 eorum
658 1665 879 1707 indignatione

122 1710 334 1754 mprmiu
357 1712 494 1751 ingrato,
513 1709 647 1741 molesto
667 1720 782 1752 nempe
802 1719 879 1740 veu-

123 1752 179 1788 ίίι.
193 1752 254 1796 qui
273 1758 352 1786 sunt
366 1755 422 1796 (ut
442 1763 498 1785 eos
514 1758 610 1785 vocat
626 1753 743 1784 AEsch.
761 1753 879 1794 Agam.

121 1793 209 1837 301)
241 1796 463 1839 κακόσχολοι,
497 1801 530 1827 et
561 1802 624 1827 sti-e
650 1795 730 1827 itum
764 1795 880 1830 facere,

123 1847 222 1882 W
237 1839 343 1879 silere,
355 1839 501 1879 maluut5
525 1837 600 1870 hinc
639 1839 767 1870 icuntur
781 1837 878 1869 etiam

123 1883 185 1923 nio
194 1883 297 1920 obrui,
308 1882 343 1915 h.
354 1893 384 1915 e.
397 1882 533 1924 gravari,
545 1880 693 1924 deprimi.
724 1881 762 1922 Γ*
773 1881 879 1912 Mirus

75 1963 76 1966 Ἰ
122 1925 269 1968 qnidam,
290 1925 400 1962 homo,
423 1935 514 1957 vanae
538 1924 681 1966 gloriolae
709 1924 879 1966 captandae

65 1973 67 1979 ⁴
123 1967 237 2007 cause„
258 1967 300 2002 de
327 1968 389 2000 hae
413 1967 640 2011 explicatione,
663 1968 730 1999 sive
754 1968 794 1998 de
819 1967 880 1998 levi

76 2035 82 2050 2
122 2021 238 2050 more,
261 2010 432 2044 clamorem
455 2010 586 2044 sustulit
611 2009 690 2042 satis
715 2010 879 2042 rusticu‘m.

71 2057 90 2097 J
127 2053 234 2093 Otium
249 2055 336 2087 enim
351 2056 512 2097 ingratum
528 2054 568 2086 de
583 2064 634 2091 eo,
651 2053 737 2095 quod
753 2053 878 2085 Graecis

75 2100 102 2119 ·”
122 2095 219 2138 {mm
231 2097 404 2152 ingratum.
415 2107 454 2129 ex
480 2097 569 2131 liceri
585 2107 690 2139 posse,
705 2102 738 2128 et
752 2097 879 2135 πνοιὰς

116 2142 363 2184 *mennam
377 2151 440 2184 epu
478 2140 672 2182 AEschylurn
688 2139 754 2171 dici
766 2145 878 2171 ventos

95 2197 98 2204 ·
122 2179 185 2232 φὶ
203 2183 342 2224 emis,
361 2183 511 2226 navigare
533 2182 750 2226 cupientibuS‚
772 2181 880 2224 ingra-

73 2226 307 2267 &Quoniam
324 2227 468 2264 fecerint,
485 2226 580 2258 facile
595 2225 766 2267 concedm]
816 2226 878 2258 Ce-

75 2274 227 2310 ᾔτηη
239 2280 306 2302 non
319 2269 423 2302 solum
440 2269 635 2302 vaticinandi
656 2269 795 2301 facultas
811 2269 878 2301 Ne-

76 2316 86 2345 ’.ζ
99 2314 108 2337 Γ
122 2319 193 2356 m
209 2313 344 2350 Enniani.
355 2313 478 2353 Tlieog.
494 2314 572 2350 233,
586 2313 699 2355 Eurip.
714 2312 791 2344 Hel.
805 2313 878 2352 15),

91 2359 148 2397 1;
209 2354 252 2391 ‘is
260 2355 327 2389 diis
338 2356 484 2396 marinis,
498 2366 527 2387 v.
544 2366 576 2388 c.
594 2357 710 2388 Proteo
725 2356 879 2397 (Homer.

94 2422 111 2438 .,
203 2398 214 2435 “,
265 2399 311 2439 iv,
324 2400 391 2432 384
406 2410 478 2442 sqq.
495 2398 589 2441 Virg.
613 2399 696 2431 Geo.
718 2398 762 2435 iv,
780 2399 876 2438 387),

93 2477 96 2480 ,
118 2484 121 2485 ⁷
169 2459 171 2463 ·
200 2452 258 2476 eo-
278 2442 420 2486 (Apoll.
451 2441 562 2475 Rhod.
598 2441 621 2479 i,
664 2441 765 2482 1310)
782 2453 791 2481 3
821 2441 878 2474 sed

91 2495 114 2527 ,³
195 2502 209 2520 -.·
229 2491 342 2523 teuto!
356 2484 587 2528 comprimendi
597 2490 737 2528 potestas
749 2484 877 2527 pariter,

91 2541 104 2565 Α·
178 2543 198 2554 ·
224 2544 249 2552 .,
271 2539 350 2566 nno.
373 2528 459 2572 apud
483 2527 575 2568 Virg.
601 2529 681 2560 AEn.
707 2527 730 2565 i,
760 2539 790 2559 v.
816 2529 874 2559 131

87 2587 90 2594 ¹
204 2574 320 2610 deese
333 2572 498 2608 tribuitur.
541 2571 636 2609 Em,
661 2571 694 2603 h.
721 2581 753 2602 e.
779 2581 878 2608 saeva,

188 2613 877 2700 1‚zaffffizaeza‘ffsfirssi{35:131

80 2750 83 2753 ’
136 2769 139 2772 ,
174 2761 177 2762 ⁷
240 2701 278 2781 ’s
288 2744 487 2780 Mala—avi,
502 2743 535 2775 h.
550 2752 580 2774 e.
601 2741 744 2774 infausto
757 2743 875 2781 omine,

203 2822 206 2825 ,
232 2787 351 2830 -Ῑιροὰ,
368 2788 422 2825 10,
441 2788 471 2825 1,
486 2787 569 2818 mala
583 2786 671 2823 alite,
687 2791 721 2819 et
739 2786 804 2818 od.
827 2786 875 2824 iii,

224 2831 335 2868 ,id-ilo
355 2830 498 2873 lugubri.
543 2829 715 2869 conjurata
736 2841 878 2870 rumpere

117 2887 135 2916 ξ,
170 2904 172 2906 .
262 2883 333 2917 pro,
354 2883 428 2916 quae
449 2871 634 2914 conjuravit
654 2882 689 2903 se
711 2877 876 2914 rupturam

113 2917 127 2948 *s
162 2920 167 2921 ⁷
181 2920 185 2921 ⁷
204 2928 219 2958 3
235 2916 412 2960 respexisse
426 2921 543 2959 putant
556 2919 681 2958 poetam
705 2914 786 2947 illud
805 2915 877 2958 jus-

101 2953 311 3000 {imp-[nm.
332 2970 398 3010 quo
425 2959 615 2992 Graecorum
647 2957 819 3001 principes,
843 2969 879 2992 se

92 2990 99 2996 ²
104 3002 153 3015 vum

113 3033 126 3036 ,γ
204 3001 267 3039 nini
278 3002 375 3045 'froja
389 3011 499 3036 eversa
513 3007 546 3033 et
562 3001 686 3034 Helena
702 3007 830 3045 recepta
844 3001 878 3033 in

890 3057 911 3077 1>

921 1149 1082 1182 Graeciam
1096 1149 1254 1181 redituros
1266 1161 1348 1187 esse,
1362 1151 1455 1183 fidem
1467 1151 1528 1184 sibi
1540 1152 1676 1184 invicem

921 1193 955 1224 in
972 1192 1092 1224 Aulide
1113 1192 1240 1226 dedisse
1263 1193 1424 1226 dicuutur.
1471 1196 1612 1237 Regnum
1628 1207 1678 1227 ve-

922 1243 984 1273 tus,
1000 1237 1032 1267 h.
1047 1246 1076 1267 e.
1091 1242 1246 1268 vetustate
1259 1237 1379 1269 nobile.
1416 1237 1572 1270 Similiter
1584 1238 1678 1278 Virg.

924 1279 1004 1310 AEn.
1026 1278 1048 1314 i,
1073 1279 1149 1315 375,
1175 1279 1296 1321 Trqp‘um
1319 1283 1501 1322 antiquam‚·
1526 1287 1559 1312 et
1582 1281 1679 1313 Ovid.

921 1323 1008 1353 Fast.
1023 1322 1070 1358 iii,
1087 1323 1164 1358 423,
1180 1330 1308 1354 veterem
1327 1323 1479 1366 appellat.
1526 1325 1677 1356 Ceterum

921 1375 996 1395 curn
1019 1367 1058 1397 τὸ
1080 1375 1221 1405 rumpere
1236 1366 1293 1397 uni
1315 1371 1438 1398 tantum
1458 1367 1581 1398 nomini
1597 1379 1677 1408 nup-

921 1410 980 1438 tias
1003 1407 1280 1439 accommodatum
1305 1409 1358 1445 sit,
1383 1410 1423 1440 ad
1449 1410 1584 1441 alterum
1607 1422 1678 1451 reg-

920 1461 994 1481 num
1019 1461 1059 1483 ex
1083 1456 1157 1482 nota
1177 1451 1352 1493 zeugmatis
1374 1452 1477 1494 figura
1498 1453 1587 1484 aliud
1610 1465 1679 1485 ver.

920 1493 1009 1530 bum,
1043 1505 1074 1525 v.
1105 1503 1134 1524 c.
1171 1503 1316 1532 evertere,
1347 1497 1460 1535 delere,
1488 1496 1540 1528 vel
1575 1496 1678 1530 simile

921 1537 1136 1579 supplendum
1152 1543 1212 1569 est.

963 1581 1085 1612 9—12.
1108 1580 1183 1612 Jam
1204 1591 1309 1613 rerum
1330 1582 1507 1614 futurarum
1530 1582 1680 1625 imagini·

920 1622 982 1654 bus
999 1623 1041 1654 ita
1058 1623 1234 1666 impellitur
1249 1625 1331 1656 vatis
1352 1625 1460 1657 divino
1482 1626 1585 1659 surore
1607 1637 1677 1658 cor-

922 1667 1003 1708 repti
1025 1666 1163 1703 animus,
1180 1672 1227 1702 ut.
1243 1667 1382 1699 fervente
1396 1669 1489 1711 quasi
1506 1669 1572 1711 jarn
1594 1670 1679 1701 bello

922 1709 1043 1745 futuro,
1059 1709 1239 1740 Minervam
1259 1717 1291 1742 et
1306 1710 1389 1742 viros
1405 1711 1594 1743 Graecorum
1617 1713 1678 1743 for-

923 1750 1077 1788 tissimus,
1093 1752 1134 1783 ob
1151 1758 1273 1795 raptam
1294 1763 1314 1784 a
1330 1753 1446 1785 Paride
1465 1754 1622 1786 Helenam
1638 1755 1679 1787 ad

924 1794 1055 1837 'l'rojam
1101 1802 1290 1836 ugnaturos,
1315 1807 1348 1828 se
1370 1796 1474 1828 oculis
1496 1797 1680 1840 conspicere

921 1838 1049 1876 credat;
1097 1849 1114 1869 e
1127 1848 1191 1880 quo
1206 1845 1382 1881 poetarum,
1396 1840 1456 1871 sub
1471 1841 1553 1872 vatis
1568 1841 1679 1883 cujus-

922 1880 995 1912 dam
1013 1891 1148 1923 persona
1163 1891 1211 1913 res
1230 1881 1352 1913 futuras
1368 1888 1522 1924 tanquam
1538 1894 1676 1925 praesen-

923 1930 970 1955 tes
994 1924 1035 1955 ad
1057 1924 1170 1955 oculos
1189 1924 1386 1960 vocantium,
1401 1936 1486 1957 more
1509 1927 1600 1968 plura
1622 1937 1678 1958 ex-

923 1967 1030 2009 empla
1057 1965 1192 1998 adduxit
1219 1966 1387 2009 diligentia
1414 1968 1469 2000 Cl.
1498 1969 1682 2002 Mitscherl.

925 2009 1025 2046 Eheu,
1045 2017 1180 2050 quantus
1203 2012 1299 2051 equis.
1322 2016 1398 2043 cett.
1422 2011 1476 2043 Cl.
1495 2011 1680 2044 Mitscherl.

923 2059 1088 2095 comparat
1104 2054 1236 2085 Homer.
1247 2053 1344 2085 Iliad.
1357 2053 1391 2090 ii,
1403 2055 1468 2086 388
1485 2066 1558 2097 sqq.
1594 2056 1679 2088 Nos-

923 2101 1006 2127 trum
1035 2095 1179 2127 imitatus
1204 2102 1254 2127 est
1283 2097 1366 2128 Stat.
1392 2097 1498 2129 Theb.
1525 2098 1572 2134 iii.
1600 2099 1678 2137 210,

925 2139 1068 2174 Quantus
1089 2141 1174 2180 equis
1191 2147 1384 2181 quantusque
1404 2142 1479 2172 viris
1500 2142 1532 2172 in
1554 2142 1682 2182 pulvere

924 2193 1023 2218 crasso
1044 2183 1157 2218 Sudor,
1172 2184 1201 2213 io
1216 2188 1367 2224 quantum
1389 2185 1512 2215 crudele
1531 2186 1679 2217 rubebitis

923 2235 1053 2257 omnes.-
1083 2226 1211 2260 Quanta
1248 2237 1343 2258 moves
1369 2226 1506 2269 j'zissnera.
1551 2227 1678 2260 Funera

923 2279 1039 2300 movere
1054 2268 1150 2311 paulo
1165 2268 1320 2301 audacius
1336 2280 1403 2312 pro,
1419 2269 1539 2302 bellum
1554 2281 1679 2304 movere

922 2311 1009 2353 quod
1025 2312 1170 2344 funerum
1186 2311 1253 2343 sive
1267 2312 1364 2344 caedis
1378 2323 1477 2344 causa
1488 2319 1548 2346 est.
1595 2314 1678 2346 Dor-

922 2356 1020 2391 danae,
1049 2354 1083 2387 h.
1114 2364 1143 2385 e.
1169 2354 1328 2397 Troianae,
1358 2366 1378 2388 a
1407 2366 1481 2398 rege
1511 2356 1677 2395 Dardano,

922 2397 1015 2430 Jovis
1031 2409 1069 2430 ex
1087 2397 1214 2430 Electra
1230 2397 1307 2437 filio,
1322 2398 1369 2430 sic
1386 2399 1568 2442 appellatae.
1604 2401 1677 2433 Jam

919 2442 1041 2482 galeam
1058 2446 1133 2472 cett.
1178 2442 1198 2473 J
1203 2452 1253 2473 am
1270 2441 1393 2484 galeam
1412 2442 1562 2474 Minerva
1579 2444 1678 2487 capiti

922 2483 1069 2526 imponit,
1082 2484 1150 2527 jam
1166 2485 1300 2526 aegidem
1320 2485 1440 2528 arripit,
1456 2496 1643 2529 currusque,
1660 2498 1678 2520 e

922 2527 1042 2569 quibus
1073 2534 1205 2570 pugnet,
1235 2528 1434 2564 conscendit,
1464 2535 1496 2561 et
1525 2530 1566 2561 ad
1597 2529 1677 2562 iram

921 2576 1034 2602 contra
1061 2570 1218 2613 Trojanos
1245 2571 1472 2603 effundendam
1502 2582 1536 2604 se
1566 2579 1679 2615 pamt:

921 2615 1079 2656 expende,
1089 2623 1187 2656 quam
1196 2614 1331 2646 breviter
1345 2620 1378 2646 et
1389 2615 1528 2657 graviter
1538 2615 1569 2647 id
1584 2623 1677 2659 poeta

923 2667 987 2689 uno
1002 2658 1097 2689 verbo
1110 2663 1204 2697 parat
1219 2658 1420 2706 expresserit.
1452 2658 1582 2700 AEgstiu,
1598 2659 1631 2691 h.
1647 2671 1676 2692 e.

919 2700 1069 2744 clypeum
1084 2711 1093 2738 ;
1117 2709 1188 2731 nam
1207 2711 1297 2743 aegis,
1312 2711 1377 2742 qua
1390 2711 1468 2733 voce
1483 2701 1606 2744 proprie
1621 2702 1677 2735 de-

920 2750 1050 2779 notatur
1078 2743 1223 2786 clypeus,
1250 2754 1346 2792 quem
1372 2744 1500 2787 Jupiter
1526 2755 1565 2776 ex
1593 2746 1676 2787 pelle

921 2796 1024 2829 caprae
1048 2788 1141 2828 (quae
1169 2787 1293 2818 Graecrs
1320 2787 1377 2824 αἲξ
1403 2786 1537 2827 dicitur)
1561 2788 1676 2820 Amal.

921 2830 1015 2866 theae,
1032 2828 1166 2861 nutricis
1189 2841 1267 2866 suae,
1289 2829 1350 2861 sibi
1374 2830 1550 2862 confecisse
1612 2832 1675 2863 rhi-

919 2873 1024 2910 betur,
1041 2872 1158 2915 passim
1173 2883 1303 2916 quoque
1318 2873 1358 2905 de
1374 2874 1533 2905 Minervae
1550 2885 1567 2906 c
1581 2886 1674 2916 ypeo.

920 2915 1068 2948 Medusae
1094 2915 1199 2958 capite
1225 2915 1401 2948 instructo:
1426 2917 1469 2948 cf.
1492 2916 1548 2948 inf.
1571 2917 1617 2952 iii.
1642 2919 1674 2949 4.

921 2960 962 2990 57
977 2970 986 2997 ;
1011 2959 1105 3000 Virg.
1126 2960 1204 2990 AEn.
1219 2959 1254 2996 ii,
1271 2960 1348 2997 615,
1365 2965 1396 2991 et
1413 2959 1479 2996 viii,
1497 2960 1572 2991 354.
1608 2960 1673 2990 Ra-

921 3004 1010 3039 biem,
1026 3002 1103 3034 iram
1120 3007 1153 3034 et
1168 3002 1316 3039 furorem,
1335 3008 1486 3044 tanquam
1507 3012 1605 3038 arma,
1623 3003 1675 3034 vel
