1884 3288
283 202 362 242 108

831 199 1227 243 CARMINUM

561 300 767 341 Condidit
787 301 966 350 Lunam,
988 316 1127 355 neque
1148 309 1263 342 certa
1284 301 1448 356 fulgent

956 368 1109 408 Sidera
1129 369 1267 408 nautis
1283 382 1292 407 :

504 431 530 471 5
560 431 708 472 Otium
728 432 840 472 bello
862 431 1022 473 furiosa
1041 433 1228 480 Thrace,

561 497 710 538 Otium
732 497 854 538 Medi
875 498 1077 551 pharetra
1097 499 1254 546 decori,

562 562 780 616 Grosphe,
803 578 886 603 non
905 564 1094 616 gemmis,
1115 577 1254 616 neque
1276 578 1468 617 purpura
1489 577 1559 604 ve-

953 627 1063 676 nale,
1085 643 1223 681 neque
1245 643 1363 668 auro.

558 692 662 733 Non
683 693 794 733 enim
813 707 945 746 gazae,
967 707 1106 746 neque
1127 693 1361 733 consularis

481 760 532 799 10
562 758 795 798 Submovet
814 758 937 798 lictor
957 758 1133 798 miseros
1156 757 1362 798 tumultus

561 824 736 872 Mentis,
759 831 802 863 et
822 823 958 863 Curas
980 822 1178 876 laqueata
1199 823 1356 863 circum

957 889 1095 929 Tecta
1115 888 1317 929 volantes.

562 955 734 996 Vivitur
752 968 885 1007 parvo
906 954 1027 1002 bene,
1049 954 1118 994 cui
1138 961 1362 1007 paternum

562 1020 771 1074 Splendet
790 1021 831 1060 in
852 1034 998 1060 mensa
1018 1020 1135 1060 tenui
1156 1019 1333 1060 salinum
1351 1035 1359 1059 :

482 1087 534 1126 15
564 1086 660 1127 Nec
681 1085 795 1127 leves
818 1100 987 1137 somnos
1009 1085 1159 1125 Timor
1180 1091 1254 1125 aut
1275 1084 1446 1138 Cupido

960 1150 1172 1190 Sordidus
1194 1149 1345 1190 aufert.

282 1254 377 1286 animi
399 1253 668 1294 tranquillitatem,
685 1262 785 1293 neque
806 1262 941 1293 purpura
959 1262 1014 1282 ne-

306 1308 345 1328 ue
367 1306 441 1327 auro
463 1296 616 1330 venalem,
639 1295 769 1325 summis
791 1294 959 1324 honoribus
984 1298 1014 1324 et

281 1309 457 1369 divitiarum
486 1337 650 1378 splendore
678 1336 851 1376 conspicui.
899 1336 1014 1366 Verum

282 1380 366 1412 enim
388 1389 458 1410 vero
481 1378 577 1409 animi
599 1377 808 1418 tranquillitas
834 1377 872 1407 iis
894 1381 1013 1407 tantum

281 1421 444 1461 contingit,
460 1420 526 1461 qui,
546 1419 680 1454 modica,
702 1419 734 1448 in
756 1428 819 1459 qua
841 1418 906 1448 nati
927 1423 1013 1454 sunt,

282 1469 363 1494 sorte
390 1462 540 1497 contenti,
572 1470 673 1501 neque
698 1459 823 1490 divitias
850 1464 1012 1501 appetunt,

282 1514 386 1546 neque
411 1503 548 1534 studiose
569 1512 622 1533 eas
648 1502 680 1532 in
702 1500 814 1532 exteris
835 1501 1014 1541 regionibus

282 1551 440 1587 quaerunt,
454 1546 594 1585 adeoque
616 1543 710 1580 curis,
725 1542 859 1573 assiduis
878 1542 941 1572 illis
960 1553 1012 1572 cu-

281 1587 446 1629 piditatum
460 1585 638 1620 comitibus,
654 1584 745 1615 vacui
760 1590 843 1614 sunt.
875 1583 1011 1614 Animus

282 1628 469 1669 tranquillus
484 1628 522 1658 de
539 1626 588 1662 iis,
605 1637 675 1667 quae
692 1625 818 1660 adsunt,
833 1625 967 1662 laetatur,
981 1631 1013 1656 et

278 1671 360 1701 sicut
373 1670 476 1700 futura
489 1678 553 1699 non
565 1674 666 1703 curat,
675 1667 721 1697 ita
735 1667 888 1697 fortunam
905 1667 1011 1697 adver-

278 1721 345 1742 sam
373 1711 529 1742 moden-ate
553 1709 622 1745 fert,
649 1719 732 1744 cum,
756 1708 834 1738 nihil
864 1709 904 1738 ab
928 1708 1012 1738 omni

279 1758 367 1794 parte
382 1754 507 1783 beatum
523 1761 602 1786 esse,
617 1751 667 1781 vel
682 1749 818 1780 Achillis
838 1755 869 1780 et
884 1749 1010 1780 Tithoni

279 1794 422 1835 exempla
448 1793 523 1824 satis
549 1793 701 1823 doceant:
726 1791 807 1821 alius
834 1790 905 1826 hoc,
930 1791 1010 1822 alius

279 1836 342 1866 alio
359 1834 514 1866 felicitatis
528 1844 637 1873 genere
660 1834 794 1874 gaudet;
817 1838 861 1868 tu,
878 1843 896 1863 o
912 1833 1010 1863 Gros-

279 1877 350 1918 phe,
365 1887 398 1907 es
412 1876 509 1911 dives,
525 1885 582 1915 ego
596 1875 682 1917 parvi
697 1874 791 1914 agelli
806 1884 874 1904 sum
889 1884 1010 1916 posses-

279 1929 339 1954 sor,
354 1919 407 1948 sed
423 1924 523 1958 poeta,
539 1917 620 1946 ultra
634 1916 719 1956 vulgi
736 1915 883 1946 invidiam
899 1916 1011 1946 elatus.

279 1959 331 1990 Sic
360 1959 503 2000 equidem
533 1958 567 1988 in
596 1957 654 1988 hoc
685 1958 833 1991 carmine,
858 1958 890 1987 in
920 1957 1012 1998 cujus

279 2001 442 2032 sententiis
464 1999 542 2030 inter
557 2009 589 2030 se
606 1998 768 2029 nectendis
783 1997 871 2029 valde
890 1998 1011 2029 labora-

279 2047 345 2072 tum
368 2048 427 2077 est,
451 2041 556 2071 omnia
577 2041 616 2071 ad
642 2041 817 2075 consilium,
864 2050 903 2070 uo
930 2039 1012 2070 illud

277 2083 427 2126 scriptum
452 2093 519 2113 esse
547 2082 696 2116 diximus,
721 2091 842 2112 commo
865 2091 881 2111 e
906 2081 1011 2112 referri

278 2135 368 2167 posse
396 2124 550 2156 existimo.
606 2124 656 2154 De
686 2122 835 2164 Pompeio
865 2122 1010 2164 Grospho

278 2166 403 2208 copiose
419 2165 482 2206 egit
496 2165 693 2196 Sanadonius
707 2174 778 2205 sup.
793 2164 832 2194 ad
846 2164 901 2194 lib.
916 2163 950 2199 ii,
969 2165 1000 2194 7.

325 2208 418 2238 1—8.
442 2208 544 2237 Otium
561 2206 592 2236 in
608 2206 717 2236 latiore
731 2215 838 2240 sensu,
851 2205 960 2246 utjam
976 2205 1010 2236 in

277 2254 460 2290 argumento
477 2248 679 2282 ostendimus,
697 2252 758 2277 tam
775 2247 813 2277 de
833 2246 1008 2284 securitate,

277 2301 365 2332 pace,
380 2295 411 2320 et
425 2289 539 2330 quiete,
555 2299 648 2330 quam
662 2288 701 2319 de
721 2288 816 2318 animi
831 2287 1007 2328 tranquilli-

277 2338 340 2363 tate
356 2331 490 2373 positum
503 2343 511 2369 ς
533 2331 640 2371 itaque
655 2330 739 2360 notio
754 2330 869 2370 cuique
883 2336 1007 2360 senten-

276 2374 327 2404 tiae
367 2378 439 2414 apta
481 2372 552 2403 inde
592 2371 665 2403 elici
701 2372 805 2402 debet.
863 2372 1007 2403 Prensus.

279 2415 395 2445 Prendi
412 2419 443 2445 et
464 2415 607 2453 deprendi
627 2413 748 2454 proprie
771 2413 810 2443 de
826 2413 941 2450 nautis,
955 2413 1009 2453 qui

276 2456 379 2487 subita
402 2461 582 2497 tempestate
611 2454 644 2484 in
667 2454 745 2484 mari
773 2455 1007 2496 opprimuntur:

276 2497 340 2528 vid.
358 2497 465 2528 Bentl.
486 2507 556 2537 sup.
571 2496 610 2526 ad
625 2496 647 2531 i,
667 2497 716 2531 14,
736 2497 775 2526 10
792 2496 864 2536 (ubi
884 2496 920 2526 iis
936 2507 1007 2537 quae

277 2549 295 2570 a
311 2539 401 2570 nobis
420 2538 569 2569 adnotata
586 2543 669 2575 sunt,
684 2537 861 2568 addendum
877 2543 924 2568 est
938 2538 1007 2575 hoe,

275 2586 296 2598 ·‘
310 2579 515 2622 deprensa”).
545 2579 649 2614 Certa,
663 2579 701 2609 ad
714 2589 786 2620 quae
801 2584 904 2610 nautae
920 2579 1008 2609 navis

276 2632 402 2654 cursum
415 2626 482 2652 tuto
493 2621 624 2661 dirigere
638 2626 778 2662 possunt,
789 2625 853 2650 tuta
864 2632 873 2659 ;
890 2621 915 2650 Τ
918 2621 1009 2651 ibull.

275 2664 298 2699 i,
329 2666 361 2700 9,
389 2664 439 2698 10,
465 2664 591 2694 Ducunt
621 2663 772 2692 instabiles
801 2663 898 2692 sidera
926 2669 1008 2692 certa

274 2711 365 2736 rates.
408 2705 493 2735 Bello
503 2704 640 2745 furiosa,
664 2703 803 2734 bellandi
825 2703 1007 2744 cupiditate,

273 2752 426 2788 tanquam
448 2746 550 2776 furore
572 2745 719 2786 quodam,
739 2755 772 2775 se
797 2745 906 2785 agitari
928 2746 1008 2786 pati-

273 2798 343 2823 ens,
369 2786 624 2824 bellicosissima3
647 2786 719 2817 hinc
743 2786 852 2827 Eurip.
879 2787 957 2817 Hec.
979 2797 1009 2818 v.

278 2831 370 2865 1090,
385 2827 628 2871 Thraces''Ape'i
643 2827 791 2869 κάτοχον
806 2827 902 2869 γένος
917 2828 1008 2859 dixit.

277 2872 374 2908 Medi,
395 2870 516 2907 Parthi,
539 2871 681 2910 pharetra
699 2871 811 2904 decori,
835 2869 1006 2910 sagittiferi.

276 2913 346 2944 Non
383 2913 496 2949 venale,
529 2911 612 2953 quod
649 2921 711 2942 non
747 2910 848 2953 parari
883 2915 1005 2952 potest5

1057 1251 1110 1282 sed
1141 1262 1224 1283 nunc
1257 1251 1405 1292 intelligit
1433 1251 1580 1283 Horatius
1612 1263 1666 1294 per
1694 1255 1788 1285 otium

1057 1293 1154 1323 animi
1191 1293 1459 1335 tranquillitatem,
1492 1300 1527 1325 ut
1564 1295 1639 1326 satis
1674 1295 1789 1327 docent

1057 1335 1230 1376 sequentia.

1099 1378 1217 1407 9—12.
1244 1377 1312 1407 Non
1323 1378 1412 1412 enim,
1424 1382 1498 1408 cett.
1511 1387 1581 1407 nam
1595 1387 1697 1419 neque
1708 1378 1790 1409 divi.

1057 1417 1108 1448 tiae
1138 1429 1240 1459 neque
1268 1418 1418 1448 honorum
1454 1417 1591 1458 insignia
1625 1429 1716 1450 curas
1748 1430 1788 1451 ex

1057 1459 1161 1491 animo
1176 1460 1288 1501 pellere
1303 1460 1418 1490 valent.
1446 1460 1618 1491 Consularis
1633 1461 1789 1493 submovet

1057 1501 1144 1531 lictor
1159 1513 1167 1531 .·
1192 1501 1325 1531 suaviter
1339 1503 1426 1532 lictor
1439 1502 1615 1537 consularis,
1630 1502 1686 1543 qui
1702 1503 1786 1534 Con-

1056 1543 1118 1572 suli
1141 1543 1174 1573 in
1190 1542 1247 1573 viis
1267 1542 1386 1583 praeire,
1400 1547 1431 1572 et
1450 1542 1550 1583 plebis
1571 1543 1616 1574 ibi
1638 1545 1787 1575 tumultu-

1054 1586 1133 1614 antis
1155 1585 1276 1614 turbam
1302 1585 1467 1614 submovere
1487 1584 1619 1622 solebat,
1635 1584 1703 1626 jam
1724 1595 1788 1617 non

1054 1628 1159 1655 mentis
1179 1627 1328 1656 tumultus
1354 1627 1530 1662 submovere,
1555 1625 1587 1657 h.
1614 1636 1643 1658 e.
1666 1637 1728 1658 non
1750 1637 1790 1659 ea

1054 1677 1125 1707 quae
1141 1668 1249 1697 turbas
1270 1667 1302 1697 in
1325 1666 1428 1697 animo
1443 1671 1580 1705 movent,
1595 1667 1660 1699 sive
1681 1678 1786 1707 curas,

1054 1708 1178 1749 abigere
1192 1719 1283 1750 posse
1297 1707 1423 1739 dicitur.
1449 1708 1501 1739 Cl.
1516 1708 1647 1742 Mitsch.
1661 1708 1694 1740 in
1705 1710 1788 1742 hanc

1054 1749 1239 1781 sententiam
1267 1754 1427 1791 comparat
1457 1750 1570 1781 Senee.
1602 1750 1703 1792 Epist.
1730 1753 1786 1788 94,

1055 1791 1124 1821 Non
1145 1799 1198 1826 est,
1218 1794 1294 1832 quod
1314 1794 1370 1822 tibi
1393 1793 1624 1832 tranquillitatis
1645 1799 1702 1824 tuae
1712 1792 1786 1835 fase

1054 1834 1163 1863 tidium
1175 1832 1281 1874 jaciat
1303 1834 1367 1869 ille,
1388 1834 1441 1863 sub
1463 1834 1526 1864 iltis
1538 1834 1687 1874 fascibus,
1708 1845 1785 1874 pur-

1052 1885 1131 1912 pura
1153 1876 1254 1906 cultus
1268 1887 1277 1904 .·
1300 1886 1357 1905 non
1380 1881 1432 1910 est,
1454 1876 1531 1915 quod
1542 1875 1714 1916 feliciorem
1723 1878 1785 1916 ju-

1053 1917 1143 1951 dices,
1171 1918 1221 1946 cui
1248 1917 1446 1951 submovetur,
1472 1927 1560 1957 quam
1587 1927 1671 1957 quem
1698 1918 1787 1949 licun-

1053 1959 1156 1987 semita
1171 1959 1283 1997 ‹ie-ficit.
1322 1958 1615 1988 Caras—volantes.-
1637 1959 1676 1990 de
1694 1959 1785 1991 Curio

1053 2000 1145 2029 alatis
1159 2001 1280 2039 egimus
1295 1999 1327 2028 in
1341 2000 1518 2030 Commeat.
1534 1999 1573 2030 de
1583 1998 1689 2031 Alatis
1700 2001 1785 2032 Ima-

1053 2039 1191 2079 ginibus,
1222 2051 1253 2081 p.
1283 2041 1325 2070 29
1356 2040 1473 2082 (Goth.
1506 2039 1618 2080 1786).
1664 2042 1787 2074 circum

1053 2088 1129 2112 tecta
1146 2083 1298 2122 laqueata,
1315 2081 1453 2122 intellige
1467 2081 1671 2113 tricliniorum
1688 2083 1785 2125 inpri-

1053 2123 1111 2152 mis
1133 2128 1226 2159 tecta,
1249 2133 1320 2163 quae
1344 2125 1482 2163 laqueata
1506 2123 1554 2154 vel
1576 2125 1730 2164 laquearia
1753 2130 1787 2157 et

1053 2165 1211 2195 lacunaria
1232 2165 1392 2199 dicuntur,
1408 2165 1493 2205 quod
1511 2175 1616 2196 eorum
1638 2168 1721 2197 lacus
1733 2166 1785 2198 vel

1053 2206 1167 2236 lacunoe
1183 2207 1250 2246 (die
1266 2206 1442 2247 Fallungen
1462 2208 1515 2237 der
1531 2207 1698 2248 getig'felten
1713 2208 1784 2239 Fel-

1051 2247 1121 2287 der)
1139 2258 1225 2282 auro,
1246 2257 1337 2288 opere
1358 2247 1468 2278 caelato
1489 2252 1520 2278 et
1541 2248 1672 2289 picturis
1694 2259 1784 2280 exor-

1051 2294 1133 2319 natae
1161 2295 1255 2330 atque
1282 2289 1437 2320 distinctae
1467 2289 1608 2327 suerunt;
1630 2290 1786 2332 ejusmodi

1051 2331 1122 2360 tecti
1145 2331 1277 2370 laqueati
1299 2330 1349 2361 vel
1374 2332 1529 2362 lacunaria
1549 2330 1715 2374 descriptio
1737 2337 1786 2364 est

1051 2371 1134 2412 apud
1159 2372 1288 2412 Joseph.
1314 2371 1355 2402 A.
1378 2372 1443 2406 viii,
1472 2373 1504 2407 3,
1529 2373 1562 2408 2,
1586 2372 1642 2403 ubi
1667 2374 1784 2405 tabulae

1052 2413 1126 2443 tecti
1139 2413 1287 2444 dicuntur
1302 2413 1397 2444 fuisse
1413 2413 1582 2455 ἐξεσμέναι
1591 2414 1638 2451 εἰς
1652 2415 1783 2456 φατνώ-

1049 2466 1142 2495 ματα
1157 2456 1210 2486 καὶ
1225 2454 1478 2496 προσκόλλησιν
1493 2457 1632 2497 χρυσοῦ.

1096 2497 1232 2527 13-16.
1261 2497 1371 2532 Parvo,
1394 2507 1425 2527 re
1446 2497 1589 2536 modica;
1609 2504 1781 2536 paternum,

1050 2541 1199 2579 tanquam
1212 2548 1281 2580 pars
1294 2538 1482 2579 patrimonii,
1495 2539 1627 2577 splendet
1637 2540 1781 2576 salinum,

1052 2578 1091 2609 ad
1115 2585 1274 2610 externam
1297 2579 1381 2610 enim
1406 2579 1589 2610 munditiem
1612 2579 1782 2611 salinorum

1050 2619 1192 2662 inprimis
1207 2623 1288 2652 bene
1303 2621 1468 2662 politorum
1488 2621 1634 2662 splendor
1647 2621 1782 2663 pertine-

1051 2662 1124 2692 bat:
1153 2663 1214 2694 vid.
1243 2663 1367 2694 Meurs.
1395 2662 1435 2692 ad
1465 2662 1621 2704 Lycophr.
1646 2673 1677 2694 v.
1707 2664 1782 2695 135.

1052 2704 1244 2745 Comparant
1275 2705 1363 2735 Pers.
1394 2703 1440 2740 iii,
1470 2705 1524 2740 25.
1553 2714 1627 2734 rure
1655 2710 1783 2744 paterno

1053 2745 1108 2776 Est
1130 2747 1186 2776 tibi
1198 2746 1261 2787 far
1279 2747 1437 2782 modicum,
1450 2755 1562 2785 purum
1585 2751 1615 2776 et
1633 2747 1696 2776 sine
1716 2747 1782 2777 labe

1050 2789 1189 2818 salinum.
1220 2788 1259 2818 In
1273 2797 1371 2817 mensa
1385 2788 1492 2823 camai,-
1513 2786 1587 2817 hinc
1602 2785 1661 2818 inf.
1677 2787 1742 2818 Sat.
1759 2788 1782 2826 i,

1052 2829 1083 2863 3,
1112 2829 1163 2864 13,
1191 2831 1230 2860 sit
1254 2830 1327 2859 mihi
1354 2838 1452 2859 mensa
1482 2829 1574 2867 tripes
1602 2834 1630 2859 et
1662 2829 1781 2860 Concha

1049 2871 1120 2900 salis
1146 2873 1229 2908 puri,
1256 2874 1329 2901 cett.
1382 2869 1482 2905 Leves,
1509 2869 1631 2904 molles,
1660 2869 1780 2902 faciles.

1048 2912 1192 2942 Sordidus
1207 2912 1286 2943 refer
1301 2910 1340 2942 ad
1353 2909 1510 2942 sordidam
1525 2910 1699 2943 avaritiam.
