1904 3314
662 193 890 236 LIBER
922 194 959 246 Ι,
990 196 1031 237 3.

1528 199 1619 240 445

193 298 427 346 Thracane
447 313 539 350 VOS,
562 298 832 354 Hebrusque
853 297 984 339 nivali
1003 298 1216 354 compede
1237 299 1422 350 vinctus,

194 365 269 409 An
290 367 402 410 freta
421 368 580 410 vicinas
601 367 715 408 inter
735 367 956 408 currentia
976 373 1135 417 turres,

135 435 164 476 5
193 434 267 477 An
287 437 472 492 pingues
493 434 613 476 Asiae
634 434 775 490 campi
796 433 1017 490 collesque
1038 436 1297 476 morantur?

195 503 317 551 Quid
339 505 534 546 studiosa
554 502 712 545 cohors
735 516 917 557 operum
940 503 1103 544 struit?
1133 502 1228 544 haec
1253 517 1429 558 quoque
1452 517 1558 545 curo
1580 521 1590 554 ;

194 570 307 618 Quis
330 572 412 613 sibi
434 586 503 612 res
524 579 671 626 gestas
694 570 891 626 Augusti
912 571 1104 612 scribere
1127 571 1285 613 sumit?

193 637 319 681 Bella
337 639 434 694 quis
457 646 502 681 et
523 654 653 694 paces
674 638 854 694 longum
875 639 1084 681 diffundit
1105 640 1149 680 in
1170 642 1337 682 aevum?

195 706 316 754 Quid
338 706 500 757 Titius,
522 707 721 749 Romana
744 707 866 749 brevi
886 715 1095 749 venturus
1112 708 1157 749 in
1179 723 1269 759 ora,

111 773 165 815 10
194 773 416 816 Pindarici
437 775 568 817 fontis
589 776 665 831 qui
686 791 773 817 non
794 775 1006 831 expalluit
1027 776 1228 828 haustus,

193 842 410 886 Fastidire
430 843 566 895 lacus,
590 851 635 886 et
655 845 770 886 rivos
791 860 923 887 ausus
946 848 1154 900 apertos?

193 910 258 953 Ut
277 911 424 955 valet?
453 920 502 955 ut
524 914 717 955 meminit
738 914 876 955 nostri
894 916 910 955 ?
940 913 1162 956 fidibusne
1185 914 1356 956 Latinis

191 979 434 1023 Thebanos
455 988 607 1037 aptare
628 983 781 1024 modos
805 983 968 1033 studet,
992 984 1171 1038 auspice
1193 983 1358 1025 Musa?

193 1046 268 1089 An
287 1049 454 1104 tragica
475 1049 657 1091 desaevit
678 1056 723 1091 et
743 1049 1007 1105 ampullatur
1028 1051 1072 1092 in
1093 1058 1186 1093 arte
1205 1053 1222 1092 2

110 1114 164 1156 15
194 1115 316 1163 Quid
336 1116 442 1158 mihi
463 1117 618 1159 Celsus
639 1118 761 1173 agit?
793 1119 981 1160 monitus
1002 1119 1272 1174 multumque
1301 1119 1559 1168 monendus,

195 1183 393 1228 Privatas
415 1193 464 1228 ut
485 1194 654 1242 quaerat
672 1201 794 1242 opeS,
816 1194 860 1228 et
881 1194 1062 1242 tangere
1082 1188 1189 1230 vitet

194 1251 382 1308 Scripta,
406 1253 633 1295 Palatinus
654 1269 927 1309 quaecunque
950 1255 1116 1309 recepit
1138 1253 1300 1310 Apollo
1318 1272 1327 1304 3

194 1319 282 1371 Ne,
307 1322 343 1362 si
363 1321 477 1364 forte
496 1337 598 1363 suas
620 1322 853 1377 repetitum
875 1323 1043 1363 venerit
1065 1321 1166 1363 olim

194 1386 321 1430 Grex
343 1390 485 1431 avium
506 1389 689 1445 plumas,
711 1397 882 1431 moveat
902 1389 1122 1432 cornicula
1142 1389 1276 1431 risum

104 1455 163 1496 20
192 1455 383 1500 Furtivis
403 1459 569 1500 nudata
590 1457 825 1500 coloribus.

888 1457 991 1514 Ipse
1013 1458 1117 1513 quid
1140 1458 1310 1499 audes?

195 1523 310 1572 Quae
331 1526 493 1568 circum
515 1525 668 1568 volitas
691 1527 814 1582 agilis
837 1525 1019 1582 thyma?
1049 1541 1134 1567 non
1157 1527 1236 1567 tibi
1260 1541 1440 1581 parvum

197 1591 439 1648 Ingenium,
461 1609 550 1635 non
570 1594 780 1636 incultum
801 1602 882 1645 est,
906 1609 987 1637 nec
1009 1596 1196 1650 turpiter
1217 1595 1396 1636 hirtum.

125 1715 156 1751 1,
171 1715 205 1746 2.
221 1715 384 1752 Claudius,
398 1714 545 1748 Tiberius
558 1716 715 1749 Claudius
724 1718 824 1756 Nero,

78 1755 180 1790 Liviae
194 1757 290 1795 filius,
305 1760 442 1801 Augusti
457 1762 633 1802 privignus,
650 1760 736 1802 quod
760 1771 824 1792 non

78 1810 160 1843 opus
173 1806 240 1832 erat
263 1801 396 1840 addere;
418 1802 474 1834 sed
499 1804 654 1835 Horatius
675 1804 726 1835 hic
743 1814 824 1846 quo-

77 1853 143 1885 que
158 1844 299 1886 Augusti
315 1845 451 1876 nominis
473 1856 546 1877 cum
563 1846 754 1878 verecundia
769 1857 824 1890 ap-

78 1885 221 1929 pellandi
235 1888 436 1920 occasionem
451 1888 573 1931 arripit.
617 1890 746 1927 Laboro,
762 1890 826 1932 sig-

78 1929 262 1962 nificantius
276 1941 344 1973 pro,
359 1931 465 1974 cupio,
483 1942 572 1964 ave0.

122 1973 156 2005 3.
191 1973 372 2016 Hebrusque
400 1976 500 2006 nivali
527 1977 663 2016 compede
691 1978 825 2010 vinctus.

78 2014 176 2058 paulo
204 2016 374 2048 sublimius
407 2023 490 2060 pr0,'
506 2018 610 2060 glacie
647 2023 826 2050 concretus.

79 2058 214 2132 gebu-us,
249 2065 344 2092 notus
380 2060 526 2093 Thraciae
569 2061 694 2098 fluvius,
727 2060 827 2099 ,hodie

118 2113 198 2134 {07⁸1ss-

123 2146 156 2176 4.
183 2145 306 2176 Vicina:
333 2152 446 2182 turres,
476 2147 588 2178 Seston
614 2153 647 2179 et
675 2146 826 2188 Abydon,

79 2187 174 2220 urbes
202 2187 342 2220 munitas
380 2189 594 2232 Hellesponti,
635 2190 767 2222 Leandri
795 2195 827 2222 et

80 2230 188 2263 Herus
201 2241 306 2264 umore
319 2231 397 2264 satis
409 2237 513 2264 notas.

123 2276 157 2306 5.
178 2274 369 2306 Morantur?
392 2285 448 2306 vos
462 2281 584 2310 tenent,
601 2275 760 2307 retinent}
785 2286 826 2307 an

78 2326 134 2348 von
151 2317 220 2359 jam
235 2318 476 2349 commoramini
495 2319 528 2350 in
551 2318 725 2361 pinguibus
741 2319 826 2351 Asiae

77 2359 200 2403 campis
212 2365 245 2392 et
258 2360 418 2392 collibus?

120 2403 154 2435 6.
179 2403 264 2438 Qm'd
278 2405 426 2440 studiosa,
441 2409 516 2436 cett.
562 2403 649 2441 Quid
666 2404 824 2445 (operum)

77 2455 180 2478 rerum
194 2445 434 2478 scribendarum
459 2457 544 2478 nunc
570 2446 744 2479 moliuntur
766 2448 826 2480 viri

77 2488 164 2520 docti
189 2487 247 2532 qui
271 2495 348 2521 sunt
371 2490 404 2521 in
429 2490 559 2522 cohorte
583 2495 687 2521 vestra
710 2490 826 2523 sivein

78 2532 233 2564 comitatu
246 2532 386 2564 Tiberiiv.
419 2533 560 2564 studiosa
576 2533 655 2564 refer
671 2533 712 2564 ad
728 2534 825 2566 comi-

79 2580 127 2607 tes
141 2574 294 2607 bonarum
311 2575 485 2607 litterarum
502 2575 681 2614 studiosos;
705 2577 745 2608 ad
770 2577 827 2608 hos

78 2617 248 2660 pertinent,
261 2629 342 2660 quos
357 2619 390 2649 in
405 2618 614 2660 sequentibus
633 2629 825 2652 commemo-

79 2666 138 2697 rat,
153 2660 268 2698 Titius,
286 2662 412 2698 Celsus,
429 2661 610 2692 Munatius.

122 2704 154 2736 8.
177 2704 318 2748 Longum
332 2705 483 2748 diffundit
500 2709 533 2736 in
549 2704 667 2735 ωυτιηιῖ
690 2703 730 2735 ad
752 2715 825 2747 pos-

78 2746 235 2780 teritatem
279 2749 457 2791 propagat?
503 2746 672 2779 aeternitati
716 2757 827 2780 conse-

79 2791 170 2822 crat‘l

121 2833 154 2864 9.
179 2832 299 2865 Titius.-
326 2833 426 2864 Titius
441 2833 618 2874 Septimius,
636 2842 735 2874 eques
760 2831 829 2863 Ro-

78 2885 192 2906 manus
219 2877 274 2917 (ut
296 2875 391 2908 docet
418 2875 645 2918 Porphyrius),
670 2875 753 2907 idem
782 2881 832 2906 est

79 2927 176 2990 guam
194 2918 346 2950 Horatius
361 2929 433 2961 sup.
450 2920 513 2951 Od.
526 2919 561 2955 ii,
578 2920 610 2957 6,
624 2924 660 2949 ut
680 2923 831 2960 spectatae

101 2961 152 2992 dei
168 2961 307 2994 amicum
322 2962 462 2994 celebrat
473 2974 482 3002 3
507 2962 541 2994 h.
561 2962 583 2994 l.
600 2972 673 2994 eum
697 2966 734 2992 ut
757 2972 831 3004 poe-

80 3008 144 3035 tam
168 3003 253 3037 haud
274 3005 436 3046 vulgarem
454 3005 576 3040 laudat,
594 3011 626 3036 et
650 3004 708 3035 inf.
728 3004 832 3047 Epist.

866 1717 899 1753 9,
925 1718 957 1753 4,
986 1723 1023 1748 ut
1046 1718 1176 1760 dignum
1201 1724 1299 1748 mente
1326 1719 1466 1757 domoque
1491 1718 1619 1758 legentis

868 1761 990 1791 honesta
1009 1761 1138 1791 Neronis
1154 1759 1368 1792 commendat.

914 1805 965 1834 10.
990 1803 1153 1836 Pindarici
1170 1803 1276 1846 fontis
1301 1805 1353 1844 qui
1378 1814 1439 1833 non
1464 1803 1616 1842 expalluit

868 1847 1007 1882 haustus,
1038 1846 1093 1888 qui
1123 1857 1140 1878 a
1180 1846 1224 1877 rei
1260 1856 1385 1887 magnae
1415 1850 1545 1882 conatu,
1576 1845 1618 1875 ab

870 1888 987 1920 haustu
1013 1889 1108 1920 sontis
1134 1889 1307 1925 Pindarici,
1330 1900 1364 1921 se
1387 1899 1450 1919 non
1472 1887 1621 1919 deterreri

870 1942 981 1974 passus
996 1938 1055 1967 est,
1071 1932 1103 1964 h.
1119 1943 1150 1964 e.
1166 1932 1222 1974 qui
1237 1942 1335 1964 ausus
1346 1937 1395 1963 est
1407 1930 1523 1962 imitari
1540 1930 1619 1961 Pin-

869 1974 996 2006 darum.
1031 1976 1207 2016 Eoepollait,
1224 1974 1363 2018 expavit,
1378 1973 1551 2009 exhorruit,
1564 1983 1620 2005 ex-

870 2018 988 2050 timuit.

918 2062 967 2092 ll.
992 2061 1148 2092 Fastidire
1171 2061 1268 2096 lacus,
1283 2064 1358 2091 cett.
1379 2058 1436 2102 qui
1459 2068 1555 2090 ausus
1572 2064 1622 2090 est

872 2104 1020 2146 vulgares
1043 2104 1135 2135 lacus
1159 2109 1192 2135 et
1219 2103 1302 2134 rivos
1331 2102 1448 2144 cuique
1478 2107 1622 2144 patentes

870 2153 1083 2184 contemnere,
1106 2147 1139 2178 h.
1156 2157 1186 2178 e.
1209 2156 1228 2178 a
1254 2145 1433 2188 vulgarium
1458 2150 1619 2187 poetarum

870 2200 964 2231 grege
981 2200 1014 2221 se
1030 2200 1206 2221 secernere.

918 2233 968 2270 12,
989 2234 1040 2264 13.
1065 2234 1232 2264 Fidibusne
1256 2231 1379 2262 Latinis
1397 2231 1548 2262 Thebanos
1565 2243 1620 2271 ap-

872 2283 938 2307 tare
953 2278 1062 2307 nzodos.
1109 2276 1260 2307 Thebanos
1280 2275 1378 2305 modos
1400 2274 1525 2305 Latinis
1539 2275 1620 2315 fidi-

871 2320 925 2350 bus
939 2325 1046 2360 aptare
1060 2324 1120 2355 est,
1136 2319 1306 2351 Thebanos
1320 2316 1431 2348 modos
1454 2318 1622 2348 transferre

871 2367 903 2394 et
917 2361 1071 2393 moderari
1086 2362 1126 2393 ad
1141 2362 1220 2394 fides
1236 2360 1381 2396 Latinas,
1397 2360 1431 2391 h.
1447 2370 1476 2392 e.
1494 2371 1622 2392 carmen

871 2405 1080 2436 Pindaricum
1096 2405 1213 2436 Latino
1228 2402 1370 2436 carmine
1389 2402 1524 2435 imitari:
1550 2414 1622 2445 sup.

872 2447 937 2480 Od.
954 2448 989 2484 ii,
1009 2449 1062 2484 12,
1078 2449 1110 2487 4,
1126 2449 1227 2480 molles
1250 2449 1347 2478 modos
1360 2447 1486 2478 citharae
1502 2456 1621 2487 aptare,

871 2497 904 2523 et
920 2491 985 2523 Od.
1003 2491 1045 2527 iv,
1061 2492 1094 2526 9,
1113 2493 1146 2529 4,
1162 2493 1253 2523 verba
1269 2492 1350 2531 loqui
1370 2491 1513 2521 socianda
1536 2491 1623 2520 chor-

871 2536 930 2565 dis.
974 2535 1105 2575 Auspice
1121 2534 1225 2572 Musa,
1237 2533 1418 2576 adspirante
1432 2533 1482 2564 vel
1499 2533 1623 2564 favente

872 2578 984 2608 Musa.

918 2622 971 2654 14,
991 2621 1042 2651 15.
1068 2620 1116 2650 Aa
1133 2621 1265 2662 tragica,
1280 2624 1355 2650 cett.
1375 2629 1416 2649 an
1434 2618 1466 2649 in
1484 2617 1625 2649 scriben-

871 2661 920 2693 dis
945 2662 1110 2704 tragcediis
1133 2673 1260 2694 versans
1284 2661 1407 2705 poetico
1430 2661 1533 2692 furore
1555 2671 1623 2691 cor-

871 2705 895 2736 ri
920 2705 993 2742 itur,
1010 2711 1042 2737 et
1052 2705 1161 2737 altiore
1173 2705 1285 2748 spiritu
1296 2705 1426 2736 inflatus
1438 2703 1624 2735 sublimiora

873 2757 892 2778 a
916 2750 1023 2779 ectat'!
1069 2749 1157 2780 Dum
1180 2748 1291 2780 laudat
1315 2747 1466 2779 Horatius
1486 2746 1623 2778 amicum

874 2801 967 2822 suum
995 2791 1126 2830 Titium,
1150 2791 1287 2823 eundem
1311 2790 1408 2823 simul
1433 2795 1470 2820 ut
1497 2795 1622 2831 poetam

874 2833 1034 2876 turgidum
1053 2840 1161 2866 notare
1175 2834 1309 2866 videtur.
1354 2833 1521 2875 Ejusmodi
1539 2831 1624 2863 enim

875 2877 1074 2919 reprehensio
1102 2877 1180 2909 latet
1210 2877 1244 2908 in
1273 2875 1403 2908 vocibus
1429 2877 1566 2907 desaevire
1595 2880 1627 2905 et

876 2921 1056 2961 ampullari.
1103 2921 1187 2956 Quid
1211 2922 1285 2951 mihi
1308 2922 1388 2962 agit.
1436 2919 1529 2954 Mihi,
1555 2919 1623 2964 tib-i,

876 2965 944 2999 sibi,
962 2965 1056 2999 nobis,
1072 2965 1151 2995 vobis
1165 2974 1207 2994 sae
1232 2963 1283 2994 ius
1297 2973 1370 2993 cum
1386 2961 1415 2991 vi
1439 2960 1576 3002 quadam
1593 2970 1625 2989 in

878 3006 960 3038 salse
985 3012 1040 3038 aut
1066 3007 1176 3048 jocose
1229 3006 1299 3037 ictis
1331 3003 1516 3035 abundant:
1556 3001 1627 3033 vide
