1884 3288
340 563 816 633 CARM

891 556 1364 621 INUM

612 732 786 772 LIBER
816 729 1095 771 QUARTUS.

688 1077 966 1122 CARMEN
1000 1076 1036 1119 Ι.

320 1258 628 1317 INTERM1ssA,
651 1266 821 1316 Venus,
843 1266 921 1307 diu

379 1345 557 1388 Rursus
577 1344 694 1388 bella
713 1359 875 1386 moves,

938 1343 1092 1394 Parce,
1115 1357 1286 1399 precor,
1309 1341 1490 1398 precor!

324 1413 431 1455 Non
453 1429 563 1464 sum,
585 1412 726 1469 qualis
748 1428 866 1455 eram
888 1413 1014 1454 bonae

380 1481 474 1524 Sub
496 1497 633 1538 regno
655 1481 842 1524 Cinarae.

165 1636 167 1638 .
338 1603 544 1636 CARMEN
569 1605 599 1636 Ι.

137 1644 416 1683 Quemadmodum
430 1647 579 1679 ultimum
592 1646 665 1678 libri
680 1646 765 1678 tertii
774 1657 845 1678 car-

92 1698 167 1720 men
196 1699 252 1732 pro
280 1689 408 1732 epilogo
435 1701 544 1722 eorum
570 1690 748 1721 carminum
773 1701 846 1732 quae

94 1730 232 1775 primum
248 1738 343 1775 poeta
357 1733 390 1764 in
410 1733 481 1765 dias
499 1733 631 1765 luminis
652 1743 746 1764 auras
765 1732 843 1764 emi-

93 1779 190 1814 serat,
214 1774 260 1807 ita
282 1775 343 1808 hoc
368 1776 504 1820 primum
530 1774 603 1807 libri
630 1775 736 1818 quarti
762 1781 846 1807 recte

94 1827 153 1860 pro
167 1817 240 1861 ejus
252 1818 361 1851 haberi
378 1825 482 1862 potest
492 1820 633 1862 prologo.
671 1818 847 1851 Valedixe·

94 1865 145 1892 rat
163 1861 292 1910 quidem
311 1862 465 1894 Horatius
480 1863 548 1905 jam
570 1861 658 1905 poesi
680 1862 800 1904 lyricae,
816 1867 848 1893 et

96 1903 245 1935 barbiton
264 1915 372 1942 suum,
392 1907 480 1943 bello,
498 1911 534 1937 ut
553 1905 622 1947 ipse
637 1916 708 1947 sup.
728 1904 774 1941 iii,
792 1906 847 1941 26,

97 1948 118 1979 3
147 1946 238 1984 dicit,
268 1949 462 1992 dffunctum,
493 1949 527 1981 in
566 1949 701 1980 Veneris
730 1948 849 1990 templo

99 1989 331 2033 suspenderat;
355 1992 411 2024 sed
431 1992 516 2024 bona
535 1992 674 2028 fortuna,
693 1997 729 2023 ut
745 1991 850 2023 denuo

96 2032 145 2064 illi
162 2034 366 2077 temperando
381 2035 608 2078 tractandoque
621 2045 735 2066 manus
750 2034 851 2077 impo-

97 2082 200 2125 neret,
214 2087 298 2125 ‘cnm
319 2077 503 2110 amicorum·
519 2088 661 2117 suorum,
683 2084 752 2109 tum
780 2079 850 2109 Au-

100 2126 186 2162 gusti
213 2120 359 2163 inprimis
388 2128 499 2163 rogatu
527 2128 622 2163 atque
652 2121 851 2157 auctoritate,

99 2168 262 2212 permotus
281 2163 356 2196 fuit.
401 2165 486 2197 Cum
509 2164 606 2206 igitur
628 2171 692 2195 tam
715 2174 752 2196 ea
779 2175 852 2206 quae

98 2216 135 2238 tn
151 2206 294 2247 Augusti
308 2207 453 2249 gratiam,
471 2214 506 2239 ut
521 2209 630 2240 Carm.
645 2209 678 2245 2,
697 2209 728 2243 4,
747 2210 780 2244 5,
801 2209 853 2244 14,

103 2249 157 2286 15,
189 2249 304 2282 seriore
333 2256 426 2282 aetate
453 2250 623 2287 cecinerat,
655 2261 751 2293 quam
788 2250 852 2282 alia

101 2302 176 2334 quae
191 2292 249 2341 ‘vel
271 2298 351 2332 tum,
374 2294 423 2326 vel
443 2294 511 2336 jam
534 2294 610 2326 olim
633 2300 852 2336 composuerat

102 2345 258 2373 carmina,
282 2347 367 2369 nunc
390 2337 424 2368 in
447 2348 547 2370 unum
574 2337 762 2369 fasciculum
785 2337 852 2369 col-

102 2378 188 2410 lecta
201 2379 262 2412 hoc
278 2379 360 2412 libro
376 2386 503 2423 quarto,
519 2391 553 2411 er
575 2382 665 2423 longo
680 2382 853 2419 intervallo,

104 2427 140 2454 nt
157 2422 332 2455 Suetonius
347 2423 381 2455 in
397 2429 498 2466 poetae
516 2424 614 2455 nostri
632 2424 696 2455 vita
713 2429 857 2462 testatur,

105 2465 206 2497 tribus
214 2468 386 2498 carminum
398 2469 484 2498 tibris
492 2468 629 2509 Augusti
631 2469 726 2508 jussu
738 2469 857 2504 addito,

105 2507 226 2552 publici
241 2508 325 2552 juris
346 2510 487 2548 faceret;
516 2510 555 2541 iis
578 2510 680 2544 facete
702 2510 763 2542 hoc
787 2521 857 2542 car-

106 2551 194 2584 mine
209 2552 364 2595 praelusit.
373 2558 406 2586 et
417 2553 545 2596 qualem
561 2563 726 2596 sesemper
735 2559 860 2596 poetam

106 2592 256 2627 leviorem
277 2601 311 2628 et
329 2597 492 2628 amoribus
514 2603 636 2628 tantum
663 2602 774 2639 aptum
797 2597 860 2640 (cf.

108 2646 182 2681 ευρ.
199 2638 307 2670 Carm.
321 2639 346 2671 i.
363 2641 396 2677 6,
414 2646 446 2672 et
462 2639 496 2679 ii,
514 2641 586 2678 12),
601 2639 696 2671 talem
714 2639 766 2671 hic
782 2651 860 2682 quo·

114 2723 116 2726 Ι
131 2691 173 2730 ne
187 2691 222 2713 se
239 2682 401 2731 professus
418 2688 479 2715 est.
526 2683 642 2725 Itaque
656 2683 770 2725 lyram,
787 2694 862 2725 quae

134 2734 168 2756 ιιι
176 2729 283 2773 *tacita
297 2725 499 2768 pependerat,
518 2737 603 2758 nunc
615 2726 798 2769 increpans,
813 2726 861 2757 in-

153 2777 241 2816 nrose
262 2778 298 2800 se
320 2768 462 2812 pristinis
490 2769 651 2801 amoribus
673 2769 866 2801 incalescere

134 2817 214 2853 ugit.
235 2812 266 2843 H
271 2811 323 2843 inc
333 2822 367 2844 se
378 2813 536 2844 convertit
548 2813 588 2844 ad
601 2813 770 2849 Venerem,
781 2823 866 2844 eam-

113 2863 189 2898 que,
202 2859 240 2887 ut
253 2865 287 2886 in
301 2854 444 2897 juniores
458 2856 574 2898 potius,
591 2866 687 2897 quam
705 2856 738 2887 in
753 2866 786 2887 se
798 2855 867 2897 jam

113 2895 347 2946 quinquaginta
369 2899 467 2931 ferme
490 2909 592 2931 annos
619 2905 729 2930 natum
755 2905 867 2942 poten-

114 2938 191 2973 hun
217 2951 309 2972 suam
332 2948 489 2979 exerceat,
513 2941 629 2974 obnixe
658 2948 748 2984 rogat
771 2948 868 2984 atque

117 2981 302 3030 obtestatur.
347 2985 435 3017 Inter
452 2985 597 3027 juniores
613 2991 718 3017 autem
735 2985 802 3017 deae
820 2985 869 3016 in-

118 3024 227 3066 primis
263 3027 447 3060 adeundum
481 3028 685 3060 commendat
720 3028 870 3061 Paullum

452 3085 463 3105 α

906 1480 1090 1530 Desine,
1114 1478 1306 1522 dulcium

887 1602 1084 1639 Maximum,
1105 1602 1257 1644 juvenem
1284 1599 1435 1638 nobilem,
1457 1598 1644 1635 formosum,

887 1646 1058 1683 eruditum,
1075 1651 1106 1677 et
1119 1645 1262 1682 divitem,
1277 1644 1335 1686 qui
1350 1654 1414 1675 non
1430 1643 1534 1674 solum
1554 1651 1644 1682 mag-

891 1699 933 1720 na
962 1700 1035 1721 cum
1065 1688 1167 1731 gloria
1189 1687 1260 1730 ejus
1289 1686 1438 1718 militiam
1466 1690 1645 1722 secuturus,

889 1731 944 1764 sed
959 1731 1095 1764 eandem
1111 1730 1207 1762 etiam
1228 1730 1343 1772 quovis
1359 1729 1514 1760 honorum
1530 1737 1644 1759 mune-

890 1785 1023 1816 rumque
1039 1785 1153 1817 genere
1168 1779 1338 1805 ornaturus
1349 1778 1444 1814 atque
1460 1770 1645 1803 cumulatu-

891 1829 944 1850 rus
963 1818 1016 1849 sit.
1062 1819 1183 1850 Verum
1200 1816 1286 1848 enim
1306 1826 1390 1851 vero,
1411 1815 1486 1846 dum
1509 1812 1646 1846 Veneris

893 1861 954 1893 vim
984 1867 1016 1893 et
1043 1859 1216 1903 potentiam
1246 1860 1446 1901 deprecatur,
1475 1867 1552 1889 ecce
1577 1855 1647 1899 jam

893 1915 975 1936 novo
991 1903 1134 1945 Ligurini
1155 1913 1262 1934 amore
1280 1913 1314 1934 se
1336 1911 1519 1944 percussum
1538 1898 1646 1937 sentit,

894 1958 953 1979 nec
966 1947 1086 1990 injecto
1100 1945 1148 1978 illi
1164 1945 1263 1977 furori
1277 1944 1419 1976 resistere
1434 1943 1532 1975 valet.
1563 1944 1647 1979 Quae

894 1990 1023 2033 quidem
1050 1996 1116 2021 tota
1139 1989 1179 2021 de
1206 1988 1297 2020 novis
1324 1987 1486 2019 amoribus
1509 1985 1597 2018 fictio
1620 1984 1648 2016 si

896 2033 991 2065 unice
1008 2033 1048 2064 ad
1065 2039 1211 2064 ornatum
1227 2037 1259 2064 et
1274 2031 1555 2073 amplificationem
1571 2028 1646 2059 sim-

894 2076 989 2120 plicis
1023 2075 1202 2112 sententiae,
1236 2080 1258 2093 “
1272 2075 1339 2116 Ego
1367 2075 1471 2115 poesin
1505 2073 1648 2114 lyricam,

885 2123 956 2162 jam
973 2122 1030 2152 diu
1045 2132 1063 2150 a
1080 2131 1124 2151 me
1139 2120 1353 2154 intermissam,
1367 2123 1536 2149 retractare
1540 2118 1650 2156 jussus

896 2175 973 2201 sum,
991 2174 1042 2194 nec
1063 2165 1107 2194 his
1112 2164 1254 2203 jussibus
1269 2164 1406 2193 resistere
1422 2159 1547 2201 potui,”
1569 2158 1647 2190 rese-

897 2206 995 2238 renda
1012 2216 1082 2238 esse
1106 2205 1253 2244 videtur;
1277 2204 1371 2236 facile
1391 2209 1534 2247 apparet,
1550 2212 1648 2244 quam

894 2249 1040 2292 iniquum
1063 2256 1095 2281 et
1116 2248 1280 2280 sinistrum
1303 2258 1411 2280 eorum
1435 2247 1475 2278 de
1498 2246 1558 2278 hoc
1582 2256 1654 2277 car-

895 2293 981 2324 mine
1009 2292 1050 2324 sit
1074 2292 1245 2335 judicium,
1274 2292 1345 2334 qui,
1370 2289 1457 2333 quod
1486 2290 1519 2321 in
1545 2299 1583 2321 eo
1610 2288 1651 2320 ad

897 2336 1004 2378 magni
1020 2343 1120 2379 poetae
1137 2342 1236 2367 artem
1253 2341 1286 2366 et
1299 2333 1463 2377 ingenium
1484 2332 1653 2364 transferre

897 2380 1068 2416 debebant,
1086 2379 1126 2411 ad
1142 2385 1266 2422 turpem
1282 2378 1353 2420 ejus
1367 2376 1532 2409 libidinem
1549 2382 1652 2407 trans-

899 2423 1018 2455 ferunt.

949 2468 1043 2498 1—8.
1067 2465 1256 2502 Intermissa,
1294 2465 1406 2500 Venus,
1444 2466 1500 2495 diu
1533 2463 1657 2494 Rursus

904 2511 982 2541 betta
998 2520 1113 2541 moves:
1138 2519 1259 2545 rursus,
1282 2519 1301 2539 o
1318 2508 1442 2544 Venus,
1458 2517 1576 2544 amore,
1592 2516 1655 2548 quo

905 2553 960 2585 diu
976 2553 1104 2584 animus
1118 2562 1208 2583 meus
1221 2561 1341 2583 vacuus
1355 2550 1427 2587 fuit,
1441 2561 1491 2582 me
1502 2549 1658 2590 exagitas.

907 2596 973 2634 Qui
1005 2602 1124 2632 amant,
1157 2595 1296 2627 suaviter
1327 2594 1475 2625 militiam
1509 2592 1658 2628 Veneris,

907 2640 984 2671 bella
1013 2640 1169 2677 moventis,
1196 2638 1288 2681 sequi
1312 2637 1497 2679 finguntur3
1528 2636 1567 2668 de
1596 2645 1661 2678 qua

906 2682 1037 2725 quidem
1061 2693 1080 2714 a
1102 2693 1134 2713 re
1163 2681 1292 2713 militari
1320 2680 1360 2712 ad
1385 2691 1451 2712 rem
1474 2679 1660 2711 amator-iam

907 2725 1059 2758 translata
1080 2725 1220 2766 imagine
1242 2724 1305 2756 vid.
1321 2735 1392 2766 sup.
1415 2723 1455 2755 ad
1475 2722 1520 2759 iii,
1540 2724 1596 2760 26,
1618 2724 1660 2753 2:

911 2769 953 2800 cf.
967 2769 1023 2800 ins.
1039 2780 1068 2800 v.
1087 2769 1140 2800 16.
1174 2768 1284 2805 Parce,
1296 2778 1413 2808 precor,
1427 2767 1550 2807 precor!
1570 2765 1664 2808 quasi

910 2812 976 2856 jam
991 2812 1053 2843 vim
1071 2811 1212 2843 numinis
1229 2811 1262 2842 in
1283 2817 1395 2854 pectus
1410 2821 1444 2842 se
1463 2808 1665 2841 immittentis

912 2855 1039 2894 sentiat,
1072 2861 1105 2886 ut
1138 2865 1210 2897 sup.
1242 2855 1277 2891 ii,
1310 2855 1362 2889 19,
1390 2855 1408 2885 7
1445 2853 1485 2885 de
1521 2853 1664 2887 Baccho,

910 2911 1013 2939 parce,
1030 2899 1135 2935 Liber,
1154 2899 1263 2933 Parce,
1275 2899 1367 2940 gravi
1381 2898 1538 2928 metuende
1551 2896 1666 2936 thyrso.

915 2942 984 2973 Nou
1002 2953 1078 2979 sum,
1096 2943 1195 2983 qualis
1216 2953 1319 2972 eram:
1344 2940 1400 2971 inf.
1422 2939 1523 2981 Epist.
1545 2938 1567 2973 i,
1588 2939 1615 2974 l,
1634 2939 1666 2972 4,

917 2985 985 3016 Non
998 2987 1124 3017 eandem
1139 2993 1180 3016 est
1193 2992 1276 3020 cetus,
1292 2995 1350 3014 uon
1365 2995 1455 3014 mens.
1500 2983 1561 3012 Sub
1576 2993 1668 3022 regno

919 3030 1051 3066 Cinam,
1070 3039 1143 3060 cum
1164 3040 1212 3059 me
1235 3033 1354 3068 regeret
1377 3025 1495 3057 Cinara
1520 3026 1574 3065 <ut
1597 3035 1669 3066 sup.
