1884 3288
110 2259 112 2262 ’
141 2253 280 2287 -wtidem
315 2254 433 2298 puellae
469 2259 588 2286 essent.

522 181 834 227 CARMEN
875 165 1309 224 SAECULARE.

1603 183 1690 224 289

433 285 533 336 Dis,
554 285 713 340 quibus
735 290 903 338 septem
925 282 1130 338 placuere
1152 282 1298 333 colles,

706 340 709 343 μ
778 351 940 392 Dicere
961 364 1147 392 carmen.

432 419 560 462 Alme
583 418 672 468 Sol,
694 432 826 459 curru
846 417 985 460 nitido
1007 418 1120 459 diem
1142 418 1218 472 qui

349 488 401 529 10
430 487 599 530 Promis
620 492 664 528 et
685 484 815 535 celas,
838 483 1034 539 aliusque
1056 492 1100 526 et
1120 485 1236 526 idem

430 552 664 605 Naseeri83
696 554 838 609 possis
859 553 966 595 nihil
987 553 1097 595 urbe
1120 552 1263 594 Roma

771 620 930 674 Visere
951 621 1104 676 majus.

427 689 534 731 Rite
555 697 746 731 maturos
768 688 937 743 aperire
959 695 1113 743 partus

429 757 563 799 Lenis
585 756 745 806 Ilithia,
769 764 890 798 tuere
914 763 1099 797 matres:
1148 801 1154 806 ‚

347 825 400 867 15
431 825 531 867 Sive
554 832 602 866 tu
624 824 794 867 Lucina
815 826 976 879 probas
999 825 1157 879 vocari,

779 892 868 934 Seu
889 891 1118 934 Genitalis.

429 961 560 1011 Diva,
582 961 801 1017 producas
824 959 1033 1011 subolem,
1058 960 1327 1014 Patrumque

427 1028 671 1084 Prosperes
693 1030 869 1071 decreta
891 1043 1023 1083 super
1038 1028 1249 1083 jugandis

427 1096 630 1147 Feminis,
652 1096 874 1153 prolisque
895 1111 1018 1137 novae
1041 1095 1175 1137 feraci

342 1164 400 1206 20

183 1321 219 1344 ra
255 1311 364 1344 florere
403 1311 522 1343 sinant.
577 1311 703 1349 Quibus
743 1310 890 1354 precibus

185 1353 236 1389 ftis
250 1353 341 1386 addit
355 1353 470 1386 chorus
490 1353 663 1396 epilogum,
679 1364 744 1396 quo
759 1354 799 1385 de
821 1364 890 1385 cer-

140 1396 260 1429 tissimo
285 1407 415 1440 precum
438 1406 567 1428 suarum
589 1402 705 1429 eventu
730 1396 889 1428 Romanos

138 1449 264 1484 sperare
273 1439 380 1483 jubet.

189 1484 285 1515 1—8.
307 1483 463 1514 Silvarum
479 1489 602 1524 potens:
625 1492 693 1524 sup.
710 1481 758 1518 iii,
774 1483 830 1518 22,
858 1484 887 1519 l,

141 1527 290 1558 montium
311 1531 408 1558 custos
429 1535 651 1566 nemorumque,
673 1525 729 1556 ubi
753 1525 798 1557 cf.
822 1531 887 1557 not.

143 1568 238 1608 Date,
266 1580 332 1610 quoe
359 1579 523 1610 precamur
544 1575 674 1607 tempore
695 1579 792 1606 sacro,
815 1574 891 1600 cett.

143 1610 292 1643 exaudite
328 1621 449 1654 preces,
487 1621 567 1653 quas
603 1610 768 1642 fundimus
806 1611 891 1642 ludis

142 1653 364 1690 saecularibus,
379 1652 436 1685 ubi
449 1654 626 1686 secundum
642 1663 747 1684 versus
761 1653 892 1695 Sibylli-

142 1707 202 1729 nos
221 1706 391 1746 puerorum
416 1697 659 1739 puellarumque
682 1696 796 1727 chorus
817 1697 892 1727 deos

185 1745 248 1772 ntis
264 1740 422 1772 Romanae
436 1740 587 1771 tutelares
604 1739 720 1781 hymno
733 1739 892 1770 celebrare

143 1750 251 1815 {ibon
297 1783 444 1824 Sibyllini
459 1794 580 1814 versus:
604 1791 712 1812 versus
724 1781 772 1812 illi
785 1782 891 1824 Sibyl-

144 1825 204 1857 lini
219 1826 262 1863 ad
277 1825 369 1858 ludos
383 1826 552 1857 saeculares
567 1829 745 1867 spectantes
765 1831 894 1855 exstant

145 1869 264 1905 adhuc,
291 1875 324 1900 et
350 1868 436 1911 apud
469 1868 627 1899 Zosimum
655 1867 688 1903 ii,
717 1868 737 1898 6
768 1867 891 1898 inveni-

115 1953 119 1956 *
145 1917 244 1943 untur
254 1923 265 1952 3
287 1910 584 1943 emendatioreseos
599 1910 632 1941 in
650 1915 836 1951 argumento
853 1911 893 1941 ad

145 1954 208 1986 hoc
252 1963 380 1986 carmen
423 1954 568 1985 exhibuit
610 1953 894 1984 Mitscherlichius.

151 1997 292 2039 Virgines
302 1998 404 2034 lectas,
414 1997 574 2028 debebant
582 1995 665 2028 enim
679 2002 742 2027 tam
757 1995 894 2037 virgines

146 2050 246 2083 quam
261 2039 351 2083 pueri
365 2050 436 2072 esse
450 2038 575 2082 patrimi
593 2045 625 2071 et
643 2038 792 2075 matrimi,
811 2039 840 2069 h.
865 2049 893 2070 e.

145 2093 282 2126 quorum
296 2088 402 2126 patres
416 2086 449 2114 et
463 2089 576 2114 matres
590 2081 695 2113 adhuc
711 2081 895 2123 superstites

145 2130 276 2166 esseut;
298 2129 408 2158 eorum
426 2130 535 2157 eutem
559 2135 722 2161 numeruS,
741 2125 796 2166 qui
815 2135 893 2166 quo-

171 2179 212 2202 ue
242 2167 277 2200 in
306 2168 448 2201 versibus
473 2167 639 2210 Sibyllinis
669 2166 894 2210 praescribitur,

147 2179 211 2244 ¹fluit
237 2217 286 2244 ter
314 2221 471 2247 novemus,
494 2211 540 2242 ita
562 2216 597 2242 ut
621 2221 724 2242 xxvix
754 2210 844 2253 pueri
866 2216 898 2241 et

643 2254 760 2294 Septem
796 2254 896 2290 colles,

153 2297 313 2373 nxz-alil.
337 2339 445 2371 Gelas.-
468 2338 515 2370 sol
531 2338 615 2370 diem
633 2339 711 2370 celat
733 2343 766 2370 et
787 2338 896 2371 condit

142 2383 280 2428 *qu-ndo
292 2381 429 2415 occidit:
452 2382 590 2423 aliusque
608 2389 637 2412 et
656 2383 734 2413 idem
755 2385 895 2417 nasceris,

99 2453 102 2461 ,
143 2431 186 2459 41
205 2434 308 2459 novus
325 2435 408 2458 novo
426 2424 490 2463 die,
509 2431 541 2456 et
561 2427 638 2456 idem
655 2425 707 2466 (h.
722 2436 751 2456 e.
772 2425 896 2462 eodem,

238 2468 316 2506 lieri,
340 2467 459 2507 nitore)
482 2467 590 2499 oriris:
609 2469 704 2509 ⁴possis
721 2469 800 2499 nihil
824 2471 898 2500 urbe

265 2512 366 2544 Visere
379 2513 490 2552 majus,
506 2510 628 2542 utinam
643 2511 708 2548 fiat,
725 2516 761 2541 ut
776 2510 808 2541 in
825 2512 898 2545 nul-

74 2550 89 2586 ,²7⁴
145 2553 218 2588 hm
245 2555 369 2590 urbem,
402 2555 508 2586 Roma
537 2553 734 2596 ampliorem,
763 2564 780 2585 e
815 2554 901 2586 eoelo

91 2604 94 2606 ’
150 2597 369 2641 dupieias,bh.
385 2607 416 2629 e.
440 2597 503 2634 fac,
523 2602 561 2627 ut
580 2596 670 2627 nulla
688 2596 764 2627 urbs
785 2597 818 2628 in
836 2602 902 2628 toto

93 2638 102 2662 “-’
143 2644 305 2673 mm
319 2639 395 2672 orbe
411 2641 515 2671 Roma
528 2640 569 2670 sit
579 2638 745 2682 potentior.
783 2639 904 2671 Similis

98 2700 103 2702 -
153 2683 247 2716 loeus
259 2688 308 2716 est
321 2681 406 2726 apud
418 2682 512 2724 Virg.
530 2684 611 2714 AEn.
622 2682 676 2718 vii,
691 2683 770 2717 218,
787 2684 902 2724 regnis,

142 2737 221 2770 ’ἱνα
241 2727 372 2758 mas-ima
387 2727 538 2767 quondam
556 2726 699 2757 Extremo
719 2727 839 2757 veniens
853 2726 904 2756 Soc

73 2806 84 2811 Δ,
142 2770 339 2811 &vitiabat
354 2769 496 2811 Olympo.

107 2821 129 2844 .-’-
195 2812 342 2844 -13-32,
365 2812 439 2843 Rite
454 2818 600 2847 viaturos,
618 2815 691 2842 cett.
704 2810 772 2852 jam
790 2810 906 2842 chorus

138 2852 312 2893 ’‘Dianam.
350 2859 388 2886 ut
421 2855 528 2890 deam,
566 2853 743 2885 obstetricis
779 2863 908 2885 munere

66 2912 113 2934 2-1.
131 2897 244 2947 ''q-td
277 2908 449 2942 puerperas
483 2898 679 2938 fungentem,
714 2902 746 2927 et
779 2897 908 2938 quidem

156 2946 294 3021 m

922 3036 942 3056 U

778 1163 901 1219 Lege
922 1163 1076 1205 marita
1090 1179 1100 1204 ε

933 1317 976 1349 et,
999 1316 1035 1343 ut
1057 1311 1129 1354 ejus
1152 1322 1231 1343 cura
1253 1322 1331 1353 gens
1357 1312 1508 1343 Romana
1532 1309 1684 1352 legitimis

934 1355 1103 1386 connubiis
1141 1360 1343 1397 propagetur,
1381 1355 1538 1386 obsecrat.
1593 1353 1685 1384 Lenis

934 1399 1056 1436 aperire
1077 1404 1212 1428 maturos
1232 1404 1356 1437 partus,
1378 1397 1493 1429 Graece
1513 1406 1581 1438 pr0,
1604 1395 1685 1426 lenis

934 1439 967 1470 in
996 1439 1188 1482 aperiendis,
1217 1439 1251 1470 h.
1276 1450 1304 1471 e.
1330 1439 1525 1482 proferendis
1551 1437 1685 1469 maturis

932 1483 1088 1525 partibus,
1109 1489 1156 1521 tu,
1178 1493 1252 1525 quae
1270 1483 1380 1514 dextra
1400 1488 1432 1514 et
1450 1482 1588 1522 benigna
1608 1480 1684 1512 ades

933 1526 1192 1568 parturientibus,
1208 1536 1235 1557 s.
1251 1532 1339 1557 utero
1355 1526 1408 1568 (ut
1426 1535 1498 1567 sup.
1516 1525 1562 1561 iii,
1579 1525 1633 1562 22,
1649 1526 1683 1559 2,

933 1569 974 1599 de
1003 1569 1110 1599 Diana
1143 1568 1278 1606 dicitur)
1319 1569 1549 1600 laborantibus:
1585 1569 1685 1607 aperit

936 1611 1042 1642 Diana
1057 1619 1179 1652 partus,
1195 1612 1270 1642 dum
1293 1617 1419 1653 partum
1439 1610 1607 1642 edentibus
1627 1610 1684 1641 ob-

935 1653 1075 1685 stetricia
1099 1664 1159 1685 sua
1181 1664 1278 1696 opera
1307 1653 1483 1691 succurrit3
1516 1655 1577 1684 rite
1600 1663 1686 1684 more

936 1707 1006 1727 suo.
1051 1697 1119 1727 Sive
1148 1698 1265 1735 probas,
1294 1695 1359 1727 sive
1386 1696 1498 1728 mavis.
1543 1696 1684 1726 Lucina.-

938 1739 1057 1770 Catull.
1082 1738 1189 1774 xxxiv,
1216 1740 1267 1775 13,
1294 1739 1340 1769 Tu
1365 1739 1488 1769 Lucina
1515 1739 1687 1769 dolentibus

936 1782 1020 1812 Juno
1043 1784 1127 1813 dicta
1148 1783 1317 1822 puerperis.
1341 1781 1395 1812 ubi
1415 1781 1456 1812 cf.
1475 1787 1542 1812 not.
1559 1786 1592 1812 et
1614 1790 1686 1823 sup.

937 1824 977 1855 ad
1005 1824 1050 1862 iii,
1079 1826 1133 1861 22,
1160 1825 1192 1855 2.
1237 1824 1404 1859 Genitalis.
1447 1823 1571 1859 eadem,
1613 1834 1686 1864 quae

938 1867 1072 1902 Lucina,
1105 1868 1220 1900 Graeco
1252 1878 1365 1908 nempe
1402 1866 1522 1898 nomini
1552 1867 1685 1908 Ilithyia

937 1910 1108 1952 opponitur
1128 1910 1298 1942 Latinum:
1325 1910 1446 1940 Lucina
1461 1920 1487 1941 s.
1505 1909 1661 1940 Genitalis
1676 1921 1684 1944 ,-

938 1963 1017 1984 nove
1033 1959 1136 1984 autem
1152 1952 1221 1994 jam
1241 1953 1408 1990 Genitalis,
1430 1963 1503 1994 quae
1520 1951 1687 1993 gignentes

939 2005 965 2026 s.
981 2006 1151 2038 puerperas
1167 2005 1226 2039 ope
1247 2005 1306 2026 sua
1320 1995 1415 2032 levat,
1432 1994 1586 2035 geniturae
1603 1995 1689 2026 favet

938 2043 970 2069 et
979 2049 1012 2070 se
1023 2038 1189 2080 propitiam
1202 2039 1333 2080 praebet.
1369 2038 1526 2069 Producas
1537 2039 1666 2069 subolem
1678 2050 1686 2067 :

938 2082 1040 2122 magis
1059 2082 1205 2124 designat
1225 2086 1258 2112 et
1276 2081 1417 2123 explicat
1437 2080 1583 2119 Lucinae,
1602 2082 1689 2112 subo-

939 2125 994 2155 lem
1024 2126 1231 2165 producentis,
1263 2124 1293 2155 h.
1316 2134 1346 2155 e.
1368 2124 1401 2154 in
1432 2123 1536 2155 lucem
1567 2129 1688 2166 protra-

942 2166 1055 2205 hentis,
1073 2177 1200 2198 munus·
1247 2167 1438 2208 Pati-umque
1457 2167 1616 2207 Prosperes
1637 2169 1687 2198 de-

940 2217 1022 2241 creta
1044 2221 1134 2250 super
1149 2211 1327 2251 jugandis:
1353 2209 1518 2250 respicitur
1532 2210 1583 2241 lex
1599 2210 1691 2241 Julia

941 2252 982 2284 de
1003 2255 1185 2284 maritandis
1207 2254 1376 2291 ordinibus,
1392 2263 1490 2295 quam
1510 2253 1689 2294 Augustus,

940 2306 1013 2327 cum
1033 2295 1063 2327 ei
1078 2295 1215 2328 ferendae
1234 2296 1302 2338 jam
1321 2297 1364 2327 U.
1383 2297 1423 2327 C.
1441 2307 1593 2327 nccxxvr
1610 2296 1689 2326 frus-

939 2344 988 2369 tra
996 2338 1133 2371 dedisset
1142 2349 1281 2381 operam,
1293 2338 1351 2370 hoc
1362 2338 1430 2381 ipso
1441 2349 1537 2375 anno,
1548 2350 1612 2380 quo
1623 2339 1691 2370 ludi

940 2382 1110 2413 saeculares
1132 2382 1385 2418 celebrabantur,
1403 2389 1531 2413 senatus
1554 2381 1692 2413 consulti

942 2424 1130 2457 auctoritate
1146 2425 1301 2467 populum
1318 2430 1522 2468 accepturum
1537 2435 1607 2456 esse
1620 2435 1691 2466 spe-

942 2474 1075 2503 raverat,
1100 2469 1154 2500 sed
1179 2478 1261 2498 vana
1283 2473 1349 2498 tum
1373 2478 1503 2510 quoque
1533 2467 1594 2498 fuit
1624 2468 1692 2499 haec

943 2510 1084 2552 Augusti
1097 2521 1184 2554 spes;
1202 2511 1322 2552 perlata
1334 2511 1418 2542 enim
1431 2511 1487 2542 illa
1499 2510 1549 2541 lex
1564 2510 1692 2541 demum

943 2559 991 2584 est
1022 2565 1040 2585 a
1067 2555 1118 2585 M.
1149 2554 1250 2596 Papio
1279 2559 1312 2585 et
1344 2555 1385 2592 Q.
1416 2554 1557 2596 Poppaeo
1582 2554 1626 2586 U.
1652 2554 1692 2585 C.

948 2607 1108 2627 necnxn:
1137 2596 1198 2627 vid.
1222 2596 1367 2639 Lipsium
1390 2596 1430 2628 ad
1445 2596 1552 2628 Tacit.
1570 2596 1694 2627 Annal.

946 2638 992 2674 iii,
1008 2641 1063 2677 25,
1081 2641 1215 2671 Excurs.
1233 2652 1260 2675 c,
1279 2645 1310 2670 et
1331 2650 1412 2681 quos
1433 2640 1545 2670 laudat
1561 2639 1694 2670 Mitsch.

949 2682 1118 2723 Prosperes,
1157 2688 1226 2713 rata
1262 2692 1333 2714 esse
1364 2682 1491 2724 jubeas.
1540 2683 1699 2723 Prolisque

948 2737 1028 2756 nocer
1043 2726 1142 2761 feraci
1158 2726 1241 2766 Lege
1256 2727 1380 2757 marita.
1415 2726 1477 2756 Lea*
1489 2726 1612 2764 marita,
1623 2725 1655 2755 h.
1669 2736 1697 2756 e.

948 2768 999 2799 lex
1027 2768 1066 2800 de
1099 2770 1284 2799 maritandis
1308 2769 1466 2800 ordinibus
1489 2773 1608 2809 rogata,
1634 2769 1699 2799 ele-

949 2816 1059 2854 gapter
1073 2810 1190 2842 dicitur
1204 2811 1302 2853 ferar
1317 2822 1397 2842 novet
1415 2813 1518 2850 prolis,
1542 2811 1617 2851 quia
1641 2811 1699 2841 hac

952 2854 1022 2895 lege
1051 2864 1140 2885 novae
1171 2853 1252 2896 proli
1282 2865 1337 2896 per
1372 2853 1514 2895 legitima
1542 2853 1702 2884 connubia

953 2897 1169 2939 procreandae,
1194 2902 1225 2928 et
1251 2897 1297 2928 sic
1322 2896 1408 2938 genti
1433 2897 1590 2927 Romanae
1614 2902 1703 2926 casta

319 2941 434 2973 Graeco
460 2940 600 2976 nomine,
629 2940 772 2980 Ilithyiu.
795 2938 910 2971 deinde
953 2945 1089 2971 matrum
1115 2939 1310 2971 fecunditate
1339 2939 1496 2980 augendae
1526 2948 1703 2980 propagan-

319 2984 442 3016 Lucina
471 2994 528 3016 seu
562 2984 727 3021 Genitalis,
756 2982 909 3025 appellat,
955 2982 1069 3025 daeque
1095 2983 1263 3025 prudenter
1289 2982 1550 3025 prospiciebatur.
1598 2981 1705 3011 Certus
