1904 3314
357 193 441 235 550

628 203 635 207 “
677 197 1034 241 EPISTOLA
1074 199 1174 242 AD.
1208 201 1530 244 PISONES.

471 293 548 335 Ille
570 295 703 350 dapes
723 296 869 340 laudet
888 313 1044 340 mcnsae
1064 301 1221 350 brevis,
1242 300 1310 342 ille
1332 301 1544 342 salubrem

469 360 703 411 Justitiam,
727 362 941 418 legesque,
963 372 1006 406 et
1026 367 1183 420 apertis
1205 367 1291 408 otia
1309 369 1471 420 portis3

355 428 440 468 200
469 427 546 468 llle
566 436 684 482 tegat
704 431 939 480 commissa,
963 432 1170 487 Deosque
1190 441 1392 487 precetur
1412 440 1456 474 et
1477 441 1583 484 oret,

469 494 532 535 Ut
552 497 700 536 redeat
718 496 894 546 miseris,
914 499 1039 539 abeat
1061 498 1232 539 fortuna
1253 500 1466 554 superbis.

523 560 651 601 Tibia
669 575 768 610 non,
789 569 837 603 ut
857 578 984 612 nunc,
1006 563 1218 604 orichalco
1238 565 1392 614 vincta,
1414 566 1617 619 tubaeque

466 626 656 676 AEmula‚
680 629 755 669 sed
777 630 916 670 tenuis
939 630 1215 684 simplexque,
1238 630 1442 671 foramine
1463 645 1616 685 pauco,

467 692 704 747 Adspirare
725 702 768 735 et
787 695 939 736 adesse
960 696 1100 736 choris
1122 703 1214 736 erat
1236 696 1363 746 utilis,
1386 704 1514 750 atque

354 759 438 799 205
466 759 674 800 Nondum
695 761 832 814 spissa
852 762 972 801 nimis
994 761 1205 815 complere
1228 761 1375 802 sedilia
1395 762 1499 804 flatu
1517 779 1527 812 ;

469 825 570 872 Quo
591 841 691 867 sane
711 826 896 881 populus
917 826 1204 876 numerabilis,
1227 835 1377 882 utpote
1398 843 1555 882 parvus

467 891 528 932 Et
549 891 675 946 frugi,
697 901 923 947 castusque
944 894 1312 946 verecundusque,
1335 894 1489 935 coibat.

467 957 701 1012 Postquam
721 961 852 1013 coepit
873 975 998 1013 agros
1020 959 1253 1000 extendere
1275 960 1421 1008 victor,
1442 967 1486 1001 et
1505 960 1654 1001 urbem

469 1024 618 1066 Latior
639 1026 834 1080 amplecti
852 1040 1012 1075 murm,
1035 1025 1217 1078 vinoque
1240 1025 1393 1065 diurno

354 1144 405 1174 De
425 1143 519 1184 hujus
539 1144 693 1175 machinae
713 1145 828 1176 affabre
850 1149 1034 1175 constructae
1054 1150 1085 1175 et

352 1185 476 1216 deloco
495 1186 650 1227 superiore
673 1197 830 1228 suspensae
852 1187 883 1217 in
908 1197 938 1217 re
960 1186 1086 1217 scenica

354 1237 425 1261 usu.
452 1227 516 1258 sive
538 1231 574 1258 de
594 1239 679 1258 scena
704 1231 837 1260 versatili
858 1236 885 1259 et
907 1230 1028 1265 ductili,
1051 1231 1085 1259 in

353 1271 439 1308 cujus
461 1272 611 1307 superiore
635 1278 721 1309 parte
742 1273 862 1301 deorum
884 1273 961 1301 sedes
984 1277 1083 1306 erant,

356 1311 552 1351 Boettigerus
575 1323 672 1347 meus,
694 1313 748 1353 qui
767 1312 798 1342 in
822 1313 868 1342 his
885 1313 976 1342 rebus
995 1312 1083 1342 habi-

354 1358 409 1388 tat,
423 1353 547 1394 copiose
563 1360 594 1384 et
607 1354 696 1384 docte
707 1354 875 1395 disputavit
891 1354 922 1383 in
934 1354 1083 1395 peculiari

353 1395 550 1432 Prolusioue,
560 1396 662 1426 Deum
671 1406 708 1426 ex
720 1395 869 1426 Machina
880 1395 910 1425 in
922 1405 951 1426 re
959 1395 1084 1426 scenica

352 1442 490 1467 veterum
503 1436 690 1467 illustrante.
735 1438 850 1468 Vimar.
868 1439 962 1468 1800.
1011 1437 1081 1467 Vin-

353 1480 428 1515 dice,
441 1478 510 1514 deo,
527 1479 580 1520 qui
596 1490 658 1509 rem
673 1480 711 1510 ab
726 1478 933 1509 inextricabili
947 1478 1081 1510 difficul-

352 1525 416 1550 tate
431 1523 573 1555 vindicet,
591 1521 709 1556 liberet,
726 1522 780 1561 qui
798 1521 911 1552 nodum
929 1521 1040 1550 solvat.

397 1563 469 1593 192.
492 1563 632 1597 Lnboret,
657 1563 819 1593 sustineat.
864 1563 1010 1592 Horatius
1027 1572 1082 1592 au-

352 1609 412 1633 tem
430 1610 572 1645 quartam
597 1615 757 1645 personam
776 1604 845 1635 ideo
865 1605 897 1634 in
918 1604 1084 1644 colloquiis

352 1645 442 1676 silere
467 1646 569 1687 jubet,
598 1657 637 1676 ne
666 1652 798 1687 quatuor
834 1646 1082 1686 colloquentium

351 1697 451 1718 sermo
462 1688 629 1729 permixtus
640 1694 671 1718 et
687 1689 850 1730 perplexus
859 1689 962 1718 minus
976 1687 1081 1729 capia-

353 1735 402 1759 tur
416 1730 455 1759 ab
471 1729 673 1760 auditoribus.

395 1773 573 1802 193—195.
596 1773 713 1802 Actoris
736 1778 836 1811 partes
864 1773 981 1807 chorus,
1008 1776 1079 1802 cett.

351 1813 465 1844 chorus
481 1813 592 1845 actoris
613 1820 725 1855 partes,
744 1820 786 1850 et,
803 1814 886 1855 quod
901 1814 991 1845 decet
1005 1813 1079 1844 cho-

352 1866 431 1891 rum,
447 1862 570 1887 strenue
585 1862 718 1891 tueatur,
735 1855 778 1886 ita
794 1857 930 1897 quidem,
947 1861 982 1886 ut
1003 1855 1080 1885 nihil

351 1897 516 1928 intercinat
542 1898 624 1938 quod
653 1909 714 1929 non
748 1905 831 1929 arcte
865 1909 936 1929 cum
967 1898 1081 1928 fabulae

350 1945 532 1978 argumento
558 1940 722 1970 cohaereat.
765 1941 862 1971 Totus
886 1940 998 1970 chorus
1025 1949 1080 1970 au-

351 1986 413 2012 tem
443 1981 636 2022 conjunctim
672 1985 778 2012 actoris
812 1990 910 2021 partes
940 1981 1082 2016 sustinet,

351 2023 438 2064 quia,
462 2023 536 2054 dum
563 2023 648 2053 canit
670 2035 740 2064 quae
764 2024 877 2055 fabulae
900 2029 1082 2064 argumento

350 2065 533 2106 respondent
560 2071 592 2095 et
618 2065 852 2096 accommodata
877 2072 962 2100 sunt,
988 2065 1080 2095 simul

350 2107 436 2147 agit:
460 2107 523 2137 vid.
544 2106 771 2137 eruditissimus
795 2108 897 2147 Ilgen.
917 2109 955 2137 de
978 2107 1081 2137 Choro

348 2148 380 2178 in
404 2149 579 2189 Tragoediis
598 2150 744 2180 Veterum
767 2149 797 2178 in
822 2150 940 2190 Opusc.
963 2149 1079 2180 Philol.

351 2191 387 2222 T.
403 2190 425 2226 i,
443 2202 474 2232 p.
489 2192 530 2222 n'O
545 2201 613 2232 sqq.

394 2234 574 2263 196—202.
590 2233 646 2262 me
657 2231 864 2273 bonis-farem.
881 2237 953 2262 cett.
967 2231 997 2262 in
1013 2243 1078 2262 ver-

349 2275 435 2305 sibus
450 2274 651 2315 sequentibus
665 2275 807 2315 quaedam
822 2284 940 2308 eorum,
961 2274 991 2303 in
1009 2274 1078 2314 qui-

348 2317 408 2347 bus
434 2316 617 2358 peragendis
637 2322 668 2346 et
689 2315 945 2346 commendandis
966 2316 1079 2346 versari

348 2358 489 2400 inprimis
511 2359 623 2389 debeat
645 2358 768 2394 chorus,
793 2357 974 2387 nominatim
998 2368 1078 2397 prae-

346 2399 516 2441 cipiuntur.
561 2401 754 2436 Consilinum
776 2410 842 2442 pro,
866 2399 1019 2436 consulat,
1043 2405 1079 2430 ut

348 2442 477 2473 videtur.

392 2485 464 2515 197.
505 2485 577 2520 Pro,
606 2492 682 2515 amet
718 2494 838 2523 peccare
868 2485 1010 2518 timentes,
1038 2493 1076 2514 ex

343 2527 473 2557 duorum
505 2526 604 2558 codd.
628 2526 809 2556 auctoritate
837 2525 1001 2556 Bentleius
1031 2536 1075 2556 re-

343 2568 443 2604 finxit,
473 2575 501 2599 et
529 2575 605 2599 amet
640 2579 746 2606 pacare
781 2574 934 2598 tumentes.
992 2568 1077 2598 Amet

342 2610 490 2652 explicat,
521 2610 629 2646 soleat,
658 2610 741 2650 quod
771 2609 937 2640 admodum
964 2608 1074 2649 friget:

342 2652 489 2694 explicari
518 2658 602 2682 certe
632 2651 776 2688 debebat,
803 2657 834 2682 et
862 2651 921 2681 sibi
953 2651 1074 2692 placeat

342 2693 374 2724 in
402 2695 550 2736 pacandis
576 2694 621 2724 ira
649 2693 857 2731 tumentibus3
890 2692 943 2723 sed
965 2704 1073 2732 pacare

341 2742 485 2767 tumentes
509 2736 575 2777 jam
600 2745 779 2776 expressum
804 2742 848 2765 est
875 2745 940 2776 per,
972 2746 1072 2776 regere

341 2781 442 2816 iratos,
463 2788 534 2809 nam
555 2777 609 2819 qui
627 2783 738 2818 regunt
755 2779 846 2807 iratos
868 2776 993 2807 eosdem
1017 2787 1070 2818 pa-

339 2826 423 2852 cant.

384 2865 455 2894 198.
483 2862 582 2901 Dapes
607 2871 706 2892 mensa
740 2862 844 2897 brevis,
874 2860 990 2891 victum
1022 2867 1066 2891 te-

340 2915 444 2941 nuem,
461 2903 514 2945 qui
531 2903 614 2935 brevi
635 2909 770 2943 tempore
784 2901 935 2938 sumitur;
959 2902 1066 2933 simili-

338 2954 383 2980 ter
398 2958 468 2990 sup.
479 2945 579 2988 Epist.
594 2946 616 2981 i,
635 2947 684 2982 14,
700 2946 753 2980 35,
769 2956 849 2976 esraa
865 2945 971 2976 brevis.

1174 1145 1244 1176 199.
1268 1145 1307 1175 131
1328 1146 1440 1184 apertis
1460 1147 1520 1176 otia
1538 1147 1642 1185 portis,
1658 1155 1713 1188 pro
1727 1147 1859 1189 vulgari,

1128 1191 1158 1216 et
1174 1197 1280 1227 pacem
1295 1198 1303 1224 ;
1326 1196 1402 1228 pace
1415 1186 1497 1217 enim
1514 1197 1576 1218 non
1588 1187 1778 1220 clauduntur
1787 1199 1858 1232 por-

1128 1234 1191 1265 tae3
1214 1228 1258 1259 sic
1282 1239 1350 1270 sup.
1374 1229 1436 1259 od.
1460 1228 1506 1264 iii,
1529 1230 1562 1264 5,
1589 1231 1632 1260 23
1655 1230 1799 1271 Regulus
1819 1231 1859 1265 de

1129 1270 1329 1311 Carthaginis
1353 1269 1530 1306 securitate,
1558 1271 1774 1304 vidi—Portas
1799 1285 1859 1305 nnn

1128 1313 1255 1343 clausas.

1169 1351 1245 1383 200.
1280 1353 1383 1394 Tegaae,
1414 1353 1475 1394 tegi
1505 1353 1684 1395 (occultari,
1712 1356 1857 1397 recondi)

1123 1394 1245 1434 jubeat.
1291 1395 1460 1431 Commissa,
1489 1405 1532 1426 sc.
1560 1395 1644 1431 fidei,
1675 1397 1758 1438 quod
1788 1408 1858 1441 sup.

1128 1439 1193 1466 Sat.
1210 1436 1231 1471 i,
1248 1437 1279 1472 3,
1296 1438 1336 1466 95
1353 1437 1486 1467 additur.

1169 1479 1348 1508 202—219.
1371 1479 1565 1519 Praeceptum
1589 1478 1756 1510 Decimum
1780 1482 1857 1512 Ter-

1126 1519 1225 1550 tium:
1261 1521 1335 1549 Cum
1362 1521 1401 1550 ud
1427 1532 1460 1550 ea
1490 1532 1564 1560 quae,
1591 1522 1719 1561 prolatis
1740 1525 1857 1563 imperii

1128 1562 1254 1592 Romani
1268 1563 1387 1602 finibus
1402 1569 1430 1592 et
1447 1570 1535 1593 aucto
1552 1563 1655 1602 populi
1672 1574 1805 1600 numero,
1821 1566 1856 1597 in

1126 1605 1276 1634 ciuitatem
1308 1605 1533 1644 immigrarunt,
1564 1606 1714 1644 pertineat
1745 1618 1857 1647 quoque

1126 1648 1221 1685 mqjor
1238 1647 1371 1680 licentia,
1391 1657 1453 1685 quae
1468 1647 1558 1677 modis
1574 1650 1762 1688 numerisque
1775 1649 1857 1680 chori

1125 1694 1247 1718 cautum
1259 1689 1490 1726 tempe-rantibus
1501 1690 1619 1719 accessit
1630 1700 1641 1725 ,·
1662 1696 1746 1728 poeta
1757 1701 1858 1722 versus

1126 1732 1165 1759 ad
1187 1735 1333 1760 mutatam
1357 1732 1431 1760 artis
1456 1733 1572 1762 musicae
1593 1732 1794 1771 disciplinam,
1816 1735 1856 1764 nd

1125 1778 1253 1802 mutatos
1275 1783 1378 1806 mores,
1401 1779 1430 1802 et
1453 1773 1486 1803 in.
1508 1774 1678 1803 universum
1700 1775 1740 1804 ad
1760 1777 1857 1806 aetntis

1124 1814 1280 1854 ingenium
1295 1815 1454 1850 moderari,
1477 1814 1672 1855 conformare,
1694 1821 1723 1846 et
1742 1827 1855 1856 compo·

1124 1866 1193 1885 nere
1209 1857 1303 1886 debet.

1167 1899 1242 1933 202,
1259 1899 1334 1928 203.
1358 1897 1444 1928 Tibia
1459 1909 1529 1934 non,
1547 1903 1582 1928 ut
1601 1909 1694 1934 nunc,
1708 1900 1856 1932 orichalco

1125 1941 1238 1970 vincta.
1286 1940 1489 1977 Orichalcum,
1503 1939 1552 1971 vel
1573 1941 1793 1978 aurichalcum,
1807 1949 1855 1974 est

1126 1982 1285 2013 metallum
1301 1982 1474 2022 pretiosius,
1486 1981 1619 2012 colorem
1629 1981 1696 2012 auri
1707 1982 1854 2020 referens,

1126 2023 1189 2054 sive
1214 2034 1257 2055 aes
1282 2024 1414 2059 luteum,
1439 2022 1539 2054 simile
1558 2023 1620 2054 fere
1641 2023 1670 2054 ei
1691 2025 1775 2065 quod
1798 2036 1854 2058 nos

1125 2065 1258 2096 dicimus
1299 2065 1450 2106 Messiug:
1496 2064 1556 2096 vid.
1594 2065 1777 2097 Beckmann
1813 2068 1853 2099 ad

1123 2107 1220 2138 Arist.
1245 2106 1360 2138 Mirab.
1382 2118 1414 2149 p.
1435 2108 1488 2141 98,
1516 2108 1587 2142 132,
1615 2109 1687 2144 133,
1714 2113 1747 2139 et
1771 2109 1853 2141 cele-

1123 2149 1204 2180 berr.
1224 2149 1373 2180 Heinrich
1388 2149 1426 2179 ad
1447 2148 1575 2180 Hesiod.
1599 2150 1687 2180 Scut.
1709 2150 1804 2182 Herc.
1820 2162 1852 2183 v.

1125 2191 1197 2220 122.
1242 2192 1399 2222 Orichalco
1420 2192 1521 2222 vincta
1542 2190 1658 2222 dicitur
1679 2193 1765 2228 tibia,
1787 2192 1853 2225 sive

1122 2233 1206 2272 quod
1228 2232 1295 2266 illa,
1323 2242 1340 2262 e
1363 2232 1506 2274 simplice
1533 2232 1648 2274 duplex
1675 2234 1770 2272 facta,
1791 2235 1852 2266 ori-

1123 2273 1234 2305 chalco
1263 2273 1455 2304 vinciebatur
1483 2280 1514 2304 et
1543 2274 1757 2316 copulabatur.
1786 2277 1851 2309 sive

1123 2315 1207 2356 quod
1223 2314 1306 2346 tibiae
1322 2321 1422 2356 partes
1435 2325 1489 2356 per
1503 2315 1677 2347 internodia
1694 2317 1852 2350 orichalco

1122 2357 1242 2387 munita
1272 2357 1551 2397 distinguebantur,
1581 2357 1645 2389 sive
1669 2358 1754 2400 quod
1776 2360 1852 2392 tibia

1123 2398 1257 2430 vinculis
1293 2398 1478 2439 quibusdam
1507 2398 1557 2430 vel
1587 2400 1775 2431 ornamentis
1811 2412 1852 2433 ex

1121 2440 1278 2472 orichalco
1310 2440 1399 2471 sactis
1429 2441 1600 2482 conspicua
1634 2447 1711 2473 erat.
1776 2443 1851 2481 Pro,

1120 2485 1220 2513 vincta
1236 2482 1350 2524 recepit
1367 2482 1530 2514 Bentleius
1540 2485 1657 2523 juncta
1668 2495 1679 2521 ‚-
1703 2484 1756 2515 sed
1780 2485 1848 2517 haec

1119 2524 1212 2555 lectio
1227 2524 1312 2555 illius
1327 2524 1403 2555 mibi
1414 2524 1535 2555 videtur
1548 2534 1616 2556 esse
1627 2524 1851 2568 interpretatio.

1123 2567 1266 2607 Tubaeqne
1280 2567 1416 2601 AEmnla,
1435 2565 1509 2597 dum
1523 2566 1600 2597 tibia
1615 2577 1703 2608 aeque
1717 2577 1754 2599 ac
1773 2570 1849 2600 tuba
1895 2606 1898 2608 ,

1120 2609 1204 2639 sonis
1220 2608 1409 2639 acutioribus
1423 2614 1455 2640 et
1468 2608 1660 2649 gravioribus
1675 2618 1765 2642 aures
1779 2621 1847 2653 per-

1117 2651 1266 2682 cutiebat.

1158 2693 1232 2726 204.
1249 2693 1322 2724 205.
1347 2693 1518 2731 adspirare,
1533 2692 1690 2732 eleganter
1707 2703 1772 2735 pro,
1793 2703 1844 2725 ac-

1115 2734 1229 2770 cinere,
1257 2734 1331 2774 quia
1353 2734 1429 2764 tibia
1451 2735 1562 2773 spiritu
1586 2734 1724 2766 inflatur.
1767 2735 1846 2767 Erat

1115 2778 1211 2811 utilis,
1242 2776 1399 2816 eleganter
1426 2786 1491 2816 pro,
1523 2775 1654 2811 solebat,
1691 2776 1845 2818 adjuncta

1111 2820 1256 2849 utilitatis
1282 2818 1416 2848 notione.
1460 2818 1558 2857 Atque
1586 2817 1742 2854 Nomium,
1769 2825 1845 2851 cett.

1111 2862 1130 2892 J
1136 2870 1233 2901 unge:
1259 2867 1347 2900 atque
1368 2860 1474 2890 sedilia
1495 2861 1628 2890 nondum
1650 2861 1738 2891 nimis
1751 2863 1844 2899 spissa

1109 2903 1252 2941 complere
1257 2903 1354 2940 flatu.
1397 2901 1496 2940 spissa
1506 2902 1630 2932 sedilia:
1653 2911 1726 2944 sup.
1740 2902 1843 2943 Epist.

1107 2944 1129 2980 i,
1152 2946 1201 2980 19,
1219 2944 1272 2980 41,
1296 2944 1400 2984 Spissis
1424 2945 1551 2984 indigna
1575 2943 1696 2976 theatris
1717 2944 1839 2984 Scripta
