<?xml version="1.0" encoding="UTF-8"?>
<!DOCTYPE html PUBLIC "-//W3C//DTD XHTML 1.0 Transitional//EN"
    "http://www.w3.org/TR/xhtml1/DTD/xhtml1-transitional.dtd">
<html xmlns="http://www.w3.org/1999/xhtml" xml:lang="en" lang="en">
 <head>
  <title>
</title>
<meta http-equiv="Content-Type" content="text/html;charset=utf-8" />
  <meta name='ocr-system' content='tesseract 3.04.00' />
  <meta name='ocr-capabilities' content='ocr_page ocr_carea ocr_par ocr_line ocrx_word'/>
</head>
<body>
  <div class='ocr_page' id='page_1' title='image "./operahorac00horauoft_0479.png"; bbox 0 0 1904 3314; ppageno 0'>
   <div class='ocr_carea' id='block_1_1' title="bbox 694 185 1067 237">
    <p class='ocr_par' dir='ltr' id='par_1_1' title="bbox 694 185 1067 237">
     <span class='ocr_line' id='line_1_1' title="bbox 694 185 1067 237; baseline 0.003 -10"><span class='ocrx_word' id='word_1_1' title='bbox 694 185 920 228; x_wconf 85' lang='lat' dir='ltr'><strong>LIBER</strong></span> <span class='ocrx_word' id='word_1_2' title='bbox 957 186 992 237; x_wconf 91' lang='lat'>1,</span> <span class='ocrx_word' id='word_1_3' title='bbox 1030 187 1067 228; x_wconf 88' lang='lat'>1.</span> 
     </span>
    </p>
   </div>
   <div class='ocr_carea' id='block_1_2' title="bbox 437 287 1462 341">
    <p class='ocr_par' dir='ltr' id='par_1_2' title="bbox 437 287 1462 341">
     <span class='ocr_line' id='line_1_2' title="bbox 437 287 1462 341; baseline 0.001 -12"><span class='ocrx_word' id='word_1_4' title='bbox 437 287 593 336; x_wconf 71' lang='lat' dir='ltr'>Quid?</span> <span class='ocrx_word' id='word_1_5' title='bbox 623 301 718 328; x_wconf 89' lang='lat' dir='ltr'>mea</span> <span class='ocrx_word' id='word_1_6' title='bbox 737 300 836 328; x_wconf 89' lang='lat' dir='ltr'>cum</span> <span class='ocrx_word' id='word_1_7' title='bbox 858 292 1026 341; x_wconf 86' lang='lat' dir='ltr'><strong>pugnat</strong></span> <span class='ocrx_word' id='word_1_8' title='bbox 1047 287 1263 329; x_wconf 83' lang='lat' dir='ltr'>sententia</span> <span class='ocrx_word' id='word_1_9' title='bbox 1285 290 1462 330; x_wconf 69' lang='lat' dir='ltr'>secum?</span> 
     </span>
    </p>
   </div>
   <div class='ocr_carea' id='block_1_3' title="bbox 216 285 374 330">
    <p class='ocr_par' dir='ltr' id='par_1_3' title="bbox 216 285 374 330">
     <span class='ocr_line' id='line_1_3' title="bbox 216 285 374 330; baseline 0.006 -1"><span class='ocrx_word' id='word_1_10' title='bbox 216 285 374 330; x_wconf 82' lang='lat' dir='ltr'>Rides.</span> 
     </span>
    </p>
   </div>
   <div class='ocr_carea' id='block_1_4' title="bbox 1563 192 1649 234">
    <p class='ocr_par' dir='ltr' id='par_1_4' title="bbox 1563 192 1649 234">
     <span class='ocr_line' id='line_1_4' title="bbox 1563 192 1649 234; baseline 0.012 -1"><span class='ocrx_word' id='word_1_11' title='bbox 1563 192 1649 234; x_wconf 83' lang='lat'>439</span> 
     </span>
    </p>
   </div>
   <div class='ocr_carea' id='block_1_5' title="bbox 94 354 1462 1091">
    <p class='ocr_par' dir='ltr' id='par_1_5' title="bbox 94 354 1462 1091">
     <span class='ocr_line' id='line_1_5' title="bbox 215 354 1434 412; baseline -0.001 -15"><span class='ocrx_word' id='word_1_12' title='bbox 215 356 351 404; x_wconf 81' lang='lat' dir='ltr'>Quod</span> <span class='ocrx_word' id='word_1_13' title='bbox 373 357 513 412; x_wconf 88' lang='lat' dir='ltr'>petiit,</span> <span class='ocrx_word' id='word_1_14' title='bbox 536 355 727 410; x_wconf 84' lang='lat' dir='ltr'>spernit3</span> <span class='ocrx_word' id='word_1_15' title='bbox 759 354 936 410; x_wconf 89' lang='lat' dir='ltr'>repetit,</span> <span class='ocrx_word' id='word_1_16' title='bbox 958 354 1079 409; x_wconf 90' lang='lat' dir='ltr'>quod</span> <span class='ocrx_word' id='word_1_17' title='bbox 1101 369 1242 409; x_wconf 85' lang='lat' dir='ltr'><strong>nuper</strong></span> <span class='ocrx_word' id='word_1_18' title='bbox 1263 356 1434 397; x_wconf 70' lang='lat' dir='ltr'>omisit?</span> 
     </span>
     <span class='ocr_line' id='line_1_6' title="bbox 214 422 1213 475; baseline -0.002 -10"><span class='ocrx_word' id='word_1_19' title='bbox 214 422 412 475; x_wconf 83' lang='lat' dir='ltr'>AEstuat‚</span> <span class='ocrx_word' id='word_1_20' title='bbox 433 430 479 466; x_wconf 85' lang='lat' dir='ltr'>et</span> <span class='ocrx_word' id='word_1_21' title='bbox 498 423 598 464; x_wconf 83' lang='lat' dir='ltr'>vitae</span> <span class='ocrx_word' id='word_1_22' title='bbox 618 423 889 464; x_wconf 81' lang='lat' dir='ltr'>disconvenit</span> <span class='ocrx_word' id='word_1_23' title='bbox 910 422 1064 464; x_wconf 88' lang='lat' dir='ltr'>ordine</span> <span class='ocrx_word' id='word_1_24' title='bbox 1086 424 1213 464; x_wconf 68' lang='lat' dir='ltr'>toto?</span> 
     </span>
     <span class='ocr_line' id='line_1_7' title="bbox 100 490 1257 546; baseline -0.001 -14"><span class='ocrx_word' id='word_1_25' title='bbox 100 490 184 532; x_wconf 92' lang='grc'><strong>100</strong></span> <span class='ocrx_word' id='word_1_26' title='bbox 213 490 378 543; x_wconf 70' lang='lat' dir='ltr'>Dii-uit,</span> <span class='ocrx_word' id='word_1_27' title='bbox 401 491 604 542; x_wconf 84' lang='lat' dir='ltr'>aedifieat,</span> <span class='ocrx_word' id='word_1_28' title='bbox 626 498 765 532; x_wconf 86' lang='lat' dir='ltr'>mutat</span> <span class='ocrx_word' id='word_1_29' title='bbox 785 490 1001 546; x_wconf 85' lang='lat' dir='ltr'>quadrata</span> <span class='ocrx_word' id='word_1_30' title='bbox 1021 490 1222 532; x_wconf 88' lang='lat' dir='ltr'>rotundis</span> <span class='ocrx_word' id='word_1_31' title='bbox 1241 493 1257 532; x_wconf 78' lang='lat'>?</span> 
     </span>
     <span class='ocr_line' id='line_1_8' title="bbox 212 558 1210 615; baseline -0.001 -14"><span class='ocrx_word' id='word_1_32' title='bbox 212 558 409 602; x_wconf 85' lang='lat' dir='ltr'>Insanire</span> <span class='ocrx_word' id='word_1_33' title='bbox 429 565 558 615; x_wconf 86' lang='lat' dir='ltr'>putas</span> <span class='ocrx_word' id='word_1_34' title='bbox 581 558 787 601; x_wconf 88' lang='lat' dir='ltr'>solemnia</span> <span class='ocrx_word' id='word_1_35' title='bbox 807 574 889 609; x_wconf 91' lang='lat' dir='ltr'>me,</span> <span class='ocrx_word' id='word_1_36' title='bbox 913 573 1056 614; x_wconf 91' lang='lat' dir='ltr'>neque</span> <span class='ocrx_word' id='word_1_37' title='bbox 1078 559 1210 609; x_wconf 89' lang='lat' dir='ltr'>rides,</span> 
     </span>
     <span class='ocr_line' id='line_1_9' title="bbox 210 626 1159 682; baseline 0 -14"><span class='ocrx_word' id='word_1_38' title='bbox 210 626 310 669; x_wconf 91' lang='lat' dir='ltr'>Nec</span> <span class='ocrx_word' id='word_1_39' title='bbox 329 626 487 668; x_wconf 87' lang='lat' dir='ltr'>medici</span> <span class='ocrx_word' id='word_1_40' title='bbox 506 626 666 677; x_wconf 87' lang='lat' dir='ltr'>credis,</span> <span class='ocrx_word' id='word_1_41' title='bbox 689 641 770 668; x_wconf 89' lang='lat' dir='ltr'>nec</span> <span class='ocrx_word' id='word_1_42' title='bbox 792 627 1006 669; x_wconf 87' lang='lat' dir='ltr'>curatoris</span> <span class='ocrx_word' id='word_1_43' title='bbox 1028 641 1159 682; x_wconf 86' lang='lat' dir='ltr'>egere</span> 
     </span>
     <span class='ocr_line' id='line_1_10' title="bbox 212 693 1131 751; baseline 0 -15"><span class='ocrx_word' id='word_1_44' title='bbox 212 693 256 736; x_wconf 92' lang='lat' dir='ltr'><strong>A</strong></span> <span class='ocrx_word' id='word_1_45' title='bbox 276 701 465 751; x_wconf 87' lang='lat' dir='ltr'>praetore</span> <span class='ocrx_word' id='word_1_46' title='bbox 487 695 594 745; x_wconf 86' lang='lat' dir='ltr'>dati,</span> <span class='ocrx_word' id='word_1_47' title='bbox 616 710 760 736; x_wconf 88' lang='lat' dir='ltr'>rerum</span> <span class='ocrx_word' id='word_1_48' title='bbox 782 694 918 736; x_wconf 85' lang='lat' dir='ltr'>tutela</span> <span class='ocrx_word' id='word_1_49' title='bbox 938 709 1131 736; x_wconf 84' lang='lat' dir='ltr'>mearum</span> 
     </span>
     <span class='ocr_line' id='line_1_11' title="bbox 207 762 1462 820; baseline 0.002 -16"><span class='ocrx_word' id='word_1_50' title='bbox 207 762 358 810; x_wconf 84' lang='lat' dir='ltr'>Quum</span> <span class='ocrx_word' id='word_1_51' title='bbox 378 763 452 813; x_wconf 88' lang='lat' dir='ltr'>sis,</span> <span class='ocrx_word' id='word_1_52' title='bbox 473 770 518 804; x_wconf 87' lang='lat' dir='ltr'>et:</span> <span class='ocrx_word' id='word_1_53' title='bbox 539 778 672 818; x_wconf 88' lang='lat' dir='ltr'>prave</span> <span class='ocrx_word' id='word_1_54' title='bbox 695 771 860 805; x_wconf 87' lang='lat' dir='ltr'>sectum</span> <span class='ocrx_word' id='word_1_55' title='bbox 883 763 1167 805; x_wconf 84' lang='lat' dir='ltr'>stomacheris</span> <span class='ocrx_word' id='word_1_56' title='bbox 1190 765 1248 806; x_wconf 92' lang='lat' dir='ltr'>ob</span> <span class='ocrx_word' id='word_1_57' title='bbox 1270 778 1462 820; x_wconf 86' lang='lat' dir='ltr'>unguem</span> 
     </span>
     <span class='ocr_line' id='line_1_12' title="bbox 94 830 1147 887; baseline 0 -14"><span class='ocrx_word' id='word_1_58' title='bbox 94 831 176 874; x_wconf 89' lang='grc'><strong>105</strong></span> <span class='ocrx_word' id='word_1_59' title='bbox 207 830 279 873; x_wconf 88' lang='lat' dir='ltr'>De</span> <span class='ocrx_word' id='word_1_60' title='bbox 300 838 343 873; x_wconf 88' lang='lat' dir='ltr'>te</span> <span class='ocrx_word' id='word_1_61' title='bbox 363 831 610 887; x_wconf 87' lang='lat' dir='ltr'>pendentis,</span> <span class='ocrx_word' id='word_1_62' title='bbox 633 839 676 874; x_wconf 88' lang='lat' dir='ltr'>te</span> <span class='ocrx_word' id='word_1_63' title='bbox 698 832 971 887; x_wconf 85' lang='lat' dir='ltr'>respicientis</span> <span class='ocrx_word' id='word_1_64' title='bbox 994 831 1118 873; x_wconf 86' lang='lat' dir='ltr'>amici</span> <span class='ocrx_word' id='word_1_65' title='bbox 1138 834 1147 873; x_wconf 79' lang='lat' dir='ltr'>l</span> 
     </span>
     <span class='ocr_line' id='line_1_13' title="bbox 206 897 1391 955; baseline 0.001 -15"><span class='ocrx_word' id='word_1_66' title='bbox 206 897 282 940; x_wconf 85' lang='lat' dir='ltr'>Ad</span> <span class='ocrx_word' id='word_1_67' title='bbox 302 914 524 950; x_wconf 90' lang='lat' dir='ltr'>summam,</span> <span class='ocrx_word' id='word_1_68' title='bbox 549 900 721 955; x_wconf 89' lang='lat' dir='ltr'>sapiens</span> <span class='ocrx_word' id='word_1_69' title='bbox 743 915 830 941; x_wconf 89' lang='lat' dir='ltr'>uno</span> <span class='ocrx_word' id='word_1_70' title='bbox 852 900 992 941; x_wconf 90' lang='lat' dir='ltr'>minor</span> <span class='ocrx_word' id='word_1_71' title='bbox 1012 907 1078 942; x_wconf 86' lang='lat' dir='ltr'>est</span> <span class='ocrx_word' id='word_1_72' title='bbox 1100 899 1228 950; x_wconf 86' lang='lat' dir='ltr'><strong>Jove,</strong></span> <span class='ocrx_word' id='word_1_73' title='bbox 1252 900 1391 949; x_wconf 83' lang='lat' dir='ltr'>dives,</span> 
     </span>
     <span class='ocr_line' id='line_1_14' title="bbox 209 966 1379 1023; baseline 0.001 -15"><span class='ocrx_word' id='word_1_74' title='bbox 209 966 359 1017; x_wconf 88' lang='lat' dir='ltr'>Liber,</span> <span class='ocrx_word' id='word_1_75' title='bbox 381 966 636 1018; x_wconf 86' lang='lat' dir='ltr'>honoratus,</span> <span class='ocrx_word' id='word_1_76' title='bbox 660 967 857 1023; x_wconf 82' lang='lat' dir='ltr'>pulcher,</span> <span class='ocrx_word' id='word_1_77' title='bbox 881 982 959 1009; x_wconf 83' lang='lat' dir='ltr'>rex</span> <span class='ocrx_word' id='word_1_78' title='bbox 981 968 1171 1022; x_wconf 89' lang='lat' dir='ltr'>denique</span> <span class='ocrx_word' id='word_1_79' title='bbox 1193 982 1347 1022; x_wconf 83' lang='lat' dir='ltr'>regum</span> <span class='ocrx_word' id='word_1_80' title='bbox 1369 985 1379 1018; x_wconf 93' lang='lat'>;</span> 
     </span>
     <span class='ocr_line' id='line_1_15' title="bbox 204 1033 1346 1091; baseline -0.001 -14"><span class='ocrx_word' id='word_1_81' title='bbox 204 1033 434 1091; x_wconf 86' lang='lat' dir='ltr'>Praecipue</span> <span class='ocrx_word' id='word_1_82' title='bbox 456 1042 602 1086; x_wconf 79' lang='lat' dir='ltr'>sanus,</span> <span class='ocrx_word' id='word_1_83' title='bbox 625 1036 706 1077; x_wconf 89' lang='lat' dir='ltr'>nisi</span> <span class='ocrx_word' id='word_1_84' title='bbox 728 1050 862 1090; x_wconf 88' lang='lat' dir='ltr'>quum</span> <span class='ocrx_word' id='word_1_85' title='bbox 885 1036 1042 1091; x_wconf 83' lang='lat' dir='ltr'><strong>pituita</strong></span> <span class='ocrx_word' id='word_1_86' title='bbox 1062 1035 1243 1078; x_wconf 83' lang='lat' dir='ltr'>molesta</span> <span class='ocrx_word' id='word_1_87' title='bbox 1264 1043 1346 1077; x_wconf 89' lang='lat' dir='ltr'>est.</span> 
     </span>
    </p>
   </div>
   <div class='ocr_carea' id='block_1_6' title="bbox 87 1179 838 1393">
    <p class='ocr_par' dir='ltr' id='par_1_6' title="bbox 87 1179 838 1393">
     <span class='ocr_line' id='line_1_16' title="bbox 88 1179 838 1225; baseline 0.004 -14"><span class='ocrx_word' id='word_1_88' title='bbox 88 1179 174 1212; x_wconf 83' lang='lat' dir='ltr'>enim</span> <span class='ocrx_word' id='word_1_89' title='bbox 188 1179 318 1212; x_wconf 85' lang='lat' dir='ltr'>divitem</span> <span class='ocrx_word' id='word_1_90' title='bbox 337 1181 482 1220; x_wconf 79' lang='lat' dir='ltr'>triremis,</span> <span class='ocrx_word' id='word_1_91' title='bbox 498 1193 595 1224; x_wconf 89' lang='lat' dir='ltr'>quam</span> <span class='ocrx_word' id='word_1_92' title='bbox 618 1182 678 1214; x_wconf 88' lang='lat' dir='ltr'>sibi</span> <span class='ocrx_word' id='word_1_93' title='bbox 703 1181 763 1225; x_wconf 82' lang='lat' dir='ltr'>ipsi</span> <span class='ocrx_word' id='word_1_94' title='bbox 782 1194 838 1224; x_wconf 86' lang='lat' dir='ltr'>pa-</span> 
     </span>
     <span class='ocr_line' id='line_1_17' title="bbox 89 1224 838 1267; baseline 0.004 -13"><span class='ocrx_word' id='word_1_95' title='bbox 89 1229 188 1254; x_wconf 80' lang='lat' dir='ltr'>ratam</span> <span class='ocrx_word' id='word_1_96' title='bbox 206 1224 358 1266; x_wconf 81' lang='lat' dir='ltr'>possidet,</span> <span class='ocrx_word' id='word_1_97' title='bbox 370 1227 413 1256; x_wconf 86' lang='lat' dir='ltr'>ita</span> <span class='ocrx_word' id='word_1_98' title='bbox 427 1235 596 1267; x_wconf 80' lang='lat' dir='ltr'>pauperem</span> <span class='ocrx_word' id='word_1_99' title='bbox 612 1226 742 1267; x_wconf 83' lang='lat' dir='ltr'>navigii,</span> <span class='ocrx_word' id='word_1_100' title='bbox 753 1226 838 1267; x_wconf 91' lang='lat' dir='ltr'>quod</span> 
     </span>
     <span class='ocr_line' id='line_1_18' title="bbox 89 1265 836 1310; baseline 0.005 -14"><span class='ocrx_word' id='word_1_101' title='bbox 89 1265 150 1297; x_wconf 77' lang='lat' dir='ltr'>sibi</span> <span class='ocrx_word' id='word_1_102' title='bbox 172 1267 326 1298; x_wconf 88' lang='lat' dir='ltr'>conduxit</span> <span class='ocrx_word' id='word_1_103' title='bbox 348 1273 484 1303; x_wconf 84' lang='lat' dir='ltr'>tantum,</span> <span class='ocrx_word' id='word_1_104' title='bbox 506 1278 618 1310; x_wconf 85' lang='lat' dir='ltr'>capere</span> <span class='ocrx_word' id='word_1_105' title='bbox 642 1270 721 1300; x_wconf 90' lang='lat' dir='ltr'>solet</span> <span class='ocrx_word' id='word_1_106' title='bbox 743 1268 836 1300; x_wconf 86' lang='lat' dir='ltr'>satie-</span> 
     </span>
     <span class='ocr_line' id='line_1_19' title="bbox 87 1309 838 1352; baseline 0.001 -12"><span class='ocrx_word' id='word_1_107' title='bbox 87 1313 150 1340; x_wconf 75' lang='lat' dir='ltr'>tas.</span> <span class='ocrx_word' id='word_1_108' title='bbox 198 1309 355 1341; x_wconf 77' lang='lat' dir='ltr'>Nauseat:</span> <span class='ocrx_word' id='word_1_109' title='bbox 379 1309 454 1341; x_wconf 89' lang='lat' dir='ltr'>hinc</span> <span class='ocrx_word' id='word_1_110' title='bbox 477 1321 548 1352; x_wconf 89' lang='lat' dir='ltr'>sup.</span> <span class='ocrx_word' id='word_1_111' title='bbox 572 1311 634 1342; x_wconf 92' lang='lat' dir='ltr'>Od.</span> <span class='ocrx_word' id='word_1_112' title='bbox 658 1311 703 1348; x_wconf 85' lang='lat' dir='ltr'>iii,</span> <span class='ocrx_word' id='word_1_113' title='bbox 731 1313 760 1346; x_wconf 89' lang='lat' dir='ltr'>l,</span> <span class='ocrx_word' id='word_1_114' title='bbox 784 1312 838 1347; x_wconf 88' lang='lat'>37,</span> 
     </span>
     <span class='ocr_line' id='line_1_20' title="bbox 88 1352 836 1393; baseline 0 -10"><span class='ocrx_word' id='word_1_115' title='bbox 88 1352 285 1393; x_wconf 69' lang='lat' dir='ltr'>dormitumque</span> <span class='ocrx_word' id='word_1_116' title='bbox 307 1359 394 1384; x_wconf 78' lang='lat' dir='ltr'>terra&gt;</span> <span class='ocrx_word' id='word_1_117' title='bbox 417 1353 628 1391; x_wconf 58' lang='lat' dir='ltr'>statuimus,-</span> <span class='ocrx_word' id='word_1_118' title='bbox 651 1359 684 1385; x_wconf 90' lang='lat' dir='ltr'>et</span> <span class='ocrx_word' id='word_1_119' title='bbox 703 1354 766 1384; x_wconf 88' lang='lat' dir='ltr'>Od.</span> <span class='ocrx_word' id='word_1_120' title='bbox 791 1353 836 1389; x_wconf 91' lang='lat' dir='ltr'>iii,</span> 
     </span>
    </p>
   </div>
   <div class='ocr_carea' id='block_1_7' title="bbox 39 1394 838 1436">
    <p class='ocr_par' dir='ltr' id='par_1_7' title="bbox 39 1394 838 1436">
     <span class='ocr_line' id='line_1_21' title="bbox 39 1394 838 1436; baseline 0.001 -10"><span class='ocrx_word' id='word_1_121' title='bbox 39 1415 41 1417; x_wconf 97' lang='lat'>-</span> <span class='ocrx_word' id='word_1_122' title='bbox 89 1394 144 1431; x_wconf 81' lang='lat'>29,</span> <span class='ocrx_word' id='word_1_123' title='bbox 161 1395 194 1431; x_wconf 85' lang='lat'>9.</span> <span class='ocrx_word' id='word_1_124' title='bbox 211 1395 410 1427; x_wconf 76' lang='lat' dir='ltr'>Fastidiosam</span> <span class='ocrx_word' id='word_1_125' title='bbox 431 1397 532 1427; x_wconf 80' lang='lat' dir='ltr'>desere</span> <span class='ocrx_word' id='word_1_126' title='bbox 550 1400 675 1436; x_wconf 82' lang='lat' dir='ltr'>copiam.</span> <span class='ocrx_word' id='word_1_127' title='bbox 723 1397 838 1427; x_wconf 70' lang='lat' dir='ltr'>Primis</span> 
     </span>
    </p>
   </div>
   <div class='ocr_carea' id='block_1_8' title="bbox 87 1435 839 2173">
    <p class='ocr_par' dir='ltr' id='par_1_8' title="bbox 89 1435 835 1513">
     <span class='ocr_line' id='line_1_22' title="bbox 89 1435 835 1482; baseline 0.001 -13"><span class='ocrx_word' id='word_1_128' title='bbox 89 1435 130 1469; x_wconf 82' lang='lat' dir='ltr'>de</span> <span class='ocrx_word' id='word_1_129' title='bbox 153 1437 248 1470; x_wconf 74' lang='lat' dir='ltr'>rebus</span> <span class='ocrx_word' id='word_1_130' title='bbox 269 1448 402 1480; x_wconf 83' lang='lat' dir='ltr'>quarum</span> <span class='ocrx_word' id='word_1_131' title='bbox 427 1439 550 1482; x_wconf 86' lang='lat' dir='ltr'>propria</span> <span class='ocrx_word' id='word_1_132' title='bbox 572 1445 618 1471; x_wconf 87' lang='lat' dir='ltr'>est</span> <span class='ocrx_word' id='word_1_133' title='bbox 642 1439 740 1471; x_wconf 87' lang='lat' dir='ltr'>alicui</span> <span class='ocrx_word' id='word_1_134' title='bbox 763 1450 835 1482; x_wconf 89' lang='lat' dir='ltr'>pos-</span> 
     </span>
     <span class='ocr_line' id='line_1_23' title="bbox 89 1480 426 1513; baseline 0 -1"><span class='ocrx_word' id='word_1_135' title='bbox 89 1480 207 1513; x_wconf 71' lang='lat' dir='ltr'>sessio:</span> <span class='ocrx_word' id='word_1_136' title='bbox 232 1480 297 1512; x_wconf 86' lang='lat' dir='ltr'>vid.</span> <span class='ocrx_word' id='word_1_137' title='bbox 313 1481 426 1512; x_wconf 85' lang='lat' dir='ltr'>Lamb.</span> 
     </span>
    </p>

    <p class='ocr_par' dir='ltr' id='par_1_9' title="bbox 87 1524 839 2173">
     <span class='ocr_line' id='line_1_24' title="bbox 134 1524 837 1567; baseline 0.004 -14"><span class='ocrx_word' id='word_1_138' title='bbox 134 1524 298 1556; x_wconf 77' lang='lat'>94—105.</span> <span class='ocrx_word' id='word_1_139' title='bbox 334 1525 510 1559; x_wconf 83' lang='lat' dir='ltr'>Sententia,</span> <span class='ocrx_word' id='word_1_140' title='bbox 541 1535 636 1566; x_wconf 88' lang='lat' dir='ltr'>quam</span> <span class='ocrx_word' id='word_1_141' title='bbox 675 1530 766 1567; x_wconf 83' lang='lat' dir='ltr'>poeta</span> <span class='ocrx_word' id='word_1_142' title='bbox 806 1525 837 1556; x_wconf 89' lang='lat' dir='ltr'>in</span> 
     </span>
     <span class='ocr_line' id='line_1_25' title="bbox 89 1565 839 1610; baseline 0.003 -13"><span class='ocrx_word' id='word_1_143' title='bbox 89 1566 298 1608; x_wconf 70' lang='lat' dir='ltr'>sequentibus</span> <span class='ocrx_word' id='word_1_144' title='bbox 313 1565 528 1609; x_wconf 79' lang='lat' dir='ltr'>amplificavit,</span> <span class='ocrx_word' id='word_1_145' title='bbox 541 1574 588 1598; x_wconf 84' lang='lat' dir='ltr'>est</span> <span class='ocrx_word' id='word_1_146' title='bbox 605 1567 672 1599; x_wconf 79' lang='lat' dir='ltr'>haec</span> <span class='ocrx_word' id='word_1_147' title='bbox 686 1581 692 1598; x_wconf 90' lang='lat'>:</span> <span class='ocrx_word' id='word_1_148' title='bbox 718 1568 743 1598; x_wconf 90' lang='lat' dir='ltr'>si</span> <span class='ocrx_word' id='word_1_149' title='bbox 760 1568 839 1610; x_wconf 86' lang='lat' dir='ltr'>quid</span> 
     </span>
     <span class='ocr_line' id='line_1_26' title="bbox 89 1608 838 1652; baseline 0.004 -13"><span class='ocrx_word' id='word_1_150' title='bbox 89 1608 176 1651; x_wconf 75' lang='lat' dir='ltr'>apud</span> <span class='ocrx_word' id='word_1_151' title='bbox 205 1620 255 1641; x_wconf 91' lang='lat' dir='ltr'>me</span> <span class='ocrx_word' id='word_1_152' title='bbox 285 1609 522 1645; x_wconf 76' lang='lat' dir='ltr'>animadvertis,</span> <span class='ocrx_word' id='word_1_153' title='bbox 551 1611 727 1647; x_wconf 74' lang='lat' dir='ltr'>Maecenas,</span> <span class='ocrx_word' id='word_1_154' title='bbox 755 1611 838 1652; x_wconf 88' lang='lat' dir='ltr'>quod</span> 
     </span>
     <span class='ocr_line' id='line_1_27' title="bbox 88 1651 838 1695; baseline 0.001 -12"><span class='ocrx_word' id='word_1_155' title='bbox 88 1657 228 1683; x_wconf 77' lang='lat' dir='ltr'>externae</span> <span class='ocrx_word' id='word_1_156' title='bbox 253 1652 378 1684; x_wconf 83' lang='lat' dir='ltr'>vivendi</span> <span class='ocrx_word' id='word_1_157' title='bbox 401 1651 515 1683; x_wconf 89' lang='lat' dir='ltr'>rationi</span> <span class='ocrx_word' id='word_1_158' title='bbox 540 1659 706 1695; x_wconf 87' lang='lat' dir='ltr'>repugnet,</span> <span class='ocrx_word' id='word_1_159' title='bbox 733 1653 838 1692; x_wconf 85' lang='lat' dir='ltr'>rides;</span> 
     </span>
     <span class='ocr_line' id='line_1_28' title="bbox 90 1694 837 1736; baseline 0 -10"><span class='ocrx_word' id='word_1_160' title='bbox 90 1699 136 1732; x_wconf 76' lang='lat' dir='ltr'>at,</span> <span class='ocrx_word' id='word_1_161' title='bbox 151 1694 179 1726; x_wconf 78' lang='lat' dir='ltr'>si</span> <span class='ocrx_word' id='word_1_162' title='bbox 194 1705 254 1736; x_wconf 86' lang='lat' dir='ltr'>ego</span> <span class='ocrx_word' id='word_1_163' title='bbox 269 1695 362 1726; x_wconf 87' lang='lat' dir='ltr'>homo</span> <span class='ocrx_word' id='word_1_164' title='bbox 383 1705 452 1726; x_wconf 89' lang='lat' dir='ltr'>sum</span> <span class='ocrx_word' id='word_1_165' title='bbox 470 1696 575 1726; x_wconf 88' lang='lat' dir='ltr'>varius</span> <span class='ocrx_word' id='word_1_166' title='bbox 590 1701 620 1726; x_wconf 90' lang='lat' dir='ltr'>et</span> <span class='ocrx_word' id='word_1_167' title='bbox 640 1695 837 1733; x_wconf 85' lang='lat' dir='ltr'>inconstans,</span> 
     </span>
     <span class='ocr_line' id='line_1_29' title="bbox 89 1735 839 1771; baseline 0.004 -3"><span class='ocrx_word' id='word_1_168' title='bbox 89 1735 167 1768; x_wconf 84' lang='lat' dir='ltr'>dum</span> <span class='ocrx_word' id='word_1_169' title='bbox 192 1747 244 1769; x_wconf 85' lang='lat' dir='ltr'>me</span> <span class='ocrx_word' id='word_1_170' title='bbox 273 1737 315 1769; x_wconf 87' lang='lat' dir='ltr'>ad</span> <span class='ocrx_word' id='word_1_171' title='bbox 343 1737 499 1770; x_wconf 85' lang='lat' dir='ltr'>solemnes</span> <span class='ocrx_word' id='word_1_172' title='bbox 528 1738 693 1769; x_wconf 88' lang='lat' dir='ltr'>hominum</span> <span class='ocrx_word' id='word_1_173' title='bbox 721 1749 839 1771; x_wconf 87' lang='lat' dir='ltr'>errores</span> 
     </span>
     <span class='ocr_line' id='line_1_30' title="bbox 89 1781 839 1824; baseline 0 -12"><span class='ocrx_word' id='word_1_174' title='bbox 89 1789 184 1822; x_wconf 73' lang='lat' dir='ltr'>agere</span> <span class='ocrx_word' id='word_1_175' title='bbox 213 1785 319 1824; x_wconf 84' lang='lat' dir='ltr'>putas,</span> <span class='ocrx_word' id='word_1_176' title='bbox 348 1791 410 1812; x_wconf 90' lang='lat' dir='ltr'>non</span> <span class='ocrx_word' id='word_1_177' title='bbox 438 1781 532 1812; x_wconf 86' lang='lat' dir='ltr'>rides.</span> <span class='ocrx_word' id='word_1_178' title='bbox 577 1782 729 1812; x_wconf 83' lang='lat' dir='ltr'>Horatius</span> <span class='ocrx_word' id='word_1_179' title='bbox 757 1782 839 1824; x_wconf 83' lang='lat' dir='ltr'>jam,</span> 
     </span>
     <span class='ocr_line' id='line_1_31' title="bbox 89 1823 837 1866; baseline 0.003 -12"><span class='ocrx_word' id='word_1_180' title='bbox 89 1829 127 1854; x_wconf 81' lang='lat' dir='ltr'>nt</span> <span class='ocrx_word' id='word_1_181' title='bbox 148 1823 266 1866; x_wconf 75' lang='lat' dir='ltr'>passim</span> <span class='ocrx_word' id='word_1_182' title='bbox 295 1823 388 1860; x_wconf 83' lang='lat' dir='ltr'>alias.</span> <span class='ocrx_word' id='word_1_183' title='bbox 414 1823 455 1855; x_wconf 91' lang='lat' dir='ltr'>ad</span> <span class='ocrx_word' id='word_1_184' title='bbox 483 1834 516 1855; x_wconf 87' lang='lat' dir='ltr'>se</span> <span class='ocrx_word' id='word_1_185' title='bbox 538 1823 642 1861; x_wconf 78' lang='lat' dir='ltr'>resert,</span> <span class='ocrx_word' id='word_1_186' title='bbox 665 1824 751 1865; x_wconf 90' lang='lat' dir='ltr'>quod</span> <span class='ocrx_word' id='word_1_187' title='bbox 776 1835 837 1856; x_wconf 91' lang='lat' dir='ltr'>non</span> 
     </span>
     <span class='ocr_line' id='line_1_32' title="bbox 90 1865 836 1910; baseline 0 -12"><span class='ocrx_word' id='word_1_188' title='bbox 90 1865 213 1910; x_wconf 78' lang='lat' dir='ltr'>proprie</span> <span class='ocrx_word' id='word_1_189' title='bbox 232 1866 274 1898; x_wconf 79' lang='lat' dir='ltr'>ad</span> <span class='ocrx_word' id='word_1_190' title='bbox 296 1866 413 1910; x_wconf 88' lang='lat' dir='ltr'>ipsum,</span> <span class='ocrx_word' id='word_1_191' title='bbox 430 1867 485 1898; x_wconf 79' lang='lat' dir='ltr'>sed</span> <span class='ocrx_word' id='word_1_192' title='bbox 506 1866 546 1898; x_wconf 90' lang='lat' dir='ltr'>ad</span> <span class='ocrx_word' id='word_1_193' title='bbox 563 1877 836 1910; x_wconf 88' lang='lat' dir='ltr'>unumquemque,</span> 
     </span>
     <span class='ocr_line' id='line_1_33' title="bbox 89 1908 836 1952; baseline 0.001 -12"><span class='ocrx_word' id='word_1_194' title='bbox 89 1908 146 1950; x_wconf 86' lang='lat' dir='ltr'>qui</span> <span class='ocrx_word' id='word_1_195' title='bbox 167 1908 226 1946; x_wconf 79' lang='lat' dir='ltr'>ita,</span> <span class='ocrx_word' id='word_1_196' title='bbox 249 1915 285 1941; x_wconf 87' lang='lat' dir='ltr'>ut</span> <span class='ocrx_word' id='word_1_197' title='bbox 306 1909 429 1947; x_wconf 77' lang='lat' dir='ltr'>scribit,</span> <span class='ocrx_word' id='word_1_198' title='bbox 452 1909 484 1940; x_wconf 91' lang='lat' dir='ltr'>in</span> <span class='ocrx_word' id='word_1_199' title='bbox 508 1910 672 1952; x_wconf 89' lang='lat' dir='ltr'>publicum</span> <span class='ocrx_word' id='word_1_200' title='bbox 696 1910 836 1952; x_wconf 86' lang='lat' dir='ltr'>prodeat,</span> 
     </span>
     <span class='ocr_line' id='line_1_34' title="bbox 88 1951 835 1994; baseline 0.003 -12"><span class='ocrx_word' id='word_1_201' title='bbox 88 1951 139 1983; x_wconf 75' lang='lat' dir='ltr'>vel</span> <span class='ocrx_word' id='word_1_202' title='bbox 167 1951 402 1988; x_wconf 75' lang='lat' dir='ltr'>inconstantiae,</span> <span class='ocrx_word' id='word_1_203' title='bbox 427 1953 553 1994; x_wconf 87' lang='lat' dir='ltr'>qualem</span> <span class='ocrx_word' id='word_1_204' title='bbox 578 1953 740 1990; x_wconf 85' lang='lat' dir='ltr'>describit,</span> <span class='ocrx_word' id='word_1_205' title='bbox 766 1954 835 1985; x_wconf 91' lang='lat' dir='ltr'>cul-</span> 
     </span>
     <span class='ocr_line' id='line_1_35' title="bbox 90 1995 837 2036; baseline 0.003 -10"><span class='ocrx_word' id='word_1_206' title='bbox 90 2003 164 2036; x_wconf 80' lang='lat' dir='ltr'>pam</span> <span class='ocrx_word' id='word_1_207' title='bbox 178 1995 242 2027; x_wconf 74' lang='lat' dir='ltr'>sibi</span> <span class='ocrx_word' id='word_1_208' title='bbox 264 1995 443 2032; x_wconf 85' lang='lat' dir='ltr'>contrabat,</span> <span class='ocrx_word' id='word_1_209' title='bbox 458 1996 654 2027; x_wconf 71' lang='lat' dir='ltr'>referendum</span> <span class='ocrx_word' id='word_1_210' title='bbox 671 2001 728 2027; x_wconf 87' lang='lat' dir='ltr'>est.</span> <span class='ocrx_word' id='word_1_211' title='bbox 774 1997 837 2028; x_wconf 89' lang='lat' dir='ltr'>Pro</span> 
     </span>
     <span class='ocr_line' id='line_1_36' title="bbox 88 2036 832 2079; baseline 0.003 -11"><span class='ocrx_word' id='word_1_212' title='bbox 88 2036 212 2079; x_wconf 78' lang='lat' dir='ltr'>vulgari</span> <span class='ocrx_word' id='word_1_213' title='bbox 231 2038 368 2070; x_wconf 86' lang='lat' dir='ltr'>lectione</span> <span class='ocrx_word' id='word_1_214' title='bbox 387 2044 530 2070; x_wconf 78' lang='lat' dir='ltr'>curtatus</span> <span class='ocrx_word' id='word_1_215' title='bbox 549 2050 576 2069; x_wconf 94' lang='lat' dir='ltr'>v.</span> <span class='ocrx_word' id='word_1_216' title='bbox 594 2040 649 2076; x_wconf 84' lang='lat'>94,</span> <span class='ocrx_word' id='word_1_217' title='bbox 667 2038 706 2069; x_wconf 90' lang='lat' dir='ltr'>ad</span> <span class='ocrx_word' id='word_1_218' title='bbox 723 2045 832 2070; x_wconf 88' lang='lat' dir='ltr'>aucto-</span> 
     </span>
     <span class='ocr_line' id='line_1_37' title="bbox 89 2080 835 2125; baseline 0.001 -13"><span class='ocrx_word' id='word_1_219' title='bbox 89 2080 214 2112; x_wconf 71' lang='lat' dir='ltr'>ritatem</span> <span class='ocrx_word' id='word_1_220' title='bbox 249 2081 455 2125; x_wconf 88' lang='lat' dir='ltr'>plurimorum</span> <span class='ocrx_word' id='word_1_221' title='bbox 489 2081 594 2113; x_wconf 88' lang='lat' dir='ltr'>Codd.</span> <span class='ocrx_word' id='word_1_222' title='bbox 625 2082 710 2124; x_wconf 88' lang='lat' dir='ltr'>apud</span> <span class='ocrx_word' id='word_1_223' title='bbox 739 2083 835 2113; x_wconf 88' lang='lat' dir='ltr'>Feam</span> 
     </span>
     <span class='ocr_line' id='line_1_38' title="bbox 87 2122 834 2173; baseline 0.001 -19"><span class='ocrx_word' id='word_1_224' title='bbox 87 2122 163 2155; x_wconf 79' lang='lat' dir='ltr'>dedi</span> <span class='ocrx_word' id='word_1_225' title='bbox 185 2130 326 2160; x_wconf 73' lang='lat' dir='ltr'>curatus,</span> <span class='ocrx_word' id='word_1_226' title='bbox 350 2129 382 2156; x_wconf 87' lang='lat' dir='ltr'>et</span> <span class='ocrx_word' id='word_1_227' title='bbox 408 2135 487 2156; x_wconf 85' lang='lat' dir='ltr'>vers.</span> <span class='ocrx_word' id='word_1_228' title='bbox 511 2135 562 2167; x_wconf 82' lang='lat' dir='ltr'>sq.</span> <span class='ocrx_word' id='word_1_229' title='bbox 591 2125 738 2160; x_wconf 83' lang='lat' dir='ltr'>Occurro,</span> <span class='ocrx_word' id='word_1_230' title='bbox 765 2136 834 2173; x_wconf 84' lang='lat' dir='ltr'>pro,</span> 
     </span>
    </p>
   </div>
   <div class='ocr_carea' id='block_1_9' title="bbox 25 2166 837 2209">
    <p class='ocr_par' dir='ltr' id='par_1_10' title="bbox 25 2166 837 2209">
     <span class='ocr_line' id='line_1_39' title="bbox 25 2166 837 2209; baseline 0.002 -12"><span class='ocrx_word' id='word_1_231' title='bbox 25 2171 35 2176; x_wconf 81' lang='grc'><em>’</em></span> <span class='ocrx_word' id='word_1_232' title='bbox 90 2166 248 2205; x_wconf 59' lang='lat' dir='ltr'>occsa-ri,-</span> <span class='ocrx_word' id='word_1_233' title='bbox 273 2173 406 2209; x_wconf 85' lang='lat' dir='ltr'>utraque</span> <span class='ocrx_word' id='word_1_234' title='bbox 422 2167 509 2199; x_wconf 87' lang='lat' dir='ltr'>enim</span> <span class='ocrx_word' id='word_1_235' title='bbox 527 2167 622 2198; x_wconf 88' lang='lat' dir='ltr'>lectio</span> <span class='ocrx_word' id='word_1_236' title='bbox 640 2168 773 2199; x_wconf 79' lang='lat' dir='ltr'>orationi</span> <span class='ocrx_word' id='word_1_237' title='bbox 788 2174 837 2199; x_wconf 88' lang='lat' dir='ltr'>est</span> 
     </span>
    </p>
   </div>
   <div class='ocr_carea' id='block_1_10' title="bbox 7 2781 70 3314">
    <p class='ocr_par' dir='ltr' id='par_1_11' title="bbox 7 2781 70 3314">
     <span class='ocr_line' id='line_1_40' title="bbox 7 2781 70 3314; baseline 0 -397"><span class='ocrx_word' id='word_1_238' title='bbox 7 2781 70 3314; x_wconf 95' lang='lat' dir='ltr'>   </span> 
     </span>
    </p>
   </div>
   <div class='ocr_carea' id='block_1_11' title="bbox 18 2478 53 2802">
    <p class='ocr_par' dir='ltr' id='par_1_12' title="bbox 18 2478 53 2802">
     <span class='ocr_line' id='line_1_41' title="bbox 18 2478 53 2802; textangle 90"><span class='ocrx_word' id='word_1_239' title='bbox 18 2492 53 2802; x_wconf 42' lang='lat' dir='ltr'>menri-ewa</span> <span class='ocrx_word' id='word_1_240' title='bbox 27 2478 30 2479; x_wconf 41' lang='lat'>¹</span> 
     </span>
    </p>
   </div>
   <div class='ocr_carea' id='block_1_12' title="bbox 87 2209 841 2810">
    <p class='ocr_par' dir='ltr' id='par_1_13' title="bbox 88 2209 834 2251">
     <span class='ocr_line' id='line_1_42' title="bbox 88 2209 834 2251; baseline 0.003 -11"><span class='ocrx_word' id='word_1_241' title='bbox 88 2218 107 2240; x_wconf 84' lang='lat' dir='ltr'>a</span> <span class='ocrx_word' id='word_1_242' title='bbox 131 2209 202 2240; x_wconf 87' lang='lat' dir='ltr'>tior.</span> <span class='ocrx_word' id='word_1_243' title='bbox 266 2211 300 2241; x_wconf 79' lang='lat' dir='ltr'>Si</span> <span class='ocrx_word' id='word_1_244' title='bbox 337 2216 466 2241; x_wconf 79' lang='lat' dir='ltr'>curatus</span> <span class='ocrx_word' id='word_1_245' title='bbox 505 2211 640 2251; x_wconf 80' lang='lat' dir='ltr'>capillos,</span> <span class='ocrx_word' id='word_1_246' title='bbox 678 2221 718 2241; x_wconf 89' lang='lat' dir='ltr'>ex</span> <span class='ocrx_word' id='word_1_247' title='bbox 760 2217 834 2242; x_wconf 92' lang='lat' dir='ltr'>noto</span> 
     </span>
    </p>

    <p class='ocr_par' dir='ltr' id='par_1_14' title="bbox 88 2251 835 2382">
     <span class='ocr_line' id='line_1_43' title="bbox 125 2251 835 2295; baseline 0.001 -11"><span class='ocrx_word' id='word_1_248' title='bbox 125 2251 269 2284; x_wconf 76' lang='lat' dir='ltr'>raecismo</span> <span class='ocrx_word' id='word_1_249' title='bbox 303 2262 337 2284; x_wconf 90' lang='lat' dir='ltr'>ro</span> <span class='ocrx_word' id='word_1_250' title='bbox 348 2252 482 2295; x_wconf 80' lang='lat' dir='ltr'>vulgari,</span> <span class='ocrx_word' id='word_1_251' title='bbox 495 2253 522 2284; x_wconf 90' lang='lat' dir='ltr'>si</span> <span class='ocrx_word' id='word_1_252' title='bbox 535 2253 662 2295; x_wconf 86' lang='lat' dir='ltr'>capillis</span> <span class='ocrx_word' id='word_1_253' title='bbox 675 2263 694 2283; x_wconf 91' lang='lat' dir='ltr'>a</span> <span class='ocrx_word' id='word_1_254' title='bbox 711 2259 835 2285; x_wconf 78' lang='lat' dir='ltr'>tonsore</span> 
     </span>
     <span class='ocr_line' id='line_1_44' title="bbox 89 2294 834 2338; baseline 0.003 -12"><span class='ocrx_word' id='word_1_255' title='bbox 89 2294 220 2327; x_wconf 77' lang='lat' dir='ltr'>curatis.</span> <span class='ocrx_word' id='word_1_256' title='bbox 285 2297 431 2337; x_wconf 73' lang='lat' dir='ltr'>ria-qualis</span> <span class='ocrx_word' id='word_1_257' title='bbox 457 2301 506 2327; x_wconf 88' lang='lat' dir='ltr'>est</span> <span class='ocrx_word' id='word_1_258' title='bbox 527 2301 646 2332; x_wconf 86' lang='lat' dir='ltr'>tonsor,</span> <span class='ocrx_word' id='word_1_259' title='bbox 673 2296 729 2338; x_wconf 93' lang='lat' dir='ltr'>qui</span> <span class='ocrx_word' id='word_1_260' title='bbox 755 2296 834 2328; x_wconf 82' lang='lat' dir='ltr'>inae-</span> 
     </span>
     <span class='ocr_line' id='line_1_45' title="bbox 88 2337 509 2382; baseline 0.005 -14"><span class='ocrx_word' id='word_1_261' title='bbox 88 2337 226 2380; x_wconf 73' lang='lat' dir='ltr'>qualiter</span> <span class='ocrx_word' id='word_1_262' title='bbox 238 2338 373 2382; x_wconf 73' lang='lat' dir='ltr'>capillos</span> <span class='ocrx_word' id='word_1_263' title='bbox 386 2338 509 2370; x_wconf 88' lang='lat' dir='ltr'>tondet.</span> 
     </span>
    </p>

    <p class='ocr_par' dir='ltr' id='par_1_15' title="bbox 89 2380 836 2636">
     <span class='ocr_line' id='line_1_46' title="bbox 130 2380 833 2430; baseline 0.001 -18"><span class='ocrx_word' id='word_1_264' title='bbox 130 2381 186 2412; x_wconf 80' lang='lat'>95.</span> <span class='ocrx_word' id='word_1_265' title='bbox 209 2381 379 2420; x_wconf 73' lang='lat' dir='ltr'>subucula,</span> <span class='ocrx_word' id='word_1_266' title='bbox 393 2381 489 2413; x_wconf 85' lang='lat' dir='ltr'>vestis</span> <span class='ocrx_word' id='word_1_267' title='bbox 503 2380 645 2416; x_wconf 86' lang='lat' dir='ltr'>interior,</span> <span class='ocrx_word' id='word_1_268' title='bbox 662 2392 734 2430; x_wconf 70' lang='lat' dir='ltr'>quae</span> <span class='ocrx_word' id='word_1_269' title='bbox 752 2382 833 2424; x_wconf 88' lang='lat' dir='ltr'>geri-</span> 
     </span>
     <span class='ocr_line' id='line_1_47' title="bbox 89 2424 834 2462; baseline 0.001 -7"><span class='ocrx_word' id='word_1_270' title='bbox 89 2427 140 2455; x_wconf 82' lang='lat' dir='ltr'>tur</span> <span class='ocrx_word' id='word_1_271' title='bbox 166 2424 275 2456; x_wconf 83' lang='lat' dir='ltr'>subter</span> <span class='ocrx_word' id='word_1_272' title='bbox 303 2424 426 2456; x_wconf 87' lang='lat' dir='ltr'>tunica.</span> <span class='ocrx_word' id='word_1_273' title='bbox 474 2425 575 2459; x_wconf 83' lang='lat' dir='ltr'>Trita,</span> <span class='ocrx_word' id='word_1_274' title='bbox 601 2424 726 2462; x_wconf 79' lang='lat' dir='ltr'>detnta,</span> <span class='ocrx_word' id='word_1_275' title='bbox 755 2425 834 2456; x_wconf 86' lang='lat' dir='ltr'>nihil</span> 
     </span>
     <span class='ocr_line' id='line_1_48' title="bbox 89 2465 836 2510; baseline -0.001 -12"><span class='ocrx_word' id='word_1_276' title='bbox 89 2465 228 2510; x_wconf 69' lang='lat' dir='ltr'>amplius</span> <span class='ocrx_word' id='word_1_277' title='bbox 245 2466 327 2499; x_wconf 80' lang='lat' dir='ltr'>lanae</span> <span class='ocrx_word' id='word_1_278' title='bbox 346 2467 476 2501; x_wconf 80' lang='lat' dir='ltr'>habens.</span> <span class='ocrx_word' id='word_1_279' title='bbox 493 2468 722 2509; x_wconf 75' lang='lat' dir='ltr'>(‹1bgeschaht,)</span> <span class='ocrx_word' id='word_1_280' title='bbox 739 2479 836 2510; x_wconf 80' lang='lat' dir='ltr'>oppo-</span> 
     </span>
     <span class='ocr_line' id='line_1_49' title="bbox 90 2507 836 2551; baseline -0.001 -11"><span class='ocrx_word' id='word_1_281' title='bbox 90 2507 175 2542; x_wconf 77' lang='lat' dir='ltr'>nitur</span> <span class='ocrx_word' id='word_1_282' title='bbox 196 2509 313 2542; x_wconf 83' lang='lat' dir='ltr'>tunicae</span> <span class='ocrx_word' id='word_1_283' title='bbox 333 2521 424 2551; x_wconf 68' lang='lat' dir='ltr'>perer,</span> <span class='ocrx_word' id='word_1_284' title='bbox 441 2510 514 2541; x_wconf 84' lang='lat' dir='ltr'>lana</span> <span class='ocrx_word' id='word_1_285' title='bbox 535 2515 640 2541; x_wconf 90' lang='lat' dir='ltr'>comta</span> <span class='ocrx_word' id='word_1_286' title='bbox 659 2510 762 2542; x_wconf 89' lang='lat' dir='ltr'>adhuc</span> <span class='ocrx_word' id='word_1_287' title='bbox 779 2511 836 2542; x_wconf 87' lang='lat' dir='ltr'>ob.</span> 
     </span>
     <span class='ocr_line' id='line_1_50' title="bbox 90 2552 836 2590; baseline 0.003 -6"><span class='ocrx_word' id='word_1_288' title='bbox 90 2557 195 2589; x_wconf 65' lang='lat' dir='ltr'>tectae,</span> <span class='ocrx_word' id='word_1_289' title='bbox 224 2552 330 2584; x_wconf 79' lang='lat' dir='ltr'>adhuc</span> <span class='ocrx_word' id='word_1_290' title='bbox 362 2553 504 2584; x_wconf 88' lang='lat' dir='ltr'>villosae:</span> <span class='ocrx_word' id='word_1_291' title='bbox 536 2553 679 2583; x_wconf 84' lang='lat' dir='ltr'>Martial.</span> <span class='ocrx_word' id='word_1_292' title='bbox 713 2553 747 2590; x_wconf 90' lang='lat' dir='ltr'>ii,</span> <span class='ocrx_word' id='word_1_293' title='bbox 783 2555 836 2590; x_wconf 86' lang='lat'>58,</span> 
     </span>
     <span class='ocr_line' id='line_1_51' title="bbox 93 2594 772 2636; baseline 0.003 -10"><span class='ocrx_word' id='word_1_294' title='bbox 93 2594 227 2627; x_wconf 61' lang='lat' dir='ltr'>Pexatus</span> <span class='ocrx_word' id='word_1_295' title='bbox 241 2596 369 2636; x_wconf 73' lang='lat' dir='ltr'>pulchre</span> <span class='ocrx_word' id='word_1_296' title='bbox 382 2597 462 2627; x_wconf 82' lang='lat' dir='ltr'>rides</span> <span class='ocrx_word' id='word_1_297' title='bbox 478 2606 554 2631; x_wconf 84' lang='lat' dir='ltr'>mea,</span> <span class='ocrx_word' id='word_1_298' title='bbox 572 2595 667 2632; x_wconf 76' lang='lat' dir='ltr'>zoile,</span> <span class='ocrx_word' id='word_1_299' title='bbox 683 2599 772 2628; x_wconf 77' lang='lat' dir='ltr'>trita.</span> 
     </span>
    </p>

    <p class='ocr_par' dir='ltr' id='par_1_16' title="bbox 87 2638 841 2810">
     <span class='ocr_line' id='line_1_52' title="bbox 132 2638 839 2682; baseline 0.001 -12"><span class='ocrx_word' id='word_1_300' title='bbox 132 2638 190 2674; x_wconf 86' lang='grc'>96,</span> <span class='ocrx_word' id='word_1_301' title='bbox 199 2638 254 2670; x_wconf 88' lang='grc'>97.</span> <span class='ocrx_word' id='word_1_302' title='bbox 281 2638 336 2671; x_wconf 78' lang='lat' dir='ltr'>Vel</span> <span class='ocrx_word' id='word_1_303' title='bbox 351 2641 376 2671; x_wconf 71' lang='lat' dir='ltr'>si</span> <span class='ocrx_word' id='word_1_304' title='bbox 387 2645 457 2682; x_wconf 85' lang='lat' dir='ltr'>toga</span> <span class='ocrx_word' id='word_1_305' title='bbox 472 2640 594 2670; x_wconf 74' lang='lat' dir='ltr'>dissidet</span> <span class='ocrx_word' id='word_1_306' title='bbox 612 2640 724 2678; x_wconf 77' lang='lat' dir='ltr'>impar,</span> <span class='ocrx_word' id='word_1_307' title='bbox 738 2640 839 2671; x_wconf 80' lang='lat' dir='ltr'>altera</span> 
     </span>
     <span class='ocr_line' id='line_1_53' title="bbox 90 2680 840 2723; baseline 0.001 -11"><span class='ocrx_word' id='word_1_308' title='bbox 90 2685 181 2722; x_wconf 64' lang='lat' dir='ltr'>purte</span> <span class='ocrx_word' id='word_1_309' title='bbox 197 2686 281 2723; x_wconf 79' lang='lat' dir='ltr'>togae</span> <span class='ocrx_word' id='word_1_310' title='bbox 298 2680 448 2719; x_wconf 83' lang='lat' dir='ltr'>demissa,</span> <span class='ocrx_word' id='word_1_311' title='bbox 465 2682 562 2712; x_wconf 86' lang='lat' dir='ltr'>altera</span> <span class='ocrx_word' id='word_1_312' title='bbox 585 2691 711 2712; x_wconf 82' lang='lat' dir='ltr'>sursum</span> <span class='ocrx_word' id='word_1_313' title='bbox 727 2688 840 2714; x_wconf 91' lang='lat' dir='ltr'>tracta.</span> 
     </span>
     <span class='ocr_line' id='line_1_54' title="bbox 87 2723 840 2768; baseline 0.001 -13"><span class='ocrx_word' id='word_1_314' title='bbox 87 2723 168 2758; x_wconf 68' lang='lat' dir='ltr'>⁴Mea</span> <span class='ocrx_word' id='word_1_315' title='bbox 195 2734 264 2755; x_wconf 81' lang='lat' dir='ltr'>cum</span> <span class='ocrx_word' id='word_1_316' title='bbox 287 2731 410 2768; x_wconf 78' lang='lat' dir='ltr'>pugnat</span> <span class='ocrx_word' id='word_1_317' title='bbox 439 2726 587 2756; x_wconf 76' lang='lat' dir='ltr'>sententia</span> <span class='ocrx_word' id='word_1_318' title='bbox 614 2735 726 2760; x_wconf 78' lang='lat' dir='ltr'>secam,</span> <span class='ocrx_word' id='word_1_319' title='bbox 751 2730 840 2762; x_wconf 79' lang='lat' dir='ltr'>cett..</span> 
     </span>
     <span class='ocr_line' id='line_1_55' title="bbox 92 2766 841 2810; baseline 0.001 -13"><span class='ocrx_word' id='word_1_320' title='bbox 92 2773 167 2798; x_wconf 79' lang='lat' dir='ltr'>eum</span> <span class='ocrx_word' id='word_1_321' title='bbox 186 2766 331 2800; x_wconf 76' lang='lat' dir='ltr'>mihimet</span> <span class='ocrx_word' id='word_1_322' title='bbox 350 2768 424 2810; x_wconf 83' lang='lat' dir='ltr'>ipsi,</span> <span class='ocrx_word' id='word_1_323' title='bbox 443 2768 538 2799; x_wconf 87' lang='lat' dir='ltr'>modo</span> <span class='ocrx_word' id='word_1_324' title='bbox 561 2767 620 2798; x_wconf 91' lang='lat' dir='ltr'>hoc</span> <span class='ocrx_word' id='word_1_325' title='bbox 644 2766 739 2799; x_wconf 88' lang='lat' dir='ltr'>modo</span> <span class='ocrx_word' id='word_1_326' title='bbox 761 2767 841 2799; x_wconf 89' lang='lat' dir='ltr'>illud</span> 
     </span>
    </p>
   </div>
   <div class='ocr_carea' id='block_1_13' title="bbox 42 2809 843 2858">
    <p class='ocr_par' dir='ltr' id='par_1_17' title="bbox 42 2809 843 2858">
     <span class='ocr_line' id='line_1_56' title="bbox 42 2809 843 2858; baseline 0 -17"><span class='ocrx_word' id='word_1_327' title='bbox 42 2827 51 2849; x_wconf 48' lang='grc' dir='ltr'><em>ρ</em></span> <span class='ocrx_word' id='word_1_328' title='bbox 93 2809 270 2852; x_wconf 68' lang='lat' dir='ltr'>appetenti,</span> <span class='ocrx_word' id='word_1_329' title='bbox 308 2821 472 2854; x_wconf 86' lang='lat' dir='ltr'>rcpugno;</span> <span class='ocrx_word' id='word_1_330' title='bbox 501 2820 592 2858; x_wconf 45' lang='lat' dir='ltr'>cum·</span> <span class='ocrx_word' id='word_1_331' title='bbox 613 2820 726 2858; x_wconf 73' lang='lat' dir='ltr'>sperno</span> <span class='ocrx_word' id='word_1_332' title='bbox 757 2810 843 2858; x_wconf 79' lang='lat' dir='ltr'>quod</span> 
     </span>
    </p>
   </div>
   <div class='ocr_carea' id='block_1_14' title="bbox 92 2850 844 2900">
    <p class='ocr_par' dir='ltr' id='par_1_18' title="bbox 92 2850 844 2900">
     <span class='ocr_line' id='line_1_57' title="bbox 92 2850 844 2900; baseline 0.001 -17"><span class='ocrx_word' id='word_1_333' title='bbox 92 2850 184 2900; x_wconf 76' lang='lat' dir='ltr'>petii.</span> <span class='ocrx_word' id='word_1_334' title='bbox 200 2857 307 2896; x_wconf 81' lang='lat' dir='ltr'>repeto</span> <span class='ocrx_word' id='word_1_335' title='bbox 321 2855 406 2896; x_wconf 89' lang='lat' dir='ltr'>quod</span> <span class='ocrx_word' id='word_1_336' title='bbox 422 2853 514 2884; x_wconf 90' lang='lat' dir='ltr'>modo</span> <span class='ocrx_word' id='word_1_337' title='bbox 533 2862 635 2890; x_wconf 81' lang='lat' dir='ltr'>omisi,</span> <span class='ocrx_word' id='word_1_338' title='bbox 653 2863 727 2884; x_wconf 90' lang='lat' dir='ltr'>cum</span> <span class='ocrx_word' id='word_1_339' title='bbox 747 2853 844 2884; x_wconf 81' lang='lat' dir='ltr'>animi</span> 
     </span>
    </p>
   </div>
   <div class='ocr_carea' id='block_1_15' title="bbox 42 2889 845 2973">
    <p class='ocr_par' dir='ltr' id='par_1_19' title="bbox 42 2889 845 2973">
     <span class='ocr_line' id='line_1_58' title="bbox 42 2889 845 2938; baseline 0.001 -13"><span class='ocrx_word' id='word_1_340' title='bbox 42 2889 59 2938; x_wconf 92' lang='lat'><em>5</em></span> <span class='ocrx_word' id='word_1_341' title='bbox 98 2899 220 2937; x_wconf 76' lang='lat' dir='ltr'>impetu</span> <span class='ocrx_word' id='word_1_342' title='bbox 241 2900 275 2926; x_wconf 88' lang='lat' dir='ltr'>et</span> <span class='ocrx_word' id='word_1_343' title='bbox 297 2895 416 2928; x_wconf 79' lang='lat' dir='ltr'>fervore</span> <span class='ocrx_word' id='word_1_344' title='bbox 438 2896 502 2928; x_wconf 92' lang='lat' dir='ltr'>huc</span> <span class='ocrx_word' id='word_1_345' title='bbox 530 2895 608 2926; x_wconf 92' lang='lat' dir='ltr'>illuc</span> <span class='ocrx_word' id='word_1_346' title='bbox 635 2895 748 2936; x_wconf 84' lang='lat' dir='ltr'>agitor,</span> <span class='ocrx_word' id='word_1_347' title='bbox 772 2906 845 2928; x_wconf 88' lang='lat' dir='ltr'>cum</span> 
     </span>
     <span class='ocr_line' id='line_1_59' title="bbox 74 2937 707 2973; baseline 0.002 -5"><span class='ocrx_word' id='word_1_348' title='bbox 74 2953 78 2955; x_wconf 59' lang='lat'><strong>&gt;</strong></span> <span class='ocrx_word' id='word_1_349' title='bbox 97 2941 199 2969; x_wconf 82' lang='lat' dir='ltr'>totum</span> <span class='ocrx_word' id='word_1_350' title='bbox 215 2937 289 2970; x_wconf 86' lang='lat' dir='ltr'>vitae</span> <span class='ocrx_word' id='word_1_351' title='bbox 303 2939 443 2971; x_wconf 89' lang='lat' dir='ltr'>ordinem</span> <span class='ocrx_word' id='word_1_352' title='bbox 460 2938 615 2973; x_wconf 83' lang='lat' dir='ltr'>disturbo,</span> <span class='ocrx_word' id='word_1_353' title='bbox 628 2945 707 2970; x_wconf 70' lang='lat' dir='ltr'>cett.</span> 
     </span>
    </p>
   </div>
   <div class='ocr_carea' id='block_1_16' title="bbox 877 1181 1638 2980">
    <p class='ocr_par' dir='ltr' id='par_1_20' title="bbox 883 1181 1632 1311">
     <span class='ocr_line' id='line_1_60' title="bbox 883 1181 1632 1214; baseline -0.001 -1"><span class='ocrx_word' id='word_1_354' title='bbox 883 1181 1046 1213; x_wconf 87' lang='lat' dir='ltr'>hominum</span> <span class='ocrx_word' id='word_1_355' title='bbox 1071 1192 1189 1214; x_wconf 89' lang='lat' dir='ltr'>morem</span> <span class='ocrx_word' id='word_1_356' title='bbox 1214 1181 1362 1213; x_wconf 82' lang='lat' dir='ltr'>insanire.</span> <span class='ocrx_word' id='word_1_357' title='bbox 1407 1181 1549 1212; x_wconf 65' lang='lat' dir='ltr'>Insanit-e</span> <span class='ocrx_word' id='word_1_358' title='bbox 1570 1182 1632 1212; x_wconf 80' lang='lat' dir='ltr'>ali-</span> 
     </span>
     <span class='ocr_line' id='line_1_61' title="bbox 883 1225 1632 1268; baseline -0.001 -12"><span class='ocrx_word' id='word_1_359' title='bbox 883 1227 970 1266; x_wconf 79' lang='lat' dir='ltr'>quid,</span> <span class='ocrx_word' id='word_1_360' title='bbox 987 1231 1023 1256; x_wconf 90' lang='lat' dir='ltr'>ut</span> <span class='ocrx_word' id='word_1_361' title='bbox 1039 1236 1111 1268; x_wconf 89' lang='lat' dir='ltr'>sup.</span> <span class='ocrx_word' id='word_1_362' title='bbox 1127 1226 1193 1256; x_wconf 84' lang='lat' dir='ltr'>Sat.</span> <span class='ocrx_word' id='word_1_363' title='bbox 1217 1225 1251 1261; x_wconf 89' lang='lat' dir='ltr'>ii,</span> <span class='ocrx_word' id='word_1_364' title='bbox 1270 1226 1302 1261; x_wconf 87' lang='lat'>3,</span> <span class='ocrx_word' id='word_1_365' title='bbox 1320 1226 1374 1262; x_wconf 88' lang='grc'>63,</span> <span class='ocrx_word' id='word_1_366' title='bbox 1391 1227 1528 1256; x_wconf 77' lang='lat' dir='ltr'>insanire</span> <span class='ocrx_word' id='word_1_367' title='bbox 1546 1235 1632 1255; x_wconf 84' lang='lat' dir='ltr'>erro-</span> 
     </span>
     <span class='ocr_line' id='line_1_62' title="bbox 884 1268 1632 1311; baseline 0 -13"><span class='ocrx_word' id='word_1_368' title='bbox 884 1280 957 1304; x_wconf 88' lang='lat' dir='ltr'>rem,</span> <span class='ocrx_word' id='word_1_369' title='bbox 971 1269 1073 1311; x_wconf 89' lang='lat' dir='ltr'>Epist.</span> <span class='ocrx_word' id='word_1_370' title='bbox 1084 1269 1106 1304; x_wconf 88' lang='lat' dir='ltr'>i,</span> <span class='ocrx_word' id='word_1_371' title='bbox 1119 1269 1151 1304; x_wconf 82' lang='lat'>2.</span> <span class='ocrx_word' id='word_1_372' title='bbox 1168 1270 1219 1303; x_wconf 85' lang='lat'>14,</span> <span class='ocrx_word' id='word_1_373' title='bbox 1232 1268 1377 1309; x_wconf 80' lang='lat' dir='ltr'>quicquid</span> <span class='ocrx_word' id='word_1_374' title='bbox 1391 1269 1527 1299; x_wconf 74' lang='lat' dir='ltr'>delirant</span> <span class='ocrx_word' id='word_1_375' title='bbox 1537 1277 1632 1309; x_wconf 76' lang='lat' dir='ltr'>reges.</span> 
     </span>
    </p>

    <p class='ocr_par' dir='ltr' id='par_1_21' title="bbox 881 1312 1636 1480">
     <span class='ocr_line' id='line_1_63' title="bbox 931 1312 1634 1351; baseline 0.003 -11"><span class='ocrx_word' id='word_1_376' title='bbox 931 1312 1004 1341; x_wconf 84' lang='grc'><strong>103.</strong></span> <span class='ocrx_word' id='word_1_377' title='bbox 1030 1312 1192 1342; x_wconf 82' lang='lat' dir='ltr'>Curatoris</span> <span class='ocrx_word' id='word_1_378' title='bbox 1214 1313 1239 1341; x_wconf 86' lang='grc' dir='ltr'><em>Α</em></span> <span class='ocrx_word' id='word_1_379' title='bbox 1263 1318 1391 1351; x_wconf 81' lang='lat' dir='ltr'>praetore</span> <span class='ocrx_word' id='word_1_380' title='bbox 1414 1313 1502 1341; x_wconf 83' lang='lat' dir='ltr'>dati.-</span> <span class='ocrx_word' id='word_1_381' title='bbox 1527 1316 1634 1342; x_wconf 90' lang='lat' dir='ltr'>mente</span> 
     </span>
     <span class='ocr_line' id='line_1_64' title="bbox 882 1353 1636 1395; baseline 0 -12"><span class='ocrx_word' id='word_1_382' title='bbox 882 1354 995 1395; x_wconf 78' lang='lat' dir='ltr'>captiS,</span> <span class='ocrx_word' id='word_1_383' title='bbox 1019 1353 1078 1384; x_wconf 88' lang='lat' dir='ltr'>nisi</span> <span class='ocrx_word' id='word_1_384' title='bbox 1102 1364 1210 1385; x_wconf 89' lang='lat' dir='ltr'>eorum</span> <span class='ocrx_word' id='word_1_385' title='bbox 1230 1363 1336 1384; x_wconf 87' lang='lat' dir='ltr'>curam</span> <span class='ocrx_word' id='word_1_386' title='bbox 1360 1358 1503 1394; x_wconf 87' lang='lat' dir='ltr'>gererent</span> <span class='ocrx_word' id='word_1_387' title='bbox 1526 1353 1636 1393; x_wconf 82' lang='lat' dir='ltr'>agnati</span> 
     </span>
     <span class='ocr_line' id='line_1_65' title="bbox 881 1395 1634 1437; baseline 0 -11"><span class='ocrx_word' id='word_1_388' title='bbox 881 1402 912 1426; x_wconf 85' lang='lat' dir='ltr'>et</span> <span class='ocrx_word' id='word_1_389' title='bbox 927 1397 1072 1437; x_wconf 83' lang='lat' dir='ltr'>gentiles,</span> <span class='ocrx_word' id='word_1_390' title='bbox 1089 1396 1131 1427; x_wconf 88' lang='lat' dir='ltr'>rei</span> <span class='ocrx_word' id='word_1_391' title='bbox 1149 1395 1313 1427; x_wconf 85' lang='lat' dir='ltr'>familiaris</span> <span class='ocrx_word' id='word_1_392' title='bbox 1327 1402 1453 1426; x_wconf 85' lang='lat' dir='ltr'>curator</span> <span class='ocrx_word' id='word_1_393' title='bbox 1468 1405 1487 1426; x_wconf 84' lang='lat' dir='ltr'>a</span> <span class='ocrx_word' id='word_1_394' title='bbox 1502 1401 1634 1437; x_wconf 87' lang='lat' dir='ltr'>praetore</span> 
     </span>
     <span class='ocr_line' id='line_1_66' title="bbox 882 1437 1595 1480; baseline 0 -12"><span class='ocrx_word' id='word_1_395' title='bbox 882 1438 950 1469; x_wconf 87' lang='lat' dir='ltr'>dari</span> <span class='ocrx_word' id='word_1_396' title='bbox 966 1439 1106 1470; x_wconf 86' lang='lat' dir='ltr'>solebat:</span> <span class='ocrx_word' id='word_1_397' title='bbox 1133 1438 1175 1469; x_wconf 79' lang='lat' dir='ltr'>cf.</span> <span class='ocrx_word' id='word_1_398' title='bbox 1191 1449 1261 1480; x_wconf 87' lang='lat' dir='ltr'>sup.</span> <span class='ocrx_word' id='word_1_399' title='bbox 1277 1437 1318 1469; x_wconf 83' lang='lat' dir='ltr'>ad</span> <span class='ocrx_word' id='word_1_400' title='bbox 1335 1439 1402 1469; x_wconf 86' lang='lat' dir='ltr'>Sat.</span> <span class='ocrx_word' id='word_1_401' title='bbox 1418 1438 1452 1474; x_wconf 87' lang='lat' dir='ltr'>ii,</span> <span class='ocrx_word' id='word_1_402' title='bbox 1470 1438 1503 1474; x_wconf 89' lang='lat'>9,</span> <span class='ocrx_word' id='word_1_403' title='bbox 1519 1438 1595 1468; x_wconf 83' lang='lat'><strong>218.</strong></span> 
     </span>
    </p>

    <p class='ocr_par' dir='ltr' id='par_1_22' title="bbox 882 1480 1631 1737">
     <span class='ocr_line' id='line_1_67' title="bbox 929 1480 1630 1523; baseline -0.001 -11"><span class='ocrx_word' id='word_1_404' title='bbox 929 1482 1002 1512; x_wconf 90' lang='lat'>104.</span> <span class='ocrx_word' id='word_1_405' title='bbox 1027 1482 1141 1517; x_wconf 81' lang='lat' dir='ltr'>Prave,</span> <span class='ocrx_word' id='word_1_406' title='bbox 1163 1481 1256 1518; x_wconf 84' lang='lat' dir='ltr'>male,</span> <span class='ocrx_word' id='word_1_407' title='bbox 1279 1481 1396 1523; x_wconf 90' lang='lat' dir='ltr'>inepte,</span> <span class='ocrx_word' id='word_1_408' title='bbox 1415 1480 1630 1521; x_wconf 75' lang='lat' dir='ltr'>negligenter:</span> 
     </span>
     <span class='ocr_line' id='line_1_68' title="bbox 882 1522 1631 1565; baseline 0 -11"><span class='ocrx_word' id='word_1_409' title='bbox 882 1536 976 1564; x_wconf 81' lang='lat' dir='ltr'>prave</span> <span class='ocrx_word' id='word_1_410' title='bbox 998 1531 1110 1556; x_wconf 79' lang='lat' dir='ltr'>sectum</span> <span class='ocrx_word' id='word_1_411' title='bbox 1133 1526 1167 1555; x_wconf 86' lang='lat' dir='ltr'>ob</span> <span class='ocrx_word' id='word_1_412' title='bbox 1190 1535 1337 1565; x_wconf 78' lang='lat' dir='ltr'>unguem,</span> <span class='ocrx_word' id='word_1_413' title='bbox 1357 1524 1397 1554; x_wconf 94' lang='lat' dir='ltr'>ob</span> <span class='ocrx_word' id='word_1_414' title='bbox 1420 1534 1485 1555; x_wconf 89' lang='lat' dir='ltr'>rem</span> <span class='ocrx_word' id='word_1_415' title='bbox 1510 1522 1631 1554; x_wconf 82' lang='lat' dir='ltr'>levissi-</span> 
     </span>
     <span class='ocr_line' id='line_1_69' title="bbox 883 1566 1631 1609; baseline 0.001 -12"><span class='ocrx_word' id='word_1_416' title='bbox 883 1577 978 1604; x_wconf 86' lang='lat' dir='ltr'>mam,</span> <span class='ocrx_word' id='word_1_417' title='bbox 1001 1578 1073 1609; x_wconf 81' lang='lat' dir='ltr'>quae</span> <span class='ocrx_word' id='word_1_418' title='bbox 1099 1567 1218 1598; x_wconf 84' lang='lat' dir='ltr'>recedit</span> <span class='ocrx_word' id='word_1_419' title='bbox 1244 1568 1284 1598; x_wconf 87' lang='lat' dir='ltr'>ab</span> <span class='ocrx_word' id='word_1_420' title='bbox 1308 1573 1436 1598; x_wconf 87' lang='lat' dir='ltr'>externa</span> <span class='ocrx_word' id='word_1_421' title='bbox 1460 1566 1631 1607; x_wconf 86' lang='lat' dir='ltr'>elegantia.</span> 
     </span>
     <span class='ocr_line' id='line_1_70' title="bbox 884 1609 1630 1651; baseline -0.001 -11"><span class='ocrx_word' id='word_1_422' title='bbox 884 1610 924 1640; x_wconf 93' lang='lat' dir='ltr'>In</span> <span class='ocrx_word' id='word_1_423' title='bbox 948 1620 1038 1642; x_wconf 88' lang='lat' dir='ltr'>versu</span> <span class='ocrx_word' id='word_1_424' title='bbox 1067 1611 1109 1641; x_wconf 87' lang='lat'>94</span> <span class='ocrx_word' id='word_1_425' title='bbox 1133 1611 1299 1641; x_wconf 75' lang='lat' dir='ltr'>Mrecenas</span> <span class='ocrx_word' id='word_1_426' title='bbox 1324 1609 1366 1640; x_wconf 91' lang='lat' dir='ltr'>ob</span> <span class='ocrx_word' id='word_1_427' title='bbox 1393 1609 1527 1651; x_wconf 86' lang='lat' dir='ltr'>capillos</span> <span class='ocrx_word' id='word_1_428' title='bbox 1552 1610 1630 1640; x_wconf 87' lang='lat' dir='ltr'>inae-</span> 
     </span>
     <span class='ocr_line' id='line_1_71' title="bbox 882 1652 1630 1693; baseline 0 -10"><span class='ocrx_word' id='word_1_429' title='bbox 882 1653 1019 1693; x_wconf 83' lang='lat' dir='ltr'>qualiter</span> <span class='ocrx_word' id='word_1_430' title='bbox 1048 1659 1185 1684; x_wconf 89' lang='lat' dir='ltr'>resectos</span> <span class='ocrx_word' id='word_1_431' title='bbox 1215 1654 1328 1688; x_wconf 81' lang='lat' dir='ltr'>ridere,</span> <span class='ocrx_word' id='word_1_432' title='bbox 1359 1663 1446 1683; x_wconf 91' lang='lat' dir='ltr'>nunc</span> <span class='ocrx_word' id='word_1_433' title='bbox 1476 1652 1517 1682; x_wconf 92' lang='lat' dir='ltr'>ob</span> <span class='ocrx_word' id='word_1_434' title='bbox 1548 1652 1630 1683; x_wconf 89' lang='lat' dir='ltr'>male</span> 
     </span>
     <span class='ocr_line' id='line_1_72' title="bbox 883 1694 1496 1737; baseline -0.003 -11"><span class='ocrx_word' id='word_1_435' title='bbox 883 1702 1004 1726; x_wconf 86' lang='lat' dir='ltr'>sectum</span> <span class='ocrx_word' id='word_1_436' title='bbox 1021 1706 1159 1737; x_wconf 81' lang='lat' dir='ltr'>unguem</span> <span class='ocrx_word' id='word_1_437' title='bbox 1176 1696 1356 1726; x_wconf 77' lang='lat' dir='ltr'>stomachari</span> <span class='ocrx_word' id='word_1_438' title='bbox 1370 1694 1496 1726; x_wconf 89' lang='lat' dir='ltr'>dicitur.</span> 
     </span>
    </p>

    <p class='ocr_par' dir='ltr' id='par_1_23' title="bbox 879 1738 1632 1995">
     <span class='ocr_line' id='line_1_73' title="bbox 928 1738 1630 1778; baseline -0.001 -10"><span class='ocrx_word' id='word_1_439' title='bbox 928 1740 1003 1770; x_wconf 87' lang='lat'>105.</span> <span class='ocrx_word' id='word_1_440' title='bbox 1042 1740 1088 1768; x_wconf 81' lang='lat' dir='ltr'>De</span> <span class='ocrx_word' id='word_1_441' title='bbox 1122 1747 1149 1769; x_wconf 83' lang='lat' dir='ltr'>te</span> <span class='ocrx_word' id='word_1_442' title='bbox 1179 1739 1349 1778; x_wconf 79' lang='lat' dir='ltr'>pendentis,</span> <span class='ocrx_word' id='word_1_443' title='bbox 1384 1744 1411 1768; x_wconf 81' lang='lat' dir='ltr'>te</span> <span class='ocrx_word' id='word_1_444' title='bbox 1444 1738 1630 1776; x_wconf 78' lang='lat' dir='ltr'>respicientis</span> 
     </span>
     <span class='ocr_line' id='line_1_74' title="bbox 883 1779 1632 1823; baseline 0.001 -12"><span class='ocrx_word' id='word_1_445' title='bbox 883 1784 989 1812; x_wconf 80' lang='lat' dir='ltr'>amici.-</span> <span class='ocrx_word' id='word_1_446' title='bbox 1007 1781 1099 1813; x_wconf 85' lang='lat' dir='ltr'>amici</span> <span class='ocrx_word' id='word_1_447' title='bbox 1113 1791 1132 1812; x_wconf 88' lang='lat' dir='ltr'>a</span> <span class='ocrx_word' id='word_1_448' title='bbox 1145 1786 1223 1811; x_wconf 90' lang='lat' dir='ltr'>nutu</span> <span class='ocrx_word' id='word_1_449' title='bbox 1236 1786 1290 1811; x_wconf 87' lang='lat' dir='ltr'>tuo</span> <span class='ocrx_word' id='word_1_450' title='bbox 1302 1780 1395 1823; x_wconf 88' lang='lat' dir='ltr'>plane</span> <span class='ocrx_word' id='word_1_451' title='bbox 1409 1779 1589 1822; x_wconf 87' lang='lat' dir='ltr'>pendentis,</span> <span class='ocrx_word' id='word_1_452' title='bbox 1601 1786 1632 1812; x_wconf 87' lang='lat' dir='ltr'>te</span> 
     </span>
     <span class='ocr_line' id='line_1_75' title="bbox 883 1822 1628 1865; baseline -0.001 -11"><span class='ocrx_word' id='word_1_453' title='bbox 883 1824 916 1854; x_wconf 90' lang='lat' dir='ltr'>in</span> <span class='ocrx_word' id='word_1_454' title='bbox 955 1824 1058 1855; x_wconf 92' lang='lat' dir='ltr'>oculis</span> <span class='ocrx_word' id='word_1_455' title='bbox 1095 1823 1260 1865; x_wconf 80' lang='lat' dir='ltr'>gestantiS,</span> <span class='ocrx_word' id='word_1_456' title='bbox 1292 1823 1341 1854; x_wconf 84' lang='lat' dir='ltr'>vel</span> <span class='ocrx_word' id='word_1_457' title='bbox 1377 1822 1509 1864; x_wconf 86' lang='lat' dir='ltr'>gratiam</span> <span class='ocrx_word' id='word_1_458' title='bbox 1541 1828 1628 1854; x_wconf 83' lang='lat' dir='ltr'>tuam</span> 
     </span>
     <span class='ocr_line' id='line_1_76' title="bbox 879 1865 1630 1909; baseline 0 -11"><span class='ocrx_word' id='word_1_459' title='bbox 879 1867 1059 1909; x_wconf 81' lang='lat' dir='ltr'>sequentis3</span> <span class='ocrx_word' id='word_1_460' title='bbox 1087 1867 1131 1898; x_wconf 86' lang='lat' dir='ltr'>sic</span> <span class='ocrx_word' id='word_1_461' title='bbox 1162 1872 1245 1898; x_wconf 89' lang='lat' dir='ltr'>certe</span> <span class='ocrx_word' id='word_1_462' title='bbox 1271 1868 1418 1906; x_wconf 77' lang='lat' dir='ltr'>respicere</span> <span class='ocrx_word' id='word_1_463' title='bbox 1446 1865 1532 1908; x_wconf 87' lang='lat' dir='ltr'>apud</span> <span class='ocrx_word' id='word_1_464' title='bbox 1559 1866 1630 1898; x_wconf 80' lang='lat' dir='ltr'>Jul.</span> 
     </span>
     <span class='ocr_line' id='line_1_77' title="bbox 882 1909 1628 1948; baseline -0.004 -6"><span class='ocrx_word' id='word_1_465' title='bbox 882 1910 965 1942; x_wconf 83' lang='lat' dir='ltr'>Caes.</span> <span class='ocrx_word' id='word_1_466' title='bbox 992 1911 1031 1941; x_wconf 86' lang='lat' dir='ltr'>B.</span> <span class='ocrx_word' id='word_1_467' title='bbox 1054 1910 1094 1942; x_wconf 86' lang='lat' dir='ltr'>C.</span> <span class='ocrx_word' id='word_1_468' title='bbox 1117 1909 1140 1945; x_wconf 86' lang='lat' dir='ltr'>i,</span> <span class='ocrx_word' id='word_1_469' title='bbox 1164 1911 1192 1946; x_wconf 90' lang='lat' dir='ltr'>l,</span> <span class='ocrx_word' id='word_1_470' title='bbox 1215 1910 1270 1940; x_wconf 70' lang='lat' dir='ltr'>Sin</span> <span class='ocrx_word' id='word_1_471' title='bbox 1296 1909 1439 1940; x_wconf 81' lang='lat' dir='ltr'>Caesarem</span> <span class='ocrx_word' id='word_1_472' title='bbox 1461 1909 1628 1948; x_wconf 79' lang='lat' dir='ltr'>respiciant</span> 
     </span>
     <span class='ocr_line' id='line_1_78' title="bbox 881 1954 1392 1995; baseline -0.002 -12"><span class='ocrx_word' id='word_1_473' title='bbox 881 1960 971 1993; x_wconf 81' lang='lat' dir='ltr'>utque</span> <span class='ocrx_word' id='word_1_474' title='bbox 986 1955 1051 1993; x_wconf 68' lang='lat' dir='ltr'>ejus</span> <span class='ocrx_word' id='word_1_475' title='bbox 1065 1954 1200 1995; x_wconf 77' lang='lat' dir='ltr'>gratiam</span> <span class='ocrx_word' id='word_1_476' title='bbox 1215 1961 1392 1992; x_wconf 78' lang='lat' dir='ltr'>sequamur.</span> 
     </span>
    </p>

    <p class='ocr_par' dir='ltr' id='par_1_24' title="bbox 877 1994 1630 2510">
     <span class='ocr_line' id='line_1_79' title="bbox 928 1994 1629 2037; baseline -0.001 -10"><span class='ocrx_word' id='word_1_477' title='bbox 928 1996 1000 2031; x_wconf 88' lang='grc'>106,</span> <span class='ocrx_word' id='word_1_478' title='bbox 1017 1997 1091 2026; x_wconf 87' lang='grc'><strong>107.</strong></span> <span class='ocrx_word' id='word_1_479' title='bbox 1114 1996 1164 2026; x_wconf 76' lang='lat' dir='ltr'>Ad</span> <span class='ocrx_word' id='word_1_480' title='bbox 1178 2006 1335 2031; x_wconf 79' lang='lat' dir='ltr'>summam,</span> <span class='ocrx_word' id='word_1_481' title='bbox 1350 2001 1387 2026; x_wconf 87' lang='lat' dir='ltr'>ut</span> <span class='ocrx_word' id='word_1_482' title='bbox 1400 2004 1464 2026; x_wconf 88' lang='lat' dir='ltr'>rem</span> <span class='ocrx_word' id='word_1_483' title='bbox 1480 1994 1512 2025; x_wconf 90' lang='lat' dir='ltr'>in</span> <span class='ocrx_word' id='word_1_484' title='bbox 1526 2004 1629 2037; x_wconf 79' lang='lat' dir='ltr'>pauca</span> 
     </span>
     <span class='ocr_line' id='line_1_80' title="bbox 879 2037 1627 2080; baseline -0.004 -10"><span class='ocrx_word' id='word_1_485' title='bbox 879 2038 1058 2070; x_wconf 82' lang='lat' dir='ltr'>conseram:</span> <span class='ocrx_word' id='word_1_486' title='bbox 1085 2037 1230 2069; x_wconf 86' lang='lat' dir='ltr'>similiter</span> <span class='ocrx_word' id='word_1_487' title='bbox 1258 2047 1331 2080; x_wconf 86' lang='lat' dir='ltr'>sup.</span> <span class='ocrx_word' id='word_1_488' title='bbox 1359 2038 1426 2068; x_wconf 87' lang='lat' dir='ltr'>Sat.</span> <span class='ocrx_word' id='word_1_489' title='bbox 1448 2037 1470 2073; x_wconf 86' lang='lat' dir='ltr'>i.</span> <span class='ocrx_word' id='word_1_490' title='bbox 1494 2038 1526 2074; x_wconf 89' lang='lat'>3,</span> <span class='ocrx_word' id='word_1_491' title='bbox 1554 2038 1627 2074; x_wconf 87' lang='lat'>137,</span> 
     </span>
     <span class='ocr_line' id='line_1_81' title="bbox 883 2079 1627 2123; baseline -0.001 -11"><span class='ocrx_word' id='word_1_492' title='bbox 883 2082 930 2112; x_wconf 86' lang='lat' dir='ltr'>Ne</span> <span class='ocrx_word' id='word_1_493' title='bbox 958 2083 1082 2123; x_wconf 82' lang='lat' dir='ltr'>longum</span> <span class='ocrx_word' id='word_1_494' title='bbox 1097 2082 1231 2123; x_wconf 76' lang='lat' dir='ltr'>j&#39;czciam.</span> <span class='ocrx_word' id='word_1_495' title='bbox 1277 2081 1352 2112; x_wconf 90' lang='lat' dir='ltr'>Jam</span> <span class='ocrx_word' id='word_1_496' title='bbox 1379 2079 1503 2111; x_wconf 84' lang='lat' dir='ltr'>videtur</span> <span class='ocrx_word' id='word_1_497' title='bbox 1533 2086 1627 2122; x_wconf 88' lang='lat' dir='ltr'>poeta</span> 
     </span>
     <span class='ocr_line' id='line_1_82' title="bbox 879 2122 1628 2166; baseline -0.001 -11"><span class='ocrx_word' id='word_1_498' title='bbox 879 2124 1035 2166; x_wconf 88' lang='lat' dir='ltr'>subjicere</span> <span class='ocrx_word' id='word_1_499' title='bbox 1050 2124 1112 2156; x_wconf 84' lang='lat' dir='ltr'>fere</span> <span class='ocrx_word' id='word_1_500' title='bbox 1125 2123 1261 2155; x_wconf 86' lang='lat' dir='ltr'>voluisse</span> <span class='ocrx_word' id='word_1_501' title='bbox 1278 2123 1337 2155; x_wconf 89' lang='lat' dir='ltr'>hoc</span> <span class='ocrx_word' id='word_1_502' title='bbox 1353 2136 1358 2154; x_wconf 91' lang='lat'>:</span> <span class='ocrx_word' id='word_1_503' title='bbox 1382 2127 1402 2140; x_wconf 79' lang='lat'>¹¹</span> <span class='ocrx_word' id='word_1_504' title='bbox 1414 2123 1503 2154; x_wconf 84' lang='lat' dir='ltr'>solus</span> <span class='ocrx_word' id='word_1_505' title='bbox 1517 2122 1556 2160; x_wconf 88' lang='lat' dir='ltr'>is,</span> <span class='ocrx_word' id='word_1_506' title='bbox 1572 2123 1628 2165; x_wconf 89' lang='lat' dir='ltr'>qui</span> 
     </span>
     <span class='ocr_line' id='line_1_83' title="bbox 881 2166 1626 2210; baseline -0.003 -12"><span class='ocrx_word' id='word_1_507' title='bbox 881 2167 921 2198; x_wconf 89' lang='lat' dir='ltr'>ad</span> <span class='ocrx_word' id='word_1_508' title='bbox 949 2167 1111 2210; x_wconf 70' lang='lat' dir='ltr'>sapientia-2</span> <span class='ocrx_word' id='word_1_509' title='bbox 1141 2172 1303 2209; x_wconf 85' lang='lat' dir='ltr'>praecepta</span> <span class='ocrx_word' id='word_1_510' title='bbox 1326 2166 1423 2197; x_wconf 84' lang='lat' dir='ltr'>vitam</span> <span class='ocrx_word' id='word_1_511' title='bbox 1452 2166 1626 2208; x_wconf 89' lang='lat' dir='ltr'>componit,</span> 
     </span>
     <span class='ocr_line' id='line_1_84' title="bbox 879 2209 1628 2252; baseline -0.003 -11"><span class='ocrx_word' id='word_1_512' title='bbox 879 2210 953 2242; x_wconf 81' lang='lat' dir='ltr'>felix</span> <span class='ocrx_word' id='word_1_513' title='bbox 974 2217 1006 2241; x_wconf 89' lang='lat' dir='ltr'>et</span> <span class='ocrx_word' id='word_1_514' title='bbox 1021 2211 1132 2241; x_wconf 82' lang='lat' dir='ltr'>beatus</span> <span class='ocrx_word' id='word_1_515' title='bbox 1151 2215 1200 2240; x_wconf 88' lang='lat' dir='ltr'>est</span> <span class='ocrx_word' id='word_1_516' title='bbox 1212 2209 1241 2246; x_wconf 88' lang='lat'>;&#39;’</span> <span class='ocrx_word' id='word_1_517' title='bbox 1266 2219 1322 2252; x_wconf 86' lang='lat' dir='ltr'>pro</span> <span class='ocrx_word' id='word_1_518' title='bbox 1339 2220 1376 2240; x_wconf 90' lang='lat' dir='ltr'>eo</span> <span class='ocrx_word' id='word_1_519' title='bbox 1399 2209 1506 2251; x_wconf 88' lang='lat' dir='ltr'>posuit</span> <span class='ocrx_word' id='word_1_520' title='bbox 1520 2209 1628 2246; x_wconf 84' lang='lat' dir='ltr'>verba,</span> 
     </span>
     <span class='ocr_line' id='line_1_85' title="bbox 878 2251 1626 2295; baseline -0.003 -11"><span class='ocrx_word' id='word_1_521' title='bbox 878 2253 996 2295; x_wconf 87' lang='lat' dir='ltr'>quibus</span> <span class='ocrx_word' id='word_1_522' title='bbox 1013 2252 1222 2295; x_wconf 63' lang='lat' dir='ltr'>philosophiae</span> <span class='ocrx_word' id='word_1_523' title='bbox 1243 2263 1308 2283; x_wconf 83' lang='lat' dir='ltr'>suae</span> <span class='ocrx_word' id='word_1_524' title='bbox 1329 2251 1490 2294; x_wconf 84' lang='lat' dir='ltr'>praeconia</span> <span class='ocrx_word' id='word_1_525' title='bbox 1508 2252 1626 2283; x_wconf 86' lang='lat' dir='ltr'>decan-</span> 
     </span>
     <span class='ocr_line' id='line_1_86' title="bbox 878 2295 1628 2335; baseline -0.001 -8"><span class='ocrx_word' id='word_1_526' title='bbox 878 2302 944 2328; x_wconf 84' lang='lat' dir='ltr'>tare</span> <span class='ocrx_word' id='word_1_527' title='bbox 972 2296 1117 2327; x_wconf 87' lang='lat' dir='ltr'>solebant</span> <span class='ocrx_word' id='word_1_528' title='bbox 1147 2295 1260 2330; x_wconf 89' lang='lat' dir='ltr'>Stoici,</span> <span class='ocrx_word' id='word_1_529' title='bbox 1289 2299 1408 2335; x_wconf 79' lang='lat' dir='ltr'>sapiens</span> <span class='ocrx_word' id='word_1_530' title='bbox 1435 2307 1498 2326; x_wconf 83' lang='lat' dir='ltr'>uno</span> <span class='ocrx_word' id='word_1_531' title='bbox 1529 2297 1628 2326; x_wconf 78' lang='lat' dir='ltr'>minor</span> 
     </span>
     <span class='ocr_line' id='line_1_87' title="bbox 877 2337 1630 2380; baseline 0 -10"><span class='ocrx_word' id='word_1_532' title='bbox 877 2348 919 2370; x_wconf 83' lang='lat' dir='ltr'>est</span> <span class='ocrx_word' id='word_1_533' title='bbox 937 2339 1023 2375; x_wconf 78' lang='lat' dir='ltr'>Jove,</span> <span class='ocrx_word' id='word_1_534' title='bbox 1044 2339 1078 2370; x_wconf 90' lang='lat' dir='ltr'>h.</span> <span class='ocrx_word' id='word_1_535' title='bbox 1101 2349 1130 2370; x_wconf 85' lang='lat' dir='ltr'>e.</span> <span class='ocrx_word' id='word_1_536' title='bbox 1152 2338 1278 2380; x_wconf 87' lang='lat' dir='ltr'>sapiens</span> <span class='ocrx_word' id='word_1_537' title='bbox 1300 2338 1356 2369; x_wconf 89' lang='lat' dir='ltr'>uni</span> <span class='ocrx_word' id='word_1_538' title='bbox 1378 2337 1452 2370; x_wconf 85' lang='lat' dir='ltr'>Jovi</span> <span class='ocrx_word' id='word_1_539' title='bbox 1473 2338 1630 2378; x_wconf 85' lang='lat' dir='ltr'>dignitate</span> 
     </span>
     <span class='ocr_line' id='line_1_88' title="bbox 879 2381 1626 2422; baseline -0.004 -8"><span class='ocrx_word' id='word_1_540' title='bbox 879 2382 982 2414; x_wconf 88' lang='lat' dir='ltr'>cedit:</span> <span class='ocrx_word' id='word_1_541' title='bbox 1007 2382 1046 2413; x_wconf 88' lang='lat' dir='ltr'>de</span> <span class='ocrx_word' id='word_1_542' title='bbox 1069 2381 1227 2413; x_wconf 86' lang='lat' dir='ltr'>locutione</span> <span class='ocrx_word' id='word_1_543' title='bbox 1248 2383 1347 2412; x_wconf 81' lang='lat' dir='ltr'>minor</span> <span class='ocrx_word' id='word_1_544' title='bbox 1370 2388 1411 2412; x_wconf 84' lang='lat' dir='ltr'>est</span> <span class='ocrx_word' id='word_1_545' title='bbox 1434 2383 1546 2422; x_wconf 77' lang='lat' dir='ltr'>uliquis</span> <span class='ocrx_word' id='word_1_546' title='bbox 1565 2382 1626 2411; x_wconf 78' lang='lat' dir='ltr'>ali-</span> 
     </span>
     <span class='ocr_line' id='line_1_89' title="bbox 879 2424 1629 2467; baseline 0 -11"><span class='ocrx_word' id='word_1_547' title='bbox 879 2437 937 2466; x_wconf 83' lang='lat' dir='ltr'>quo</span> <span class='ocrx_word' id='word_1_548' title='bbox 963 2425 1111 2467; x_wconf 87' lang='lat' dir='ltr'>exempla</span> <span class='ocrx_word' id='word_1_549' title='bbox 1138 2424 1224 2455; x_wconf 85' lang='lat' dir='ltr'>dedit</span> <span class='ocrx_word' id='word_1_550' title='bbox 1253 2425 1365 2455; x_wconf 87' lang='lat' dir='ltr'>Lamb.</span> <span class='ocrx_word' id='word_1_551' title='bbox 1411 2424 1474 2455; x_wconf 70' lang='lat' dir='ltr'>Rex</span> <span class='ocrx_word' id='word_1_552' title='bbox 1500 2425 1629 2465; x_wconf 77' lang='lat' dir='ltr'>deniqne</span> 
     </span>
     <span class='ocr_line' id='line_1_90' title="bbox 881 2467 1556 2510; baseline -0.001 -11"><span class='ocrx_word' id='word_1_553' title='bbox 881 2479 1010 2510; x_wconf 81' lang='lat' dir='ltr'>reg-um.-</span> <span class='ocrx_word' id='word_1_554' title='bbox 1035 2468 1078 2498; x_wconf 87' lang='lat' dir='ltr'>cf.</span> <span class='ocrx_word' id='word_1_555' title='bbox 1092 2478 1163 2509; x_wconf 87' lang='lat' dir='ltr'>sup.</span> <span class='ocrx_word' id='word_1_556' title='bbox 1179 2468 1248 2498; x_wconf 87' lang='lat' dir='ltr'>Sat.</span> <span class='ocrx_word' id='word_1_557' title='bbox 1264 2467 1287 2504; x_wconf 82' lang='lat' dir='ltr'>i,</span> <span class='ocrx_word' id='word_1_558' title='bbox 1304 2469 1336 2503; x_wconf 84' lang='lat'>3,</span> <span class='ocrx_word' id='word_1_559' title='bbox 1359 2468 1418 2498; x_wconf 82' lang='lat'>125</span> <span class='ocrx_word' id='word_1_560' title='bbox 1433 2473 1466 2498; x_wconf 88' lang='lat' dir='ltr'>et</span> <span class='ocrx_word' id='word_1_561' title='bbox 1485 2468 1556 2498; x_wconf 89' lang='grc'><strong>136.</strong></span> 
     </span>
    </p>

    <p class='ocr_par' dir='ltr' id='par_1_25' title="bbox 881 2510 1638 2980">
     <span class='ocr_line' id='line_1_91' title="bbox 927 2510 1629 2552; baseline -0.003 -10"><span class='ocrx_word' id='word_1_562' title='bbox 927 2512 1000 2542; x_wconf 90' lang='grc'><strong>108.</strong></span> <span class='ocrx_word' id='word_1_563' title='bbox 1019 2511 1175 2551; x_wconf 81' lang='lat' dir='ltr'>Praecipue</span> <span class='ocrx_word' id='word_1_564' title='bbox 1185 2521 1295 2541; x_wconf 75' lang='lat' dir='ltr'>sanus.-</span> <span class='ocrx_word' id='word_1_565' title='bbox 1312 2520 1386 2552; x_wconf 85' lang='lat' dir='ltr'>ergo</span> <span class='ocrx_word' id='word_1_566' title='bbox 1398 2510 1536 2552; x_wconf 87' lang='lat' dir='ltr'>corporis</span> <span class='ocrx_word' id='word_1_567' title='bbox 1547 2521 1629 2552; x_wconf 85' lang='lat' dir='ltr'>quo-</span> 
     </span>
     <span class='ocr_line' id='line_1_92' title="bbox 881 2553 1629 2596; baseline -0.001 -12"><span class='ocrx_word' id='word_1_568' title='bbox 881 2564 944 2596; x_wconf 90' lang='lat' dir='ltr'>que</span> <span class='ocrx_word' id='word_1_569' title='bbox 966 2553 1134 2584; x_wconf 86' lang='lat' dir='ltr'>sanitatem</span> <span class='ocrx_word' id='word_1_570' title='bbox 1152 2553 1330 2585; x_wconf 77' lang='lat' dir='ltr'>referebant</span> <span class='ocrx_word' id='word_1_571' title='bbox 1352 2553 1451 2584; x_wconf 88' lang='lat' dir='ltr'>Stoici</span> <span class='ocrx_word' id='word_1_572' title='bbox 1473 2553 1513 2584; x_wconf 90' lang='lat' dir='ltr'>ad</span> <span class='ocrx_word' id='word_1_573' title='bbox 1532 2553 1629 2590; x_wconf 89' lang='lat' dir='ltr'>bona,</span> 
     </span>
     <span class='ocr_line' id='line_1_93' title="bbox 881 2595 1630 2638; baseline -0.001 -10"><span class='ocrx_word' id='word_1_574' title='bbox 881 2607 953 2638; x_wconf 87' lang='lat' dir='ltr'>quae</span> <span class='ocrx_word' id='word_1_575' title='bbox 978 2596 1159 2638; x_wconf 84' lang='lat' dir='ltr'>disciplinae</span> <span class='ocrx_word' id='word_1_576' title='bbox 1190 2607 1256 2627; x_wconf 86' lang='lat' dir='ltr'>suae</span> <span class='ocrx_word' id='word_1_577' title='bbox 1278 2599 1431 2637; x_wconf 83' lang='lat' dir='ltr'>proecipue</span> <span class='ocrx_word' id='word_1_578' title='bbox 1458 2595 1630 2635; x_wconf 84' lang='lat' dir='ltr'>deberent3</span> 
     </span>
     <span class='ocr_line' id='line_1_94' title="bbox 883 2639 1633 2680; baseline 0 -10"><span class='ocrx_word' id='word_1_579' title='bbox 883 2640 938 2671; x_wconf 86' lang='lat' dir='ltr'>sed</span> <span class='ocrx_word' id='word_1_580' title='bbox 961 2639 1050 2670; x_wconf 86' lang='lat' dir='ltr'>addit</span> <span class='ocrx_word' id='word_1_581' title='bbox 1074 2639 1169 2674; x_wconf 88' lang='lat' dir='ltr'>salse,</span> <span class='ocrx_word' id='word_1_582' title='bbox 1194 2641 1254 2670; x_wconf 81' lang='lat' dir='ltr'>nisi</span> <span class='ocrx_word' id='word_1_583' title='bbox 1277 2651 1346 2671; x_wconf 81' lang='lat' dir='ltr'>cum</span> <span class='ocrx_word' id='word_1_584' title='bbox 1368 2641 1486 2680; x_wconf 80' lang='lat' dir='ltr'>pituita</span> <span class='ocrx_word' id='word_1_585' title='bbox 1509 2640 1633 2670; x_wconf 75' lang='lat' dir='ltr'>molesta</span> 
     </span>
     <span class='ocr_line' id='line_1_95' title="bbox 883 2681 1630 2724; baseline -0.003 -10"><span class='ocrx_word' id='word_1_586' title='bbox 883 2689 937 2721; x_wconf 81' lang='lat' dir='ltr'>ese,</span> <span class='ocrx_word' id='word_1_587' title='bbox 954 2693 1038 2719; x_wconf 88' lang='lat' dir='ltr'>nam,</span> <span class='ocrx_word' id='word_1_588' title='bbox 1056 2682 1111 2723; x_wconf 88' lang='lat' dir='ltr'>qui</span> <span class='ocrx_word' id='word_1_589' title='bbox 1133 2681 1248 2724; x_wconf 88' lang='lat' dir='ltr'>pituita</span> <span class='ocrx_word' id='word_1_590' title='bbox 1266 2682 1424 2718; x_wconf 86' lang='lat' dir='ltr'>laborant,</span> <span class='ocrx_word' id='word_1_591' title='bbox 1443 2683 1538 2714; x_wconf 84' lang='lat' dir='ltr'>rebus</span> <span class='ocrx_word' id='word_1_592' title='bbox 1555 2682 1630 2712; x_wconf 84' lang='lat' dir='ltr'>sub-</span> 
     </span>
     <span class='ocr_line' id='line_1_96' title="bbox 886 2724 1634 2768; baseline -0.001 -12"><span class='ocrx_word' id='word_1_593' title='bbox 886 2725 975 2757; x_wconf 88' lang='lat' dir='ltr'>tilius</span> <span class='ocrx_word' id='word_1_594' title='bbox 997 2725 1218 2756; x_wconf 85' lang='lat' dir='ltr'>examinandis</span> <span class='ocrx_word' id='word_1_595' title='bbox 1240 2731 1273 2756; x_wconf 89' lang='lat' dir='ltr'>et</span> <span class='ocrx_word' id='word_1_596' title='bbox 1293 2725 1524 2768; x_wconf 85' lang='lat' dir='ltr'>perpendendis</span> <span class='ocrx_word' id='word_1_597' title='bbox 1547 2724 1634 2756; x_wconf 91' lang='lat' dir='ltr'>haud</span> 
     </span>
     <span class='ocr_line' id='line_1_97' title="bbox 886 2768 1635 2811; baseline 0 -12"><span class='ocrx_word' id='word_1_598' title='bbox 886 2769 952 2811; x_wconf 87' lang='lat' dir='ltr'>apti</span> <span class='ocrx_word' id='word_1_599' title='bbox 993 2772 1087 2806; x_wconf 84' lang='lat' dir='ltr'>sunt;</span> <span class='ocrx_word' id='word_1_600' title='bbox 1126 2768 1213 2806; x_wconf 87' lang='lat' dir='ltr'>hinc,</span> <span class='ocrx_word' id='word_1_601' title='bbox 1254 2774 1288 2799; x_wconf 92' lang='lat' dir='ltr'>ut</span> <span class='ocrx_word' id='word_1_602' title='bbox 1331 2768 1511 2800; x_wconf 82' lang='lat' dir='ltr'>observavit</span> <span class='ocrx_word' id='word_1_603' title='bbox 1553 2768 1635 2799; x_wconf 89' lang='lat' dir='ltr'>Ges-</span> 
     </span>
     <span class='ocr_line' id='line_1_98' title="bbox 887 2810 1636 2854; baseline 0.001 -12"><span class='ocrx_word' id='word_1_604' title='bbox 887 2821 992 2846; x_wconf 88' lang='lat' dir='ltr'>nerus,</span> <span class='ocrx_word' id='word_1_605' title='bbox 1011 2812 1183 2845; x_wconf 78' lang='lat' dir='ltr'>hebetiores,</span> <span class='ocrx_word' id='word_1_606' title='bbox 1206 2810 1293 2854; x_wconf 87' lang='lat' dir='ltr'>apud</span> <span class='ocrx_word' id='word_1_607' title='bbox 1313 2811 1444 2843; x_wconf 80' lang='lat' dir='ltr'>Graecos</span> <span class='ocrx_word' id='word_1_608' title='bbox 1465 2812 1636 2853; x_wconf 82' lang='grc' dir='ltr'>κορυζῶν·</span> 
     </span>
     <span class='ocr_line' id='line_1_99' title="bbox 887 2853 1635 2896; baseline -0.003 -10"><span class='ocrx_word' id='word_1_609' title='bbox 887 2865 962 2893; x_wconf 80' lang='grc' dir='ltr'>τες;</span> <span class='ocrx_word' id='word_1_610' title='bbox 985 2865 1078 2885; x_wconf 79' lang='lat' dir='ltr'>sanus</span> <span class='ocrx_word' id='word_1_611' title='bbox 1090 2853 1186 2896; x_wconf 86' lang='lat' dir='ltr'>igitur</span> <span class='ocrx_word' id='word_1_612' title='bbox 1196 2854 1265 2896; x_wconf 84' lang='lat' dir='ltr'>jam</span> <span class='ocrx_word' id='word_1_613' title='bbox 1281 2864 1377 2885; x_wconf 87' lang='lat' dir='ltr'>sensu</span> <span class='ocrx_word' id='word_1_614' title='bbox 1392 2854 1553 2895; x_wconf 85' lang='lat' dir='ltr'>ambiguo,</span> <span class='ocrx_word' id='word_1_615' title='bbox 1570 2860 1635 2885; x_wconf 89' lang='lat' dir='ltr'>tam</span> 
     </span>
     <span class='ocr_line' id='line_1_100' title="bbox 889 2896 1638 2939; baseline -0.004 -10"><span class='ocrx_word' id='word_1_616' title='bbox 889 2898 929 2930; x_wconf 87' lang='lat' dir='ltr'>de</span> <span class='ocrx_word' id='word_1_617' title='bbox 949 2903 1056 2928; x_wconf 89' lang='lat' dir='ltr'>mente</span> <span class='ocrx_word' id='word_1_618' title='bbox 1075 2907 1171 2939; x_wconf 88' lang='lat' dir='ltr'>quam</span> <span class='ocrx_word' id='word_1_619' title='bbox 1195 2898 1234 2928; x_wconf 87' lang='lat' dir='ltr'>de</span> <span class='ocrx_word' id='word_1_620' title='bbox 1257 2907 1397 2939; x_wconf 89' lang='lat' dir='ltr'>corpore,</span> <span class='ocrx_word' id='word_1_621' title='bbox 1413 2896 1533 2928; x_wconf 89' lang='lat' dir='ltr'>dictum</span> <span class='ocrx_word' id='word_1_622' title='bbox 1552 2896 1638 2927; x_wconf 87' lang='lat' dir='ltr'>vide-</span> 
     </span>
     <span class='ocr_line' id='line_1_101' title="bbox 892 2939 1636 2980; baseline -0.005 -8"><span class='ocrx_word' id='word_1_623' title='bbox 892 2946 956 2972; x_wconf 88' lang='lat' dir='ltr'>tur.</span> <span class='ocrx_word' id='word_1_624' title='bbox 1000 2941 1150 2972; x_wconf 84' lang='lat' dir='ltr'>Ceterum</span> <span class='ocrx_word' id='word_1_625' title='bbox 1167 2950 1227 2971; x_wconf 88' lang='lat' dir='ltr'>vox</span> <span class='ocrx_word' id='word_1_626' title='bbox 1242 2942 1359 2980; x_wconf 77' lang='lat' dir='ltr'>pituita</span> <span class='ocrx_word' id='word_1_627' title='bbox 1377 2939 1475 2970; x_wconf 86' lang='lat' dir='ltr'>tribus</span> <span class='ocrx_word' id='word_1_628' title='bbox 1494 2939 1636 2980; x_wconf 85' lang='lat' dir='ltr'>syllabis,</span> 
     </span>
    </p>
   </div>
   <div class='ocr_carea' id='block_1_17' title="bbox 145 2980 1605 3025">
    <p class='ocr_par' dir='ltr' id='par_1_26' title="bbox 145 2980 1605 3025">
     <span class='ocr_line' id='line_1_102' title="bbox 145 2980 1605 3025; baseline 0 -14"><span class='ocrx_word' id='word_1_629' title='bbox 145 2980 219 3013; x_wconf 87' lang='lat'>101.</span> <span class='ocrx_word' id='word_1_630' title='bbox 246 2980 388 3014; x_wconf 70' lang='lat' dir='ltr'>Insanit-e</span> <span class='ocrx_word' id='word_1_631' title='bbox 414 2984 572 3019; x_wconf 79' lang='lat' dir='ltr'>solemnia,</span> <span class='ocrx_word' id='word_1_632' title='bbox 604 2981 644 3013; x_wconf 80' lang='lat' dir='ltr'>ad</span> <span class='ocrx_word' id='word_1_633' title='bbox 676 2981 848 3014; x_wconf 86' lang='lat' dir='ltr'>solemnem</span> <span class='ocrx_word' id='word_1_634' title='bbox 897 2989 932 3014; x_wconf 88' lang='lat' dir='ltr'>ut</span> <span class='ocrx_word' id='word_1_635' title='bbox 947 2994 1020 3025; x_wconf 84' lang='lat' dir='ltr'>sup.</span> <span class='ocrx_word' id='word_1_636' title='bbox 1038 2983 1105 3015; x_wconf 84' lang='lat' dir='ltr'>Sat.</span> <span class='ocrx_word' id='word_1_637' title='bbox 1120 2983 1154 3020; x_wconf 84' lang='lat' dir='ltr'>ii,</span> <span class='ocrx_word' id='word_1_638' title='bbox 1170 2984 1204 3021; x_wconf 82' lang='lat'>2,</span> <span class='ocrx_word' id='word_1_639' title='bbox 1218 2985 1274 3018; x_wconf 88' lang='lat'>76,</span> <span class='ocrx_word' id='word_1_640' title='bbox 1290 2982 1529 3024; x_wconf 84' lang='lat' dir='ltr'>pronuncianda</span> <span class='ocrx_word' id='word_1_641' title='bbox 1546 2987 1605 3012; x_wconf 83' lang='lat' dir='ltr'>est.</span> 
     </span>
    </p>
   </div>
  </div>
 </body>
</html>
