1904 3314
320 225 406 266 404

858 221 1288 264 SATIRARUM

434 321 713 364 Testamenta
733 337 906 364 senum:
938 335 1035 370 neu,
1058 321 1092 362 si
1111 320 1228 362 vafer
1248 333 1358 361 unus
1380 325 1423 360 et
1442 318 1551 360 alter

351 389 406 429 25
435 389 732 431 Insidiatorem
751 403 941 443 praeroso
962 387 1119 442 fugerit
1140 387 1279 435 hamo,

436 454 529 496 Aut
550 470 667 509 spem
689 456 891 509 deponaS,
914 461 987 494 aut
1006 460 1139 494 artem
1159 453 1307 493 illusus
1329 453 1511 493 omittas.

438 522 600 576 Magna
619 522 804 562 minorve
826 521 918 561 foro
940 521 975 561 si
994 534 1062 560 res
1084 520 1316 560 certabitur
1339 518 1450 566 olim,

437 588 567 630 Vivet
587 595 682 628 uter
700 586 890 641 locuples
913 587 1002 626 sine
1023 586 1174 639 gnatis,
1196 585 1427 638 improbus,
1450 583 1562 624 ultro

438 655 526 701 Qui
547 654 760 695 meliorem
780 654 920 694 audax
942 659 1064 693 vocet
1085 653 1125 692 in
1142 652 1230 705 jus,
1251 651 1362 691 illius
1384 657 1477 691 esto

352 722 409 762 30
437 720 678 761 Defensor:
710 720 819 760 fama
841 720 971 760 civem
992 731 1205 771 causaque
1226 718 1409 770 priorem

438 786 615 840 Sperne,
638 786 751 826 domi
773 786 807 825 si
830 793 981 838 gnatus
1002 785 1082 824 erit
1103 784 1336 824 fecundave
1357 783 1527 837 conjux.

437 853 613 900 Quinte,
635 858 751 906 puta,
773 859 847 891 aut
869 850 996 891 Publi
1016 850 1220 904 (gaudent
1241 851 1498 904 praenomine
1519 847 1665 890 molles

437 917 687 971 Auriculae),
708 919 786 959 tibi
806 932 871 958 me
891 918 1025 957 virtus
1047 924 1120 956 tua
1142 916 1242 956 fecit
1263 916 1464 956 amicum:

438 986 520 1026 Jus
542 1000 698 1039 anceps
719 985 831 1033 novi,
853 998 1003 1024 causas
1025 982 1257 1022 defendere
1277 996 1478 1035 possum:

354 1054 410 1093 35
439 1053 609 1106 Eripiet
629 1052 765 1105 quivis
787 1049 933 1091 oculos
955 1050 1077 1090 citius
1098 1048 1214 1096 mihi,
1236 1063 1362 1102 quam
1382 1055 1424 1088 te

441 1119 713 1159 Contemtum
733 1131 856 1157 cassa
875 1129 982 1156 nuce
1003 1121 1236 1168 pauperet:
1269 1113 1362 1154 haec
1381 1127 1474 1153 mea
1494 1126 1595 1154 cura
1616 1118 1696 1161 est,

439 1184 511 1225 Ne
531 1184 635 1237 quid
657 1190 702 1223 tu
726 1182 894 1236 perdas,
916 1195 1000 1221 neu
1022 1180 1078 1220 sis
1094 1179 1235 1233 jocus.

1295 1179 1364 1220 Ire
1385 1178 1557 1219 domum
1577 1185 1706 1231 atque

441 1248 687 1290 Pelliculam
708 1262 857 1289 curare
872 1247 1004 1301 jube:
1035 1245 1063 1286 fi
1086 1245 1281 1299 cognitor
1301 1245 1405 1299 ipse.

441 1316 608 1364 Persta,
627 1322 756 1368 atque
777 1314 956 1361 obdura,
980 1325 1056 1352 seu
1075 1311 1206 1351 rubra
1225 1309 1429 1352 Canicula
1447 1310 1585 1351 findet

327 1447 402 1484 389,
426 1448 490 1476 ruis
513 1447 571 1475 haec
594 1451 623 1475 et
649 1446 764 1486 colligis
792 1445 889 1474 omnia
908 1442 1050 1484 furtim,-

326 1489 452 1519 Lucret.
476 1488 498 1522 i,
522 1488 597 1522 293,
621 1491 653 1517 et
676 1486 718 1523 vi,
739 1486 812 1521 726,
837 1484 889 1515 ubi
914 1488 971 1518 est,
987 1494 1051 1513 are-

327 1541 396 1560 nam
411 1540 522 1566 ruere,-
548 1528 639 1569 Virg.
657 1529 734 1558 AEn.
749 1527 770 1563 i,
787 1528 839 1562 35,
859 1531 890 1558 et
906 1526 946 1561 xi,
968 1526 1028 1555 211
1043 1536 1052 1564 3

326 1571 379 1602 ubi
396 1578 563 1603 moerentes
577 1573 704 1601 cinerem
717 1576 745 1600 et
762 1580 822 1600 ossa
837 1579 924 1599 ruere
947 1566 1053 1609 (colli-

327 1613 415 1654 gere)
431 1613 590 1643 dicuntur.

371 1656 425 1685 24.
453 1655 537 1685 Unus
552 1660 579 1683 et
594 1655 682 1690 alter,
697 1663 742 1682 sc.
753 1662 861 1683 senum
876 1651 1035 1681 ditiorum.

371 1697 426 1727 25.
448 1696 655 1727 Insidiatorem
671 1704 798 1734 praerosa
811 1695 936 1734 fugerit
962 1693 1057 1726 humo,

328 1743 438 1775 artem,
466 1748 527 1778 qua
557 1736 737 1767 insidiantes
765 1734 879 1765 divitiis
905 1734 969 1764 suis
992 1734 1058 1764 elu-

329 1780 421 1818 serit3
445 1785 518 1810 nota
539 1779 653 1818 imago,
670 1777 766 1807 ducta
792 1786 810 1806 a
832 1777 980 1818 piscibus,
1005 1775 1058 1816 qui

327 1832 432 1853 escam
459 1821 552 1851 hamo
579 1821 700 1851 affixam
725 1819 902 1860 praerodunt
919 1818 1058 1858 quidem,

329 1863 383 1894 sed
409 1863 464 1893 illa
490 1873 624 1904 praerosa
651 1861 831 1901 aufugiunt,
858 1870 915 1890 nec
935 1870 968 1890 se
990 1858 1059 1900 capi

330 1905 502 1946 patiuntur.
545 1905 690 1937 Munera,
707 1903 746 1933 ab
756 1901 971 1933 haereditatum
988 1911 1060 1942 cap-

330 1946 478 1977 tatoribus
502 1946 608 1981 missa,
634 1950 853 1986 comparantur
875 1954 946 1974 cum
971 1952 1055 1978 esca,

331 1997 395 2028 qua
407 1987 572 2028 capiuntur
588 1988 698 2028 pisces.
744 1986 826 2016 l-linc
850 1984 991 2015 Martial.
1014 1984 1056 2020 vi,

331 2030 384 2066 63,
406 2030 438 2064 4,
464 2029 596 2059 Munera
618 2039 727 2069 magna
754 2029 870 2067 quidem
894 2029 984 2061 misit,
1011 2029 1060 2056 sed

330 2073 410 2102 misit
432 2072 463 2100 in
487 2071 582 2105 hamo,
605 2070 659 2100 sed
682 2069 765 2100 misit
788 2076 934 2109 tanquam
957 2079 1058 2099 escam

332 2113 372 2144 ad
397 2118 439 2148 te,
465 2118 611 2153 tanquam
638 2112 753 2153 piscem
780 2111 812 2140 in
839 2111 942 2146 hamo,
972 2110 1056 2152 capi-

329 2154 455 2186 endum.

373 2197 426 2227 27.
449 2196 480 2226 Si
506 2196 588 2229 olim,
614 2193 639 2223 si
669 2192 806 2234 quando,
835 2192 860 2222 si
891 2203 953 2233 quo
983 2192 1060 2223 forte

332 2243 488 2279 tempore:
514 2246 583 2270 neS,
605 2247 689 2266 wenn
712 2237 820 2275 irgend
844 2236 966 2264 einmal.
1008 2234 1059 2264 Sic

332 2279 390 2310 inf.
421 2279 522 2321 Epist.
548 2277 587 2308 ad
617 2277 683 2308 Pis.
704 2277 778 2311 386,
801 2277 833 2306 Si
865 2278 935 2316 quid
962 2283 1059 2306 rumen

334 2323 484 2361 scripseris
499 2321 579 2351 olim.

374 2364 430 2399 28,
455 2363 508 2394 29.
542 2362 625 2392 Vivet
649 2366 737 2390 uter:
776 2366 845 2390 uter
873 2357 1059 2389 certantium

335 2406 461 2445 locuples
489 2405 562 2434 vivet
587 2405 649 2434 sine
679 2404 770 2437 natis,
802 2402 893 2431 homo
922 2406 1058 2430 ceterum

333 2449 491 2486 imm-obus,
505 2445 559 2487 qui
573 2446 672 2475 audax
687 2445 833 2474 meliorem
854 2442 1061 2483 (probiorem)

333 2491 367 2519 in
378 2491 436 2529 jus
451 2494 528 2519 vocet
544 2488 636 2521 ultro,
653 2495 714 2515 non
732 2485 847 2526 injuria
861 2484 968 2525 aliqua
991 2494 1060 2525 pro-

333 2537 474 2564 vocatus,
491 2529 558 2559 sine
573 2528 639 2559 ulla
655 2537 763 2558 causa.

376 2573 429 2607 30,
445 2573 498 2602 31.
522 2571 616 2600 Fama
638 2571 739 2604 civem,
767 2574 841 2599 cett.
885 2568 929 2598 At
952 2568 1062 2603 civem,

333 2613 360 2645 si
385 2613 415 2644 ei
439 2613 519 2644 filius
541 2618 594 2642 aut
611 2611 744 2642 secunda
767 2610 881 2650 conjux
904 2610 971 2646 erit,
990 2610 1062 2640 licet

334 2655 361 2687 is
384 2661 447 2686 tarn
474 2655 555 2685 bona
579 2654 661 2684 fama
685 2663 779 2694 quam
804 2662 909 2687 causa,
933 2663 970 2682 ex
999 2662 1062 2692 qua

330 2697 418 2728 litem
433 2696 530 2727 alicui
542 2694 686 2730 intendit,
699 2694 739 2725 sit
748 2694 978 2735 potior,sperne,
991 2694 1021 2724 h.
1031 2704 1060 2724 e.

332 2739 475 2771 defensor
485 2738 513 2769 ei
525 2738 632 2769 adesse
649 2736 725 2767 noli.

377 2781 516 2812 32—38.
539 2781 662 2814 Quinte,
678 2784 765 2818 puta,
787 2784 840 2807 aut
866 2777 967 2812 Publi,
991 2781 1063 2807 cett.

334 2823 464 2855 Nexus:
504 2821 644 2853 Divitem
679 2829 783 2850 senem
818 2824 933 2854 autem,
970 2828 1062 2858 quem

335 2865 443 2896 officiis
455 2863 518 2895 tuis
531 2872 641 2905 capere
655 2867 686 2893 et
700 2861 756 2892 tibi
778 2860 936 2891 devincire
957 2860 1058 2901 cupis,

333 2905 486 2948 ejusmodi
513 2905 615 2937 verbis
644 2903 860 2934 blandioribus
883 2902 1057 2943 alloquere:

333 2948 497 2983 Existima,
521 2947 563 2979 mi
587 2946 716 2984 Quinte,
731 2952 785 2976 aut
800 2944 842 2975 mi
864 2943 970 2979 Publi,
987 2950 1058 2975 cett.

1098 1441 1241 1472 Gaudent
1255 1442 1432 1480 praenomine
1446 1441 1545 1471 molles
1555 1440 1710 1471 Auriculae
1722 1452 1730 1470 .·
1747 1440 1825 1470 mol-

1097 1482 1158 1512 lius
1172 1488 1203 1513 et
1225 1482 1350 1512 suavius
1374 1482 1412 1512 ad
1433 1491 1523 1512 aures
1543 1481 1683 1512 accidere
1705 1481 1826 1512 videtur

1095 1535 1273 1563 praenomen,
1292 1533 1354 1564 quo
1370 1523 1560 1554 familiariter
1573 1533 1606 1554 se
1622 1523 1755 1554 invicem
1771 1533 1827 1565 ap-

1097 1566 1212 1606 pellare
1246 1565 1347 1595 solent
1385 1565 1478 1596 amici
1521 1570 1615 1606 atque
1650 1564 1828 1607 propinqui.

1100 1607 1269 1638 Commode
1295 1606 1328 1636 in
1350 1606 1431 1636 banc
1455 1616 1519 1637 rem
1545 1607 1702 1638 Gesner-us
1724 1606 1829 1637 attulit

1099 1649 1203 1678 locum
1220 1648 1379 1679 Ciceronis
1395 1647 1496 1689 Epist.
1506 1649 1545 1679 ad
1561 1649 1650 1679 Fam.
1661 1647 1684 1684 i,
1696 1649 1728 1684 9,
1747 1649 1827 1683 Quo-

1100 1692 1239 1730 niamque
1252 1691 1302 1720 itti
1316 1691 1455 1720 haberent
1469 1701 1556 1722 suum
1573 1690 1716 1721 Publium
1733 1690 1829 1731 (Clo-

1101 1731 1219 1771 dium),
1247 1734 1355 1762 darent
1383 1732 1456 1762 mihi
1483 1733 1540 1771 ipsi
1559 1733 1656 1763 alium
1683 1732 1830 1763 Publium

1103 1773 1317 1815 (Vatinium),
1333 1775 1366 1821 iri
1380 1785 1436 1820 quo
1449 1784 1555 1813 possem
1575 1774 1699 1804 illomm
1717 1775 1830 1804 animos

1101 1826 1321 1856 ——repu.ngere,
1337 1825 1470 1846 vicissim
1486 1825 1636 1857 pungere.

1145 1858 1198 1888 34.
1221 1859 1240 1888 J
1246 1869 1278 1888 us
1291 1867 1408 1896 anceps,
1423 1867 1440 1888 e
1455 1867 1518 1898 quo
1531 1857 1688 1899 duplicem
1703 1866 1829 1888 sensum

1103 1899 1188 1930 elicit
1201 1899 1318 1930 callida
1339 1898 1562 1940 interpretatio,
1575 1899 1638 1930 sive
1653 1898 1692 1929 de
1712 1908 1776 1939 quo
1797 1899 1830 1929 in

1099 1947 1263 1982 utramque
1273 1947 1389 1982 partem
1401 1941 1590 1982 disputatur3
1606 1940 1679 1970 hinc
1686 1939 1752 1981 jus,
1761 1951 1831 1982 sup.

1101 1984 1167 2014 Sat.
1182 1983 1215 2017 ii,
1229 1984 1261 2017 2,
1281 1984 1351 2019 131,
1365 1982 1479 2012 dicitur
1493 1983 1626 2024 vafrum.

1144 2025 1197 2060 37,
1228 2026 1281 2055 38.
1319 2024 1369 2055 Ire
1402 2026 1531 2061 domum,
1566 2028 1640 2055 cett.
1697 2023 1809 2054 Naxus
1823 2033 1831 2053 :

1104 2068 1274 2107 Postquam
1305 2065 1460 2107 ejusmodi
1486 2065 1622 2096 emtione
1644 2075 1830 2107 propensum

1102 2108 1159 2139 tibi
1175 2108 1339 2139 reddidisti
1359 2107 1464 2139 divitis
1481 2107 1562 2138 senis
1585 2106 1734 2142 animum,
1753 2106 1832 2148 jube

1102 2160 1173 2181 eum
1199 2149 1325 2180 domum
1350 2149 1404 2186 ire,
1431 2154 1462 2180 et
1489 2149 1530 2180 ibi
1553 2147 1675 2190 corpori
1698 2149 1834 2180 molliter

1103 2191 1263 2221 tractando
1287 2197 1380 2232 atque
1402 2191 1569 2222 recreando
1594 2200 1705 2222 securo
1727 2189 1832 2221 animo

1104 2242 1226 2279 operam
1236 2232 1320 2263 dare.
1363 2232 1401 2262 Fi
1410 2234 1628 2272 cognitor-ipse.-
1651 2232 1719 2273 ipse
1731 2238 1833 2274 partes

1101 2284 1180 2315 eJuS‚
1198 2273 1251 2314 qui
1267 2284 1401 2315 praesens
1414 2283 1517 2303 coram
1529 2273 1690 2314 judicibus
1704 2283 1830 2304 causam

1101 2325 1191 2346 suam
1223 2325 1363 2356 perorare
1391 2314 1492 2349 debet,
1528 2314 1662 2356 suscipe.
1713 2315 1832 2346 Ascon.

1103 2357 1247 2392 Pedian„
1262 2357 1322 2391 Qui
1335 2357 1470 2398 defendit
1483 2356 1612 2387 alterum
1629 2358 1832 2396 injudicio—

1102 2401 1235 2440 cognilor
1250 2405 1303 2432 est,
1314 2401 1339 2429 si
1352 2400 1502 2438 praesentis
1516 2407 1634 2428 causum
1649 2399 1732 2429 novit
1745 2400 1832 2430 acsic

1105 2447 1208 2472 tuetur
1222 2447 1256 2470 ut
1271 2451 1372 2470 suam:
1396 2439 1457 2470 vid.
1477 2440 1598 2471 Ernest.
1613 2439 1646 2470 in
1662 2439 1754 2472 Clav.
1765 2439 1835 2473 Cic-

1105 2493 1130 2514 s.
1143 2493 1172 2513 v.
1189 2484 1343 2522 cognitor,
1358 2487 1390 2512 et
1406 2481 1521 2513 Heind.
1533 2481 1572 2512 ad
1588 2481 1620 2512 h.
1638 2481 1663 2512 1.

1147 2526 1286 2555 39—41.
1321 2525 1438 2558 Persta,
1464 2530 1551 2564 utque
1573 2525 1707 2554 obdura.-
1739 2522 1834 2554 ovid.

1107 2567 1180 2597 Am.
1197 2565 1241 2601 iii,
1259 2567 1309 2601 ll,
1326 2566 1356 2601 7.
1371 2564 1511 2596 molliore
1526 2574 1666 2600 numero,
1679 2563 1789 2606 Perfer
1804 2571 1833 2596 et

1105 2610 1231 2638 obdura.
1275 2608 1331 2638 Seu
1347 2609 1441 2638 rubra
1457 2607 1616 2642 Canicula,
1637 2610 1711 2637 cett.
1754 2606 1832 2637 Sen-

1105 2660 1175 2680 sus:
1201 2649 1270 2680 Sive
1294 2649 1368 2680 solis
1389 2648 1490 2684 ardor,
1513 2647 1579 2679 sive
1601 2646 1712 2678 hiemis
1735 2646 1832 2688 frigus

1105 2691 1159 2722 tibi
1174 2690 1387 2732 perferendum
1399 2696 1457 2722 est.
1489 2689 1540 2720 Ad
1554 2689 1636 2720 hauc
1649 2689 1833 2720 sententiam

1104 2733 1349 2775 exprimendam,
1372 2738 1406 2763 ut
1428 2730 1526 2763 obiter
1547 2730 1658 2762 rideret
1678 2730 1834 2761 tumidum

1127 2782 1240 2810 oetam,
1258 2775 1385 2805 Furium
1404 2774 1595 2810 Bibaculum,
1608 2771 1688 2803 duas
1709 2772 1833 2813 ineptas

1119 2817 1279 2848 ocutiones
1291 2826 1330 2848 ex
1347 2815 1434 2847 Furii
1447 2813 1636 2845 carminibus
1658 2813 1833 2855 depr-onitas

1105 2859 1180 2890 risui
1203 2858 1368 2900 exposuit3
1400 2863 1505 2888 statuo:
1533 2855 1616 2886 enirn
1644 2865 1763 2890 recens,
1793 2866 1833 2886 ex

1103 2902 1188 2942 ligno
1213 2900 1296 2941 quod
1321 2899 1394 2930 solis
1421 2903 1498 2930 aestu
1525 2897 1600 2929 findi
1625 2897 1715 2934 solet,
1739 2897 1832 2928 factm

1102 2943 1231 2974 ridicule
1253 2942 1410 2978 dicuntur,
1434 2940 1587 2982 infantes.-
1618 2944 1651 2971 et
1681 2939 1715 2970 in
1742 2949 1832 2970 versu
