1904 3314
6 3004 16 3050 g
35 2980 142 3022 serae,
155 2981 258 3014 malit.
301 2981 401 3020 Iners,
417 2981 558 3024 ineptus.

3 3111 22 3314 Ξ

613 175 839 218 LIBER
869 174 931 226 ΙΙ,
963 178 1004 217 2.
1491 179 1579 222 529

152 275 426 321 Praetulerim
447 278 634 334 scriptor
653 277 818 320 delirus
838 278 1044 333 inersque
1065 279 1218 329 videri,

150 344 273 388 Dum
292 362 388 389 mea
408 346 627 389 delectent
645 345 758 387 mala
777 360 859 396 me,
882 344 951 387 vel
971 346 1160 400 denique
1180 345 1345 396 fallant,

150 413 296 461 Quam
317 429 473 470 sapere
491 420 536 456 et
558 413 686 468 ringi.

748 413 850 454 Fuit
871 412 991 454 haud
1014 413 1216 468 ignobilis
1239 412 1389 469 Argis,

150 481 242 529 Qui
260 497 307 524 se
327 482 535 525 credebat
555 481 686 522 miros
707 481 860 523 audire
881 482 1122 536 tragoed08‚

37 547 122 590 130
149 548 202 591 In
221 564 358 592 vacuo
378 549 503 591 laetus
525 563 671 591 sessor
692 549 955 604 plausorque
979 549 1175 600 theatro3

149 616 309 660 Cetera
328 617 403 672 qui
423 618 523 659 vitae
544 624 738 658 servaret
758 617 902 668 munia
923 625 1044 659 recto

147 684 300 737 More;
331 685 472 727 bonus
495 700 597 727 sane
618 685 798 735 vicinus,
822 684 1018 726 amabilis
1039 685 1218 741 hospes,

117 798 127 805 ,
148 752 295 796 Comis
315 753 360 795 in
379 768 574 804 uxorem,
596 760 747 808 posset
767 754 843 808 qui
863 753 1091 808 ignoscere
1114 753 1263 803 servis,

105 857 110 860 .
148 820 212 862 Et
232 821 357 876 signo
377 820 482 863 laeso
502 835 590 862 non
610 821 799 862 insanire
818 820 1008 876 lagenae3

36 887 119 944 135
149 887 310 930 Posset
330 889 406 944 qui
426 903 580 944 rupem
601 895 645 931 et
666 895 847 944 puteum
869 888 1005 930 vitare
1027 895 1263 943 patentem.

147 954 236 998 Hic
257 956 333 999 ubi
353 964 638 1012 cognatorum
659 957 818 1011 opibus
839 957 1044 1011 curisque
1066 956 1256 997 refectus

150 1023 336 1080 Expulit
356 1024 580 1067 helleboro
601 1025 800 1067 morbum
821 1024 1039 1079 bilemque
1060 1039 1247 1074 meracO,

148 1091 211 1133 Et
230 1092 346 1134 redit
367 1093 423 1134 ad
445 1107 557 1144 sese,
582 1096 609 1115 “
627 1092 722 1143 Pol,
745 1107 813 1134 me
834 1093 1070 1143 occidistis,
1094 1092 1232 1142 amici,

148 1158 254 1201 Non
275 1160 494 1210 servastis,
517 1161 590 1211 ait,
613 1161 684 1202 cui
705 1161 766 1203 sic
788 1167 962 1202 extorta
981 1161 1199 1216 voluptaS,

37 1225 119 1267 140
149 1225 212 1283 Et
232 1227 403 1270 demtus
425 1242 506 1283 per
527 1229 612 1270 vim
631 1228 788 1270 mentis
809 1216 1080 1283 gratissimus
1102 1228 1265 1270 e1·ror.''

78 1349 154 1381 123.
184 1349 324 1386 Levabt't,
344 1349 494 1392 levigabit
515 1355 548 1382 et
569 1351 720 1392 expoliet.
745 1356 781 1382 ut

32 1390 168 1424 artifices
195 1397 229 1424 et
256 1392 400 1424 statuarii
429 1403 573 1436 asperam
606 1393 780 1424 materiem.

35 1435 135 1466 Cultu
157 1440 242 1474 nno,
267 1436 434 1478 prudente,
459 1442 543 1479 apto,
570 1435 661 1467 scito.
711 1437 780 1467 Vir-

34 1483 101 1509 tute
113 1480 264 1515 carentia,
286 1478 490 1520 inelegantia,
511 1479 695 1510 invenusta:
723 1481 779 1510 tol-

35 1521 89 1559 let,
103 1519 240 1553 delebit:
263 1522 328 1552 vid.
345 1521 384 1552 ad
401 1522 469 1553 Sat.
485 1522 507 1559 i,
522 1523 554 1558 4,
574 1523 626 1554 11.

79 1564 155 1599 124.
173 1565 248 1596 125.
271 1564 422 1596 Ludentis
443 1567 566 1604 speciem
588 1566 686 1600 dabit,
704 1571 780 1596 cett.

33 1611 128 1650 pocta
150 1606 299 1638 lascivius
316 1607 506 1639 exsultantis
528 1607 666 1650 speciem
684 1607 781 1640 habe-

37 1650 95 1687 bit,
110 1655 144 1682 et
158 1650 406 1691 circumagetur,
421 1650 504 1682 sicut
523 1650 548 1680 is
563 1651 619 1692 qui
637 1652 781 1692 Satyrum

33 1693 84 1724 vel
101 1692 246 1735 Cyclopa
263 1693 371 1724 saltat.
419 1694 539 1724 Moneri
559 1693 626 1735 jam
648 1700 705 1728 est,
719 1694 782 1724 sal-

35 1740 115 1772 tare,
130 1741 167 1767 ut
181 1734 240 1768 inf.
255 1735 290 1767 in
308 1735 410 1778 Epist.
425 1736 464 1768 ad
483 1736 550 1767 Pis.
567 1737 642 1772 232,
665 1736 782 1778 Utfes·

37 1781 78 1811 tis
103 1785 244 1810 matrona
273 1781 386 1810 moveri
410 1779 575 1822 (saltando
598 1778 784 1820 circumagi,

34 1820 170 1862 saltare)
181 1825 275 1863 jussa
295 1824 417 1854 diebus:
440 1833 512 1864 sup.
535 1823 603 1854 Sat.
627 1822 649 1859 i,
674 1824 706 1859 5,
729 1824 783 1861 63,

38 1865 195 1901 Pastorem
221 1866 350 1897 saltaret
380 1868 428 1897 uti
459 1866 603 1907 Cyclopa,
626 1864 782 1906 'rogabat;

37 1907 93 1940 ubi
111 1907 175 1940 vid.
195 1913 285 1947 not-3
311 1908 405 1950 Virg.
419 1909 490 1940 Eel.
507 1919 538 1945 v,
556 1910 610 1946 73,
630 1909 785 1940 Saltantes

36 1951 164 1992 Satyros
185 1953 362 1983 imitabitur
386 1952 602 1992 Alphesihoeus.
649 1951 786 1983 Videtur

35 1999 144 2026 autem
165 1993 293 2026 saltatio
309 2005 384 2038 quae
405 1995 577 2026 vocabatur
600 1995 731 2036 Satyrus
754 2001 786 2026 et

37 2037 191 2080 Cyclops,
221 2042 285 2070 tam
323 2038 440 2080 pedum
474 2037 650 2080 jactatione
687 2048 784 2079 quam

19 2110 21 2112 .
35 2079 247 2112 membrorum
261 2081 433 2123 agitatione
448 2080 671 2112 et’mobilitate
685 2081 785 2112 {uisse

37 2122 228 2155 concitatior
255 2129 288 2154 et
317 2123 522 2165 petulantior.
568 2125 667 2155 Poeta
690 2123 787 2164 igitur

37 2164 98 2198 bac
113 2165 292 2198 saltationis
302 2165 442 2208 imagine
457 2167 610 2208 expressit
626 2167 690 2198 fere
706 2167 764 2198 hoc
777 2179 784 2197 :

37 2208 304 2250 quemadmodum
330 2209 371 2245 is,
394 2209 450 2251 qui
476 2210 622 2252 Satyrum
646 2210 693 2240 vel
720 2209 784 2251 Cy-

37 2251 134 2295 clops,
154 2252 262 2288 saltat.
285 2252 424 2294 corporis
444 2253 586 2283 membra
610 2252 702 2283 modo
724 2253 785 2284 huc

38 2294 135 2327 modo
153 2294 231 2327 illuc
249 2294 353 2337 jactat
367 2301 400 2327 et
415 2295 525 2336 agitat,
541 2295 585 2326 ita
602 2295 627 2326 is
666 2295 699 2326 ui
715 2305 783 2326 ver-

38 2347 95 2370 sas
118 2337 242 2381 pangit,
264 2338 361 2370 verba
382 2337 476 2370 modo
503 2338 565 2369 huc
589 2348 640 2369 mo
665 2348 683 2368 o
706 2338 783 2370 illuc

39 2385 254 2424 transponere,
278 2381 414 2418 flectere,
440 2381 571 2418 variare,
591 2391 784 2424 promovere,

37 2429 73 2456 ct
85 2433 244 2456 removere
256 2423 360 2456 debet.

86 2467 268 2499 126—140.
291 2467 366 2499 Jam
389 2466 507 2498 stultus
528 2466 660 2509 quidam
678 2472 711 2499 et
736 2466 785 2499 in-

37 2514 134 2552 optus
153 2510 300 2553 scriptor,
317 2520 351 2541 se
373 2509 453 2541 nihil
476 2520 586 2541 curare
601 2509 706 2552 qualis
730 2511 786 2541 ha-

40 2551 165 2590 beatnr,
183 2553 280 2584 nodo
301 2552 437 2584 stultitia
459 2562 518 2584 sua
538 2552 723 2588 delectetur,
739 2564 787 2585 re-

39 2595 188 2638 spondet,
200 2601 233 2627 et
246 2594 282 2626 in
298 2595 382 2627 lianc
397 2605 462 2626 rem
478 2595 656 2637 exemplum
675 2596 790 2638 Argivi

42 2637 214 2683 cujusdam
226 2637 364 2670 hominis
379 2638 481 2669 affert.
523 2637 586 2669 lile
600 2638 698 2675 enim,
714 2649 788 2670 cum

41 2680 85 2714 ab
98 2681 224 2714 insania
238 2692 302 2724 qua
323 2682 397 2712 laeto
413 2681 519 2713 animo
534 2680 567 2712 in
585 2691 686 2713 vacuo
700 2681 790 2714 thea-

41 2728 94 2756 tro
107 2725 229 2762 sedero,
244 2730 288 2760 et,
305 2724 438 2766 opinans
457 2733 492 2755 se
512 2723 654 2765 egregios
674 2730 787 2766 tragoe-

43 2765 105 2798 dos
125 2765 246 2804 andire,
262 2767 414 2812 plaudere
433 2766 566 2804 solebat,
584 2774 791 2808 cognatorum

44 2818 124 2843 eura
146 2809 285 2843 refectus
313 2810 458 2842 rediisset
483 2809 524 2841 ad
550 2819 628 2846 sese,
657 2810 792 2852 pessimo

873 1352 945 1382 127.
970 1353 1042 1382 Mea
1066 1354 1158 1390 mala,
1179 1362 1218 1383 ea
1241 1352 1273 1383 in
1298 1352 1416 1394 quibus
1438 1361 1496 1392 ego
1518 1351 1574 1382 de-

825 1392 895 1424 liro.
942 1394 994 1425 Vel
1009 1395 1279 1437 deniqueflallant‚
1293 1395 1343 1425 vel
1359 1395 1398 1425 ad
1414 1404 1575 1425 summum

825 1446 875 1468 me
891 1436 1004 1468 ludant
1019 1443 1052 1468 et
1067 1437 1250 1480 decipiant:
1276 1438 1434 1468 musa-hen.

871 1481 944 1511 128.
974 1480 1080 1522 ffingi,
1098 1480 1243 1512 acerbius
1261 1481 1294 1511 in
1312 1479 1390 1510 vitia
1409 1478 1574 1510 hominum

823 1522 943 1559 invehi,
959 1523 1070 1554 satiras
1086 1523 1235 1554 scribere.
1282 1523 1382 1565 Ringi
1397 1522 1520 1565 proprie
1535 1522 1576 1553 de

825 1565 973 1601 canibus,
990 1566 1057 1607 qui,
1073 1576 1145 1597 cum
1166 1566 1346 1597 irascuntur
1367 1571 1399 1597 et
1421 1565 1572 1607 impetum

825 1607 998 1644 minantur,
1023 1610 1106 1640 rictu
1131 1608 1263 1640 diducto
1289 1609 1401 1640 dentes
1428 1608 1572 1640 nudant:

826 1661 896 1686 nos,
922 1653 972 1682 die
995 1653 1099 1683 Ziihne
1119 1653 1282 1693 fletschen,
1306 1653 1454 1683 kmzrren.
1500 1651 1577 1682 Fuit

826 1694 910 1724 haud
926 1695 1068 1736 ignobilis
1082 1697 1186 1736 Argis.
1224 1693 1319 1726 Unde
1335 1693 1478 1726 hauserit
1492 1693 1578 1725 banc

827 1737 1097 1768 narratiunculam
1135 1736 1300 1773 Horatius,
1337 1746 1401 1768 non
1440 1742 1577 1768 constat.

830 1779 974 1810 Fortasse
1003 1790 1069 1811 rem
1098 1789 1172 1821 quae
1199 1779 1490 1816 circumferebatur,
1521 1789 1577 1821 pro

828 1822 931 1853 lubitu
947 1823 1102 1854 transtulit
1121 1822 1160 1853 ad
1175 1822 1276 1853 civem
1292 1821 1470 1863 Argivum;
1492 1822 1575 1853 idern

827 1864 912 1896 enim
924 1866 962 1896 de
978 1865 1046 1897 cive
1058 1866 1215 1906 Abydeno
1232 1865 1326 1896 refert
1338 1865 1525 1897 Aristoteles
1537 1865 1578 1896 de

828 1908 1045 1939 Mirabilibus.
1090 1909 1142 1940 De
1167 1908 1240 1939 aliis
1261 1907 1419 1950 ejusmodi
1444 1908 1576 1940 insaniae

828 1951 983 1994 exemplis
997 1951 1062 1982 vid.
1077 1951 1224 1982 Lambin.
1241 1956 1272 1982 et
1288 1951 1390 1982 Gesn.

876 1995 915 2025 13
925 1997 933 2024 1
943 2017 950 2025 .
969 1994 1122 2030 Servaret,
1135 1995 1327 2029 observaret,
1337 1998 1576 2034 exsequeretur:

829 2035 868 2067 de
891 2037 984 2068 verbo
1007 2049 1126 2069 servare
1152 2047 1220 2080 pro,
1244 2037 1420 2072 observare,
1444 2035 1508 2067 vid.
1533 2037 1578 2067 N.

830 2079 944 2111 Heius.
967 2080 1007 2111 ad
1031 2081 1091 2112 Sil.
1112 2081 1188 2111 Ital.
1209 2079 1256 2117 iii,
1278 2081 1364 2119 380;
1393 2079 1468 2110 binc
1490 2079 1576 2121 apud

832 2122 923 2164 Virg.
940 2124 1022 2155 AEn.
1038 2123 1073 2159 ii,
1091 2124 1166 2159 427,
1182 2124 1425 2154 servantissimus
1440 2124 1528 2163 aequi.

877 2167 950 2197 134.
976 2166 1019 2197 Et
1044 2169 1130 2208 signo
1155 2167 1232 2202 loeso,
1261 2171 1335 2197 cett.
1360 2176 1418 2197 nec
1445 2165 1577 2196 furtivos

831 2207 896 2240 vini
921 2209 1055 2240 haustus
1075 2219 1114 2240 ex
1138 2209 1212 2240 laeso
1234 2209 1357 2250 lagenae
1379 2208 1486 2249 sigillo
1510 2209 1578 2239 ani-

830 2252 1029 2284 madvertens
1054 2252 1157 2283 furere
1183 2257 1215 2283 et
1238 2251 1379 2283 insanire
1402 2252 1435 2283 in
1459 2262 1577 2289 servos,

829 2294 885 2326 sed
901 2294 952 2331 iis,
966 2301 1003 2326 ut
1016 2295 1110 2326 modo
1124 2294 1245 2326 dictum
1257 2300 1317 2330 est,
1333 2295 1508 2336 ignoscere.

877 2338 950 2370 135.
976 2338 1076 2370 Posset
1096 2339 1149 2379 qui
1171 2349 1277 2378 rupem
1292 2344 1321 2368 et
1342 2344 1467 2378 putenm
1482 2339 1580 2369 vitare

827 2387 1002 2420 patentem.-
1026 2391 1101 2423 ergo
1128 2381 1222 2412 homo
1245 2380 1300 2412 ille
1323 2381 1472 2422 Argivus,
1497 2391 1577 2423 prae-

829 2429 974 2466 terquarn
997 2424 1084 2466 quod
1102 2423 1134 2454 in
1158 2433 1259 2455 vacuo
1281 2424 1403 2456 theatro
1423 2430 1581 2466 spectator

829 2472 863 2510 et
878 2467 1006 2510 plausor
1021 2466 1262 2508 tragoediarum,
1273 2477 1346 2509 quae
1361 2477 1425 2498 non
1439 2468 1579 2509 ageban-

831 2515 894 2544 tur,
920 2510 991 2548 fuit,
1019 2521 1084 2541 non
1109 2510 1186 2542 fecit
1210 2520 1247 2541 ea
1272 2520 1346 2551 quae
1372 2510 1451 2541 alias
1478 2510 1580 2541 facere

831 2553 935 2584 solent
962 2559 1068 2584 mente
1096 2552 1194 2595 capti,
1223 2563 1286 2584 non
1318 2552 1511 2601 praecipitem
1541 2563 1581 2583 ex

832 2606 909 2637 rupe
923 2606 956 2627 se
970 2595 1068 2632 dedit,
1085 2607 1147 2628 uon
1163 2606 1196 2627 se
1210 2595 1343 2628 immisrt
1363 2597 1398 2627 in
1421 2602 1579 2639 patentem

832 2644 976 2681 puteum.

880 2682 951 2713 137.
983 2683 1138 2718 Mmbum,
1163 2681 1330 2717 insaniem,
1355 2692 1452 2723 quam
1477 2680 1580 2721 desig—

835 2730 892 2755 nat
915 2723 1043 2766 adjecta
1066 2735 1126 2757 vox
1151 2726 1220 2756 bilis
1234 2737 1246 2762 ;
1275 2724 1381 2756 insani
1405 2724 1491 2756 enim
1516 2732 1583 2755 atra

834 2767 898 2798 bile
912 2767 1054 2800 laborare
1069 2767 1230 2799 dicuntur.
1276 2767 1441 2799 Helleboro
1454 2778 1583 2800 meraco,

835 2820 927 2859 puro,
950 2821 1047 2847 mero,
1070 2810 1135 2847 cui,
1155 2816 1189 2842 ut
1210 2810 1258 2842 vis
1281 2811 1352 2852 ejus
1374 2816 1456 2842 esset
1479 2809 1583 2842 effica-

44 2851 180 2884 consilio
202 2852 416 2894 gratissimum
439 2852 554 2884 mentis
574 2863 710 2885 errorem
733 2853 796 2891 sibi
837 2863 915 2889 cior,
933 2853 1012 2884 nihil
1028 2853 1202 2896 quidquam
1220 2854 1396 2885 admixtum
1417 2852 1489 2884 fuit.
1535 2852 1583 2883 Si-

7 2910 21 2914 ’-
43 2894 185 2927 demtum
201 2905 284 2932 esse,
300 2902 432 2937 questus
445 2906 514 2927 esse
529 2895 657 2926 dicitur.

93 2939 167 2971 128.
191 2938 398 2974 Praerulerim,
411 2938 532 2974 malim,
548 2945 584 2969 ut
599 2949 628 2970 v.
643 2940 705 2971 184
718 2951 794 2980 prae-

839 2896 957 2928 militer
971 2896 1034 2928 sere
1050 2907 1121 2939 sup.
1136 2898 1203 2927 Sat.
1213 2896 1247 2932 ii,
1259 2897 1292 2931 3.
1311 2898 1365 2931 82,
1381 2895 1495 2930 avaris,
1508 2894 1585 2935 quia

840 2939 963 2979 modica
980 2939 1132 2970 hellebori
1151 2946 1239 2981 parte
1258 2939 1335 2970 nihil
1353 2938 1438 2981 apud
1451 2947 1503 2969 eos
1519 2936 1586 2967 effi-

840 2981 934 3018 citur,
946 2993 1020 3023 pars
1034 2986 1164 3014 maxima
1179 2981 1364 3013 destinatur.

788 3035 862 3057 um
