1904 3314
16 191 35 233 <fre
19 76 39 178 m..

672 137 900 181 LIBER
931 137 966 189 1,
1004 140 1069 180 16.

1553 143 1635 184 481

214 242 438 286 Detulerit
459 242 598 284 fasces
619 242 815 296 indigno,
837 241 1041 284 detrahet
1061 242 1190 284 idem.

125 310 183 352 35
213 310 351 360 Pone,
373 325 514 353 meum
535 317 617 360 est,
640 310 804 364 inquit:
835 323 968 363 pono,
991 309 1216 364 tristisque
1236 310 1409 354 recedo.

211 378 351 428 Idem,
374 379 411 420 si
430 376 584 420 clamet
603 376 757 426 furem,
779 382 912 430 neget
932 391 1029 417 esse
1053 377 1273 430 pudicum,

212 446 461 488 Contendat
481 444 638 499 laqueo
659 443 818 486 collum
838 444 1053 499 pressisse
1075 451 1328 499 paternum3

210 513 424 556 Mordeat
442 512 690 568 opprobriis
711 511 845 562 falsis,
867 520 1117 566 mutemque
1140 511 1308 554 colores
1325 513 1342 554 2

209 579 365 623 Falsus
385 580 526 622 honor
541 579 677 634 juvat,
700 587 744 620 et
765 579 954 621 mendax
974 579 1148 620 infamia
1170 587 1319 629 terret,

120 647 182 690 40
209 647 367 698 Quem,
397 647 482 689 nisi
510 647 768 688 mendosum
797 654 842 689 et
871 647 1210 689 medicandum?

383 715 480 771 quis
497 717 514 756 2

1279 647 1363 690 Vir
1393 648 1533 690 bonus
1564 655 1633 690 est

209 782 301 830 Qui
321 782 519 826 consulta
539 789 726 837 patrum,
750 783 826 838 qui
846 781 968 838 leges
983 782 1173 837 juraque
1195 789 1361 834 servat3

208 850 312 898 Quo
331 849 477 892 multae
497 865 750 906 magnaeque
773 858 976 892 secantur
991 851 1142 906 judice
1162 849 1284 901 lites;

207 918 311 967 Quo
332 933 401 959 res
423 933 651 973 sponsore,
673 925 717 959 et
738 933 826 973 quo
848 932 992 959 causae
1015 925 1127 960 teste
1149 925 1364 960 tenentur.

209 985 299 1028 Sed
320 986 438 1028 videt
458 985 576 1027 hunc
597 986 733 1027 omnis
755 985 910 1027 domus
932 992 976 1027 et
997 986 1152 1028 vicinia
1173 993 1267 1028 tota

117 1053 178 1095 45
207 1053 432 1096 Introrsus
454 1060 642 1108 turpem,
665 1053 910 1108 speciosum
932 1053 1046 1108 pelle
1067 1054 1240 1096 decora.

205 1119 306 1163 Nec
324 1119 488 1162 furtum
510 1119 607 1170 feci,
630 1135 711 1163 nec
732 1120 840 1175 fugi,
864 1121 900 1161 si
921 1120 1026 1162 mihi
1049 1121 1165 1163 dicat

206 1188 392 1238 Servus;
426 1187 580 1229 Habes
601 1189 805 1242 pretium,
827 1187 930 1230 loris
952 1203 1039 1229 non
1063 1189 1216 1239 ureris,
1240 1189 1323 1231 aio.

204 1255 312 1297 Non
331 1255 550 1297 hominem
570 1257 734 1298 occidi:
768 1256 872 1297 Non
893 1270 1046 1310 pasces
1068 1257 1111 1297 in
1132 1271 1260 1298 cruce
1282 1271 1448 1298 corvo&

204 1321 311 1364 Sum
331 1323 473 1364 bonus
493 1329 539 1364 et
558 1322 689 1378 frugi.

752 1323 920 1364 Renuit
941 1323 1192 1377 negitatque
1215 1323 1417 1365 Sabellus
1434 1340 1442 1364 :

119 1390 177 1432 50
202 1389 374 1439 Cautus
396 1390 509 1432 enim
531 1391 684 1432 metuit
705 1389 874 1432 foveam
892 1389 1040 1444 lupus,
1062 1391 1357 1446 accipiterque

204 1457 446 1512 Suspectus
466 1457 662 1513 laqueOS,
684 1465 728 1500 et
750 1465 952 1513 opertum
972 1457 1141 1500 milvius
1163 1458 1351 1500 hamum.

88 1611 202 1648 poetae,
214 1615 322 1638 versus
337 1606 486 1638 celebrat.
520 1608 623 1637 Ser-vet
638 1609 648 1637 ι’
653 1620 671 1637 n
683 1609 835 1648 ambiguo,

85 1649 173 1680 sinat
186 1659 256 1680 esse
279 1649 310 1680 in
330 1648 492 1690 ambiguo,
511 1659 548 1679 ne
564 1649 688 1680 scilicet
703 1650 835 1680 alterum

89 1691 130 1724 ab
144 1691 244 1724 altero
257 1692 290 1723 in
306 1702 412 1723 amore
429 1692 569 1733 superari
586 1698 748 1734 appareat.

130 1735 186 1769 29.
222 1735 361 1777 Augusti
396 1735 501 1766 landes
528 1746 686 1776 agnoscere
721 1736 836 1774 possis?

87 1787 165 1809 num
188 1777 287 1826 possis
309 1788 379 1809 esse
402 1784 465 1809 tam
489 1777 634 1814 stolidus,
655 1785 691 1808 ut
712 1777 834 1813 laudes,

88 1830 152 1852 non
174 1820 244 1859 tibi,
264 1821 321 1852 sed
343 1820 400 1851 uui
428 1821 572 1862 Augusto
598 1819 835 1855 convenientes.

87 1863 129 1896 ad
145 1867 178 1895 te
193 1860 388 1895 transferas!

130 1907 186 1938 30.
212 1906 315 1941 Quum
334 1908 449 1946 pateris
467 1908 586 1946 sapiens
603 1907 837 1947 emendatusque

87 1950 202 1986 vocari,
219 1949 335 1981 Graece
348 1959 416 1991 pro,
432 1959 505 1980 cum
527 1948 641 1990 pateris
660 1954 690 1980 te
710 1948 833 1991 sapien—

87 1998 151 2024 tem
165 1991 433 2033 emendatumque
449 1991 565 2023 vocari.

131 2035 187 2066 31.
209 2034 418 2076 Respondesne
437 2041 499 2070 tuo,
515 2035 566 2066 dic
585 2036 676 2072 sodes,
695 2036 835 2065 nomine?

89 2078 184 2114 Sunt,
199 2076 257 2119 qui
272 2079 392 2109 nomine
406 2077 537 2119 antique
553 2087 608 2120 pro
621 2079 736 2108 nomini
751 2077 835 2119 posi-

87 2125 156 2152 tum
175 2130 244 2152 esse
260 2119 443 2163 opinentur,
459 2119 534 2162 quia
547 2122 722 2160 respondere
741 2122 836 2151 alicui

88 2165 135 2194 rei
149 2162 276 2195 dicitur.
321 2162 384 2194 Sed
397 2162 479 2198 vide,
496 2173 537 2193 an
559 2163 610 2193 hic
630 2162 719 2193 locus
735 2162 837 2204 expli-

87 2204 155 2238 cari
179 2205 280 2248 possit
302 2205 369 2237 sic:
393 2205 456 2241 dic,
480 2215 600 2247 quaeso,
626 2204 838 2247 respondesne

88 2247 226 2291 sapienti
237 2247 470 2290 emendataque
486 2248 536 2279 vel
556 2247 709 2296 sapientis
729 2258 838 2279 emen-

21 2318 26 2328 ,
87 2290 220 2333 &tique
243 2290 425 2329 virtutibus,
443 2290 520 2327 sive,
541 2290 661 2322 facisne
675 2290 762 2332 quod
784 2301 834 2322 sa-

70 2334 181 2377 ‘iene
201 2334 450 2376 emendatusque
471 2334 574 2365 facere
589 2332 697 2370 debet,
715 2340 767 2364 tuo
783 2345 835 2364 no-

36 2391 37 2394 *
89 2378 185 2416 nine,
196 2376 270 2412 hoc,
284 2386 349 2419 quo
369 2382 399 2408 te
421 2375 527 2408 vocari
546 2376 675 2418 pateriS,
696 2375 836 2412 nomine,

87 2419 164 2458 &un
178 2419 332 2462 sapientis
347 2418 569 2461 emendatique
584 2429 699 2451 nomen
714 2418 795 2460 geris
809 2421 821 2449 ἲ

132 2463 190 2499 33.
213 2462 355 2505 Auferet,
370 2472 415 2494 sc.
431 2473 545 2494 nomen
560 2461 636 2493 boni
650 2467 683 2494 et
698 2461 836 2504 pruden-

89 2504 144 2537 tis.
190 2505 246 2541 Ue,
260 2507 299 2541 si,
315 2510 360 2542 ut,
376 2504 401 2535 si
416 2503 499 2546 quis.

131 2548 187 2586 86.
201 2548 256 2581 37.
280 2548 378 2584 Idem,
391 2549 418 2578 si
433 2548 554 2583 clamet,
572 2557 623 2578 me
637 2556 705 2578 esse
714 2547 836 2588 jurem,

89 2592 308 2632 nomicum
331 2601 390 2622 esse
410 2596 510 2632 neget,
529 2600 579 2621 me
601 2591 712 2620 cottum
732 2595 837 2629 pater-

88 2642 167 2671 m
186 2634 291 2675 laqueo
309 2635 447 2674 pressisse
463 2632 624 2675 (fregisse,
638 2642 690 2664 me
710 2630 838 2673 parrici-

91 2674 168 2715 ᾆιίι
181 2675 270 2716 0⁸⁸0)
284 2677 459 2708 contendat.

111 2717 193 2755 ..ΒΕ
213 2718 335 2755 Facem.
351 2717 538 2750 immeritus.

95 2791 98 2794 ,
115 2792 119 2798 ,
134 2761 190 2797 40.
219 2761 453 2797 Μεαίὶσαηάιιηι,
492 2761 654 2796 insanum,
693 2758 841 2796 stultum,

90 2801 254 2843 helleboro
267 2804 460 2836 curandum.

119 2846 191 2882 ..⁴2-
213 2846 376 2883 Secuntur,
398 2845 604 2881 dirimuntur,
624 2849 662 2876 ut
684 2853 756 2887 sup.
777 2844 845 2876 Sat.

96 2887 187 2930 32³0,
203 2889 256 2927 15,
274 2890 455 2923 Ridiculum
469 2890 538 2920 acri
555 2887 679 2919 Fortius
695 2893 723 2918 et
740 2888 846 2918 melius

98 2941 224 2973 neg-ec
238 2932 416 2973 plerumque
430 2938 508 2963 secat
524 2942 584 2962 res.

926 1608 979 1638 43.
1016 1607 1183 1644 Tenentur,
1212 1607 1408 1644 obtinentur,
1442 1609 1482 1639 ab
1512 1608 1631 1650 injuria

880 1648 1104 1681 vindicantur:
1130 1650 1276 1692 exempla
1292 1651 1501 1682 Ciceroniana
1516 1651 1578 1682 vid.
1595 1652 1630 1683 in

881 1692 1007 1724 Ernest.
1023 1692 1117 1724 Clav.
1135 1693 1207 1724 Cic.
1225 1703 1251 1723 s-
1267 1703 1297 1724 v.
1315 1693 1437 1724 Tenere.

923 1737 974 1766 45.
1011 1735 1168 1766 Introrsus
1202 1742 1331 1775 turpem,
1362 1738 1522 1776 speciosum
1549 1737 1630 1776 pelle

880 1778 1008 1808 decora:
1037 1788 1106 1819 sup.
1128 1778 1193 1808 Sat.
1214 1777 1248 1813 ii,
1275 1779 1305 1813 l,
1327 1779 1381 1814 65,
1409 1779 1578 1810 Detrahere
1599 1786 1629 1810 et

878 1821 999 1860 pellem,
1013 1821 1130 1851 nitidus
1146 1833 1203 1861 qna
1221 1822 1344 1862 quisque
1357 1832 1412 1861 per
1423 1832 1475 1852 ora
1490 1821 1628 1858 Cederet,

881 1864 1046 1894 introrsum
1063 1865 1174 1902 turpis.

925 1906 979 1937 47,
1002 1905 1091 1936 Loris
1106 1918 1165 1936 non
1181 1907 1300 1942 μναῖς,-
1326 1905 1371 1936 sic
1385 1916 1458 1948 sup.
1469 1906 1537 1937 Sat.
1547 1905 1582 1942 ii,
1594 1907 1627 1943 7,

880 1949 934 1983 58,
951 1950 1046 1989 virgis
1063 1950 1126 1980 uri.
1181 1975 1188 1980 .

923 1992 975 2022 49.
999 1992 1118 2022 Renuit
1134 1993 1323 2032 negitatque.-
1343 1990 1439 2030 vulgo
1451 1990 1627 2032 legebatur,

879 2036 983 2065 renuit
1002 2041 1092 2076 negat
1114 2040 1214 2074 atque.
1259 2034 1322 2064 Sed
1338 2033 1513 2070 Bentleius,
1532 2045 1628 2076 quem

880 2082 1010 2108 secutus
1025 2087 1106 2114 sum,
1123 2075 1290 2107 durissima
1304 2086 1342 2108 co
1367 2076 1430 2107 ulae
1445 2083 1534 2117 atque
1579 2084 1630 2108 ost

881 2126 972 2161 negat
996 2119 1208 2151 collocatione
1228 2118 1299 2160 jure
1322 2129 1339 2150 o
1365 2129 1470 2155 ensuS,
1488 2119 1529 2150 ad
1573 2131 1628 2151 uo-

880 2173 949 2193 rum
980 2162 1106 2204 optimae
1140 2168 1222 2193 notae
1251 2162 1353 2194 Codd.
1380 2161 1472 2193 fidem
1497 2162 1629 2205 recepit,

881 2206 985 2236 renuit
1000 2207 1190 2246 negitatque.
1232 2205 1304 2235 Vox
1321 2206 1457 2245 negitare
1472 2206 1556 2246 apud
1572 2216 1629 2247 op-

881 2246 974 2279 timos
989 2258 1135 2289 quosque
1159 2247 1326 2290 scriptores
1349 2247 1462 2285 obvia;
1485 2249 1631 2290 exempla

880 2290 1011 2332 collegit
1032 2292 1107 2322 Fea.
1153 2290 1224 2321 Nec
1246 2289 1404 2332 displicet,
1424 2299 1520 2331 quam
1546 2291 1630 2323 Cod.

882 2333 1071 2364 Bersmanni
1087 2332 1188 2368 offert.
1211 2332 1316 2369 lectio,
1338 2334 1501 2374 renuitque
1523 2341 1630 2375 negat-

881 2387 948 2417 que.
992 2375 1186 2407 Suavissime
1202 2380 1307 2407 autem
1326 2375 1476 2407 Horatius
1490 2386 1524 2407 se
1540 2382 1631 2408 vocat

883 2419 1049 2456 Sabellum,
1066 2418 1170 2461 quasi,
1185 2418 1242 2459 qui
1264 2428 1335 2450 rure
1356 2418 1478 2454 vivunt,
1498 2419 1631 2452 liberius

881 2466 913 2493 et
927 2461 1067 2504 apertius
1082 2463 1265 2503 loquantur.

926 2505 981 2535 51.
1007 2504 1158 2536 Milvius:
1183 2514 1246 2535 non
1270 2513 1367 2546 rapax
1390 2509 1514 2536 tantum
1530 2503 1598 2536 avis
1613 2514 1631 2536 e

882 2556 996 2587 genere
1007 2547 1209 2589 accipitrum,
1221 2545 1276 2578 sed
1288 2556 1386 2594 rapax
1422 2557 1527 2596 uoque
1538 2547 1633 2595 piscis

883 2599 997 2623 nomen
1035 2589 1115 2631 gerit
1142 2590 1252 2627 milvii,
1282 2599 1339 2631 qui
1366 2599 1405 2620 vo
1419 2595 1486 2621 anti
1520 2589 1634 2622 sunnis

883 2632 1000 2673 praedae
1016 2632 1184 2674 captandae
1205 2641 1304 2663 causa
1323 2642 1419 2674 supra
1435 2643 1520 2664 mare
1536 2643 1569 2664 se
1585 2639 1633 2664 at-

884 2674 994 2706 tollere
1015 2674 1150 2706 dicitur:
1176 2673 1241 2706 vid.
1260 2674 1347 2706 Pliu.
1363 2676 1407 2706 H.
1425 2675 1470 2706 N.
1486 2675 1554 2711 viii,
1569 2677 1633 2713 26;

885 2717 983 2748 ovid.
999 2717 1141 2750 Halieut.
1153 2728 1184 2748 v.
1193 2719 1248 2753 95,
1268 2717 1349 2748 Nam
1360 2720 1500 2759 gaudent
1514 2720 1633 2760 pelago,

885 2761 987 2801 quales
998 2761 1188 2802 Scombrique
1197 2760 1358 2802 Bovesque,
1368 2761 1507 2801 Hippuri
1516 2763 1636 2799 celeres,

887 2810 917 2834 et
931 2805 1021 2844 nigro
1035 2812 1153 2846 tergore
1164 2803 1270 2834 Milvi.
1303 2803 1434 2834 Milvius
1446 2803 1486 2834 ad
1501 2803 1635 2845 piscium

887 2855 988 2887 genus
999 2846 1271 2888 Coryphaenarum
1283 2844 1468 2886 (Doraden)
1481 2846 1636 2887 pertinere

889 2887 1022 2921 videtur.
1070 2889 1230 2929 opertum,
1243 2898 1318 2919 esca
1330 2888 1503 2919 obductum
1516 2899 1525 2926 3
1548 2887 1636 2917 simi-

889 2930 961 2962 liter
976 2941 1047 2974 sup.
1064 2931 1166 2973 Epist.
1180 2931 1202 2968 i,
1221 2931 1253 2966 7,
1267 2931 1320 2967 74,
1338 2931 1442 2960 hamus
1457 2931 1601 2960 occultus.

857 2983 903 3005 11
