1884 3288
638 213 866 258 LIBER
897 214 980 265 ΙΙΙ,
1011 215 1053 258 8.

366 319 439 362 Ne
458 319 623 361 vicinus
646 317 846 373 Enipeus

422 387 530 429 Plus
545 388 668 443 justo
689 386 875 442 placeat,
897 401 1000 428 cave
1018 402 1026 427 :

1539 217 1621 260 147

219 457 277 500 25
307 455 517 504 Quamvis
540 471 627 497 non
648 454 757 497 alius
778 454 956 497 flectere
981 469 1141 509 equum
1163 455 1304 496 sciens

306 522 456 578 AEque
477 523 744 578 conspicitur
765 523 958 578 gramine
981 522 1161 572 Martio,

361 591 460 633 Nec
481 591 709 646 quisquam
731 591 843 632 citus
865 605 990 645 aeque
1099 586 1102 588 ’

271 713 274 716 ’
421 659 572 701 Tusco
593 660 773 701 denatat
793 658 929 700 alveo.
964 689 967 691 »

306 727 454 770 Prima
474 735 603 770 nocte
625 728 800 769 domum
821 726 1000 768 claude:
1034 741 1177 782 neque
1199 727 1242 768 in
1263 726 1352 769 vias

218 797 278 839 30
307 797 401 839 Sub
423 804 554 838 cantu
576 795 771 851 querulae
792 796 969 850 despice
991 796 1131 837 tibiae:

365 865 428 907 Et
449 871 491 906 te
514 878 629 919 saepe
651 863 822 905 vocanti

420 932 591 975 Duram
612 931 798 974 difficilis
820 946 958 974 mane.

621 1151 899 1195 CARMEN
931 1152 1060 1195 VIII.

565 1305 644 1336 AD
689 1303 1129 1336 MAECENATEM.

364 1425 571 1467 MARTns
593 1423 752 1466 caelebs
774 1423 878 1478 quid
901 1438 1027 1479 agam
1047 1412 1267 1473 Calendis,

365 1493 488 1542 Quid
509 1492 641 1535 velint
662 1492 807 1542 flores,
830 1499 876 1533 et
895 1506 1047 1533 acerra
1068 1491 1177 1533 turis

75 1620 148 1650 ‘cere
156 1615 263 1648 studet
271 1615 429 1649 terrendo.
459 1617 508 1650 Ut
516 1615 612 1658 igitur
618 1626 691 1647 eum
701 1615 825 1652 doceat,

76 1669 173 1703 quam
190 1660 325 1702 graviter
334 1659 430 1702 spreti
445 1660 560 1691 amoris
575 1658 726 1701 injuriam
742 1658 825 1690 ulci-

74 1702 125 1735 sei
139 1703 263 1735 soleant
277 1702 436 1738 muliere&
451 1701 534 1734 inter
549 1701 611 1733 alia
629 1703 744 1733 Anteae
759 1701 826 1732 sive

73 1745 283 1778 'Sthenoboeae
303 1745 558 1788 Hippolytesque
577 1744 606 1776 ei
627 1750 702 1775 ante
716 1744 827 1775 oculos

75 1788 170 1832 ponit
177 1788 372 1832 exemplum,
382 1798 516 1830 quarum
529 1787 584 1818 illa
597 1787 827 1830 Bellerophon-

77 1836 156 1868 tem.
171 1831 243 1864 baec
257 1832 390 1864 Peleum
407 1842 500 1873 paene
515 1831 556 1862 ob
571 1835 692 1872 spretos
707 1840 829 1861 amores

77 1873 344 1918 pessumdederit.
389 1874 510 1905 Mulier
532 1875 662 1914 perfida,
688 1884 766 1905 uxor
795 1873 828 1904 in

77 1917 226 1949 maritum
257 1927 352 1950 snum
381 1917 517 1960 perfida:
549 1916 690 1948 fabulam
724 1922 831 1947 narrat

79 1961 213 1992 Homer.
230 1958 327 1992 Iliad.
341 1959 385 1998 vi,
404 1961 465 1991 155
480 1970 553 2002 sqq.
568 1959 623 1991 cui
638 1959 693 1990 illa
711 1960 823 1995 Antea,

78 2002 153 2034 aliis
194 2003 380 2042 Stherwboea,
423 2003 615 2045 appellatur.
661 2002 826 2042 Impulerit

77 2051 238 2078 mturare
251 2057 363 2083 necem,
379 2045 496 2078 Grece
513 2055 581 2088 pro,
601 2050 636 2076 ut
653 2050 826 2077 maturaret

28 2112 33 2114 -
75 2098 202 2121 necem.
245 2088 449 2131 Hippolyten,
472 2089 610 2124 ·Acasti,
647 2087 826 2129 Magnesiae

77 2130 163 2181 mgis
179 2130 284 2172 (unde
297 2131 356 2163 ina
369 2131 550 2174 Magnessa)
568 2130 736 2172 conjugem
753 2143 761 2170 3
783 2130 823 2162 de

76 2182 172 2217 eujus
187 2174 246 2213 ira,
260 2183 327 2217 qua
341 2174 488 2211 Peneum,
509 2173 595 2216 quod
613 2174 751 2205 oblatam
773 2173 823 2205 in-

44 2235 50 2242 =
58 2216 157 2251 *veo-ti
165 2217 281 2253 amoris
287 2216 501 2249 conditionem
512 2217 742 2260 repudiaverat,
753 2227 824 2259 per-

30 2259 34 2262 ’
76 2255 180 2297 ditum
197 2258 274 2292 ivit:
298 2260 364 2292 vid.
384 2259 482 2292 Pind.
503 2260 601 2292 Nem.
623 2259 666 2296 iv,
687 2261 730 2291 92
751 2270 824 2302 sqq.

77 2299 250 2342 minens,
277 2310 398 2336 castus.
443 2303 597 2334 Historias
624 2310 730 2341 movet,
758 2303 823 2335 ele-

67 2350 191 2394 mter
211 2355 280 2391 pro,
306 2345 438 2384 excitat,
463 2345 586 2382 laudat,
611 2346 748 2388 profert3
778 2345 824 2378 sic

67 2388 169 2436 Qud
189 2387 287 2423 Ovid-
310 2390 385 2422 Art.
410 2390 486 2421 Am.
509 2389 544 2424 ii.
568 2390 646 2427 275,
669 2389 719 2420 Sol
743 2391 824 2420 mala

96 2452 101 2454 -
122 2468 125 2470 ,
157 2433 211 2474 pla
238 2442 363 2472 movere,
389 2443 459 2476 pro,
483 2432 518 2464 in
542 2433 647 2465 lucem
677 2432 824 2477 proferre,

132 2474 206 2508 'tun
241 2474 372 2508 Pet-cm
383 2477 531 2512 docentes,
543 2486 616 2518 quae
628 2474 776 2511 doceant,
790 2486 830 2508 ne

180 2518 325 2552 oblatum
352 2528 372 2550 a
399 2518 534 2551 muliere
559 2518 749 2550 adulterium
779 2529 828 2551 re-

135 2573 151 2589 li
169 2584 174 2587 .

120 2600 266 2639 21—28.
288 2604 427 2646 Scapulis
441 2605 566 2636 surdior
582 2603 680 2642 Icari,
699 2615 746 2636 sc.
763 2615 830 2636 ma·

154 2646 208 2681 cl.
225 2647 362 2681 Mitsch.
379 2653 543 2691 comparat
562 2649 675 2679 Senee.
695 2647 830 2691 Hippoi.

54 2723 55 2726 ,
74 2694 157 2729 2„„¹'
180 2690 224 2725 Ut
240 2693 324 2724 dara
339 2698 442 2724 cautes
464 2693 599 2732 undique
619 2693 829 2722 intractabilis

131 2752 146 2757 -»
169 2750 173 2764 ;
197 2738 209 2766 8
233 2735 339 2773 undis,
362 2740 391 2766 et
415 2735 587 2766 lacessentes
608 2745 703 2775 aquas
726 2735 831 2776 Longe

87 2781 109 2815 VJ.
138 2779 139 2782 ’
157 2776 226 2815 ἃ,
246 2779 338 2809 verba
359 2779 402 2810 sic
419 2779 536 2817 sperm't
559 2788 636 2809 mea.
681 2778 833 2809 Laudant

91 2814 116 2824 '⁴'
139 2834 183 2865 ⁹⁸(
200 2843 207 2846 v
239 2820 351 2863 Eurip.
379 2819 470 2852 Med.
494 2821 551 2855 28.
581 2820 626 2858 ὡς
650 2819 681 2852 δὲ
707 2819 832 2863 πέτρος

158 2880 164 2888 ‹
190 2880 194 2889 ι
213 2882 217 2889 1
235 2875 300 2902 ως
309 2862 832 2907 Κλύδωνάκούεινουθετουμὲνη

356 2907 400 2939 ite
416 2906 560 2950 inprimis
578 2906 762 2938 Philodem.
781 2918 834 2942 xx.

351 2948 458 2982 Graec.
479 2950 518 2980 T.
541 2949 575 2987 ii,
598 2960 630 2991 p.
655 2950 710 2985 75,
734 2949 835 2982 Τοῦτ’

0 2938 3 2940 ,
54 2915 173 2949 ¹2),st
191 2924 202 2938 ι
244 2905 299 2950 Δρ

10 2949 15 2958 i
60 2952 77 2988 ⁴.-
106 2954 144 2989 ἢ
165 2967 177 2985 ι
198 2947 330 2982 Assffiov

6 3027 10 3033 .
114 3025 123 3028 -
156 2986 703 3037 4ἶ”ἰιῖεὶκιπιὶπροῦλεγον·ἀλλ’ἵσα
715 2993 834 3034 πόντῳ

62 3044 96 3053 ”’
156 3044 165 3053 ³
211 3033 329 3078 μύθων
349 3035 464 3074 ἔκλυες
484 3035 666 3079 ἡμετέρων.
711 3035 836 3067 Similia

871 1614 944 1646 vide
964 1616 1048 1657 apud
1070 1616 1263 1648 Valckenar.
1285 1615 1326 1647 ad
1349 1614 1462 1657 Eurip.
1486 1613 1620 1657 Hippol.

871 1669 903 1700 p.
940 1660 1002 1690 196
1029 1658 1076 1690 C.
1122 1659 1257 1701 Integer,
1286 1669 1334 1690 sc.
1363 1658 1509 1690 castitate
1540 1668 1619 1696 sua;

871 1712 941 1743 sup.
964 1701 999 1738 ii,
1023 1703 1055 1737 4,
1079 1702 1133 1740 22,
1160 1699 1358 1738 Brachia,'‘et
1385 1702 1516 1737 vultum,
1541 1707 1619 1732 tere-

871 1751 970 1785 tesque
986 1754 1086 1781 surus,
1109 1745 1234 1793 Integer
1257 1746 1361 1776 laudo.
1406 1744 1505 1785 AEque
1526 1746 1620 1775 sciens

870 1798 978 1828 equum
983 1788 1124 1827 flectere,
1138 1798 1194 1829 qui
1211 1798 1301 1829 aeque
1316 1787 1398 1819 sciat
1412 1797 1529 1829 equum
1545 1787 1620 1818 flec-

871 1835 954 1861 tere:
980 1830 1019 1861 ad
1040 1831 1254 1871 gymnasticas
1272 1830 1527 1866 exercitationes,
1547 1829 1619 1872 qui-

871 1873 932 1904 bus
942 1873 1031 1916 pueri
1045 1873 1174 1915 ingenui
1183 1884 1310 1916 operam
1320 1873 1441 1905 dabant
1449 1873 1482 1904 in
1497 1874 1621 1921 Campo

873 1915 1004 1954 Martio,
1033 1916 1211 1959 pertinebat
1240 1916 1384 1959 inprimis
1413 1915 1557 1947 studium
1583 1926 1620 1946 iu

869 1958 1036 2001 equitandi
1060 1960 1257 2001 natandique
1279 1964 1346 1991 arte
1368 1965 1463 2001 atque
1486 1959 1622 1990 scientia

869 2002 1006 2045 positum
1020 2014 1027 2032 :
1051 2001 1094 2034 cf.
1111 2002 1257 2051 sup.i,8,
1274 2003 1294 2033 6
1309 2012 1380 2044 sqq.
1420 2002 1514 2033 Tusco
1523 2003 1621 2039 alveo,

869 2045 975 2077 Tiberi
991 2045 1032 2076 ab
1050 2046 1178 2076 Etruria
1190 2045 1371 2077 delabente.

914 2089 1057 2119 29—32.
1091 2089 1199 2119 Prima
1230 2095 1315 2120 nocte
1345 2090 1465 2119 domum
1500 2089 1621 2119 claude.

868 2131 958 2163 Idem
988 2137 1181 2173 praeceptum
1209 2132 1250 2162 ad
1280 2131 1399 2163 aditum
1427 2131 1622 2163 amatoribus

867 2173 1144 2209 intercludendum
1171 2173 1315 2206 inculcat
1341 2174 1479 2206 Ovidius
1510 2173 1621 2206 Amor.

869 2217 904 2252 ii,
924 2218 974 2254 19,
990 2218 1045 2254 38,
1062 2217 1244 2258 Irzcipejam
1261 2219 1364 2258 prima
1378 2219 1522 2249 claudere
1537 2223 1622 2248 nocte

869 2262 1001 2292 dantum.
1044 2260 1106 2291 Sub
1125 2267 1220 2292 cantu
1236 2262 1371 2302 querulae
1393 2263 1473 2293 tibiae
1486 2274 1495 2292 .·
1517 2271 1620 2303 quan-

868 2303 909 2335 do
922 2303 962 2335 ad
975 2303 1124 2346 querulos
1141 2303 1229 2335 tibiae
1242 2314 1337 2335 sonos
1352 2303 1496 2347 Enipeus
1509 2316 1621 2346 παρα-

870 2347 1103 2389 κλαυσίθυρον
1133 2347 1233 2378 canit.
1278 2347 1437 2389 Difficilis,
1468 2348 1623 2390 χαλεπὴ,

869 2399 904 2420 as
928 2401 991 2422 era.

905 2401 926 2434 p
1079 2433 1283 2466 CARMEN
1311 2434 1411 2467 VIII.

919 2477 1132 2508 Maecenatem
1156 2476 1197 2508 ad
1220 2477 1305 2508 diem
1331 2477 1447 2509 festum
1472 2476 1625 2509 Calendis

874 2519 1004 2551 Martiis
1017 2530 1126 2551 secum
1148 2520 1374 2552 celebrandum
1390 2519 1504 2552 invitat
1522 2520 1625 2551 Hora-

874 2562 954 2594 tius.
999 2562 1236 2595 Sententiarum
1261 2574 1361 2595 nexus
1384 2568 1434 2596 est
1460 2563 1524 2595 sere
1550 2564 1623 2595 hic:

874 2605 1034 2637 Invitatus
1056 2605 1096 2637 ad
1117 2605 1199 2638 diem
1223 2606 1339 2638 festum
1364 2605 1517 2639 Calendis
1537 2607 1626 2638 Mar-

871 2648 925 2680 tiis
940 2649 1026 2691 apud
1042 2659 1093 2681 me
1107 2649 1333 2681 celebrandum
1351 2649 1472 2681 miraris
1486 2650 1629 2687 fortasse,

873 2692 1056 2724 doctissime
1082 2693 1256 2730 Maecena&
1280 2693 1359 2735 quid
1386 2694 1438 2731 sit,
1460 2694 1545 2734 quod
1568 2703 1627 2734 ego

875 2735 969 2766 homo
989 2735 1107 2767 caelebs
1129 2735 1263 2768 solemni
1278 2747 1364 2768 more
1384 2736 1468 2768 diem
1487 2737 1627 2768 celebra-

876 2784 964 2810 turus
978 2778 1050 2814 sim,
1067 2789 1130 2820 quo
1147 2785 1299 2811 matronae
1319 2785 1443 2811 tantum
1460 2779 1629 2821 maritique

876 2831 930 2864 pro
953 2822 1096 2863 conjugii
1115 2821 1269 2854 felicitate
1286 2833 1377 2854 sacra
1396 2822 1628 2854 instituere‘so-

877 2865 954 2896 lent.
999 2865 1063 2896 Sed
1093 2865 1169 2896 audi
1199 2867 1351 2897 causam!
1387 2867 1456 2897 lloc
1484 2866 1552 2907 ipso
1578 2865 1630 2897 die

878 2918 936 2950 ego
959 2907 1034 2939 olim
1058 2909 1091 2939 in
1115 2908 1193 2940 villa
1217 2919 1286 2940 mea
1309 2909 1428 2940 arboris
1452 2908 1513 2940 ictu
1541 2919 1631 2949 paene

878 2951 1055 2983 exstinctus
1067 2951 1124 2983 fui.
1167 2952 1206 2983 In
1224 2953 1405 2984 memoriam
1423 2951 1519 2993 igitur
1534 2950 1631 2992 hujus

878 2993 1041 3036 diei‚-quo
1064 2994 1217 3036 singulari
1239 2994 1367 3026 deorum
1389 3004 1465 3026 cura
1488 3001 1632 3024 servatus

879 3047 960 3076 sum,
981 3038 1152 3079 quotannis
1173 3049 1232 3078 ego
1255 3049 1291 3069 ex
1318 3044 1389 3068 voto
1411 3042 1558 3079 suscepto
1580 3047 1631 3067 sa-

831 3081 892 3110 L2
