1884 3288
629 152 856 195 LIBER
888 151 968 203 IV,
1005 153 1070 193 15.

1550 153 1636 195 243

435 257 540 300 Non
560 256 637 306 ira,
659 270 759 310 quae
779 253 985 309 procudit
1005 269 1148 305 enses,

289 326 348 368 20

492 325 555 366 Et
574 323 752 365 miseras
772 322 962 364 inimicat
982 322 1130 364 urbes.

376 392 495 443 Non,
517 391 592 447 qui
611 389 879 446 profundum
901 389 1156 431 Danubium
1178 389 1351 443 bibunt,

373 459 538 503 Edicta
557 465 761 513 rumpent
781 457 811 498 J
814 457 912 508 ulia,
934 471 1021 499 non
1043 457 1185 507 Getae,

431 527 538 569 Non
559 526 706 576 Seres,
727 525 906 567 infidive
928 524 1105 575 Persae,¹

490 594 596 636 Non
616 593 788 635 Tanain
810 607 950 648 prope
971 592 1132 634 fiumen
1156 594 1255 634 orti.

290 662 346 704 25
375 660 566 716 Nosque>
583 668 627 702 et
649 660 854 716 profestis
876 659 1048 702 lucibus
1069 667 1113 702 et
1136 658 1295 712 sacris,

373 729 495 771 Inter
509 729 650 784 jocosi
673 743 851 770 munera
872 727 1039 778 Liberi,

432 797 542 838 Cum
563 795 687 852 prole
708 797 1007 851 matronisque
1031 797 1207 846 nostris,

490 865 595 907 Rite
618 865 741 907 Deos
763 865 885 921 prius
908 866 1146 920 apprecati,

378 932 554 976 Virtute
576 933 764 984 functos,
787 947 905 975 more
926 939 1113 988 patrum,
1137 933 1289 983 duces,

288 1002 347 1044 30
377 1001 516 1056 Lydis
537 1002 722 1043 remixto
744 1001 931 1043 carmine
955 1001 1086 1051 tibiis,

433 1069 701 1124 Trojamque
722 1077 766 1110 et
789 1068 1015 1110 Anchisen
1035 1069 1223 1111 et‘almae

494 1137 755 1193 Progeniem
775 1136 964 1179 Veneris
989 1152 1208 1180 canemuS.

87 1298 194 1320 nomen
214 1290 303 1319 terris
314 1287 424 1330 fatale
442 1289 768 1328 regendis‚—Quaque
782 1299 839 1327 pa-

91 1338 158 1364 tent
179 1338 276 1368 ortus,
300 1337 331 1362 et
347 1342 406 1372 qua
416 1332 627 1372 fluitantibus
648 1333 740 1362 undis
763 1331 839 1362 Solis

89 1375 266 1406 anhelanter
281 1375 380 1405 abluit
396 1375 494 1405 amnis
508 1385 604 1414 equos.

135 1418 272 1449 17—24.
289 1417 420 1448 Custode
434 1428 537 1448 rerum
556 1417 692 1448 Coesare:
710 1416 754 1448 sic
769 1427 838 1458 sup.

84 1459 133 1506 jv,
156 1461 190 1497 5,
215 1461 248 1497 2,
275 1460 415 1501 Optimus
448 1460 582 1491 Romuloe
604 1462 704 1503 gentis
729 1467 837 1496 custos,

89 1508 124 1536 et
138 1502 278 1536 carmine
295 1502 501 1534 antecedente
517 1513 546 1533 v.
563 1504 615 1538 43,
636 1503 745 1534 Tutela
758 1514 836 1543 prer-

90 1557 156 1578 tem
171 1546 274 1578 Italic
283 1547 467 1586 dominoeque
479 1546 581 1576 Romae
592 1545 735 1577 Vocatur.
767 1546 838 1578 Non

81 1589 194 1632 sinor,
209 1588 342 1626 sediti03
357 1589 458 1631 surm·
473 1593 504 1619 et
514 1588 628 1630 fiir-ere
644 1588 730 1630 apud
746 1588 838 1620 Cice-

90 1641 198 1664 ronem
215 1642 343 1674 quoque
368 1631 485 1674 passim
500 1632 540 1662 de
554 1631 647 1662 bellis
667 1630 815 1662 civilibus
830 1644 836 1662 :

91 1677 148 1712 uis,
179 1675 349 1712 violentia3
372 1685 443 1716 sup.
465 1674 513 1710 iii,
542 1675 592 1710 14,
625 1675 675 1709 14,
704 1685 758 1716 ego
787 1686 841 1706 nec

92 1720 274 1755 tumuuum,
298 1717 362 1748 Nec
380 1721 456 1749 mori
477 1729 531 1758 per·
549 1720 610 1748 vim
629 1723 773 1752 metuam,
794 1724 839 1748 te-

92 1768 184 1793 nente
195 1762 312 1792 Coesarc
323 1767 434 1792 terras.
482 1760 592 1801 Exi-get
605 1762 712 1794 otium,
730 1770 840 1801 pacem

90 1813 131 1836 ex
155 1804 289 1848 imperio
314 1804 464 1835 Romano
491 1802 598 1844 abiget
624 1809 655 1834 et
680 1803 840 1845 expellet3

92 1849 246 1883 inimicat,
269 1846 309 1878 ad
339 1846 456 1878 bellum
483 1846 633 1877 concitat.
689 1847 751 1880 Qui
772 1857 841 1886 pro-

82 1890 230 1932 fundum
250 1891 430 1920 Danubium
451 1891 568 1920 bibunt.
615 1889 688 1920 Istri
710 1889 840 1926 accolae,

94 1932 259 1969 Germani,
287 1932 409 1970 Rhaeti,
432 1932 530 1967 Daci,
553 1937 629 1963 cett.
653 1938 689 1962 ut
711 1942 781 1974 sup.
805 1932 839 1969 ii,

94 1977 150 2014 20,
179 1977 236 2012 20,
266 1976 409 2007 Rhodani
439 1981 554 2015 potares
578 1974 618 2006 de
647 1974 772 2006 Gallis:
798 1976 840 2006 cf.

93 2027 194 2051 curm.
216 2023 320 2050 antec.
342 2029 373 2049 v.
397 2019 450 2050 46.
487 2018 607 2059 *Edicta
633 2018 735 2053 Julia,
768 2028 842 2059 quae

97 2062 264 2103 Augustus
291 2061 324 2093 iu
353 2061 442 2104 pacis
469 2060 706 2092 conditionibus
734 2061 841 2092 obser-

93 2104 200 2136 vanda
222 2103 414 2147 praescripsit
435 2104 528 2136 victis
552 2104 690 2146 populiS.
737 2104 843 2135 Getoe:

93 2147 179 2180 ultra
202 2148 302 2180 Dacos
321 2146 448 2190 quidem
473 2147 635 2178 Orientem
659 2151 691 2178 et
712 2153 843 2188 pontum

94 2191 257 2223 Euxinum
283 2200 391 2222 versus
415 2190 455 2221 ad
481 2190 596 2221 Istrum
620 2190 727 2220 sedem
751 2200 841 2220 suam

96 2233 258 2266 habebant
288 2233 384 2272 Getes,
405 2233 471 2264 vid.
493 2234 598 2264 strab.
623 2232 675 2269 vii,
701 2243 732 2274 p.
755 2233 842 2271 4673

95 2276 152 2309 sed
176 2276 351 2320 promiscue
374 2286 392 2307 a
418 2275 572 2308 Romanis
593 2286 647 2318 pro
673 2277 766 2306 Dacis
790 2286 844 2318 po-

95 2325 232 2352 uantur:
258 2319 322 2352 vid.
338 2318 427 2351 Plin.
444 2319 487 2355 iv,
506 2320 558 2350 12.
604 2318 678 2349 Fusi
700 2318 748 2349 illi
771 2325 846 2350 sunt

97 2361 233 2406 pinum
251 2363 294 2396 U.
311 2363 352 2395 C.
375 2373 556 2394 nccxxmv
581 2372 599 2392 a
621 2362 779 2393 Lentulo:
803 2362 845 2393 cf.

97 2415 168 2481 Ἴ.
181 2405 223 2438 ιὰ
237 2405 285 2442 iii,
297 2407 330 2441 8,
348 2406 400 2436 18.
447 2404 613 2436 Debellati
624 2415 698 2436 vero
714 2415 844 2436 nccmu

98 2458 122 2481 ι
162 2447 280 2480 iberio:
301 2447 366 2480 vid.
382 2447 448 2479 Dio
463 2448 517 2482 liv.
536 2449 590 2479 36.
625 2448 729 2479 Seres.-
755 2449 846 2479 Seres

96 2490 184 2524 mim
206 2492 255 2524 vel
278 2491 364 2528 Indi,
387 2497 556 2540 postquam
581 2491 701 2532 legatos
720 2490 761 2522 ad
778 2491 846 2522 Au·

98 2540 238 2576 mmm.
275 2534 331 2577 qui
367 2545 437 2577 ejus
480 2533 655 2565 amicitiam
694 2539 847 2576 peterent,

99 2577 306 2615 Antiochiam
333 2577 483 2609 miserant
508 2577 567 2618 (de
589 2586 655 2619 qua
677 2577 848 2618 legatione,

199 2626 249 2652 sto
270 2619 604 2655 honorificentissima,
629 2619 695 2651 vid.
719 2621 851 2652 Sueton.

100 2660 193 2706 Aug.
215 2663 286 2696 vit.
307 2674 340 2695 e.
361 2663 437 2703 21),
463 2673 519 2705 pro
540 2662 678 2705 populis,
699 2663 754 2704 qui
783 2663 852 2694 Ro-

64 2724 78 2743 χ
98 2713 196 2739 mne
220 2705 352 2750 imperio
380 2716 414 2738 se
436 2706 661 2748 subjecissent,
689 2706 853 2737 habeban-

60 2757 83 2791 ‘3
101 2752 173 2787 μὴ
211 2749 326 2786 Perse,
357 2749 479 2780 Parthi.
526 2749 647 2779 Tanain
671 2759 763 2789 prope
782 2750 853 2791 flu-

100 2793 175 2824 mn«
186 2794 259 2824 orti.
301 2792 421 2824 Tanais
436 2792 567 2827 aceoiae,
585 2790 725 2834 Scythae.

76 2858 83 2862 -
102 2834 290 2867 ›snb-32.
315 2835 436 2876 Nosque
463 2842 492 2866 et
516 2835 658 2877 prqt'estis
686 2836 804 2867 lucibus
829 2842 857 2866 et

75 2878 212 2916 ‘sm’
246 2883 324 2910 cett.
358 2888 491 2910 sensus:
534 2888 591 2909 nos
623 2887 708 2913 vero,
740 2878 859 2920 quibus

105 2919 271 2953 wasuh
292 2926 381 2952 tanto
399 2921 544 2963 principe
563 2921 733 2952 securitate
757 2927 790 2953 et
812 2921 857 2953 fe-

26 2966 74 2990 sair

107 2958 227 3006 Q
256 2962 316 2996 frui
348 2963 437 3002 licet,
467 2974 662 3006 unoquoque
694 2963 758 3001 die,
794 2970 859 2995 tam

884 1299 947 1320 non
971 1290 1049 1320 festo
1073 1299 1168 1331 quam
1191 1289 1282 1324 festo,
1304 1299 1368 1320 una
1390 1299 1463 1319 cum
1482 1287 1634 1319 uxoribus

884 1333 999 1362 nostris
1029 1338 1060 1363 et
1091 1332 1211 1367 liberis,
1241 1332 1318 1363 deos
1347 1337 1420 1362 ante
1450 1331 1531 1362 inter
1559 1331 1634 1361 vina.

882 1375 1080 1406 solemnibus
1103 1375 1310 1406 libationibus
1334 1374 1485 1410 venerati,
1508 1374 1633 1415 egregia

882 1417 1035 1448 bonorum
1073 1417 1253 1460 principum
1288 1418 1388 1454 facta,
1427 1424 1459 1448 et
1493 1417 1634 1459 Trojam,

881 1461 966 1491 unde
988 1461 1142 1502 originem
1163 1467 1302 1491 nostram
1324 1459 1485 1496 ducimus,
1509 1465 1540 1491 et
1564 1463 1634 1491 An-

881 1503 1003 1539 chisen,
1019 1510 1052 1535 et
1068 1505 1159 1535 almae
1178 1504 1314 1535 Veneris
1327 1503 1545 1546 propaginem,
1563 1513 1633 1535 car-

882 1546 1022 1578 minibus
1049 1547 1088 1578 ad
1114 1547 1224 1578 modos
1253 1547 1372 1589 Lydios
1393 1546 1572 1578 decantatis
1594 1557 1633 1578 ex

882 1599 968 1621 more
985 1590 1142 1632 majorum
1165 1589 1419 1621 celebrabimus!
1467 1589 1635 1622 Molliores

883 1642 960 1663 sane
993 1632 1037 1675 pii
1068 1633 1212 1674 gratique
1242 1633 1276 1664 in
1307 1634 1426 1664 bonum
1458 1631 1632 1674 principem

884 1675 981 1706 animi
1007 1686 1119 1706 sensus
1142 1676 1188 1706 ita
1206 1675 1258 1706 hic
1279 1675 1367 1706 locus
1387 1674 1498 1717 spirat,
1515 1681 1550 1706 ut
1564 1675 1635 1717 ejus

884 1717 1020 1749 lectione
1034 1718 1082 1749 vel
1099 1718 1235 1749 durioris
1247 1717 1368 1759 ingenii
1386 1717 1544 1748 hominem
1561 1729 1635 1749 sua-

885 1760 965 1791 viter
994 1761 1141 1792 affectum
1172 1761 1210 1791 iri
1240 1761 1412 1792 existimes
1471 1761 1632 1804 Prqfestis,

886 1802 1000 1835 diebus
1033 1814 1145 1847 nempe
1172 1814 1236 1834 non
1265 1804 1353 1835 festis
1382 1814 1522 1845 quoque,
1550 1804 1582 1836 h.
1605 1815 1636 1836 e.

885 1846 1046 1887 quotidie;
1073 1847 1295 1889 unusquisque
1318 1857 1432 1889 nempe
1456 1847 1534 1878 civis
1560 1858 1634 1878 cum

886 1889 953 1920 suis
976 1889 1121 1932 privatim
1139 1890 1322 1931 Augustum
1345 1900 1384 1921 ex
1407 1896 1512 1921 mente
1533 1897 1634 1932 poetae

884 1932 935 1974 pie
965 1933 1106 1964 venerari
1141 1933 1258 1964 debet:
1298 1935 1360 1964 dies
1394 1934 1533 1975 prqj'esti,
1566 1944 1634 1970 nos,

894 1975 1132 2017 Werkel-Tage:
1157 1978 1200 2007 cf.
1219 1976 1276 2006 inf.
1295 1977 1335 2007 ad
1357 1976 1424 2006 Sat.
1448 1975 1481 2014 ii,
1506 1977 1539 2013 2,
1558 1978 1634 2008 116.

887 2018 1076 2059 Interjocosi
1091 2031 1218 2050 munera
1236 2019 1351 2054 Liberi,
1366 2018 1536 2050 libationes
1549 2019 1634 2051 enim

887 2062 1006 2093 mensis
1028 2062 1177 2093 secundis
1199 2062 1281 2093 inter
1303 2061 1378 2094 vina
1403 2060 1526 2093 institui
1551 2063 1634 2095 sole-

888 2105 984 2136 bant:
1009 2105 1050 2136 cf.
1066 2115 1138 2147 sup.
1157 2106 1200 2143 iv,
1216 2107 1248 2141 5,
1264 2106 1317 2136 33.
1361 2105 1479 2136 Jocosi:
1503 2106 1546 2137 cf.
1562 2117 1635 2149 sup.

888 2147 934 2183 iii,
952 2149 1006 2186 21,
1024 2149 1075 2184 15,
1092 2147 1146 2179 ubi
1165 2148 1228 2179 vid.
1246 2154 1312 2180 not.
1362 2148 1635 2191 Virtueej'uuclos.

885 2190 1009 2222 virtutis
1033 2191 1139 2227 laude,
1163 2202 1227 2233 qua
1253 2191 1394 2222 muneris
1420 2193 1471 2222 sui
1494 2193 1637 2234 partibus

887 2234 1012 2275 egregie
1035 2234 1192 2276 perfuncti
1216 2241 1302 2270 sunt,
1324 2234 1426 2265 claros
1448 2241 1480 2267 et
1504 2236 1638 2272 nobiles,

889 2277 1049 2320 principes
1063 2277 1219 2320 egregios.
1266 2278 1353 2309 More
1370 2284 1516 2318 patrum:
1535 2281 1638 2310 convi-

888 2332 938 2351 vas
952 2322 1037 2352 enim
1058 2323 1088 2351 in
1111 2323 1210 2362 epulis
1225 2321 1311 2364 apud
1334 2327 1454 2352 veteres
1473 2322 1640 2354 Romanos

888 2364 988 2395 solitos
998 2365 1102 2407 sitisse
1116 2376 1225 2395 canere
1249 2367 1289 2396 ad
1307 2366 1461 2395 tibicinem
1485 2367 1521 2396 de
1539 2367 1639 2396 claro·

889 2418 958 2437 rmn
969 2408 1122 2438 hominum
1137 2409 1317 2445 virtutibus,
1337 2406 1452 2439 Cicero
1466 2407 1499 2439 in
1516 2409 1641 2446 Quaest.

888 2450 987 2482 Tusc.
1011 2450 1034 2487 i,
1060 2451 1080 2481 2
1103 2461 1142 2481 ex
1167 2450 1300 2482 Catonis
1324 2450 1513 2491 Originibus
1536 2452 1642 2483 refert.

892 2493 990 2533 Lydis
1018 2497 1143 2525 remixto
1172 2496 1308 2525 carmine
1337 2495 1430 2529 tibiis,
1455 2494 1490 2525 h.
1517 2505 1546 2526 e.
1573 2506 1644 2527 car—

891 2536 977 2566 mine
1006 2547 1078 2567 eum
1112 2536 1272 2575 tibiarum,
1310 2543 1342 2568 et
1377 2537 1487 2568 modos
1526 2538 1646 2579 Lydios

892 2579 1068 2616 edentium,
1096 2587 1194 2611 cantu
1226 2579 1363 2611 invicem
1394 2590 1427 2611 se
1457 2581 1646 2623 excipiente.

895 2622 972 2653 Noti
1004 2621 1089 2665 apud
1119 2630 1238 2654 veteres
1261 2623 1295 2653 in
1324 2628 1392 2655 arte
1422 2625 1545 2655 musica
1570 2631 1647 2656 sunt

895 2668 977 2698 modi
999 2656 1103 2701 Din,
1131 2665 1223 2702 Ionii,
1246 2666 1352 2707 Lydii,
1372 2667 1477 2703 AEolii,
1502 2668 1647 2710 Phrygii,

897 2708 930 2738 in
946 2708 1062 2750 quibus
1077 2711 1158 2740 modi
1173 2710 1270 2750 Lydii
1286 2709 1406 2741 laetitiae
1428 2710 1573 2753 inprimis
1591 2722 1646 2742 ex-

898 2751 1072 2794 primendae
1095 2751 1230 2784 adhibiti
1253 2751 1352 2783 fuisse
1373 2753 1560 2785 traduntur:
1586 2754 1649 2785 vid.

901 2795 1071 2838 Interpret.
1092 2794 1132 2825 ad
1151 2795 1184 2826 b.
1200 2796 1222 2826 1.
1267 2797 1362 2827 Almae
1388 2796 1567 2837 Progeniem
1593 2797 1649 2828 Ve-

901 2839 995 2874 neris,
1019 2837 1162 2880 adeoque
1188 2840 1369 2880 Augustum
1392 2849 1532 2882 quoque,
1556 2850 1651 2882 quem

902 2891 958 2923 per
987 2881 1189 2924 adoptionem
1222 2881 1256 2912 in
1292 2887 1418 2923 gentem
1452 2881 1586 2918 Juliam,
1612 2883 1652 2912 ab

907 2924 1048 2955 Ascanio
1064 2924 1247 2963 deductam,
1262 2925 1424 2958 transiisse
1439 2930 1575 2956 constat.

852 3009 917 3040 112
