1904 3314
19 399 24 401 ·
16 229 38 351 &muz-m
19 210 23 217 ¹>
19 194 22 195 ¹
22 83 30 133 2

693 175 921 218 LIBER
954 175 1012 226 ΙΙ,
1051 178 1085 217 l.

1576 178 1663 220 359

232 282 460 338 Optimum
480 288 596 331 erat;
633 295 780 322 verum
801 293 972 334 nequeo
993 278 1194 320 dormire.
1258 277 1350 320 Ter
1373 280 1492 322 uncti

231 349 512 392 Transnanto
534 348 744 398 Tiberim,
769 362 920 389 somno
942 347 1102 402 quibus
1124 353 1192 388 est
1215 361 1325 402 opus
1348 346 1450 397 alto,

229 417 535 474 Irriguumque
555 431 673 459 mero
696 417 777 458 sub
799 422 970 457 noctem
992 430 1152 470 corpus
1172 414 1380 457 habento.

146 484 200 526 lo
229 484 338 536 Aut,
362 486 397 528 si
418 492 563 528 tantus
585 499 705 526 amor
727 483 947 526 scribendi
969 491 1011 524 te
1033 483 1162 537 rapit,
1185 482 1299 524 aude

232 553 417 595 Caesaris
438 553 585 594 invicti
605 567 674 594 res
697 553 856 602 dicere,
879 551 1013 593 multa
1035 550 1235 592 laborum

228 620 416 663 Praemia
434 620 617 662 laturus.

682 619 918 675 Cupidum,
940 627 1067 675 pater
1089 620 1263 674 optime,
1286 619 1399 661 vires

227 689 454 732 Deficiunt
471 705 480 731 ε
513 703 655 744 neque
672 689 784 730 enim
801 688 940 743 quivis
962 687 1184 730 horrentia
1204 687 1304 743 pilis

226 756 431 814 Agmina,
454 772 534 800 nec
555 757 692 799 fracta
713 763 948 812 pereuntes
970 757 1152 812 cuspide
1175 755 1344 806 Gallos,

105 828 108 829 ⁷
143 826 195 867 15
226 825 320 868 Aut
340 825 525 868 labentis
547 840 662 881 equo
684 825 893 867 describit
915 824 1094 866 vulnera
1115 824 1283 866 Parthi.

224 893 433 936 Attamen
455 901 499 935 et
514 894 681 949 just-um
703 901 877 949 poteras
899 900 944 934 et
966 893 1156 934 scribere
1178 892 1358 935 fortem:

225 962 473 1018 Scipiadam
493 969 542 1004 ut
563 963 735 1017 sapiens
760 961 971 1003 Lucilius.

226 1030 374 1079 Quum
396 1045 465 1073 res
487 1031 581 1086 ipsa
602 1030 726 1071 feret.

1033 960 1171 1003 Haud
1192 962 1296 1003 mihi
1317 962 1465 1011 deero,

788 1029 891 1071 Nisi
912 1029 1069 1071 dextro
1092 1037 1287 1085 tempore
1309 1029 1455 1071 Flacci

224 1098 376 1142 Verba
396 1114 476 1155 per
493 1106 701 1141 attentam
724 1114 810 1140 non
830 1098 956 1139 ibunt
978 1098 1164 1139 Caesaris
1187 1113 1360 1148 aurem;

136 1167 195 1210 20
225 1167 308 1210 Cui
329 1167 438 1210 male
460 1169 495 1209 si
517 1167 708 1222 palpem,
731 1165 974 1208 recalcitret
995 1167 1190 1221 undique
1212 1173 1347 1208 tutus.

225 1236 405 1284 Quanto
426 1236 586 1277 rectius
610 1235 708 1285 hoc,
731 1250 860 1289 quam
883 1234 996 1275 tristi
1017 1233 1177 1275 laedere
1199 1247 1328 1274 versu

223 1303 515 1346 Pantolabum
537 1318 745 1350 scurram,
770 1302 1183 1356 Nomentanumque
1206 1303 1436 1356 nepotem!

223 1373 374 1420 Quum
396 1372 478 1413 sibi
498 1371 684 1426 quisque
708 1371 844 1419 timet,
867 1385 1126 1424 quamquam
1150 1380 1218 1411 est
1235 1370 1440 1418 intactus,
1463 1375 1505 1410 et
1527 1365 1633 1410 od'it.

221 1437 345 1489 Quid
367 1439 550 1481 faciam?
584 1437 711 1480 saltat
735 1437 959 1487 Milonius,
982 1445 1030 1479 ut
1054 1436 1184 1478 semel
1207 1438 1294 1479 icto

135 1511 192 1554 „⁶25
224 1508 426 1551 Accessit
445 1507 590 1549 fervor
612 1507 756 1562 capiti,
780 1521 1074 1560 numerusque
1096 1505 1298 1547 lucernis.

223 1576 382 1618 Castor
402 1575 567 1630 gaudet
587 1575 727 1628 equiS‚
751 1589 832 1615 ovo
854 1581 1096 1629 prognatus
1119 1573 1270 1615 eodem

222 1643 391 1700 Pugnis
409 1661 418 1694 ;
451 1651 558 1698 quot
579 1642 768 1697 capitum
788 1642 950 1691 vivunt,
969 1642 1150 1683 totidem
1172 1642 1416 1683 studiorum

104 1789 250 1822 solebant
271 1798 413 1832 corpora.
458 1788 510 1820 Sic
535 1787 663 1819 Cleobis
686 1793 717 1818 et
741 1787 849 1821 Biton,

105 1839 276 1875 antequam
299 1833 339 1863 ad
355 1831 469 1874 jugum
488 1831 594 1862 matris
613 1830 645 1861 in
666 1830 774 1860 fanum
797 1841 849 1861 ve-

102 1875 217 1908 hendae
236 1885 332 1907 causa
351 1875 558 1911 accedebant,
579 1880 656 1905 veste
678 1876 772 1913 potita
791 1874 852 1904 oleo

105 1930 231 1960 corpora
248 1920 424 1959 per-amisse
438 1920 609 1949 dicuntur:
636 1917 708 1949 Cic.
726 1918 851 1954 Quaest.

105 1963 203 1994 Tusc.
219 1962 242 1997 i,
258 1971 288 1992 c.
304 1962 358 1992 47.
489 1990 495 1996 ,

151 2007 183 2042 8,
198 2006 230 2036 9.
254 2003 466 2035 Transuonto:
492 2002 596 2044 lepide
616 2002 795 2037 Trebatius,
817 2007 853 2032 ut

99 2047 361 2092 jurisconsultus,
387 2047 494 2088 legum
518 2045 661 2077 formulis
689 2046 850 2081 adsuetus,

104 2091 183 2135 quid
201 2089 382 2122 faciendum
397 2090 438 2121 sit
453 2089 598 2125 Horatio,
615 2089 648 2120 in
670 2088 853 2131 imperativo

107 2133 293 2178 prescribit.
352 2133 570 2175 Irriguumque
607 2143 687 2163 mero
723 2142 830 2171 corpus
841 2143 851 2168 ,-

107 2187 193 2214 nam,
210 2175 267 2219 qui
281 2175 357 2208 vino
374 2177 512 2210 madent,
528 2175 622 2206 facile
638 2186 656 2206 a
672 2185 782 2206 somno
797 2185 853 2217 op-

104 2219 198 2264 primi
219 2219 334 2252 solent.
379 2219 528 2252 Ceterum
556 2218 614 2249 hoc
641 2219 751 2249 datum
783 2219 847 2248 Ho-

104 2262 184 2295 ratio
212 2262 378 2294 consilium
413 2262 494 2293 bene
526 2262 692 2303 respondet
720 2261 849 2301 ingenio

103 2305 255 2343 Trebatii,
271 2315 365 2348 quem
384 2311 418 2337 et
434 2304 565 2336 natandi
586 2304 850 2336 studiosissimum

105 2353 140 2383 et
167 2349 288 2381 bonum
317 2348 382 2380 vini
412 2353 551 2391 potorem
581 2347 679 2379 fuisse
706 2358 746 2379 ex
777 2347 848 2379 Cic.

75 2408 77 2410 ·
105 2391 209 2436 Epist.
222 2392 279 2429 vii,
297 2393 338 2424 10
353 2397 386 2423 et
400 2393 442 2422 22
458 2391 622 2422 discimus.

114 2463 117 2467 Α
152 2435 203 2468 ΙΙ.
228 2435 372 2468 cesaris.-
397 2434 442 2466 sic
454 2434 653 2466 Octavianus
665 2434 706 2464 ab
718 2433 852 2466 Horatio

106 2477 140 2511 in
155 2477 278 2515 Satiris.
296 2477 400 2521 Epod.
415 2483 446 2509 et
462 2477 518 2509 lib.
534 2477 627 2519 prim.
643 2478 707 2508 Od.
725 2478 779 2520 (ut
793 2478 850 2507 ob-

106 2527 208 2555 fflut
226 2521 395 2554 Bentleius
414 2521 447 2551 in
466 2521 591 2563 praefat.
618 2520 659 2550 ad
680 2519 776 2559 Hor.)
797 2530 851 2550 vo-

104 2569 217 2605 wuu
238 2574 312 2596 nam
328 2564 468 2605 Augusti
491 2573 605 2594 nomen
625 2573 709 2594 anno
725 2562 852 2594 demum

108 2616 277 2641 nccxxvu
290 2606 439 2639 assumsit
451 2606 665 2638 Octavianus:
685 2605 749 2637 Dio
761 2606 853 2638 Cass.

18 2647 20 2650 ’
47 2650 70 2698 33>
106 2649 168 2690 liii,
183 2651 238 2683 16.

154 2694 208 2726 13.
244 2692 416 2725 Horrentia
444 2693 517 2733 pilis
545 2693 691 2732 Agmina,
727 2690 855 2733 agmina

20 2772 31 2780 -.
103 2733 245 2786 'rigentia
259 2735 505 2785 pilistprotensis
522 2736 571 2766 vel
594 2735 626 2766 in
651 2734 752 2766 altum
767 2743 853 2766 erec-

106 2782 251 2864 ἱζέσθω(
289 2821 351 2866 irg.
387 2823 469 2854 AEn.
504 2833 539 2859 x,
573 2821 668 2862 178),
704 2823 856 2852 horrentes

285 2789 380 2810 assrm
402 2779 558 2810 horrentia
582 2790 680 2815 arma,
703 2778 857 2809 horrentes

24 2859 26 2864 ’
38 2874 50 2907 ᾗ
108 2874 207 2902 ome,
221 2869 299 2898 cett.

127 2908 210 2940 ..14,
232 2907 347 2940 Fracta
370 2909 492 2948 cuspide
503 2920 514 2946 ,-
543 2907 748 2950 frangebatur
771 2906 856 2938 enim

113 2949 220 2983 emi-ui
240 2950 298 2994 piti
320 2951 428 3000 cuspis
450 2950 484 2982 in
510 2961 639 2993 corpore
666 2950 788 2982 defixa:
819 2951 860 2982 de

895 1792 925 1817 et
944 1786 1022 1817 ferro
1043 1786 1185 1829 ejusdem
1209 1786 1419 1829 longitudinis
1439 1785 1565 1821 muniti,
1583 1786 1649 1818 vid.

898 1829 1059 1860 Heindorf.
1083 1830 1123 1861 ad
1145 1830 1176 1861 h.
1198 1830 1221 1861 l.
1269 1832 1415 1862 Ceterum
1439 1830 1592 1861 Horatius
1613 1831 1646 1861 in

896 1873 956 1904 boc
979 1873 1048 1915 ipso
1072 1873 1154 1909 loco,
1176 1873 1231 1904 ubi
1255 1884 1288 1904 se
1308 1874 1346 1904 ad
1367 1883 1494 1904 carmen
1517 1872 1645 1915 epicum

896 1917 1154 1958 componendum
1172 1916 1291 1947 viribus
1309 1917 1493 1948 destitutum
1518 1917 1644 1958 profite-

896 1966 958 1995 tur,
975 1970 1083 1990 versus
1096 1959 1217 2001 aliquot
1229 1959 1305 1991 fecit
1316 1968 1408 2002 poeta
1421 1958 1511 2001 epico
1522 1958 1644 2000 ‹lignis-
1699 1973 1713 1978 -

894 2012 1000 2033 simos.

946 2046 1083 2076 16—18.
1110 2045 1242 2080 Fortem,
1261 2056 1334 2087 quae
1358 2050 1444 2076 recta
1462 2050 1493 2076 et
1514 2044 1646 2076 honesta

897 2094 972 2120 sunt
1022 2095 1150 2119 strenue
1200 2094 1412 2130 peragentem.
1470 2089 1644 2128 Scipiadam

899 2132 1044 2172 (Graet-e,
1060 2138 1095 2162 ut
1110 2131 1194 2174 apud
1214 2131 1305 2169 Virg.
1318 2131 1399 2162 Geo.
1416 2130 1450 2167 ii,
1471 2132 1543 2169 170,
1563 2132 1642 2163 AEn.

899 2174 941 2212 vi,
961 2176 1036 2210 844,
1056 2184 1122 2216 pro.
1143 2173 1386 2214 Scipioniadem)
1405 2174 1552 2216 intelligo
1573 2176 1642 2207 sci-

893 2217 1016 2260 pionem
1044 2217 1230 2248 Africanum
1254 2218 1418 2255 minorem,
1439 2218 1534 2259 cujus
1559 2218 1644 2250 haud

893 2261 1054 2302 vulgarem
1071 2271 1145 2291 cum
1163 2261 1260 2292 Laelio
1278 2261 1449 2292 amicitiam
1471 2262 1645 2294 celebravit

895 2305 1009 2336 Cicero
1031 2304 1063 2334 in
1083 2314 1226 2335 sermone
1245 2304 1285 2336 de
1306 2303 1472 2336 Amicitia.
1518 2305 1644 2344 Sapiens

895 2348 1051 2383 Lucilius,
1075 2347 1152 2388 quia
1174 2347 1332 2390 sapienter
1356 2347 1454 2378 vitam
1482 2349 1644 2391 Scipionis

893 2391 953 2422 sibi
981 2390 1221 2422 describendam
1247 2391 1372 2422 sumsit.
1419 2391 1492 2423 Vet.
1524 2392 1644 2430 Schol.,

897 2434 1040 2465 Lucilius
1058 2436 1148 2465 uitam
1167 2435 1316 2474 Scipionis
1334 2435 1489 2474 privatam
1507 2437 1641 2475 descrip-

896 2479 947 2511 sit.
970 2477 1092 2507 Ennius
1114 2489 1182 2508 vero
1203 2478 1294 2508 bella.
1341 2477 1439 2507 Haud
1461 2479 1536 2509 mihi
1558 2482 1645 2512 deero

898 2521 952 2563 (ut
980 2530 1052 2562 sup.
1078 2521 1101 2556 i,
1124 2521 1157 2556 9,
1186 2522 1259 2559 55),
1281 2520 1314 2551 id
1340 2519 1488 2562 equidem
1517 2522 1644 2555 faciam.

899 2563 964 2601 Qui
980 2573 1043 2595 non
1067 2564 1206 2604 negliget
1227 2564 1331 2595 facere
1346 2563 1432 2605 quod
1451 2575 1507 2607 pro
1529 2565 1646 2598 viribus

898 2607 1001 2639 facere
1023 2612 1137 2648 potest,
1154 2607 1182 2637 is
1199 2606 1259 2637 sibi
1282 2617 1344 2637 non
1364 2606 1460 2638 deest.
1509 2610 1585 2640 Cum
1600 2621 1646 2641 rer

898 2652 962 2690 ipso
971 2649 1071 2691 fera,
1090 2659 1162 2680 cum
1185 2649 1254 2692 ipsa
1273 2650 1372 2692 hujus
1390 2650 1435 2682 rei
1456 2653 1646 2694 peragendae

898 2703 930 2724 se
944 2692 1054 2724 offeret
1068 2693 1298 2735 opportunitas.

945 2736 1085 2767 18—20.
1111 2735 1181 2767 Nisi
1197 2738 1301 2767 dextro
1317 2743 1458 2777 tempore.
1505 2738 1645 2770 Sensus:

900 2778 973 2810 Nisi
989 2779 1073 2810 enirn
1089 2788 1217 2811 carmen
1234 2790 1254 2810 a
1274 2790 1323 2811 me
1344 2780 1554 2822 compositum
1576 2782 1647 2813 Au-

901 2827 990 2864 gusto
1019 2822 1161 2854 tradetur
1186 2829 1365 2865 opportuno
1400 2829 1550 2865 tempore,
1583 2835 1648 2866 quo

901 2865 982 2896 illud
996 2870 1118 2897 attento
1129 2865 1237 2897 animo
1253 2867 1354 2908 legere
1366 2866 1477 2908 possit,
1494 2867 1520 2896 is
1535 2867 1648 2909 (undi-

901 2920 958 2950 que
981 2909 1085 2949 tutus)
1109 2909 1150 2940 ab
1173 2909 1259 2940 omni
1282 2916 1370 2951 parte
1392 2915 1502 2940 contra
1528 2909 1648 2940 aditum

903 2951 1105 2983 adulatorum
1135 2951 1291 2988 munitus,
1321 2962 1448 2984 carmen
1470 2951 1650 2993 importuno

114 2991 219 3026 forma*
229 2993 299 3037 pili,
311 2994 436 3026 hastihs
451 2993 547 3036 lignei
563 2993 657 3026 trium
670 2993 862 3032 cubitorum,
906 3000 1044 3038 tempore
1061 3005 1079 3026 a
1094 3005 1145 3028 me
1160 2995 1311 3027 traditum
1331 2994 1466 3036 rejiciet.
1512 2995 1651 3037 Compa-
