1904 3314
333 192 416 233 428

880 193 1309 236 SATIRARUM

451 292 616 334 Pressit
635 292 766 344 cella3
798 308 902 348 garo
923 294 977 335 de
998 295 1135 335 succis
1155 294 1284 348 piscis
1306 294 1444 343 Iberi;

450 359 564 401 Vino
584 360 859 414 quinquenni,
881 374 1027 401 verum
1048 361 1153 402 citra
1171 375 1286 401 mare
1307 367 1421 409 nato,

453 425 571 466 Dum
590 426 788 480 coquitur
809 426 947 478 (cocto
969 426 1124 467 Chium
1144 427 1203 468 sic
1224 427 1433 476 convenit,
1456 432 1503 467 ut
1523 441 1609 468 non

452 491 549 533 Hoc
567 493 700 546 magis
719 491 852 533 ullum
872 492 1017 546 aliud),
1039 493 1186 546 pipere
1207 492 1318 542 albo,
1339 507 1424 533 non
1445 493 1535 533 sine
1555 488 1691 542 aceto,

366 559 421 599 50
451 557 583 605 Quod
605 558 937 612 Methymnaeam
955 559 1056 600 vitio
1076 560 1301 600 mutaverit
1322 573 1458 600 uvam.

450 626 615 666 Erucas
636 626 806 675 virides,
829 624 963 666 inulas
985 640 1066 680 ego
1086 627 1246 680 primus
1268 640 1431 666 amaras

449 692 689 733 Monstravi
709 693 951 746 incoquere,
974 691 1115 733 illotos
1138 692 1342 733 Curtillus
1364 692 1556 741 echinos,

451 758 513 799 Ut
532 758 680 799 melius
700 759 847 808 muria,
870 773 997 812 quam
1018 765 1129 800 testa
1147 759 1308 799 marina
1327 759 1517 799 remittit.

450 823 620 865 Interea
642 839 848 878 suspensa
869 839 1019 879 graves
1041 825 1176 866 aulaea
1195 826 1338 865 ruinas

365 889 422 928 55
451 888 502 930 In
522 890 708 944 patinam
729 890 884 939 fecere,
906 891 1118 932 trahentia
1138 891 1323 944 pulveris
1345 891 1441 941 atri,

451 955 672 1002 Quantum
691 971 775 997 non
796 956 956 1010 Aquilo
978 957 1205 1011 Campanis
1226 958 1385 998 excitat
1406 958 1532 1011 agris.

451 1021 547 1063 Nos
570 1023 704 1076 majus
725 1023 860 1072 veriti,
883 1030 1110 1076 postquam
1129 1022 1234 1063 nihil
1254 1037 1348 1064 esse
1368 1023 1517 1077 pericli

450 1087 681 1137 Sensimus,
703 1089 918 1142 erigimur.

979 1089 1138 1138 Rufus,
1159 1090 1300 1143 posito
1323 1091 1477 1144 capite,
1499 1096 1547 1131 ut
1568 1090 1607 1130 si·

449 1153 582 1194 Filius
603 1154 852 1195 immaturus
874 1156 1050 1204 obisset,
1072 1155 1189 1196 flere.

1252 1155 1361 1202 Quis
1383 1162 1496 1196 esset

363 1220 419 1260 60
449 1219 580 1269 Finis,
602 1221 646 1260 ni
667 1221 834 1274 sapiens
857 1221 917 1262 sic
938 1221 1236 1262 Nomentanus
1258 1223 1436 1263 amicum

449 1285 667 1327 Tolleret:
701 1286 817 1336 Heu,
840 1287 1043 1337 Fortuna,
1066 1288 1161 1341 quis
1183 1295 1248 1328 est
1269 1287 1482 1329 crudelior
1502 1288 1545 1329 in
1564 1302 1643 1330 nos

451 1353 518 1394 Te
541 1353 663 1394 Deus
681 1355 697 1394 ἲ

451 1419 662 1460 Humanis
682 1422 690 1460 !

450 1486 539 1527 Vix
560 1493 743 1540 poterat.

757 1353 818 1394 Ut
840 1369 1008 1408 semper
1029 1354 1192 1408 gaudes
1215 1353 1394 1395 illudere
1415 1355 1545 1395 rebus

752 1420 911 1461 Varius
934 1434 1087 1474 mappa
1109 1435 1380 1474 compescere
1402 1422 1534 1462 risum

804 1486 980 1527 Balatro
1003 1487 1268 1540 suspendens
1291 1488 1430 1528 omnia
1450 1502 1569 1537 naso,

364 1554 419 1594 65
449 1552 558 1593 Haec
578 1559 644 1594 est
664 1553 852 1594 conditio
872 1553 1054 1603 vivendi,
1076 1553 1217 1594 aiebat
1234 1571 1242 1604 ;
1275 1568 1411 1608 eoque

336 1682 384 1708 est
403 1678 496 1709 rebus
516 1677 581 1708 his:
612 1677 744 1719 primum
769 1677 838 1708 oleo
861 1676 1070 1719 praestantiore

339 1720 530 1756 Venafrano,
562 1722 638 1760 quod
666 1722 767 1759 prima
800 1719 926 1761 Venafri
957 1720 1071 1750 Pressit

336 1763 423 1797 cella,
438 1761 521 1803 quod
538 1762 682 1804 primum,
699 1762 730 1792 h.
747 1771 773 1792 e.
790 1761 989 1803 praestantius
1005 1763 1070 1793 Ve-

337 1803 417 1834 nafri
433 1814 611 1846 expressum
625 1809 682 1839 est,
699 1804 732 1834 in
747 1805 834 1840 cella,
852 1804 883 1834 h.
900 1815 927 1834 e.
942 1804 973 1834 in
990 1803 1069 1839 loco,

337 1845 392 1876 ubi
407 1845 510 1876 oleum
530 1846 733 1888 exprimitur;
756 1846 816 1881 vel,
839 1847 923 1887 quod
939 1846 1070 1877 Venafri

337 1897 514 1928 expressum
531 1888 627 1918 estin
649 1889 724 1918 cella
744 1891 853 1927 prima,
874 1889 907 1918 in
927 1888 995 1919 loco
1014 1888 1070 1918 ubi

337 1930 488 1970 optimum
507 1930 610 1960 oleum
634 1930 834 1970 exprimitur:
862 1940 935 1971 sup.
953 1931 1018 1961 Sat.
1033 1929 1067 1966 ii,

338 1973 370 2005 4,
386 1971 439 2007 69,
459 1972 497 2002 de
517 1971 635 2011 vulgari
659 1972 726 2002 oleo
744 1971 937 2007 Venafrano,
964 1972 1068 2003 Pressa

341 2012 520 2054 Venafranae
534 2016 611 2053 quod
627 2015 713 2045 bacca
729 2016 842 2044 remisit
856 2015 948 2045 oliva».

381 2055 432 2086 46.
449 2055 573 2086 Deinde
579 2058 636 2095 jus
650 2058 769 2086 mistum
784 2052 832 2086 est
844 2067 918 2096 garo
929 2058 964 2086 de
975 2057 1069 2086 succis

336 2098 423 2136 piscis
449 2097 540 2132 Iberi,
567 2097 700 2127 scombri
726 2098 894 2138 (Mala-ele,
921 2098 1068 2128 Scomber-

336 2141 473 2173 scomber,
506 2139 618 2177 Linn.)
646 2149 739 2180 prope
766 2139 950 2180 Hispaniam
974 2139 1070 2180 capti.

338 2181 388 2211 De
401 2193 487 2222 garo,
505 2181 634 2222 liquoris
645 2180 791 2220 exquisiti
805 2191 926 2221 genere,
938 2182 1021 2222 quod
1030 2191 1069 2212 ex

336 2222 464 2263 piscium
480 2221 636 2253 intestinis
655 2223 718 2253 sale
740 2222 901 2253 maceratis
919 2223 1068 2254 misceba—

338 2270 398 2301 tur,
424 2265 507 2295 Plin.
534 2266 577 2295 H.
610 2266 653 2296 N.
682 2264 767 2300 xxxi,
791 2265 844 2301 43,
868 2276 978 2305 garum
1000 2266 1069 2295 olim

337 2308 547 2347 conficiebatur
573 2317 606 2337 ez
634 2309 712 2346 pisce
736 2318 820 2346 quem
852 2307 950 2337 Groeci
974 2318 1070 2348 garon

336 2350 490 2380 vocabant.
535 2349 627 2379 Nunc
638 2359 652 2378 e
664 2351 791 2379 scombro
802 2351 878 2388 pisce
894 2350 1066 2380 laudatissi-

337 2402 414 2420 mum
426 2393 459 2422 in
473 2392 665 2432 Carthaginis
676 2392 838 2431 Spartar‘iae
849 2391 1066 2432 (Hispanicae)

337 2435 468 2464 cetariis.

380 2475 432 2505 47.
457 2475 542 2506 Citra
559 2485 639 2505 viare
654 2481 735 2511 nato,
751 2474 852 2505 Italo:
877 2474 920 2506 cs.
946 2484 1013 2517 sup.
1029 2474 1068 2505 ad

339 2517 407 2547 Sat.
425 2516 447 2552 i,
467 2518 517 2553 10,
534 2518 589 2547 31.

380 2559 432 2590 49.
453 2559 558 2599 Pipere
567 2560 648 2589 albo:
666 2563 767 2600 repete
779 2569 816 2590 ex
829 2569 855 2591 v.
869 2560 982 2599 45,jus
997 2560 1067 2589 mis·

341 2608 405 2631 tum
419 2607 473 2632 est.

379 2645 431 2674 50.
455 2643 541 2677 Quod
566 2643 793 2683 Methymnaeam
811 2644 884 2673 vitio
907 2645 1068 2674 mutaverit

338 2684 520 2727 (vitiaverit,
537 2685 724 2726 corruperit)
734 2696 833 2722 uvam,
844 2684 929 2726 quod
944 2695 981 2716 ex
996 2685 1067 2715 vino

338 2727 549 2769 Methymnaeo
571 2732 723 2758 mutatum
742 2726 783 2756 sit
805 2726 837 2756 in
857 2732 998 2765 acetum3
1023 2726 1067 2758 sic

337 2771 439 2800 vinum
449 2775 597 2800 mutatum
607 2779 675 2811 sup.
683 2771 746 2799 Sat.
754 2768 787 2804 ii,
795 2769 827 2806 2,
836 2770 888 2800 58.
917 2769 1067 2809 Methym-

337 2823 376 2842 na
391 2810 541 2853 oppidum
554 2811 586 2842 in
596 2811 699 2842 insula
711 2811 827 2848 Lesbo,
837 2810 973 2842 melioris
987 2816 1068 2842 notae

337 2854 408 2885 vino
423 2853 541 2891 uobi1i;
563 2863 617 2895 per
631 2865 719 2884 uvam
732 2853 959 2894 Methymnaeam
974 2852 1068 2894 igitur

339 2895 477 2937 intellige
492 2895 596 2926 vinum
613 2895 774 2927 Lesbium.

379 2939 433 2970 51.
456 2939 584 2974 Enicas,
600 2937 684 2980 apud
700 2947 766 2974 nos,
783 2938 900 2969 Kresse.
947 2937 1066 2975 luntas,

1114 1686 1183 1712 nos,
1212 1678 1327 1708 Alunt.-
1353 1676 1396 1707 cf.
1426 1687 1495 1718 sup.
1524 1677 1564 1708 ad
1590 1677 1654 1708 Sat.
1677 1676 1711 1714 ii,
1734 1678 1767 1710 2.
1791 1677 1843 1708 44.

1115 1718 1180 1759 Ego
1190 1721 1306 1758 primus
1320 1721 1501 1750 monstravi.-
1526 1718 1714 1750 Nasidienus
1728 1727 1762 1749 se
1773 1718 1843 1760 jac-

1114 1765 1160 1790 tat
1183 1760 1226 1791 rei
1253 1760 1414 1792 culinariae
1440 1761 1630 1802 magistrum,
1653 1766 1685 1792 et
1706 1760 1843 1795 rationis,

1113 1812 1175 1842 qua
1183 1803 1325 1833 nonnulli
1333 1803 1395 1834 cibi
1404 1802 1845 1846 componendi,permiscendi‚

1113 1850 1144 1875 et
1168 1845 1323 1885 coquendi
1346 1845 1420 1880 sint,
1444 1845 1646 1881 inventorem,
1669 1844 1716 1876 uti
1737 1844 1844 1876 doctor

1111 1886 1166 1918 ille
1190 1887 1263 1918 artis
1285 1887 1474 1928 coquinariae
1496 1898 1564 1930 sup.
1590 1889 1656 1919 Sat.
1677 1886 1710 1923 ii,
1734 1888 1766 1922 4,
1789 1887 1843 1922 73,

1111 1939 1163 1970 ego
1180 1930 1288 1971 faecem
1311 1932 1425 1969 primus
1445 1937 1473 1961 et
1491 1931 1578 1967 allec,
1602 1930 1724 1961 Primus
1745 1934 1773 1959 et
1794 1930 1844 1959 in-

1111 1973 1212 2002 venior
1223 1974 1309 2011 piper
1323 1973 1434 2009 album,
1449 1977 1523 2003 cett.

1154 2015 1206 2044 52.
1230 2014 1344 2049 Illotos,
1366 2024 1428 2044 non
1447 2013 1580 2050 ablutos,
1600 2023 1663 2044 nou
1682 2012 1844 2061 salsugine

1113 2065 1168 2086 sua
1182 2060 1338 2097 purgatos.
1383 2056 1528 2087 Echinos:
1551 2055 1615 2088 vid.
1631 2055 1671 2086 ad
1683 2055 1751 2086 Sat.
1763 2054 1798 2092 in,
1811 2056 1844 2092 4,

1113 2099 1165 2128 33.
1211 2098 1374 2134 Curtillus,
1390 2098 1495 2130 heluo.

1155 2141 1208 2169 53.
1235 2139 1277 2170 Ut
1298 2141 1415 2175 melius,
1441 2145 1476 2170 ut
1499 2138 1542 2175 id,
1563 2139 1647 2180 quod
1669 2138 1711 2170 sit
1730 2137 1844 2169 melius

1112 2181 1212 2211 muria
1241 2181 1382 2223 (Lake):
1419 2182 1460 2212 cf.
1486 2192 1556 2223 sup.
1586 2182 1651 2212 Sat.
1674 2181 1710 2216 ii,
1734 2182 1767 2217 4,
1791 2181 1845 2212 65.

1114 2222 1200 2253 Testa
1229 2224 1357 2261 marina,
1387 2223 1528 2264 intellige
1555 2223 1655 2265 pisces
1685 2227 1846 2259 testaceos,

1113 2269 1241 2300 ostreas,
1258 2269 1334 2295 cett.

1155 2307 1208 2336 54.
1231 2306 1379 2345 Suspensa
1392 2307 1507 2337 aulaea:
1530 2305 1573 2336 cf.
1588 2315 1656 2347 sup.
1667 2305 1705 2336 ad
1719 2304 1782 2336 Od.
1797 2304 1844 2340 ili,

1108 2349 1162 2384 29,
1180 2349 1228 2379 15.
1274 2347 1405 2379 Vossius
1427 2347 1556 2390 pulchre
1573 2347 1674 2384 vertit,
1696 2349 1750 2379 cler
1770 2348 1842 2378 wiil-

1110 2391 1201 2420 bende
1219 2390 1400 2421 Baldachin.

1155 2433 1206 2462 55.
1232 2433 1370 2463 Pulveris
1394 2434 1468 2467 atri,
1493 2431 1614 2474 supple,
1638 2435 1779 2470 tantum
1807 2435 1843 2462 ut

1113 2475 1178 2504 Sat.
1205 2474 1238 2509 ii,
1263 2475 1295 2509 3,
1322 2475 1375 2511 87,
1406 2475 1564 2504 Frumenti
1587 2479 1732 2514 quantum
1759 2474 1844 2504 metit

1110 2516 1231 2557 Africa.
1514 2535 1518 2540 ·

1154 2559 1204 2589 57.
1231 2558 1346 2598 Majus,
1362 2558 1507 2599 majorem
1524 2556 1657 2588 ruinam.

1154 2601 1206 2631 58.
1224 2601 1396 2641 Erigz’mur,
1408 2599 1547 2630 animum
1558 2598 1736 2640 recipimus.
1780 2598 1840 2629 Po-

1111 2643 1176 2678 sito,
1214 2641 1360 2679 demisso,
1394 2642 1555 2677 inclinato,
1591 2651 1631 2672 ex
1669 2650 1754 2672 more
1790 2640 1839 2671 lu-

1111 2684 1263 2724 gentium.

1153 2727 1207 2757 59.
1221 2726 1415 2763 Immaturus,
1424 2729 1609 2767 praematura
1618 2729 1726 2756 morte.
1765 2725 1841 2760 Quis

1112 2775 1179 2799 esset
1192 2779 1258 2810 pro,
1269 2768 1284 2798 s
1285 2767 1389 2802 uisset,
1403 2773 1434 2799 et
1447 2767 1561 2798 tolleret
1574 2777 1640 2809 pro,
1651 2766 1839 2803 sustulisset,

1112 2816 1148 2841 ut
1164 2821 1233 2852 sup.
1250 2811 1314 2841 Sat.
1330 2809 1352 2847 i,
1367 2811 1399 2845 3,
1416 2809 1512 2846 5—7,
1537 2810 1647 2845 Coesar,
1666 2810 1716 2856 qui
1736 2819 1839 2850 cogere

1108 2859 1199 2892 posset
1216 2852 1410 2894 (potuisset),
1426 2852 1458 2882 Si
1473 2857 1584 2890 peteret
1598 2850 1770 2894 (petiisset)
1785 2861 1839 2890 per

1109 2897 1271 2926 amicitiam
1281 2895 1376 2934 patris
1386 2900 1474 2934 atque
1483 2897 1576 2928 su'am,
1589 2904 1648 2924 mm
1665 2893 1838 2934 Quidquam

1108 2938 1263 2978 praficeret
1278 2936 1489 2978 (profecturus
1504 2934 1641 2975 fuisset).
