1904 3314
638 219 785 248 INDEX
818 218 1082 249 VERBORUM.

87 304 120 341 2.
145 305 200 338 33.
243 309 390 348 metaph„
414 309 452 340 de
477 309 572 339 animi
600 310 706 349 copia:
729 308 838 349 ingeni

54 374 71 398 '-
83 346 225 391 benigna
241 349 305 382 Od.
321 350 356 387 ii,
378 352 429 387 18,
450 352 502 389 10.
547 361 606 382 nec
621 361 680 392 ego
698 351 838 382 studium

86 389 156 422 sine
183 390 280 424 divite
307 403 400 429 vena,
430 404 489 426 nec
519 394 598 425 rude
621 393 699 435 quid
730 400 841 436 posset

87 431 180 466 video
193 433 358 476 ingenium
375 437 438 478 Ep.
457 435 497 467 ad
514 436 582 468 Pis.
601 437 677 467 469.

131 478 325 509 venabulum.
369 479 527 511 venabula
544 480 604 522 Ep.
621 479 643 515 i,
660 480 694 514 6.
712 479 768 510 58.

131 521 258 551 venatis.
301 531 422 553 merces
450 523 511 564 Ep.
535 522 570 558 ii,
597 523 631 559 2,
660 523 710 552 11.
755 521 840 563 quod

85 562 199 593 venale
215 563 311 594 habet
327 564 393 595 Sat.
410 565 432 600 i,
445 566 478 601 2,
495 566 548 596 84.
581 575 684 606 neque
699 573 839 606 purpura

83 604 202 643 ,venale
217 605 282 637 od.
298 605 332 641 ii.
349 607 398 644 16,
414 609 445 639 7.
485 613 581 639 morte
597 607 715 638 venalis
732 607 840 637 laurus

89 645 152 721 Oti.
169 647 220 722 iili.⁵
235 650 286 686 14,
302 651 337 680 2.
382 651 512 682 venales
527 649 660 693 (servos)
678 651 759 681 inter
775 651 841 681 Sat.

84 699 114 731 θ’
155 713 163 724 ·
224 713 232 722 ·

131 735 252 765 venari.
294 733 462 777 piscemur,
489 745 640 767 venemur
669 735 731 778 Ep.
756 735 778 772 i,
806 736 839 770 6,

88 775 143 807 57.
186 786 287 826 quum
299 778 408 826 venari
423 779 507 810 volet
522 778 577 809 ille
595 779 656 821 Ep.
672 779 694 815 i,
715 780 766 814 18,
784 779 838 809 40.

85 821 622 906 335542530'2523‘22533..¹33¹:
635 822 842 900 f',⁶÷a.p⁰.‘.'}‚¹3

87 913 148 979 ῗξο
160 912 304 979 {putesne
329 906 431 949 plebis
451 906 602 949 suffragia
623 918 718 938 venor
739 907 799 949 Ep.
816 907 839 943 i,

134 969 144 983 ,
205 970 214 979 .

130 993 299 1026 venaticus.
343 1002 384 1024 ex
418 1003 482 1035 quo
519 992 644 1024 latmvit
680 992 839 1024 cervinam

87 1031 206 1076 pellem
221 1035 386 1066 venaticus
403 1034 524 1078 (canis)
540 1036 602 1077 Ep.
617 1035 640 1070 i,
656 1037 689 1071 2,
706 1037 760 1067 65.

132 1084 269 1108 venator.
313 1077 397 1109 citus
421 1079 486 1110 Od.
510 1079 533 1114 1,
557 1079 611 1114 37,
640 1080 689 1109 19.
735 1083 844 1109 manet

89 1117 151 1152 nub
174 1119 258 1152 Jove
282 1119 395 1159 frigido
421 1121 484 1153 Od.
509 1121 532 1157 i,
557 1122 587 1158 l,
608 1122 662 1153 26.
706 1122 844 1164 leporem

89 1167 223 1193 venator
238 1169 376 1195 sectetur
392 1165 458 1195 Sat.
474 1163 496 1200 i,
512 1165 545 1198 2,
566 1165 639 1194 105.

132 1206 272 1237 vendere.
317 1206 364 1238 sie
380 1206 501 1239 vendas
524 1206 632 1238 omnia
654 1206 753 1248 pluris
776 1207 843 1237 Sat.

90 1245 125 1283 ii,
141 1248 175 1284 3.
189 1248 266 1280 300.
311 1249 368 1291 qui
393 1250 511 1292 praedia
531 1249 639 1281 vendit
663 1251 731 1281 Sat.
752 1249 786 1286 ii,
810 1250 842 1285 7,

91 1289 168 1321 110.
211 1290 288 1322 vilia
312 1291 452 1323 vendens
476 1298 581 1324 scruta
607 1293 667 1334 Ep.
692 1292 714 1329 i,
737 1293 769 1327 7,
791 1293 844 1323 65.

89 1331 182 1364 vicus
193 1334 334 1365 vendens
347 1341 398 1366 tus
410 1341 440 1367 et
456 1336 583 1366 odorem
600 1336 662 1377 Ep.
675 1335 710 1372 ii,
726 1337 756 1370 1,
768 1336 844 1365 269.

91 1385 204 1407 navem
221 1377 340 1408 vendas
354 1378 416 1419 Ep.
431 1377 454 1414 i,
472 1379 522 1413 11,
542 1379 588 1409 16.
623 1378 698 1409 velit
713 1388 844 1420 puerum

89 1416 148 1450 tibi
163 1420 298 1452 vendere
322 1421 383 1462 Ep.
403 1420 437 1458 ii,
457 1422 491 1457 2,
507 1422 541 1451 2.
585 1421 720 1452 vendere
745 1420 845 1462 capti·

90 1471 167 1492 vum
198 1462 260 1505 Ep.
288 1463 311 1499 i,
341 1464 393 1498 16.
419 1465 475 1495 69.
520 1469 656 1496 mentem
684 1464 845 1504 exciperet

91 1503 240 1536 dominus
258 1516 358 1548 quum
376 1507 524 1538 venderet
541 1506 695 1549 (servum)
719 1507 786 1537 Sat.
810 1505 844 1543 ii,

93 1547 128 1582 3,
157 1549 234 1580 285.
279 1550 426 1590 metaph„
452 1551 592 1585 laudare,
617 1551 843 1580 commendare.-

91 1599 207 1632 poema
223 1591 286 1634 Ep.
302 1591 338 1628 ii,
360 1593 388 1627 1.
403 1593 456 1624 75.

135 1635 310 1666 vendibilis.
353 1634 471 1667 fundus
488 1636 548 1677 Ep.
567 1634 589 1673 i,
607 1636 659 1670 17,
677 1635 730 1665 47.

136 1678 280 1718 venefica.
323 1677 471 1709 scientior
485 1678 590 1720 Epod.
609 1681 641 1712 5,
658 1678 714 1708 71.

138 1721 298 1761 veneficus.
341 1720 530 1762 Esquilinus
546 1721 648 1762 Epod.
670 1721 718 1755 17,
734 1721 789 1752 58.

95 1773 301 1834 saumatam-e.
338 1773 507 1806 morsuque
524 1770 659 1796 venenat
675 1763 734 1805 Ep.
751 1763 774 1799 i,
798 1763 845 1801 14,

138 1855 316 1882 venenatus.
360 1850 485 1891 sagittae
501 1849 565 1882 Od.
580 1849 602 1886 i,
619 1851 674 1885 22,
692 1850 724 1880 3.

139 1901 299 1924 venenum.
339 1893 370 1928 1,
387 1898 489 1924 atrum
507 1893 570 1924 Od.
585 1892 608 1927 i.
624 1893 678 1928 37,
697 1893 752 1923 28.
797 1891 846 1922 di-

95 1942 133 1974 ιξι
147 1933 215 1966 Sat.
229 1933 252 1971 i,
267 1937 301 1972 9,
318 1936 373 1967 31.
408 1935 566 1968 interimis
580 1941 776 1983 matremque
794 1944 846 1965 ve-

97 1985 182 2008 neno
206 1977 273 2009 Sat.
297 1978 329 2015 ii,
347 1979 380 2015 3,
402 1980 474 2010 131.
490 2002 497 2007 .
517 1978 596 2020 quid
615 1988 731 2010 venem
756 1976 848 2008 saevit

97 2017 132 2051 in
165 2020 368 2063 praecordiis‘!
401 2021 505 2064 Epod.
538 2023 571 2059 3,
608 2023 640 2052 5.
693 2021 825 2061 metaph.
839 2032 848 2050 .-

98 2061 202 2105 Regis
222 2063 339 2107 Rupili
361 2075 420 2106 pus
440 2071 536 2107 atque
554 2074 711 2096 venenum
733 2065 849 2106 (oratio

12 2331 34 2549 sarva-urm&
12 2312 14 2320 -
15 2290 30 2298 ‚V
17 2276 19 2278 ⁴

97 2107 272 2138 acerbitatis
290 2106 401 2148 plena)
425 2109 493 2139 Sat.
517 2108 540 2145 i,
567 2108 599 2144 7,
624 2108 654 2138 l.
700 2108 733 2142 2,
748 2106 849 2148 fucus

99 2158 158 2189 quo
174 2150 248 2182 lana
267 2152 429 2193 inficitur.-
451 2150 659 2182 Tarentinum
684 2151 744 2192 Ep.
765 2149 800 2185 ii,
821 2151 849 2185 l,

99 2191 177 2224 207.
221 2194 255 2230 3,
269 2195 454 2233 pharmaca:
476 2193 601 2226 Colcha
616 2193 682 2224 Od.
699 2192 733 2231 ii,
752 2193 803 2228 13,
819 2194 850 2224 8.

98 2233 253 2268 Colchica
277 2235 378 2279 Epod.
395 2236 447 2272 17,
463 2237 517 2268 35.
560 2236 715 2267 Thessala
740 2235 804 2266 Od.
828 2236 849 2273 i,

99 2274 155 2312 2⁷.
175 2279 232 2322 22.
275 2278 346 2310 dira
370 2279 498 2311 Medeae
523 2279 625 2321 Epod.
650 2280 681 2316 5,
702 2279 756 2308 62.
799 2289 851 2310 ve-

100 2328 183 2352 nena
205 2332 268 2353 non
285 2322 392 2353 valent
415 2328 596 2354 convertere
620 2322 789 2352 humanam
806 2322 851 2352 vi-

99 2371 182 2406 cem*
200 2365 302 2407 Epod.
330 2367 362 2402 5,
388 2365 442 2396 87.
488 2364 688 2406 (minitatur)
715 2364 852 2396 Canidia

99 2414 258 2439 venenum
281 2409 351 2440 Sat.
372 2407 406 2444 ii,
430 2410 456 2444 1,
473 2409 527 2439 48.
571 2407 765 2439 carminibus
779 2417 852 2448 quae

100 2455 230 2482 versant
257 2456 352 2493 atque
382 2451 512 2482 venenis
543 2451 698 2482 humanos
730 2450 853 2481 animos

103 2491 172 2526 Sat.
202 2492 226 2531 i,
255 2495 288 2529 8,
316 2495 366 2526 19.
412 2494 519 2526 Iberia
545 2504 736 2525 venenorum
768 2493 853 2524 ferax

103 2534 208 2579 Epod.
221 2538 255 2572 5,
271 2537 326 2568 22.

146 2580 339 2611 venerabilis.
398 2578 605 2611 venerabilior
646 2579 727 2611 Lare
766 2577 855 2610 dives

105 2621 174 2654 Sat.
193 2621 227 2659 ii,
242 2625 274 2658 5,
295 2623 345 2653 14.

147 2668 301 2697 venerari.
346 2662 486 2706 gaudent
507 2662 679 2694 scribentes
697 2668 728 2694 et
752 2673 786 2694 se
802 2673 855 2695 ve-

105 2714 259 2740 petantur
282 2709 343 2750 Ep.
366 2706 402 2742 ii,
421 2708 454 2742 2,
473 2708 545 2738 107.
588 2705 674 2748 quod
694 2706 805 2748 probat
826 2711 858 2737 et

10 2759 38 2777 ἐ
103 2756 273 2783 veneratur
300 2751 359 2793 Ep.
385 2749 420 2785 ii,
449 2750 479 2786 l,
505 2750 581 2780 263.
625 2759 754 2780 veneror
778 2748 857 2779 nihil

104 2791 218 2833 horum
244 2795 311 2825 Sat.
337 2793 373 2828 ii,
388 2794 420 2828 6,
442 2794 474 2823 8.
518 2791 660 2834 quinque
677 2802 731 2822 vos
755 2791 858 2822 bubus

32 2836 47 2878 ’ἦ
105 2842 275 2868 veneratur
297 2835 380 2868 albis
399 2836 506 2867 earm.
527 2836 611 2866 Saec.
629 2835 682 2865 49.
725 2839 756 2865 te
772 2837 857 2875 (Au-

103 2879 250 2920 gustum)
272 2877 438 2922 Sygambri
465 2876 647 2919 compositis
669 2883 860 2909 venerantur

39 2922 42 2923 ⁷
107 2921 205 2954 umis
214 2922 280 2955 Od.
289 2923 333 2961 iv,
345 2923 397 2958 14,
408 2922 462 2952 52.
484 2926 632 2951 venerata
641 2919 739 2952 Ceres
750 2921 817 2951 Sat.
828 2920 861 2958 ii,

108 2964 233 3004 2124.
265 2964 461 2998 venerandus
477 2963 601 2995 amicus
619 2963 681 3005 Ep.
696 2962 720 3000 i,
739 2964 790 2999 18,
807 2964 861 2995 73.

153 3009 255 3043 venia,
298 3007 422 3041 veniam
443 3006 585 3050 peccatis
601 3015 733 3048 poscens
756 3006 823 3038 Sat.
838 3005 861 3043 i,

1551 208 1631 251 811

883 310 916 344 3,
933 309 985 340 75.
1029 317 1087 340 nec
1103 307 1227 339 veniam
1244 307 1396 351 antiquis,
1414 310 1469 341 sed
1486 308 1636 341 honorem

884 356 916 381 et
935 351 1064 393 praemia
1088 351 1177 393 posci
1200 351 1262 393 Ep.
1283 351 1317 390 ii,
1338 354 1366 387 1,
1386 353 1438 383 78.
1483 353 1566 383 haue
1584 363 1636 384 ve-

886 393 970 424 niam
994 394 1109 424 damus
1130 393 1332 436 petimusque
1351 394 1488 426 vicissim
1516 395 1577 437 Ep.
1596 394 1638 426 ad

883 436 951 467 Pis.
970 437 1020 467 11.
1051 447 1145 477 quam
1160 437 1235 467 mihi
1247 437 1304 468 das
1322 447 1416 478 aegro,
1428 437 1521 468 dabis
1538 448 1637 478 aegro-

885 484 950 510 tare
969 477 1093 510 timenti
1115 479 1238 510 veniam
1265 481 1328 522 Ep.
1348 480 1371 517 i,
1389 480 1420 518 7,
1435 482 1468 511 5.
1512 480 1568 510 des
1584 491 1634 511 ve-

884 520 971 551 niam
995 522 1097 552 bonus
1122 523 1188 552 Sat.
1202 522 1236 557 ii,
1252 524 1284 557 4,
1302 524 1335 553 5.
1383 522 1457 553 data
1480 523 1636 554 Romanis

883 564 978 594 venia
995 570 1044 594 est
1059 564 1190 606 indigna
1211 565 1310 606 poetis
1331 566 1392 607 Ep.
1410 565 1451 596 ad
1469 566 1532 596 Pis.
1557 566 1636 597 264.

884 605 943 638 hoc
961 606 1036 637 mihi
1057 606 1138 648 juris
1161 618 1232 638 cum
1252 607 1344 638 venia
1367 608 1459 638 dabis
1480 609 1548 639 Sat.
1563 608 1586 643 i,
1604 610 1637 646 4,

890 650 962 680 105.
1008 649 1064 680 dat
1093 650 1215 680 veniam
1244 650 1400 691 (otiandi)
1427 661 1639 692 somnumque

885 691 952 723 dies
975 693 1035 735 Ep.
1051 692 1072 727 i,
1088 694 1121 730 5,
1141 693 1191 723 10.
1237 699 1352 724 cautus
1378 693 1460 724 intra
1481 704 1568 735 spem
1585 704 1637 724 ve-

885 734 947 766 niae
966 736 1027 777 Ep.
1048 734 1088 766 ad
1114 735 1181 766 Pis.
1202 737 1278 767 267.
1322 735 1455 777 scriptor
1477 735 1504 765 si
1527 742 1640 777 peccat

885 777 967 808 idem
986 777 1141 816 librarius,
1158 778 1250 809 venia
1270 786 1354 810 caret
1369 778 1446 808 ibid.
1461 779 1536 810 355.
1582 778 1638 809 ha-

886 821 940 851 bet
967 821 1126 852 comoedia
1155 827 1242 852 tanto
1270 821 1343 863 plus
1372 821 1487 856 oneris,
1517 827 1640 862 quanto

887 864 988 895 veniae
1006 863 1110 895 minus
1130 866 1187 906 Ep.
1202 863 1236 899 ii,
1256 866 1285 901 1,
1305 865 1377 895 170.

928 909 1044 938 venire.
1093 908 1123 943 1,
1139 907 1271 938 veniunt
1293 906 1335 938 ad
1350 906 1485 938 mulctra
1508 907 1640 948 capellae

885 950 987 991 Epod.
1020 951 1072 986 16,
1103 951 1157 980 49.
1204 956 1333 980 ventum
1363 955 1430 980 erat
1460 950 1500 980 ad
1529 950 1636 982 Vestae

885 992 1013 1033 (cedem)
1028 993 1096 1023 Sat.
1107 993 1129 1029 i,
1142 994 1175 1030 9,
1188 994 1242 1024 35.
1265 998 1393 1023 ventum
1410 998 1456 1023 est
1473 992 1638 1033 Esquilias

886 1037 956 1067 Sat.
973 1035 1008 1072 ii,
1025 1036 1058 1071 6,
1075 1037 1129 1067 33.
1174 1035 1213 1067 ad
1231 1045 1317 1066 mare
1330 1045 1431 1077 quum
1447 1035 1519 1066 veni
1537 1036 1599 1083 Ep.
1618 1035 1640 1072 i,

888 1080 942 1114 15,
963 1080 1015 1109 18.
1062 1089 1138 1109 casu
1154 1077 1241 1109 venit
1265 1078 1379 1109 obvius
1404 1077 1451 1108 illi
1475 1079 1542 1109 Sat.
1565 1089 1588 1115 1,
1605 1080 1638 1115 9,

887 1122 942 1152 74.
986 1131 1050 1163 quo
1065 1121 1160 1152 veni'!
1185 1121 1248 1152 Od.
1270 1121 1317 1158 iii,
1333 1122 1388 1156 27,
1405 1121 1456 1152 37.
1503 1121 1566 1151 huc
1583 1132 1641 1152 no-

886 1174 944 1195 vus
959 1164 1066 1195 incola
1082 1163 1169 1195 venit
1185 1165 1252 1195 Sat.
1270 1163 1304 1198 ii,
1321 1165 1354 1199 2,
1371 1165 1445 1194 128.
1486 1163 1547 1194 huc
1564 1175 1640 1195 ven-

887 1212 977 1238 turus
1001 1212 1068 1238 erat
1092 1208 1258 1238 Maecenas
1283 1207 1351 1237 Sat.
1372 1206 1394 1244 i,
1410 1208 1441 1240 5.
1458 1207 1511 1238 27.
1557 1208 1642 1239 unde

887 1250 1001 1281 venis?
1025 1255 1057 1281 et
1071 1260 1135 1291 quo
1149 1250 1276 1281 tendisl
1301 1251 1368 1281 Sat.
1380 1249 1402 1285 i,
1416 1252 1448 1285 9,
1463 1251 1516 1280 62.
1547 1260 1641 1282 mane

888 1291 1018 1324 domurn
1032 1293 1173 1324 veniant.
1203 1293 1324 1324 Venere
1336 1293 1516 1334 frequentes
1527 1293 1595 1324 Sat.
1607 1293 1642 1329 ii,

887 1336 919 1370 3,
936 1337 1013 1366 230.
1058 1335 1144 1377 quod
1167 1346 1228 1366 non
1251 1345 1343 1366 mane
1361 1336 1490 1366 domum
1507 1335 1643 1367 venisset

890 1379 951 1420 Ep.
972 1378 992 1414 i,
1011 1379 1042 1415 7,
1060 1380 1113 1410 68.
1157 1378 1196 1409 ad
1221 1388 1348 1409 coenam
1365 1378 1473 1409 veniat
1493 1378 1572 1409 ibid.
1588 1380 1643 1410 61.

890 1427 925 1452 ut
941 1427 1068 1452 ventum
1089 1422 1128 1452 ad
1149 1431 1276 1452 coenam
1293 1427 1340 1452 est
1354 1421 1431 1451 ibid.
1452 1422 1506 1451 74.
1546 1422 1644 1462 jussit

889 1464 949 1494 sub
965 1465 1087 1494 lumina
1103 1463 1203 1506 prima
1219 1463 1323 1495 venire
1338 1462 1504 1494 convivam
1521 1464 1590 1495 Sat.
1607 1464 1642 1500 ii,

890 1507 921 1541 7.
939 1507 994 1537 33.
1042 1506 1080 1537 ad
1106 1516 1246 1548 pugnam
1267 1516 1380 1537 venere
1405 1508 1472 1537 Sat.
1494 1505 1517 1543 i,
1538 1508 1570 1541 5.
1590 1508 1644 1538 56.

890 1549 923 1579 in
939 1559 986 1580 me
1000 1549 1132 1579 mictum
1147 1549 1252 1580 veniat
1265 1555 1359 1590 atque
1376 1555 1524 1579 cacatum
1539 1549 1607 1580 Sat.
1621 1549 1643 1586 i,

890 1593 922 1627 8,
941 1593 994 1623 38.
1039 1602 1149 1623 canem
1167 1591 1258 1622 illum
1275 1593 1399 1622 venisse
1417 1593 1483 1622 Sat.
1501 1590 1523 1626 i,
1541 1592 1572 1626 7,
1588 1593 1644 1623 26.

890 1644 946 1666 seu
972 1641 1042 1677 post
1071 1635 1202 1675 longum
1229 1641 1353 1676 tempus
1379 1639 1506 1665 venerat
1533 1634 1647 1676 hospes

891 1678 959 1708 Sat.
986 1677 1019 1714 ii,
1044 1679 1077 1714 2,
1106 1679 1178 1708 118.
1223 1677 1306 1708 venit
1332 1687 1483 1718 magnum
1506 1676 1647 1709 donandi

891 1720 1147 1762 parcajuventus
1164 1722 1232 1751 Sat.
1246 1719 1281 1757 ii,
1299 1722 1331 1755 5,
1347 1721 1400 1751 79.
1440 1725 1510 1761 post
1524 1730 1641 1751 nonam

890 1763 998 1793 venies
1018 1764 1077 1805 Ep.
1092 1763 1114 1798 i,
1127 1757 1228 1798 7571.
1262 1762 1390 1794 tandem
1406 1763 1525 1798 venias,
1542 1773 1643 1804 augur

891 1806 1010 1848 Apollo
1036 1806 1100 1837 Od.
1123 1806 1146 1841 i,
1171 1807 1203 1842 2,
1226 1806 1280 1837 30.
1323 1815 1396 1836 cum
1423 1815 1526 1836 merce
1550 1807 1644 1837 velox

891 1849 962 1880 veni
984 1849 1048 1879 Od.
1073 1849 1113 1885 iv,
1134 1850 1186 1886 12,
1207 1851 1262 1880 22.
1307 1853 1446 1879 mactata
1467 1848 1572 1880 veniet
1596 1849 1641 1880 le-

891 1891 961 1922 nior
977 1891 1078 1923 hostia
1097 1893 1160 1923 Od.
1176 1891 1199 1927 i,
1220 1893 1270 1927 19.
1288 1891 1340 1922 16.
1378 1901 1476 1932 quum
1492 1891 1644 1933 estjussa

890 1935 996 1966 venire
1026 1936 1092 1966 Sat.
1120 1934 1141 1973 i,
1169 1935 1202 1970 2,
1231 1936 1305 1965 122.
1350 1934 1450 1964 multa
1479 1941 1643 1976 poetarum

890 1978 998 2009 veniat
1022 1988 1136 2009 manus
1160 1978 1227 2008 Sat.
1251 1977 1272 2014 i,
1299 1978 1331 2012 4,
1354 1978 1429 2007 141.
1475 1977 1644 2019 repetitum

892 2020 1014 2052 venerit
1039 2031 1115 2061 grex
1140 2020 1247 2051 avium
1273 2019 1398 2062 plumas
1420 2020 1481 2062 Ep.
1498 2020 1520 2055 i,
1537 2022 1570 2056 3,
1588 2021 1644 2052 18.

891 2063 923 2094 in
943 2073 1077 2095 vacuum
1103 2064 1238 2103 (locum)
1258 2062 1367 2094 venias
1391 2063 1460 2093 Sat.
1482 2061 1516 2098 ii,
1537 2064 1570 2098 5,
1590 2064 1645 2094 50.

893 2107 1041 2138 Romana
1059 2106 1143 2137 brevi
1159 2111 1310 2137 venturus
1325 2105 1358 2136 iu
1373 2115 1427 2136 ora
1445 2106 1506 2147 Ep.
1522 2105 1544 2142 i,
1561 2107 1594 2140 3,
1611 2107 1643 2137 9.

893 2149 979 2192 quod
987 2151 1027 2181 ad
1035 2156 1065 2180 te
1073 2149 1206 2192 epistola
1217 2149 1306 2180 nulla
1313 2147 1432 2179 veniret
1440 2150 1474 2189 (α
1471 2148 1644 2190 fferretur)

894 2194 957 2234 Ep.
980 2193 1014 2230 ii,
1039 2194 1073 2228 2,
1096 2194 1151 2224 22.
1197 2191 1320 2234 gravior
1343 2191 1503 2232 (iambus)
1526 2191 1646 2222 veniret

894 2236 935 2266 ad
960 2246 1052 2267 aures
1076 2237 1136 2278 Ep.
1161 2235 1200 2266 ad
1228 2234 1291 2265 Pis.
1314 2236 1390 2266 255.
1436 2243 1476 2264 an
1503 2233 1590 2264 venit
1611 2233 1645 2265 in

895 2285 1000 2309 votum
1027 2278 1175 2310 Attalicis
1199 2288 1238 2309 ex
1262 2277 1393 2308 urbibus
1420 2277 1508 2307 una‘!
1538 2277 1598 2318 Ep.
1622 2277 1646 2311 i,

900 2323 950 2357 ll,
974 2325 1005 2354 5.
1048 2323 1204 2356 advenire,
1226 2322 1323 2350 oriri:
1348 2319 1478 2351 veniens
1501 2319 1647 2350 dextrum

896 2364 980 2395 latus
995 2364 1152 2406 adspiciat
1167 2363 1212 2394 sol
1235 2364 1292 2404 Ep.
1305 2362 1326 2397 i,
1342 2363 1393 2397 16,
1406 2363 1438 2392 6.
1467 2365 1645 2402 pervenire.-

896 2407 1041 2438 venimus
1066 2406 1106 2437 ad
1132 2417 1291 2436 summum
1313 2405 1448 2436 fortunae
1474 2406 1534 2447 Ep.
1558 2405 1592 2440 ii,
1617 2406 1648 2440 1,

896 2451 950 2480 32.
988 2460 1148 2492 speramus
1165 2459 1227 2480 rem
1245 2459 1282 2479 eo
1295 2454 1459 2479 venturam
1477 2447 1557 2478 ibid.
1573 2449 1649 2479 225.

897 2503 997 2534 quum
1015 2499 1144 2524 ventum
1166 2492 1205 2522 ad
1221 2502 1331 2522 verum
1351 2496 1398 2522 est
1418 2492 1483 2522 Sat.
1499 2491 1522 2526 i,
1542 2492 1574 2526 3,
1590 2491 1647 2522 97.

899 2537 931 2571 2,
953 2538 990 2567 de
1011 2543 1155 2576 tempore:
1182 2534 1311 2566 veniens
1335 2545 1435 2564 aevum
1462 2534 1524 2565 Od.
1548 2533 1594 2568 iii,
1615 2536 1648 2569 5,

902 2580 954 2610 16.
1013 2579 1089 2610 anni
1123 2577 1284 2609 venientes
1315 2577 1375 2619 Ep.
1406 2577 1446 2607 ad
1478 2576 1544 2607 Pis.
1576 2577 1649 2607 175.

899 2627 1031 2654 ventura
1062 2621 1204 2668 pericula
1232 2619 1330 2651 sentis
1360 2621 1421 2661 Ep.
1452 2619 1474 2655 i,
1513 2621 1562 2654 18,
1595 2621 1651 2650 83.

901 2663 1004 2695 tristes
1029 2674 1142 2695 misero
1166 2673 1278 2694 venere
1302 2662 1455 2694 Calendae
1479 2663 1546 2693 Sat.
1570 2661 1593 2696 i,
1619 2663 1651 2696 3,

902 2707 956 2738 87.
1001 2708 1034 2741 3,
1051 2708 1188 2737 evenire:
1213 2705 1258 2737 sic
1280 2706 1379 2736 honor
1394 2711 1426 2736 et
1443 2715 1556 2736 nomen
1571 2703 1651 2735 divi-

902 2748 952 2780 nis
974 2749 1102 2780 vatibus
1124 2748 1213 2779 venit
1236 2749 1299 2790 Ep.
1323 2747 1364 2778 ad
1391 2748 1455 2778 Pis.
1479 2749 1552 2778 401.
1598 2753 1652 2777 aut

902 2792 966 2823 cita
982 2803 1062 2823 mors
1077 2791 1164 2823 venit
1184 2797 1239 2823 aut
1257 2791 1387 2822 victoria
1408 2791 1480 2822 laeta
1496 2791 1562 2820 Sat.
1579 2789 1601 2825 i,
1620 2791 1651 2825 1,

903 2836 936 2867 8.
982 2837 1013 2871 4,
1028 2837 1205 2875 provenire.-
1229 2834 1354 2876 ingrata
1374 2833 1481 2865 veniet
1499 2831 1556 2862 tibi
1580 2831 1653 2874 plu-

903 2888 955 2909 ma
972 2878 1127 2920 superbiae
1144 2876 1207 2909 od.
1220 2877 1264 2914 iv,
1283 2877 1334 2912 10,
1351 2878 1383 2906 2.
1475 2916 1481 2922 .
1622 2916 1627 2921 ι

947 2923 1061 2952 venire.
1107 2925 1220 2953 veneat
1239 2930 1314 2951 auro
1339 2928 1407 2950 rara
1433 2926 1501 2948 aws
1528 2916 1595 2947 Sat.
1620 2917 1654 2953 ii,

904 2966 938 3001 2,
963 2965 1020 2995 25.
1064 2963 1152 2995 venit
1176 2962 1328 2995 vilissima
1355 2971 1456 2992 rerum
1488 2959 1539 2990 hic
1570 2969 1654 3000 aqua

907 3009 976 3039 Sat.
992 3007 1014 3045 i,
1031 3009 1062 3044 5,
1081 3008 1135 3038 88.
