1904 3314
638 210 785 238 INDEX
817 209 1093 255 VERBORUM.

83 294 188 329 cidere
204 297 273 330 Sat.
289 296 323 334 ii,
338 298 372 334 3,
390 297 464 328 198.
509 305 574 327 una
593 306 666 327 curn
682 295 834 338 scriptore

1546 200 1632 242 805

921 299 1051 339 unguis.
1093 301 1207 329 acutus
1229 297 1292 340 Ep.
1312 297 1334 333 i,
1355 298 1407 333 19,
1433 283 1486 330 46.
1530 309 1626 342 prave

82 347 154 370 meo
169 349 265 383 capsa
281 344 442 382 porrectus
456 339 516 381 Ep.
526 338 562 377 ii,
575 339 605 376 1,
618 339 695 370 267.
729 345 835 370 noster
878 346 983 371 sectus
995 341 1054 382 Ep.
1070 339 1093 375 i,
1113 341 1143 376 1,
1163 341 1238 372 104.
1282 340 1372 372 curvi
1391 342 1496 382 Epod.
1519 343 1552 379 5,
1568 344 1626 375 93.

81 380 176 414 ludos
191 388 387 425 spectaverat
402 392 467 413 una
489 383 554 414 Sat.
570 380 605 417 ii,
629 382 661 418 6,
679 383 733 414 48.
778 382 834 414 sed

81 423 156 466 quis
170 425 375 458 coenantibus
390 435 456 456 una
472 425 537 456 Sat.
552 423 587 459 ii,
603 425 636 460 8,
658 425 710 456 18.

123 471 232 500 uncia.
277 468 304 499 si
321 469 360 500 de
377 468 558 509 quincunce
574 474 693 498 remota
707 472 756 498 est
770 477 830 498 un-

81 508 144 548 eia,
166 510 244 552 quid
267 512 419 554 superati
443 510 524 542 redit
542 510 649 547 uncia,
671 510 750 552 quid
773 511 830 542 fit?

80 551 143 595 Ep.
158 553 199 584 ad
217 553 284 586 Pis.
297 555 374 590 328,
390 554 466 585 329.

123 602 248 629 unctus.
298 597 325 634 1,
349 598 488 638 pinguis,
518 597 675 627 sordidus:
709 595 830 626 corium

78 637 147 670 Sat.
164 638 198 674 ii.
213 641 246 676 5,
261 640 317 671 53.
360 637 472 670 mande
488 640 556 671 Sat.
574 638 608 675 ii,
631 641 663 675 4,
681 639 743 677 783
768 639 827 681 Ep.

78 679 103 717 ἰ,
128 681 181 718 16.
206 683 262 714 23.
305 692 389 725 aqua
411 683 480 713 Sat.
503 681 538 717 ii,
558 682 591 718 2,
611 682 665 713 68.
711 680 829 723 popina

77 723 142 766 Ep.
162 723 186 762 i,
208 725 262 761 14,
282 726 337 756 21.
379 725 535 764 metaph:
558 724 585 755 si
605 723 682 766 quid
701 723 829 756 unctius

78 765 214 808 contigit
243 766 397 810 (lautius)
426 768 487 810 Ep.
510 766 532 803 i,
558 768 610 803 15,
634 769 688 798 44.
733 769 765 806 2,
791 769 828 799 de

78 809 175 841 divite
189 812 242 851 qui
261 811 378 842 lautius
398 816 427 840 et
449 811 635 841 luxuriosius
656 811 749 841 vivit.-
774 820 828 842 ac-

78 851 173 884 cedes
187 851 294 885 siccus
307 852 348 884 ad
364 858 496 884 unctum
512 853 574 895 Ep.
590 851 613 888 i,
636 853 684 888 17,
704 853 754 885 12.

121 905 233 927 uncus.
276 905 336 928 nec
357 905 485 928 severus
498 905 603 928 uncus
619 896 709 927 abest
725 896 788 927 Od.
807 896 828 935 i,

121 982 220 1013 unda.

263 981 382 1012 Maura
401 980 466 1013 Od.
486 980 521 1017 ii,
541 981 575 1016 6,
592 982 626 1012 3.
672 982 828 1024 Hesperia

79 1021 144 1055 Od.
169 1022 204 1060 ii,
231 1023 283 1060 17,
309 1025 363 1056 20.
409 1024 517 1055 Sicula
542 1023 608 1055 Od.
636 1023 682 1060 iii,
706 1026 737 1062 4,
761 1025 826 1064 28;

26 1063 31 1078 ¹
79 1065 321 1103 Od.iv,4.43.
366 1066 477 1109 Stygia
493 1067 557 1098 od.
575 1066 610 1102 ii,
628 1068 683 1104 20,
703 1068 735 1097 8.
782 1067 826 1098 11-

78 1107 187 1150 1yricte
208 1109 273 1141 Od.
292 1108 316 1147 i,
338 1111 394 1146 28,
419 1111 475 1141 22.
520 1108 678 1140 Tiberinae
699 1109 762 1140 Od.
779 1110 825 1147 iii,

80 1151 133 1189 12,
148 1152 181 1183 6.
227 1151 332 1194 gelida
354 1153 416 1195 Ep.
440 1154 460 1188 ἰ,
484 1153 536 1187 15,
559 1153 591 1182 4.
627 1152 746 1183 ,minax
763 1153 826 1184 Od.

76 1192 100 1231 i,
120 1195 172 1231 12,
197 1196 253 1226 32.
297 1195 393 1226 tristis
410 1195 549 1236 (Stygis)
573 1194 635 1227 Od.
661 1195 694 1232 ii,
721 1196 773 1233 14,
795 1197 826 1227 9.

76 1235 240 1268 indomitae
256 1237 321 1269 od.
342 1237 387 1274 iv,
406 1239 456 1276 14,
471 1239 526 1269 20.
571 1237 658 1269 unda
679 1249 827 1280 superve-

76 1278 126 1310 nit
152 1279 270 1311 undam
297 1282 359 1322 Ep.
391 1280 426 1316 ii,
453 1282 485 1317 2,
516 1281 590 1311 176.
634 1291 827 1323 quocunque

76 1322 264 1397 ἓῗιῖῑῗὲἑίῗὲ
282 1323 396 1408 Ξὲἱέῗ
418 1323 547 1397 {iffi}
566 1323 672 1396 ἓξὲξ.
694 1325 758 1397 ἕξ.
772 1325 827 1404 iiii

77 1407 132 1444 27,
159 1409 234 1440 32.-
258 1418 295 1440 ac
324 1407 437 1440 mediis
465 1408 584 1440 hiemat
611 1414 763 1440 mercator
792 1409 826 1440 in

77 1449 172 1482 undis
187 1452 250 1494 Ep.
266 1450 290 1489 i,
305 1452 356 1490 16,
370 1452 425 1482 71.
471 1451 592 1483 retortis
608 1451 697 1482 litore
713 1453 826 1483 Etrus-

77 1501 117 1524 co
135 1494 230 1525 undis
249 1493 314 1526 od.
331 1493 353 1530 ἰ,
373 1495 407 1530 2,
425 1495 476 1525 14.
521 1499 551 1525 te
574 1504 681 1524 rursus
704 1493 737 1524 in
759 1495 824 1526 bel-

76 1534 143 1567 lum
165 1537 327 1568 resorbens
353 1537 442 1568 unda
469 1536 557 1568 fretis
585 1542 722 1567 aestuosa
753 1537 827 1569 tulit

77 1577 142 1610 Od.
156 1578 192 1616 ii,
208 1581 242 1615 7,
267 1581 318 1611 16.
361 1581 513 1621 metaph..·
538 1589 656 1610 mersor
674 1579 824 1612 civilibus

76 1621 172 1653 undis
188 1623 252 1665 Ep.
268 1622 290 1659 i,
307 1624 337 1661 l,
354 1623 406 1654 16.
450 1621 590 1654 adversis
607 1632 710 1654 rerum
730 1624 824 1655 undis

78 1663 300 1697 immersabilis
314 1666 375 1707 Ep.
391 1666 414 1703 i,
429 1667 462 1702 2,
478 1667 532 1697 22.

119 1709 216 1739 unde.
258 1710 427 1749 sepissime.

117 1752 248 1782 undeni.
309 1752 455 1784 undenos
489 1750 594 1783 decies
631 1762 687 1793 per
723 1761 824 1782 annos

75 1791 183 1826 Carm.
200 1794 282 1826 Saec.
296 1795 351 1826 21.
396 1805 447 1826 me
461 1800 574 1836 quater
596 1794 740 1826 undenos
762 1794 822 1825 im-

75 1835 212 1878 plevisse
227 1837 424 1870 Decembres
437 1838 504 1880 Ep.
520 1837 543 1873 i,
559 1838 614 1874 20,
631 1838 687 1869 27.

118 1881 266 1921 undique.
310 1883 426 1921 πρίω.

118 1933 235 1964 ungere
255 1924 318 1955 sive
340 1934 490 1966 unguere.
534 1932 637 1963 ungor
654 1922 738 1954 olivo
754 1923 821 1954 Sat.

55 1998 58 2001 ,
75 1962 100 2000 i,
115 1965 149 2002 6,
177 1967 251 1998 123.
292 1966 428 1998 cadaver
446 1970 578 1996 unctum
599 1966 670 1997 oleo
693 1967 760 1996 Sat.
786 1965 833 2003 ii,·

30 2008 34 2021 '
73 2006 107 2044 5,
130 2009 183 2040 86.
226 2009 325 2041 nardo
344 2015 490 2052 potamus
509 2008 600 2039 uncti
621 2009 686 2040 Od.
708 2008 742 2044 ii,
770 2009 821 2046 11,

27 2261 40 2279 ὦ

76 2050 151 2100 17..
173 2051 289 2102 Gloria
317 2062 414 2094 quem
444 2061 539 2094 super
568 2050 649 2099 vires
675 2050 768 2100 ''5³⁴5‘st
791 2058 823 2083 et

73 2099 167 2175 2¹3th
183 2094 254 2169 3Ε3Ῠ·
279 2096 451 2169 hafflig?
455 2094 822 2168 ‘t.‡'.2513.2‚⁰¹'r¹l{2.{¹123

73 2177 142 2210 Sat.
166 2179 200 2216 ii,
227 2182 258 2218 l,
285 2181 317 2212 7.
361 2180 471 2212 ludere
492 2185 524 2211 et
544 2179 622 2221 ungi
646 2180 708 2222 Ep.
732 2179 766 2217 ii,
787 2181 820 2215 2,

74 2221 148 2254 183.
191 2228 322 2254 unctum
348 2223 539 2264 (convivam)
572 2222 628 2264 qui
658 2227 741 2254 recte
764 2233 819 2265 po-

34 2289 37 2295 .
71 2273 147 2296 nere
162 2265 267 2298 nescit
279 2266 340 2308 Ep.
357 2266 396 2298 ad
413 2266 481 2297 Pis.
498 2265 574 2296 422.
618 2275 736 2297 unxere
751 2275 819 2296 ma-

31 2309 37 2348 ]
71 2310 135 2338 tres
162 2308 234 2340 Iliae
263 2308 426 2340 addictum
453 2308 526 2340 feris
554 2307 682 2339 alitibus
712 2309 818 2351 Epod.

73 2349 127 2387 17,
162 2352 212 2383 11.
261 2351 353 2384 uncti
382 2351 504 2383 humeri
536 2350 600 2382 od.
628 2351 672 2388 iii,
704 2352 756 2387 12,
787 2353 819 2383 6.

27 2407 38 2435 ,ξ
73 2391 183 2436 capilli
205 2394 268 2426 Od.
284 2394 307 2431 i,
325 2396 381 2431 29,
405 2395 437 2426 7.
481 2404 599 2435 ungere
617 2393 725 2427 caules
747 2394 819 2426 oleo

46 2438 49 2445 “
72 2435 202 2469 meliore
231 2438 300 2469 Sat.
329 2437 364 2474 ii,
392 2438 426 2474 3,
451 2438 526 2469 125.
571 2442 628 2468 aut
652 2442 768 2468 unctus
786 2438 818 2468 “.

27 2477 51 2524 {55
71 2477 184 2521 (liber)
213 2479 348 2512 mitteris
377 2480 514 2512 Ilerdam
542 2480 604 2522 Ep.
634 2479 658 2515 i,
684 2481 740 2515 20,
767 2481 818 2512 13.

31 2538 41 2550 w
69 2527 169 2554 uncta
183 2522 258 2554 satis
277 2522 389 2565 pingui
411 2522 560 2554 oluscula
582 2521 671 2553 lardo
693 2523 760 2554 Sat.
783 2523 818 2559 ii,

32 2571 41 2581 Ἢ,

42 2581 46 2587 ·
70 2562 103 2601 Β,
132 2565 186 2597 64.
231 2567 450 2603 contaminare,
476 2566 631 2605 polluere:
670 2564 821 2597 indormit

31 2607 46 2635 ἓ
69 2607 176 2640 unctis
199 2607 360 2640 cubilibus
381 2607 523 2639 omnium
545 2607 704 2639 oblivione
726 2607 818 2650 pelli-

30 2647 266 2693 teumEpod

28 2727 38 2737 ἰ.

270 2674 278 2682 .
301 2653 334 2686 5,
357 2652 412 2683 69.
455 2660 543 2681 arma
571 2656 670 2681 uncta
699 2650 818 2681 cruori-

47 2691 133 2736 -bus
155 2693 218 2726 Od.
241 2693 275 2729 ii,
303 2695 330 2731 l,
354 2695 386 2725 5.
429 2699 527 2725 uncta
549 2703 609 2724 ova
634 2703 719 2724 ranae
743 2703 818 2725 san-

72 2734 170 2776 gnine
184 2737 286 2779 Epod.
303 2738 336 2775 5,
346 2737 406 2768 ,19,

30 2763 47 2827 ξ
112 2781 351 2822 unguentarius.
396 2779 463 2810 Sat.
477 2778 512 2815 ii,
527 2779 560 2814 3,
576 2779 657 2810 228.

30 2829 47 2877 i.
73 2862 82 2870 ο
112 2829 317 2864 unguentum.
359 2832 500 2853 crassum
521 2821 582 2863 Ep.
601 2821 641 2852 ad
658 2820 724 2852 Pis.
740 2822 817 2853 375.

50 3245 55 3255 Ι

32 3290 50 3314 5.

28 2879 32 2891 ι
70 2873 96 2900 ι,
123 2870 195 2907 pete
215 2870 424 2906 unguentum,
451 2875 526 2907 puer
547 2864 610 2896 Od.
626 2863 671 2899 iii.
695 2865 746 2900 14,
768 2866 819 2897 17.

27 3074 58 3286 i

70 2904 134 2939 hue
158 2913 322 2950 unguenta
346 2908 426 2950 jube
449 2908 528 2939 ferre
560 2906 626 2939 Od.
650 2906 684 2944 ii,
709 2908 741 2943 3,
767 2909 819 2939 13.

70 2946 356 3031 ἓηέοἳοξῖρειείδιιε
375 2956 537 2994 unguenta
551 2949 592 2983 de
607 2949 741 2982 conchis
754 2950 817 2982 Od.

878 393 1000 423 ungues
1015 382 1103 414 vivos
1118 383 1239 414 roderet
1254 383 1322 415 Sat.
1338 383 1361 420 i,
1386 384 1438 420 10,
1455 385 1509 416 71.

878 425 962 466 prios
978 426 1110 457 cultello
1124 436 1262 467 purgans
1279 427 1341 468 Ep.
1359 426 1382 462 i,
1398 428 1429 462 7,
1446 428 1500 458 51.
1537 428 1626 460 saber

875 477 961 498 unus
977 474 1008 498 et
1023 478 1147 510 ungues
1169 469 1324 510 exprimet
1342 470 1403 511 Ep.
1428 471 1467 500 ad
1484 470 1553 501 Pis.
1570 473 1624 504 32.

875 509 959 541 bona
979 521 1051 552 pars
1073 522 1136 541 non
1160 522 1282 552 ungues
1300 522 1416 554 ponere
1437 519 1527 544 curat
1545 513 1623 547 ibid.

875 553 952 584 297.
999 553 1026 583 si
1042 564 1106 585 uno
1121 554 1240 595 turpior
1265 554 1366 595 ungui
1389 555 1478 586 fieres
1499 555 1565 587 Od.
1586 556 1623 594 ii,

874 596 907 631 8,
924 597 955 627 4.
998 597 1140 638 scalpere
1157 602 1269 628 terram
1289 597 1451 638 unguibus
1472 599 1537 630 Sat.
1551 598 1572 637 i,
1589 601 1622 636 Β,

873 639 928 669 27.
973 638 1090 670 strictis
1112 639 1146 670 in
1169 639 1303 682 juvenes
1325 641 1488 680 unguibus
1512 641 1575 674 Od.
1598 642 1622 680 i,

873 681 905 717 6,
940 682 991 712 18.
1037 682 1199 722 unguibus
1228 689 1260 713 et
1289 683 1406 724 pugnis
1436 685 1625 725 pugnabant

873 724 942 756 Sat.
955 724 978 762 i,
994 725 1026 761 3,
1047 726 1120 755 101.
1165 724 1324 756 Rhoetum
1347 725 1498 757 retorsisti
1522 727 1624 759 leonis

871 767 1034 807 unguibus
1058 768 1123 799 Od.
1143 767 1178 804 ii,
1205 769 1254 803 19.
1271 769 1325 799 24.
1371 769 1476 804 locut„
1498 769 1537 800 ad
1561 780 1622 801 un·

872 820 966 851 guem
981 809 1083 842 factus
1098 811 1192 841 homo
1209 812 1276 841 Sat.
1291 810 1313 845 i,
1340 813 1372 846 5,
1388 812 1442 842 32.
1486 823 1621 854 praesec-

872 858 940 883 tum
972 863 1035 884 non
1064 853 1234 894 castigavit
1262 853 1302 884 ad
1327 864 1466 894 unguem
1493 855 1553 896 Ep.
1580 855 1622 887 ad

872 894 940 926 Pis.
955 896 1032 928 294.
1078 896 1217 927 incestos
1233 906 1353 927 amores
1372 897 1411 928 de
1429 904 1535 929 tenero
1554 908 1621 931 me·

872 937 991 968 ditatur
1004 939 1104 980 ungui
1122 939 1186 970 Od.
1203 939 1250 975 iii,
1270 940 1301 974 6,
1318 940 1372 970 24.

916 983 1049 1022 ungula.
1072 987 1203 1013 sonante
1214 981 1389 1013 verberabit
1398 982 1509 1014 urbem
1520 983 1622 1026 Epod.

874 1024 925 1059 16,
944 1025 995 1055 12.
1040 1025 1123 1067 rapit
1144 1025 1266 1065 ungula
1284 1035 1395 1056 currus
1417 1025 1529 1058 missos
1552 1037 1621 1058 cat-

871 1066 998 1098 ceribus
1014 1069 1080 1099 Sat.
1096 1067 1118 1101 i,
1138 1069 1167 1103 1,
1189 1069 1260 1099 114.

913 1111 1014 1141 unice.
1059 1121 1188 1142 securus
1206 1110 1270 1141 Od.
1287 1110 1309 1146 i,
1324 1111 1379 1147 26,
1398 1113 1430 1142 5.

913 1156 1037 1185 unicus.
1080 1153 1173 1184 unico
1194 1153 1305 1184 marito
1327 1152 1470 1194 gaudens
1491 1153 1555 1186 Od.
1573 1154 1619 1192 iii,

873 1195 925 1232 14,
942 1197 975 1226 5.
1022 1196 1098 1228 satis
1114 1197 1225 1227 beatus
1240 1195 1346 1228 unicis
1361 1196 1489 1228 Sabinis
1504 1197 1569 1229 Od.
1584 1197 1619 1236 ii,

914 1292 1060 1321 unquam.
1100 1283 1223 1321 passim.

914 1334 1008 1355 unus.
1057 1325 1086 1360 1,
1108 1334 1193 1354 unus
1218 1324 1387 1355 multorum
1411 1324 1476 1356 Sat.
1496 1324 1518 1362 i,
1534 1325 1567 1360 9,
1588 1326 1621 1358 7.

870 1375 954 1396 unus
975 1377 992 1396 e
1016 1366 1125 1397 multis
1148 1366 1211 1397 Od.
1235 1367 1282 1402 iii,
1309 1368 1360 1404 ll,
1378 1368 1433 1398 33.
1479 1377 1564 1398 unus
1580 1378 1621 1399 ex

866 1406 1031 1448 judicibus
1047 1409 1174 1440 selectis
1193 1410 1258 1440 Sat.
1276 1408 1299 1445 i,
1318 1411 1349 1445 4,
1377 1411 1450 1441 123.
1495 1416 1622 1443 exemta

870 1450 971 1492 spinis
982 1451 1022 1482 de
1038 1451 1182 1494 pluribus
1196 1462 1262 1482 una
1278 1453 1338 1494 Ep.
1363 1451 1397 1488 ii,
1413 1454 1445 1488 2,
1458 1453 1535 1484 212.
1580 1453 1620 1485 de

870 1493 958 1524 mille
971 1494 1053 1525 fabae
1066 1494 1180 1525 modiis
1191 1505 1291 1536 quum
1303 1494 1434 1536 surripis
1443 1505 1542 1526 unum
1558 1496 1619 1538 Ep.

869 1534 890 1571 i,
911 1537 961 1573 16,
979 1538 1034 1569 55.
1080 1537 1230 1568 Attalicis
1252 1548 1291 1568 ex
1316 1536 1449 1568 urbibus
1471 1547 1536 1568 una
1559 1539 1620 1581 Ep.

869 1577 892 1614 i,
919 1581 971 1614 11.
998 1582 1030 1611 5.
1076 1590 1162 1611 unus
1186 1586 1218 1611 et
1237 1580 1317 1611 alter
1341 1582 1408 1611 Sat.
1433 1581 1456 1616 i,
1480 1582 1511 1616 6,
1537 1582 1619 1622 1013

870 1622 938 1654 Sat.
952 1622 985 1658 ii,
1002 1624 1034 1659 6,
1049 1624 1112 1662 243
1139 1624 1200 1664 Ep.
1216 1622 1251 1658 ii,
1268 1625 1298 1658 1,
1317 1624 1377 1661 745
1402 1624 1460 1665 Ep.
1483 1623 1525 1654 ad
1546 1624 1616 1656 Pis.

871 1665 922 1696 15.
967 1665 1067 1698 donec
1095 1666 1276 1697 cerebrosus
1301 1665 1424 1708 prosilit
1445 1677 1529 1697 uuus
1552 1667 1619 1699 Sat.

869 1706 890 1745 i,
909 1710 940 1744 5,
956 1709 1010 1741 21.
1054 1719 1139 1739 unus
1157 1708 1210 1739 ubi
1228 1708 1341 1749 effugit
1360 1710 1427 1739 Sat.
1441 1708 1475 1744 ii.
1491 1710 1523 1745 3,
1541 1710 1618 1742 315.

869 1750 895 1780 si
921 1752 1016 1783 semel
1046 1762 1111 1782 uno
1137 1751 1176 1782 de
1202 1761 1278 1782 sene
1304 1751 1438 1792 gustarit
1462 1752 1619 1784 lucellum

869 1794 935 1824 Sat.
954 1793 988 1830 ii,
1015 1797 1048 1829 5,
1071 1796 1126 1825 81.
1173 1793 1225 1824 cui
1245 1794 1320 1825 satis
1339 1804 1404 1824 una
1425 1794 1514 1825 farris
1537 1795 1618 1827 libra

868 1836 946 1868 foret
962 1838 1028 1868 Sat.
1043 1837 1065 1873 i,
1085 1839 1118 1872 5,
1143 1837 1198 1868 69.
1243 1836 1295 1867 vix
1317 1847 1383 1868 una
1400 1847 1508 1879 sospes
1527 1838 1618 1870 navis

867 1880 907 1910 ab
934 1879 1062 1921 ignibus
1088 1879 1153 1911 Od.
1181 1879 1202 1916 i,
1229 1880 1283 1915 37,
1307 1881 1360 1910 13.
1404 1880 1496 1911 demo
1516 1891 1617 1912 unum

867 1922 1005 1964 (pilum)
1031 1928 1063 1954 et
1085 1923 1178 1954 demo
1199 1922 1293 1954 etiam
1315 1933 1413 1953 unum
1441 1923 1502 1964 Ep.
1524 1923 1558 1959 ii,
1586 1925 1616 1960 1,

866 1967 922 1996 46.
969 1966 1065 1996 unius
1086 1965 1164 1996 assis
1187 1965 1286 2007 pretio
1306 1965 1431 1997 licuisse
1452 1967 1518 1997 Sat.
1534 1966 1557 2002 i,
1581 1969 1614 2005 6,

869 2008 920 2039 13.
963 2009 1069 2040 minus
1094 2009 1235 2050 locuples
1259 2019 1324 2039 uno
1348 2008 1524 2050 quadrante
1549 2010 1616 2042 Sat.

866 2049 899 2086 ii,
917 2052 950 2086 3,
967 2053 1020 2083 93.
1064 2057 1152 2082 stans
1167 2052 1246 2094 pede
1261 2050 1295 2082 in
1311 2061 1376 2082 uno
1393 2051 1460 2082 Sat.
1475 2051 1498 2087 i,
1516 2053 1547 2091 4,
1566 2054 1616 2085 10.

866 2093 925 2125 hoc
957 2093 1016 2126 iter
1046 2094 1142 2125 altius
1165 2105 1203 2125 ac
1231 2104 1287 2125 nos
1309 2093 1489 2136 praecinctis
1513 2105 1614 2126 unum

867 2137 932 2168 Sat.
948 2136 970 2174 i,
987 2139 1019 2173 5,
1038 2139 1069 2169 6.
1112 2147 1246 2178 quorum
1259 2147 1324 2167 non
1337 2142 1383 2168 est
1397 2147 1499 2178 genus
1514 2148 1615 2170 unum

866 2179 934 2211 Sat.
953 2179 988 2215 ii,
1010 2181 1042 2218 3,
1066 2181 1144 2212 301.
1190 2180 1303 2212 consul
1329 2190 1392 2210 non
1420 2179 1515 2211 unius
1538 2181 1615 2212 anni

865 2222 929 2272 Od1
954 2222 995 2259 iv,
1023 2224 1058 2259 9,
1086 2223 1139 2254 39.
1183 2226 1312 2254 unicus.-
1343 2221 1508 2254 levis'una
1531 2234 1615 2256 mors

863 2270 911 2297 est
936 2265 1041 2308 culpae
1071 2265 1136 2297 Od.
1165 2265 1212 2301 iii,
1244 2267 1297 2303 27,
1327 2266 1382 2297 37.
1434 2265 1541 2296 mollis
1573 2267 1614 2298 ad

863 2318 964 2339 unum
993 2319 1073 2350 opus
1099 2309 1203 2351 Epod.
1238 2309 1286 2345 12,
1324 2310 1373 2340 15.
1417 2309 1517 2349 gradu
1541 2316 1615 2351 post

862 2361 913 2383 me
942 2351 1029 2383 sedet
1055 2361 1120 2382 uno
1151 2352 1217 2382 Sat.
1242 2351 1264 2388 i,
1288 2352 1320 2388 6,
1345 2352 1398 2382 40.
1442 2362 1542 2382 unum
1565 2358 1615 2384 est

863 2404 960 2426 ausus
984 2394 1169 2436 reprendere
1191 2404 1315 2426 versum
1339 2395 1400 2436 Ep.
1422 2394 1457 2430 ii,
1485 2396 1514 2433 1,
1537 2396 1614 2428 221.

863 2436 895 2468 in
911 2448 943 2469 re
958 2448 1023 2468 una
1039 2447 1222 2468 consumere
1242 2446 1350 2468 curam
1372 2438 1437 2469 Sat.
1456 2437 1491 2473 ii,
1509 2439 1541 2474 4,
1559 2440 1613 2470 48.

864 2480 890 2511 si
914 2480 1001 2512 fieres
1025 2490 1089 2511 uno
1111 2479 1231 2522 turpior
1252 2479 1352 2521 ungui
1376 2480 1440 2511 Od.
1463 2480 1499 2516 ii,
1523 2482 1555 2516 8,
1579 2483 1612 2512 3.

864 2523 1002 2565 populus
1012 2523 1120 2565 justus
1131 2522 1164 2553 in
1181 2533 1245 2553 uno
1262 2524 1322 2565 Ep.
1339 2522 1373 2558 ii,
1392 2525 1422 2559 1,
1439 2524 1489 2554 18.
1525 2534 1612 2555 com-

863 2572 966 2607 portat
989 2566 1022 2597 in
1044 2577 1145 2597 unum
1169 2567 1236 2596 Sat.
1256 2565 1291 2602 ii,
1311 2567 1343 2600 3,
1362 2566 1436 2597 104.
1480 2571 1612 2608 uterque

864 2609 989 2640 Poenus
1016 2608 1131 2639 serviat
1158 2608 1214 2639 uni
1243 2608 1307 2639 Od.
1324 2608 1357 2644 ii,
1378 2610 1411 2645 2,
1439 2610 1489 2641 12.
1534 2609 1611 2640 mihi

863 2651 1048 2682 commodus
1077 2650 1133 2681 uni
1165 2651 1226 2693 Ep.
1258 2650 1280 2686 i,
1312 2651 1344 2687 9,
1369 2652 1402 2682 9.
1464 2651 1613 2683 libertina

863 2703 966 2735 neque
995 2704 1059 2724 uno
1085 2699 1235 2724 contenta
1262 2693 1366 2734 Epod.
1390 2695 1442 2729 14,
1468 2696 1518 2725 15.
1564 2695 1611 2726 la-

861 2737 1010 2768 borantes
1022 2736 1054 2767 in
1069 2747 1133 2767 uno
1149 2735 1213 2767 Od.
1230 2736 1254 2771 i,
1270 2737 1323 2772 17,
1342 2737 1392 2768 19.
1421 2739 1590 2778 singularis
1601 2751 1610 2767 .-

863 2778 951 2810 faber
965 2790 1048 2810 unus
1065 2780 1126 2821 Ep.
1146 2779 1187 2810 ad
1209 2779 1276 2811 Pis.
1291 2779 1345 2810 32.
1390 2789 1474 2810 unus
1494 2780 1612 2820 egregii

863 2822 1004 2853 mortalis
1020 2821 1126 2854 silenti
1148 2824 1215 2853 Sat.
1236 2821 1270 2858 ii,
1290 2823 1322 2859 6,
1339 2823 1393 2853 57.
1439 2828 1533 2852 totum
1548 2823 1609 2852 ali-

861 2867 936 2906 quid
976 2876 1036 2896 ηοη
1076 2867 1107 2895 in
1143 2872 1244 2906 partes
1282 2866 1411 2895 divisum
1426 2877 1435 2894 :
1477 2863 1610 2906 simplex

861 2908 1018 2939 duntaxat
1040 2913 1074 2940 et
1094 2918 1196 2939 unum
1219 2909 1278 2948 Ep.
1302 2906 1342 2937 ad
1367 2906 1432 2938 Pis.
1453 2907 1507 2937 23.
1552 2918 1610 2939 nec

864 2961 920 2994 pes
935 2961 992 2983 nec
1008 2955 1107 2993 caput
1121 2950 1178 2982 uui
1197 2949 1345 2981 reddatur
1360 2949 1467 2996 formae
1489 2950 1551 2991 Ep.
1570 2951 1611 2981 ad

865 2994 934 3026 Pis.
953 2996 986 3026 8.
1031 2995 1065 3030 2,
1086 2994 1184 3024 solus:
1209 2993 1318 3024 domos
1339 3001 1504 3024 mercarier
1527 3003 1611 3024 unus

1552 396 1608 427 pro
1611 403 1625 411 -
