1904 3314
325 163 411 204 382

867 162 1297 206 SATIRARUM

441 258 487 299 Si
508 258 603 312 quis
624 267 735 302 emat
757 260 955 311 citharas,
978 270 1110 303 emtas
1131 269 1370 317 comportet
1389 262 1432 303 in
1454 277 1596 314 unum,

330 325 409 366 105
438 325 535 366 Nec
556 327 696 368 studio
717 327 906 378 citharae,
927 343 1005 370 nec
1027 329 1168 370 Musae
1189 329 1360 370 deditus
1381 328 1480 379 ulli;

439 391 486 432 Si
507 392 672 447 scalpra
692 400 734 435 et
755 393 909 435 formas
930 410 1014 436 non
1036 403 1179 446 sutor3
1213 396 1382 437 nautica
1401 394 1495 436 vela

438 458 631 500 Aversus
653 462 924 502 mercaturis:
959 461 1117 503 delirus
1139 469 1182 503 et
1202 477 1345 502 amens

438 527 644 582 Undique
665 529 832 571 dicatur
852 531 1016 571 merito.

1078 530 1168 576 Qui
1189 531 1405 584 discrepat
1426 531 1532 579 istis,

440 593 529 640 Qui
548 609 740 636 nummos
760 611 995 650 aurumque
1018 598 1225 646 recondit,
1248 599 1415 638 nescius
1435 599 1499 638 uti

329 661 409 702 110

439 660 710 715 Compositis,
732 669 1009 716 metuensque
1030 662 1146 704 velut
1166 664 1412 718 contingere
1434 664 1627 705 sacrum?

440 727 485 767 Si
506 729 600 781 quis
622 729 675 769 ad
696 729 909 783 ingentem
931 729 1129 770 frumenti
1151 744 1317 784 semper
1337 745 1532 771 acervum

439 793 669 835 Porrectus
691 795 835 849 vigilet
855 809 950 835 cum
967 795 1095 850 longo
1115 795 1253 846 fuste3
1285 811 1424 850 neque
1445 795 1558 837 illinc

437 858 613 902 Audeat
635 862 827 902 esuriens
849 862 1043 903 dominus
1066 863 1312 917 contingere
1334 877 1525 917 granum,

441 926 506 967 Ac
527 928 670 981 potius
693 927 803 968 foliis
825 942 978 981 parcus
999 936 1195 969 vescatur
1216 929 1389 969 amaris:

439 993 499 1041 Si,
519 994 667 1047 positis
689 994 802 1034 intus
825 993 922 1034 Chii
942 995 1183 1048 veterisque
1205 994 1375 1035 Falerni

439 1059 561 1100 Mille
582 1060 712 1109 cadis,
735 1059 839 1100 nihil
860 1067 939 1109 est,
963 1067 1027 1102 ter
1049 1069 1218 1102 centum
1238 1060 1448 1102 millibus!
1481 1075 1578 1102 acre

439 1125 779 1167 Potet-acetum:
812 1141 904 1180 age,
925 1127 962 1168 si
981 1134 1024 1168 et
1046 1128 1287 1168 stramentis
1310 1127 1484 1168 incubet
1506 1127 1640 1169 unde-

439 1191 673 1246 Octoginta
693 1208 825 1234 annos
847 1199 984 1243 natus,
1007 1194 1075 1234 cui
1097 1194 1286 1248 stragula
1306 1195 1451 1243 vestis,

438 1257 678 1299 Blattarum
701 1274 748 1300 ac
771 1260 977 1300 tinearum
998 1259 1149 1314 epulae,
1173 1267 1391 1314 putrescat
1413 1261 1454 1301 in
1475 1275 1596 1302 arca:

329 1325 408 1365 120

437 1323 649 1365 Nimirum
670 1325 842 1366 insanus
863 1326 1011 1379 paucis
1033 1325 1242 1374 videatur,
1265 1340 1317 1366 eo
1339 1325 1453 1379 quod

437 1390 628 1432 Maxima
649 1406 748 1446 pars
769 1391 985 1432 hominum
1006 1392 1154 1432 morbo
1169 1392 1358 1446 jactatur
1378 1390 1542 1432 eodem.

437 1457 586 1505 Filius,
609 1465 682 1498 aut
704 1459 828 1498 etiam
850 1458 943 1499 haec
963 1457 1142 1499 libertus
1166 1466 1212 1498 ut
1233 1458 1378 1498 ebibat
1398 1457 1552 1506 haeres,

438 1525 520 1565 Dis
542 1525 707 1565 inimice
729 1540 875 1574 senex,
899 1525 1124 1565 custodis?
1153 1539 1206 1565 ne
1229 1524 1306 1564 tibi
1329 1524 1469 1565 desit?

440 1591 706 1638 Quantulum
728 1592 838 1632 enim
860 1606 1033 1631 summae
1054 1591 1239 1631 curtabit
1260 1591 1442 1644 quisque
1464 1590 1642 1639 dierum,

331 1659 409 1699 125
440 1658 615 1713 Ungere
637 1659 671 1699 si
692 1657 833 1699 caules
856 1658 948 1699 oleo
970 1657 1155 1707 meliore,
1180 1664 1393 1711 caputque

443 1725 638 1780 Coeperis
659 1726 829 1779 impexa
848 1724 1011 1766 foedum
1032 1725 1249 1779 porrigine
1265 1726 1280 1765 2

1341 1724 1502 1772 Quare,

442 1792 489 1833 Si
510 1793 677 1846 quidvis
700 1792 800 1832 satis
821 1798 900 1840 est,
921 1792 1130 1846 perjuras,
1154 1791 1347 1845 surripis,
1370 1789 1512 1831 aufers

329 1900 428 1942 plum.
479 1900 595 1931 Staberi
626 1899 740 1930 nimius
769 1899 946 1930 divitiarum
976 1910 1061 1930 amor

330 1952 393 1972 non
419 1942 504 1983 carpi
530 1942 622 1973 debet
645 1944 791 1982 Aristippi
814 1943 943 1972 nimium
966 1952 1059 1984 pecu-

330 1983 414 2015 niam
429 1983 656 2015 contemnentis
670 1985 823 2026 exemplo.

377 2027 445 2056 105.
475 2027 535 2057 Nec
560 2027 654 2056 Masae
678 2028 796 2057 deditus
822 2028 893 2061 ulli,
919 2036 977 2057 nec
1003 2026 1060 2057 ulli

330 2067 387 2098 arti
411 2068 539 2098 musicae
561 2068 609 2098 vel
633 2068 765 2098 canendi
789 2068 892 2108 generi
917 2068 1057 2099 deditus:

330 2110 507 2151 designatur
531 2110 623 2140 homo
648 2111 687 2140 ab
715 2110 788 2140 artis
812 2110 939 2141 musica:
958 2110 1060 2141 studio

329 2151 421 2193 plane
437 2151 568 2188 alienus,
586 2153 745 2194 ἄμουσος.

374 2194 445 2225 106.
473 2194 595 2234 Scalpra
623 2196 709 2234 (nos,
738 2193 843 2234 Kneg'f',
867 2192 1062 2232 Schuhahle).

330 2237 465 2272 Formas,
489 2236 646 2273 formulaS,
667 2235 853 2268 καλοπόδια
873 2236 957 2277 (nOS,
977 2236 1059 2266 Leis-

330 2282 408 2314 ten).

375 2321 445 2351 108.
473 2320 623 2360 Undique,
641 2320 679 2350 ab
696 2319 780 2350 omni
804 2319 973 2353 hominum.
990 2318 1059 2360 qui-

329 2362 462 2393 buscum
478 2362 564 2397 vivit,
582 2368 678 2404 parte,
690 2363 729 2392 ab
746 2361 901 2392 omuibus.

375 2406 447 2436 110.
493 2405 675 2444 Compositis,
717 2403 914 2446 comparatis,
953 2401 1059 2444 partis,

329 2446 488 2478 collectis:
512 2446 602 2487 Virg.
629 2448 704 2477 AEn.
727 2445 791 2484 viii,
813 2447 887 2483 317,
909 2445 970 2475 Nec
980 2447 1058 2484 jun-

325 2499 397 2529 gere
426 2496 537 2523 tauros,
570 2490 632 2519 Aut
657 2499 825 2528 componere
847 2498 911 2527 opes
937 2493 1057 2523 norant,

329 2538 383 2562 αιιι
398 2541 520 2571 parcere
532 2536 639 2570 part05
664 2530 783 2561 Tibull.
805 2530 826 2565 i,
848 2531 877 2565 l,
901 2531 953 2564 77,
972 2529 1059 2560 Ferte

327 2579 356 2604 et
371 2585 436 2614 opes
445 2585 456 2610 ,-
479 2583 532 2614 ego
547 2575 701 2612 composito
723 2583 843 2603 securus
859 2583 972 2606 acervo,
998 2572 1058 2601 De-

327 2617 447 2655 spiciam
467 2617 553 2650 dites,
572 2617 786 2655 despiciamque
795 2615 925 2655 samem.
974 2613 1060 2644 Velut

328 2660 500 2699 contingere
514 2668 649 2687 sacrum.-
674 2658 716 2688 cf.
734 2667 802 2697 sup.
819 2657 883 2687 Sat.
899 2655 920 2691 i,
942 2657 968 2690 1,
987 2657 1038 2686 71.

376 2701 446 2731 116.
470 2699 558 2730 Nihil
581 2707 634 2736 est,
659 2705 694 2729 ut
709 2710 737 2729 v.
762 2699 811 2733 17,
834 2710 889 2728 non
914 2705 953 2728 cst
978 2701 1060 2734 satis,

329 2742 360 2773 in
386 2741 630 2773 correctionibus
652 2751 717 2782 pro,
746 2741 862 2778 imm03
892 2740 968 2781 quid
990 2740 1060 2771 dico

328 2785 422 2820 mille,
440 2784 534 2814 immo
549 2790 594 2814 ter
608 2790 725 2813 centum
742 2783 881 2812 millibus.

374 2828 447 2858 117.
472 2827 545 2867 Age,
557 2825 629 2856 audi
647 2835 743 2866 porro.
793 2824 1059 2864 Unde-octoginta,

328 2879 382 2912 per
396 2868 505 2900 tmesin
522 2873 610 2910 poeta
625 2866 778 2898 distinxit.

375 2912 447 2943 12³0.
472 2910 638 2946 Nimirum,
663 2919 717 2951 per
741 2908 882 2944 ironiam,
907 2906 961 2938 ubi
985 2917 1059 2938 con-

1103 1897 1228 1928 trarium
1259 1895 1496 1937 intelligendum
1523 1900 1588 1926 est:
1626 1894 1668 1926 cf.
1693 1906 1764 1938 sup.
1794 1894 1834 1926 ad

1104 1941 1172 1970 Sat.
1190 1940 1222 1974 ii,
1238 1941 1270 1974 ἰ),
1291 1940 1361 1969 106.

1149 1983 1220 2012 121.
1243 1981 1397 2018 Jactatur,
1419 1979 1457 2011 de
1479 1979 1509 2010 vi
1527 1978 1636 2014 morbi.
1655 1978 1710 2020 qui
1735 1989 1832 2019 aegru-

1104 2029 1169 2055 tum
1187 2023 1382 2064 circumagit,
1401 2033 1456 2053 nec
1471 2032 1542 2052 eum
1558 2021 1718 2063 quiescere
1737 2021 1831 2051 sinit:

1103 2072 1300 2108 comparatur
1323 2066 1439 2096 morbus
1466 2075 1538 2095 cum
1562 2068 1765 2105 tempestate;
1788 2063 1833 2094 sic

1103 2109 1186 2150 apud
1203 2109 1332 2139 Graecos
1347 2106 1457 2143 νόσοις
1471 2105 1696 2148 χειμάζεσθαι.

1148 2151 1221 2180 122.
1246 2150 1387 2180 Libertus
1401 2155 1434 2179 nt
1449 2150 1543 2179 ebibat
1557 2149 1664 2178 hoeres:
1687 2157 1758 2188 sup.
1772 2145 1835 2178 od.

1104 2190 1136 2227 ii,
1157 2193 1206 2227 14,
1223 2193 1276 2228 25,
1296 2193 1435 2222 Absumet
1454 2192 1541 2222 haeres
1566 2190 1689 2220 caecuba
1712 2191 1834 2230 dignior

1104 2233 1227 2263 Servata
1243 2240 1360 2263 centum
1376 2234 1517 2263 clavibus.

1149 2276 1327 2305 123—126.
1357 2275 1413 2304 Dis
1442 2275 1572 2308 inimice,
1594 2272 1684 2320 quasi
1709 2271 1770 2314 ipsi
1791 2271 1836 2302 dii

1102 2315 1274 2348 irascantur
1297 2326 1400 2351 avaro,
1428 2314 1640 2347 exsecrabihs.
1687 2315 1836 2350 Custodis,

1103 2358 1311 2400 significanter
1332 2369 1398 2400 pro,
1422 2367 1546 2395 servas3
1571 2366 1642 2386 nam
1658 2357 1743 2387 avari
1764 2362 1834 2387 tan-

1102 2411 1196 2442 quam
1225 2400 1368 2431 custodes
1400 2409 1522 2430 summa
1551 2397 1715 2440 vigilantia
1742 2397 1834 2429 bonis

1101 2443 1165 2474 suis
1180 2443 1317 2474 assident
1332 2442 1380 2473 vel
1396 2442 1565 2472 incubant:
1589 2439 1631 2471 cf.
1645 2451 1674 2471 v.
1689 2441 1743 2472 51.
1788 2440 1835 2471 Na

1103 2487 1156 2516 tibi
1177 2487 1274 2516 desit?
1296 2494 1374 2515 eone
1392 2483 1535 2519 consilio,
1554 2492 1594 2513 ne
1611 2481 1688 2524 quid
1706 2482 1738 2513 iu
1762 2492 1835 2524 pos-

1102 2533 1201 2558 terum
1225 2527 1264 2558 ad
1287 2527 1380 2557 vitam
1402 2524 1636 2557 sustentandam
1657 2523 1713 2555 tibi
1731 2523 1836 2555 desit!

1102 2570 1184 2600 bono
1207 2570 1249 2600 sis
1275 2569 1400 2600 animo!
1427 2567 1504 2599 nihil
1524 2566 1581 2597 tibi
1601 2565 1718 2604 deerit;
1738 2575 1833 2608 quam

1103 2611 1278 2653 pauxillum
1301 2613 1379 2642 enim
1402 2609 1578 2640 divitiarum
1602 2618 1731 2639 summoe
1757 2616 1835 2650 quo-

1104 2654 1178 2685 tidie
1215 2652 1437 2687 decurtabitun
1478 2650 1504 2681 si
1546 2649 1678 2693 coeperis
1719 2660 1836 2690 ungere

1104 2696 1211 2727 caules
1231 2695 1356 2726 meliore
1376 2694 1444 2725 oleo
1456 2705 1466 2732 ;
1489 2702 1563 2732 ergo
1581 2702 1643 2723 non
1663 2691 1790 2723 rancido
1804 2697 1837 2723 et

1104 2739 1186 2769 male
1210 2738 1325 2771 olente,
1349 2736 1442 2778 quale
1465 2735 1496 2765 in
1521 2733 1621 2765 Satira
1642 2733 1836 2775 precedente

1105 2791 1134 2812 v.
1150 2781 1190 2812 59
1216 2778 1388 2810 Avidienus
1409 2776 1550 2808 caulibus
1569 2775 1738 2806 instillasse
1755 2775 1834 2807 dici-

1104 2827 1154 2854 tur
1169 2833 1176 2860 ;
1199 2824 1324 2861 impexa,
1338 2830 1383 2851 sc.
1397 2819 1545 2854 crinibus,
1560 2817 1615 2860 qui
1630 2823 1754 2860 propter
1765 2827 1835 2861 por-

1104 2864 1232 2906 riginem
1250 2863 1330 2905 pecti
1348 2867 1517 2903 nequeunt.
1592 2900 1598 2907 .
1760 2898 1767 2906 ⁸

1152 2907 1222 2937 127.
1245 2907 1277 2936 δι’
1292 2905 1408 2946 quidvis
1422 2905 1493 2935 satis
1509 2907 1561 2939 est,
1575 2911 1600 2932 ει
1620 2910 1668 2933 res
1683 2905 1785 2933 tenuis
1804 2904 1835 2930 et
