1884 3288
646 197 872 242 LIBER
904 197 987 247 ΙΙΙ,
1019 198 1089 239 29.

390 307 502 348 Cum
522 303 644 353 flore,
667 301 906 350 Maecenas,
928 313 1142 348 rosarum,
1164 306 1208 340 et

447 372 608 414 Pressa
629 369 716 411 tuis
736 367 921 411 balanus
944 366 1111 422 capillis

271 443 300 485 5
329 441 429 484 Jam
449 439 615 482 <ludum
636 436 756 492 apud
776 450 844 477 me
866 442 948 477 est.

329 510 403 553 Ne
425 522 595 563 semper
616 506 751 548 udum
771 505 916 547 Tibur
937 511 982 546 et
1003 503 1176 546 AEsulae

386 575 570 618 Declive
591 572 898 629 contempleris
921 587 1084 623 arvum,
1107 580 1153 614 et

442 643 659 698 Telegoni
675 643 786 698 juga
806 642 1053 696 parricidae.

326 711 617 755 Fastidiosam
638 712 793 753 desere
813 710 996 765 copiam,
1018 717 1063 751 et

245 782 300 824 10
328 781 493 824 Molem
514 780 803 836 propinquam
823 778 1016 820 nubibus
1037 778 1186 820 arduis
1205 795 1214 821 :

385 849 552 891 Omitte
572 848 718 890 mirari
739 848 882 889 beatae

1012 434 1150 490 Eripe
1172 440 1215 476 te
1236 448 1368 476 morae
1386 450 1395 475 :

1560 197 1633 238 191

446 916 633 959 Fumum
653 923 697 958 et
718 930 824 971 opes
848 916 1167 971 strepitumque
1190 915 1359 959 Romae.

328 984 592 1040 Plerumque
613 991 751 1040 gratae
773 984 980 1025 divitibus
1002 984 1132 1034 vices,

331 1053 604 1109 Mundaeque
625 1068 762 1108 parvo
783 1053 865 1094 sub
886 1051 976 1094 lare
996 1067 1241 1107 pauperum

246 1121 300 1163 15
389 1120 556 1169 Coenae,
580 1120 671 1161 sine
688 1119 836 1161 aulaeis
859 1126 903 1160 et
925 1126 1061 1170 ostro,
1091 1163 1093 1167 ,

446 1188 684 1230 Sollicitam
706 1186 959 1243 explicuere
980 1187 1180 1230 frontem.

329 1257 430 1299 Jam
451 1257 592 1299 clarus
615 1255 832 1299 occultum
854 1254 1152 1298 Andromedae
1174 1263 1299 1312 pater

97 1369 164 1407 cui,
177 1369 277 1402 libero
291 1369 333 1400 ab
347 1368 434 1401 omni
454 1369 642 1412 cupiditate,
659 1379 692 1400 se
709 1368 759 1405 iis,
776 1379 847 1410 quae

121 1413 236 1456 uisque
265 1411 335 1444 dies
364 1412 451 1448 tulit,
478 1412 609 1443 fruitam
635 1422 716 1447 esse,
743 1412 849 1442 dicere

97 1455 204 1493 liceat,
218 1465 291 1488 vere
302 1454 427 1487 felicem
437 1465 519 1491 esse,
537 1466 595 1487 nec
611 1455 717 1498 ipsum
734 1455 754 1487 J
758 1465 847 1486 ovem

98 1499 196 1532 semel
208 1503 359 1542 percepta
367 1498 398 1530 ei
408 1498 527 1541 eripere
540 1509 632 1541 posse
644 1510 652 1536 ;
675 1499 849 1529 Fortunam

97 1540 228 1584 quidem
260 1541 446 1573 mutabilem
477 1551 547 1573 esse
577 1547 610 1573 et
638 1541 732 1572 modo
762 1541 850 1576 huic,

98 1584 194 1617 modo
215 1584 274 1616 alii
295 1595 330 1616 se
355 1583 530 1626 benignam
553 1585 705 1626 praebere,
733 1584 800 1620 sed,
825 1583 851 1614 si

99 1627 180 1660 sorte
201 1627 259 1659 illa
279 1626 341 1658 sibi
363 1633 516 1670 appareat
535 1627 687 1668 iniquior,
704 1627 851 1658 virtutem

98 1676 203 1704 tutum
216 1670 278 1702 sibi
292 1675 404 1702 contra
414 1680 485 1702 eam
497 1675 647 1711 praestare
659 1670 853 1712 praesidium,

99 1724 160 1747 nec
183 1713 340 1758 pertinere
367 1712 409 1744 ad
431 1723 465 1744 se
490 1712 583 1743 illum
607 1713 763 1748 timorem,
787 1723 850 1754 quo

100 1756 259 1799 naufragii
270 1763 410 1799 tempore
418 1755 458 1787 de
469 1757 624 1787 bonorum
638 1767 764 1787 suorum
777 1755 850 1797 jac-

100 1805 173 1832 tura
194 1805 349 1832 mereator
372 1799 588 1842 expallescere
612 1799 723 1830 soleat.
768 1800 851 1830 Cum

99 1848 323 1885 argumentum
344 1842 442 1885 hujus
461 1842 623 1878 carminis,
639 1841 723 1883 quod
744 1841 777 1872 in
794 1841 850 1871 ho-

101 1885 274 1918 nestissimi
283 1885 356 1916 vitae
365 1885 487 1916 fructus
499 1884 775 1917 commendatione
786 1894 851 1916 ver—

101 1934 200 1967 satur,
218 1928 287 1971 jam
306 1938 362 1971 per
382 1938 416 1959 se
440 1928 486 1959 ita
505 1934 722 1970 comparatum
743 1927 796 1962 sit,
821 1932 855 1957 ut

101 1972 197 2004 facile
220 1971 381 2014 cujusque
404 1970 530 2003 lecmris
553 1970 695 2002 animum
718 1970 857 2002 delectet

100 2021 134 2048 et
149 2015 289 2048 suaviter
307 2014 469 2053 deleniat;
493 2013 571 2056 quid
595 2013 720 2051 mirum,
737 2013 764 2044 si
785 2020 855 2044 tan-

103 2064 172 2090 tum
192 2057 273 2090 illud
289 2057 330 2089 ab
349 2058 502 2098 omnibus
513 2057 661 2099 plausum
682 2055 802 2092 tulerit,
818 2062 854 2086 ut

100 2101 136 2133 in
151 2099 421 2144 praestantissimis
436 2110 509 2132 cum
527 2099 651 2131 Horatii
668 2104 734 2130 tum
751 2099 854 2130 omnis

102 2143 304 2187 antiquitatis
324 2142 494 2175 haberetur
516 2142 731 2175 carminibus!
759 2143 853 2174 Cete-

102 2197 172 2220 rum
199 2186 346 2224 observa.
375 2197 472 2228 quam
497 2185 577 2218 scite
607 2185 759 2216 Horatius
789 2190 854 2216 tam

103 2229 220 2263 Stoica!
242 2239 338 2273 quam
360 2229 528 2271 Epicureae
550 2228 761 2271 philosophiae
782 2228 855 2259 vitae

102 2278 264 2322 praecepta
275 2272 359 2304 inter
373 2282 407 2303 se
428 2271 640 2314 conjunxerit,
656 2278 688 2303 et
708 2271 754 2302 sic
775 2281 854 2302 neu-

102 2315 143 2349 tri
158 2322 325 2358 utriusque
337 2315 516 2358 disciplinae
533 2326 566 2346 se
582 2316 678 2346 unice
693 2313 856 2345 addictum

102 2369 174 2393 esne
185 2358 219 2391 'm
234 2359 296 2391 hoc
311 2369 440 2401 quoque
456 2358 596 2390 carmine
609 2357 793 2390 ostenderit.

148 2403 244 2434 1—8.
276 2401 438 2444 Tyrrhena
464 2413 571 2444 regum
602 2403 778 2444 progenies:
810 2399 852 2431 cf.

102 2455 176 2489 sup.
191 2444 233 2477 aad
254 2443 280 2481 i,
292 2445 316 2476 l.
338 2445 368 2476 1.
417 2444 498 2481 Tibi,
517 2444 551 2475 in
572 2450 662 2475 tuum
688 2444 852 2479 honorem,

102 2488 139 2520 h.
152 2498 182 2521 e.
197 2489 238 2520 ad
254 2494 286 2520 te
300 2486 560 2520 honorificentius
571 2487 604 2518 in
619 2487 696 2518 villa
711 2497 782 2518 mea
797 2496 852 2517 ex-

102 2531 298 2574 eipiendum.
342 2531 436 2566 Leno,
454 2536 490 2562 ut
509 2541 582 2572 sup.
606 2530 629 2565 i,
646 2531 679 2566 7,
698 2531 737 2561 19
755 2530 855 2565 molle,

104 2575 203 2617 quale
213 2578 264 2607 est
275 2573 384 2605 vinum
399 2573 567 2605 vetustius.
608 2573 680 2604 Non
692 2580 764 2604 ante
775 2583 856 2603 verso

103 2619 190 2655 udo,
207 2616 295 2660 quod
309 2616 439 2649 condidi
456 2616 488 2647 in
511 2616 603 2654 cado,
619 2616 676 2657 qui
693 2625 856 2657 nunquam

104 2665 200 2693 antea
214 2660 255 2692 ad
276 2659 387 2691 vinum
403 2658 479 2691 inde
498 2658 728 2690 effundendum
743 2669 858 2697 versus,

104 2702 139 2736 h.
153 2713 185 2736 e.
199 2702 387 2741 inclinatus,
403 2708 436 2734 et
454 2701 581 2740 deinde,
596 2707 632 2733 ut
645 2702 712 2733 fieri
727 2702 858 2738 solebat,

102 2747 244 2783 dumam
263 2745 324 2777 fuit
338 2745 403 2786 (cf.
423 2745 481 2776 inf.
497 2746 565 2781 Sat,
582 2745 617 2780 ii,
634 2746 666 2781 8,
683 2743 767 2785 39);
792 2745 859 2775 vult

104 2788 204 2831 igitur
216 2789 395 2831 significare
409 2787 526 2820 eadum
541 2788 645 2824 illum,
659 2798 756 2829 quem
773 2798 858 2819 nunc

105 2831 244 2876 primum
265 2832 307 2863 ad
326 2831 436 2863 vinum
458 2830 534 2862 inde
557 2830 767 2862 hauriendum
792 2842 859 2862 ver-

106 2880 182 2912 m
204 2874 239 2907 h.
256 2885 286 2907 e.
307 2874 475 2911 inclinare,
491 2873 580 2910 velit,
602 2873 643 2904 ad
664 2874 859 2915 singularem

107 2926 201 2951 mm
213 2918 385 2961 repositum
398 2915 507 2949 fuisse.
533 2917 674 2948 Bolanus
686 2929 698 2954 ,-
718 2927 735 2948 e
747 2916 864 2957 glande

106 2959 198 2993 §nim
213 2962 325 2997 balano
346 2960 432 3004 (sive
449 2961 660 3002 myrobalano,
683 2960 743 2991 Gr.
759 2972 862 3002 μυρο-

107 3001 278 3045 βάλανος,
295 3013 366 3042 nos,
390 3002 585 3046 Behennuss)
610 3003 643 3035 in
666 3003 789 3035 Arabia
813 3002 862 3034 in-

893 1368 1003 1410 primis
1020 1368 1060 1399 ad
1076 1369 1229 1401 avellanae
1251 1369 1343 1401 nucis
1364 1369 1427 1402 fere
1448 1371 1644 1412 magnitudi-

893 1422 965 1442 nem
992 1417 1079 1447 nata,
1107 1412 1289 1443 suavissimi
1316 1413 1420 1444 odoris
1445 1420 1647 1456 unguentum

892 1454 1140 1496 exprimebatur.
1196 1456 1303 1491 Morae,
1344 1456 1494 1488 omnibus
1532 1457 1572 1488 iis
1611 1459 1645 1490 in

894 1498 972 1529 urbe
996 1504 1026 1530 te
1049 1498 1255 1537 morantibus,
1280 1499 1417 1539 festina5
1440 1500 1647 1542 cogitandum

895 1546 1001 1572 autem
1027 1552 1089 1572 non
1112 1547 1236 1573 tantum
1259 1542 1298 1573 de
1321 1542 1361 1573 iis
1382 1542 1499 1584 quibus
1527 1545 1650 1576 Maece-

897 1594 955 1614 nas
982 1584 1014 1615 in
1041 1586 1119 1616 urbe
1145 1585 1375 1621 delectabatur,
1400 1587 1456 1617 sed
1485 1586 1580 1617 etiarn
1608 1588 1648 1619 de

897 1627 983 1657 curis
999 1627 1160 1663 civilibus,
1175 1629 1294 1668 quibus
1306 1628 1360 1659 ille
1374 1639 1459 1660 nunc
1469 1639 1542 1660 cum
1556 1639 1647 1661 max-

898 1669 973 1704 ime,
999 1675 1034 1700 ut
1054 1670 1111 1701 ins.
1130 1682 1160 1701 v.
1181 1672 1224 1701 26
1247 1670 1375 1709 dicitur,
1402 1671 1479 1702 Urbi
1498 1673 1648 1704 sollicitus

897 1714 1031 1743 timebat.
1077 1713 1126 1743 Ne
1146 1725 1259 1754 semper
1275 1716 1371 1744 udum
1394 1713 1503 1750 Tibur,
1519 1720 1594 1746 cett.
1609 1725 1650 1747 ne

895 1754 928 1785 in
943 1756 1068 1786 easdem
1083 1766 1206 1798 semper
1219 1753 1317 1787 terras
1328 1756 1513 1798 adjacentes
1523 1768 1541 1789 e
1556 1757 1651 1789 domo

897 1803 951 1828 tua
966 1798 1152 1839 prospicias.
1198 1798 1272 1829 Fuit
1283 1809 1394 1841 nempe
1409 1799 1536 1835 domus,
1552 1810 1651 1842 quam

896 1841 1062 1871 Maecenas
1077 1841 1188 1872 habuit
1203 1842 1235 1872 in
1255 1842 1419 1883 Esquiliis,
1437 1847 1501 1872 tam
1517 1843 1582 1875 alte
1595 1853 1651 1874 ex-

897 1889 1018 1915 structa
1040 1885 1144 1926 (unde
1161 1884 1227 1919 illa.
1251 1895 1279 1915 v.
1305 1886 1354 1920 10,
1374 1886 1463 1916 moles
1480 1888 1651 1927 propinqua

897 1928 1029 1957 nubibus
1045 1929 1152 1958 arduis
1167 1929 1329 1965 vocatur),
1347 1933 1381 1958 ut
1394 1927 1424 1959 ei
1441 1928 1516 1959 inde
1531 1929 1652 1977 prospi-

899 1969 997 2000 cienti
1030 1980 1094 2000 non
1125 1971 1229 2000 solum
1260 1976 1327 2001 tota
1351 1971 1438 2007 urbs,
1463 1971 1519 2002 sed
1545 1972 1654 2003 vicina

899 2023 1026 2054 quoque
1050 2013 1179 2055 oppida,
1207 2013 1314 2050 Tibur,
1339 2014 1460 2050 AEsula,
1476 2020 1509 2045 et
1534 2014 1652 2046 Tuscu-

898 2057 973 2093 lum,
997 2055 1258 2094 obversarentur3
1277 2056 1385 2098 juncti
1408 2057 1437 2088 ei
1460 2056 1546 2088 suere
1570 2057 1652 2090 horti

898 2098 1160 2140 splendidissimi,
1175 2100 1331 2130 hortorum
1348 2099 1580 2140 Esquilinorum
1596 2111 1653 2132 no·

898 2141 984 2172 mine
1015 2142 1178 2173 celebrati.
1228 2142 1342 2178 Udum,
1359 2143 1399 2174 ob
1414 2142 1566 2179 rivorum,
1582 2144 1654 2186 qui-

899 2185 960 2215 bus
973 2184 1133 2226 rigabatur
1145 2185 1316 2217 Tiburtina
1328 2186 1426 2226 regio,
1440 2186 1565 2228 copiam
1578 2198 1585 2217 ε
1609 2187 1654 2219 cf.

899 2238 970 2270 sup.
989 2228 1010 2263 i.
1028 2229 1059 2264 7,
1079 2230 1130 2259 14.
1176 2229 1290 2260 AEsulae
1313 2230 1438 2260 Dec-live
1451 2241 1573 2265 arvum,
1591 2231 1653 2261 AE-

901 2271 1018 2308 sulam,
1034 2271 1067 2302 in
1083 2271 1166 2303 colle
1180 2271 1324 2303 deorsum
1339 2283 1372 2303 se
1387 2278 1535 2314 vergente
1548 2273 1655 2305 sitam.

903 2314 1044 2357 Telegoni
1051 2317 1137 2356 juga
1158 2317 1339 2355 parricidae,
1359 2315 1550 2353 Tusculum,
1567 2326 1654 2348 nunc

903 2357 932 2387 F
932 2359 1056 2393 rascati,
1073 2358 1124 2400 cuj
1130 2368 1168 2388 us
1179 2357 1374 2390 conditorem
1384 2358 1508 2390 faciunt
1520 2359 1655 2402 Telego-

898 2410 987 2438 num,
1012 2401 1137 2442 Ulyssis
1158 2411 1198 2432 ex
1221 2401 1316 2433 Circe
1339 2401 1452 2438 filium,
1475 2401 1546 2444 qui,
1568 2404 1657 2444 quod

897 2449 1031 2486 patrem,
1055 2443 1150 2486 cujus
1179 2444 1280 2486 ipsius
1309 2444 1472 2486 quaerendi
1499 2455 1597 2477 causa
1619 2446 1654 2477 in

899 2486 1047 2518 Ithacam
1063 2493 1203 2525 venerat,
1219 2497 1252 2518 se
1263 2486 1375 2522 inscio,
1392 2487 1547 2529 trygonis,
1558 2488 1655 2530 piscis

900 2530 1025 2568 marini,
1056 2530 1155 2567 radio,
1181 2529 1306 2571 sagittae
1333 2531 1474 2573 praefixo,
1500 2531 1655 2564 occidisse

899 2572 1031 2611 dicitur,
1045 2575 1208 2612 parricida
1223 2573 1332 2605 audit:
1356 2573 1422 2604 vid.
1442 2574 1656 2615 Boettigerus.

943 2617 1065 2647 9—16.
1090 2616 1306 2652 Fastidiosam,
1326 2616 1452 2658 egregie
1470 2617 1510 2648 ad
1530 2616 1657 2658 ingeni-

902 2669 956 2689 um
979 2658 1155 2695 hominum,
1174 2669 1256 2700 quos
1277 2670 1394 2695 rerum,
1416 2660 1535 2701 quibus
1553 2661 1656 2692 abun-

902 2701 994 2740 dant,
1012 2712 1098 2744 saepe
1114 2712 1227 2744 capere
1242 2702 1324 2734 solet
1338 2702 1504 2734 fastidium
1519 2710 1551 2734 et
1561 2704 1656 2736 satie-

902 2749 965 2776 tas.
1011 2745 1126 2777 Molem
1147 2747 1347 2787 propinquam
1370 2747 1503 2776 nubibus
1525 2748 1657 2778 arduis:

903 2787 964 2819 inf.
982 2788 1135 2819 Horatius
1151 2789 1344 2820 Maecenatis
1358 2789 1487 2820 domum
1505 2788 1658 2831 simplici-

904 2836 952 2862 ter
973 2833 1069 2862 altam
1091 2836 1196 2868 vocat,
1220 2838 1253 2862 et
1275 2833 1407 2863 Sueton.
1431 2833 1510 2863 Ner.
1535 2833 1603 2863 Vit.
1627 2843 1659 2864 c.

906 2875 960 2910 38,
989 2874 1244 2906 Mffcenatianam
1272 2883 1411 2911 turrem,·
1443 2875 1509 2906 alta
1537 2875 1660 2906 scilicet

908 2917 1039 2958 palatia,
1063 2917 1173 2960 qualia
1193 2927 1282 2958 reges
1309 2917 1360 2948 vel
1384 2917 1541 2948 beatiores
1567 2918 1657 2948 inco-

908 2960 991 2996 lunt,
1017 2967 1118 2991 turres
1138 2960 1293 3002 appellari
1316 2961 1442 2991 solent:
1467 2960 1510 2991 cf.
1533 2960 1660 2991 Ernest.

908 3003 949 3034 ad
967 3003 1073 3035 locum
1091 3004 1223 3035 Sueten.
1238 3009 1271 3035 et
1286 3013 1359 3045 sup.
1373 3003 1394 3040 ἰ,
1408 3005 1439 3035 4.
1460 3004 1507 3034 14.
1546 3002 1663 3041 Beatae,
