1884 3288
327 204 384 246 64

887 203 1282 249 CARMINUM

557 307 584 347 5
615 305 774 348 Lesbio
795 307 975 361 primum
994 308 1208 350 modulate
1230 309 1332 358 civi;

613 372 702 420 Qui
723 372 844 415 ferox
864 373 992 424 bello,
1013 381 1153 416 tamen
1173 376 1283 416 inter
1302 391 1431 426 arma,

615 438 713 480 Sive
728 440 931 494 jactatam
952 440 1151 496 religarat
1171 442 1258 482 udo

1065 507 1212 548 Litore
1232 509 1382 557 navim,

615 572 818 614 Liberum
840 580 882 615 et
904 574 1071 623 Musas,
1093 574 1408 628 Veneremque,
1430 582 1472 615 et
1492 574 1551 615 illi

532 639 582 679 10
612 638 791 694 Semper
810 640 1043 682 haerentem
1064 640 1249 681 Puerum
1271 641 1465 690 canebat,

615 706 673 746 Et
697 706 876 760 Lycum,
898 707 1029 762 nigris
1050 706 1182 747 oculis
1203 708 1410 761 nigroque

1067 773 1194 815 Crine
1216 774 1432 815 decorum.

614 839 655 880 O
677 841 808 881 decus
831 840 1002 889 Phoebi,
1024 848 1068 880 et
1089 841 1272 894 dapibus
1295 841 1482 894 supremi

615 906 753 947 Grata
774 908 947 948 testudo
967 906 1102 956 Jovis,
1125 922 1150 948 o
1173 907 1366 948 laborum

535 974 585 1013 15
615 972 755 1014 Dulce
775 973 972 1022 lenimen,
994 973 1094 1014 mihi
1117 988 1284 1028 cunque
1307 973 1420 1014 salve

1065 1039 1167 1081 Rite
1189 1041 1370 1081 vocanti.

819 1214 1089 1256 CARMEN
1124 1215 1347 1257 XXXIII.

746 1363 814 1393 AD
857 1363 1065 1394 ALBIUM
1106 1364 1413 1395 TIBULLUM.

601 1476 736 1524 ALm,
758 1492 811 1518 ne
834 1476 981 1518 doleas
1003 1476 1099 1531 plus
1122 1478 1263 1527 nimio,
1285 1493 1446 1519 memor

602 1543 778 1584 Immitis
801 1543 1017 1598 Glycerae,
1039 1558 1124 1584 neu
1145 1545 1409 1585 miserabiles

315 1651 479 1687 saeculari,
502 1651 640 1692 Augusti
666 1651 849 1683 auctoritate
875 1651 1056 1693 composito,

316 1693 467 1734 singulari
489 1694 626 1725 carmine
643 1695 702 1736 (iv.
718 1693 756 1733 6)
774 1695 924 1736 praelusit.
941 1694 982 1724 ita
998 1693 1057 1723 hoc

316 1745 443 1776 quoque
469 1736 522 1766 alii
553 1736 676 1767 cuidam
704 1737 855 1777 gravioris
882 1735 1058 1777 argumenti

315 1778 456 1814 carmini,
487 1789 516 1810 v.
547 1789 577 1809 c.
607 1779 729 1809 duobus
758 1778 820 1809 illis
849 1779 1054 1812 carminibus,

316 1820 444 1860 quibus,
463 1821 605 1861 Augusto
624 1826 783 1862 poscente,
799 1821 894 1852 Drusi
910 1827 941 1851 et
960 1821 1054 1851 Tibe-

315 1861 353 1892 rii
383 1862 528 1893 victorias
558 1863 727 1894 celebravit
757 1863 818 1904 (iv,
849 1865 879 1898 4,
910 1863 952 1899 iv,
987 1862 1053 1901 14),

317 1904 495 1945 praelusisse
510 1905 606 1936 videri
623 1910 734 1946 potest.
764 1905 825 1934 Pro
839 1907 986 1944 poscimur
1001 1905 1054 1936 de-

316 1946 364 1976 dit
393 1946 566 1984 Bentleius,
589 1950 751 1986 pa·scr'mus‚·
777 1947 832 1978 sed
857 1947 923 1978 haec
949 1947 1052 1982 lectio,

318 1987 391 2018 licet
423 1989 514 2020 docte
549 1999 566 2019 a
604 1988 742 2020 Bentleio
780 1988 952 2024 adstruam
979 1989 1055 2019 mihi

319 2040 429 2072 parum
444 2032 602 2072 probatur.
643 2032 748 2066 Vareni,
767 2031 798 2060 h.
813 2042 840 2061 e.
855 2031 957 2062 otiosi.
1003 2033 1054 2062 Vi-

318 2079 381 2108 vat,
398 2072 430 2103 h.
446 2084 475 2104 e.
499 2073 601 2108 duret,
618 2078 819 2114 permaneat:
841 2073 896 2103 inf.
914 2072 1014 2115 Epist.
1033 2074 1055 2109 i,

324 2116 374 2150 19,
398 2115 430 2150 2,
451 2115 547 2146 Nulla
569 2116 683 2154 placere
705 2117 771 2150 diu,
793 2126 845 2146 nec
867 2117 964 2146 vivere
989 2127 1056 2146 car-

320 2158 401 2186 mina
417 2163 556 2196 possunt3
581 2157 650 2188 Liv.
668 2157 773 2192 xxxix,
791 2159 842 2192 40,
858 2157 897 2188 de
913 2158 960 2187 M.
979 2158 1054 2188 Por-

320 2198 369 2230 cio
386 2199 518 2234 Catone¹
540 2199 619 2230 Vivit
637 2201 722 2229 immo
737 2202 872 2240 vigetque
888 2200 1055 2240 eloquentia

319 2243 394 2280 ejus,
423 2249 541 2272 sacrata
570 2244 689 2281 scriptis
714 2243 806 2272 omnis
831 2243 973 2282 generis;
1005 2243 1056 2272 ubi

321 2283 412 2324 plura
437 2283 578 2324 exempla
607 2284 646 2314 de
677 2284 734 2314 hoc
765 2295 823 2314 usu
850 2283 935 2314 verbi
962 2286 1057 2315 vivere

319 2326 476 2366 congessit
491 2325 654 2367 diligentia
668 2325 928 2356 Drakenborchii.
966 2326 1057 2357 Hunc

317 2368 351 2397 in
377 2379 492 2398 annum
521 2375 549 2398 et
574 2369 688 2407 plures,
713 2378 768 2410 pro
795 2367 894 2402 tenui,
924 2377 1055 2416 semper,

318 2415 478 2451 perpetuo.
522 2410 681 2446 Latinum,
706 2420 776 2440 nam
802 2409 883 2441 idem
910 2409 1056 2442 barbiton

321 2451 431 2482 Alcaeo
444 2451 518 2483 olim
532 2452 652 2483 dixerat
666 2452 804 2483 carmina
818 2453 942 2483 Graeca.
971 2453 1055 2484 Lau-

319 2494 397 2524 dant
422 2494 545 2534 Fragm.
568 2493 780 2536 SapphffAye
802 2507 867 2536 μοι,
887 2494 941 2525 δῖα
966 2494 1057 2536 χέλυ,

319 2535 496 2578 φωνάεσσα
513 2535 623 2577 γένοιο
638 2548 646 2573 ;
666 2542 697 2567 et
713 2537 854 2578 Theogn.
869 2537 943 2567 739.

362 2579 480 2609 5—12.
503 2579 672 2615 Modulate,
685 2589 746 2609 non
763 2578 884 2621 passive
899 2578 1055 2620 accipien-

319 2618 407 2656 dum,
420 2620 474 2651 sed
487 2621 696 2662 supplendum
709 2627 755 2652 est
767 2622 902 2652 carmina
915 2632 924 2657 ,·
949 2632 1056 2662 quem—

319 2661 488 2692 admodum
528 2662 611 2694 enim
648 2673 729 2694 vers.
769 2669 873 2694 antec.
912 2663 1056 2695 barbiton

318 2715 438 2735 carmen
457 2706 555 2736 dicere
574 2705 714 2739 Horatio.
728 2705 771 2736 ita
786 2704 859 2736 olim
879 2705 934 2736 ille
949 2707 1053 2736 modu-

319 2747 401 2778 latus
420 2757 477 2778 esse
493 2749 629 2778 carmina
644 2747 759 2778 dicitur
777 2749 834 2778 civi
850 2747 963 2783 Lesbio,
979 2747 1010 2778 h.
1026 2759 1054 2779 e.

319 2788 441 2820 Alcaeo.
479 2790 638 2837 Quiseroae
654 2790 739 2825 bello,
757 2795 830 2821 cett.
845 2799 972 2820 sensus:
999 2791 1066 2831 qui*

320 2830 464 2872 quamvis
485 2831 571 2862 fortis
595 2831 696 2869 miles,
717 2837 820 2862 tamen
845 2831 927 2862 inter
951 2831 1054 2873 ipsum

321 2883 473 2904 armorum
490 2873 664 2915 strepitum,
682 2873 730 2905 vel
745 2879 813 2916 post
828 2878 1005 2915 superatum
1022 2874 1054 2904 in

320 2916 397 2946 mari
417 2916 610 2958 tempestatis
629 2916 813 2958 periculum,
830 2915 899 2946 navi
921 2915 959 2946 ad
982 2916 1056 2947 litus

321 2957 485 3000 appulsus,
509 2959 557 2989 vel
586 2958 758 2994 Bacchum,
784 2957 832 2989 vel
859 2959 982 2994 Musas,
1008 2959 1055 2990 vel

1102 1652 1269 1689 Venerem,
1301 1652 1350 1683 vel
1385 1652 1544 1689 Amorem,
1575 1651 1624 1685 vel
1660 1652 1836 1695 pulchrum.

1101 1704 1193 1734 quem
1217 1694 1386 1736 deperibat,
1400 1705 1531 1737 puerum
1550 1695 1669 1737 Lycum
1692 1696 1838 1727 canebat.

1100 1737 1253 1767 Jaetatam
1274 1748 1376 1767 navem
1399 1738 1486 1768 litore
1503 1738 1634 1780 religare
1650 1743 1709 1773 est,
1727 1747 1837 1769 navem

1098 1783 1282 1820 tempestate
1305 1778 1336 1809 in
1354 1779 1429 1810 mari
1447 1779 1598 1821 jactatam
1619 1779 1659 1811 ad
1682 1778 1759 1811 litus
1780 1790 1836 1822 ap-

1099 1821 1214 1861 pellere
1237 1827 1266 1852 et
1290 1821 1332 1852 ibi
1355 1821 1506 1862 alligare;
1527 1821 1572 1852 sic
1591 1824 1682 1862 pium
1698 1823 1730 1852 in
1749 1823 1837 1852 litore

1099 1865 1230 1904 religata
1247 1874 1311 1905 pro,
1327 1863 1454 1904 alligata
1471 1863 1553 1906 apud
1569 1862 1664 1895 Ovid.
1678 1864 1757 1895 Met.
1773 1863 1836 1900 xiv,

1099 1907 1174 1940 248,
1203 1910 1234 1936 et
1264 1907 1378 1946 passim
1410 1906 1496 1937 alibi.
1541 1906 1694 1942 Liberum,
1722 1905 1838 1938 cecinit

1097 1947 1179 1977 enim
1205 1948 1335 1978 Alcaeus
1357 1947 1494 1990 ᾄσματα
1515 1949 1686 1991 παροίνια,
1703 1957 1836 1990 quorum

1098 1989 1271 2029 fragmenta
1301 1991 1445 2031 quaedam
1473 1996 1597 2021 exstant
1626 1990 1709 2032 apud
1740 1990 1838 2021 Athe-

1100 2042 1202 2062 naeum
1226 2031 1270 2069 ix,
1291 2034 1322 2066 8,
1345 2043 1376 2074 p.
1400 2033 1475 2063 430.
1520 2033 1648 2073 Lycum.
1665 2042 1770 2074 quem,
1787 2032 1837 2063 sui

1099 2073 1241 2109 delicias,
1262 2079 1297 2103 ut
1316 2074 1491 2105 Anacreon¹
1506 2074 1703 2116 Bathyllum,
1722 2074 1836 2106 carmi-

1101 2116 1193 2146 nibus
1209 2115 1382 2147 celebravit
1396 2116 1536 2147 Alcaeus.

1145 2159 1281 2189 13—16.
1306 2159 1403 2189 Decus
1421 2159 1533 2196 Phoebi,
1549 2157 1672 2199 insigne
1689 2163 1722 2190 et
1744 2168 1835 2190 oma-

1098 2206 1238 2230 mentum
1266 2201 1438 2242 Apollinis,
1482 2201 1521 2231 Et
1551 2202 1678 2240 dapibus
1706 2203 1836 2241 supremi

1101 2241 1199 2272 Grata
1231 2245 1346 2273 testudo
1375 2243 1478 2280 ,Ῑουι“ε,θ
1506 2243 1573 2284 ipse
1601 2242 1724 2284 Jupiter
1751 2242 1836 2274 enim

1099 2283 1180 2315 inter
1211 2284 1308 2326 dapes
1339 2285 1415 2326 lyrae
1448 2286 1488 2315 ab
1517 2284 1668 2327 Apolline
1703 2284 1835 2326 pulsatae

1101 2332 1195 2356 cantu
1211 2326 1339 2358 deleniri
1355 2327 1494 2358 solebat:
1518 2326 1580 2358 vid.
1601 2327 1728 2358 Homer.
1743 2326 1836 2359 Iliad.

1100 2368 1122 2403 i,
1139 2369 1223 2405 603;
1245 2369 1317 2400 hinc
1341 2369 1482 2412 φόρμιγξ
1503 2369 1617 2406 δαιτὸς
1638 2369 1764 2411 ἑταίρη.
1809 2369 1835 2400 Ο

1101 2411 1235 2441 laborum
1271 2412 1370 2442 Dulce
1403 2413 1541 2443 lenimen.
1585 2412 1613 2443 Ο
1649 2411 1728 2453 lyra,
1763 2421 1836 2452 quae

1100 2458 1211 2483 cantus
1239 2453 1284 2484 tui
1313 2453 1480 2486 dulcedine
1507 2453 1648 2484 animum
1677 2452 1836 2484 laboribus

1101 2494 1214 2525 fessum
1231 2505 1366 2527 recreare
1389 2496 1480 2528 soles.
1521 2495 1603 2528 Mihi
1622 2497 1836 2536 cunque'salv·e

1102 2537 1174 2567 Rite
1191 2540 1319 2568 vocanti.
1364 2539 1413 2568 Sis
1433 2538 1510 2569 mihi
1531 2537 1675 2580 propitia,
1691 2538 1834 2580 quando·

1100 2589 1236 2620 cunque,
1250 2586 1286 2611 ut
1301 2579 1376 2610 mihi
1396 2580 1492 2616 adsis,
1509 2586 1539 2611 te
1559 2579 1615 2612 rite
1629 2589 1787 2621 rogavero,
1804 2579 1836 2612 h.

1100 2631 1129 2652 e.
1154 2621 1320 2662 benignam
1352 2627 1384 2654 et
1411 2622 1536 2653 facilem
1562 2627 1593 2654 te
1617 2621 1694 2652 mihi
1718 2621 1835 2664 praebe.

1100 2665 1355 2707 quandocunque
1379 2669 1422 2701 te,
1441 2669 1476 2696 ut
1496 2664 1596 2700 decet,
1616 2669 1747 2696 tractare
1767 2663 1836 2695 ani-

1098 2715 1168 2736 mus
1203 2712 1260 2737 est.
1318 2708 1445 2747 Cunque
1476 2716 1543 2749 pro,
1571 2705 1834 2748 quandocunque.

1098 2748 1196 2783 Salve,
1215 2750 1324 2791 χαῖρε,
1338 2758 1398 2779 vox
1422 2747 1570 2780 solemnis
1585 2753 1648 2779 tam
1671 2747 1705 2778 in
1724 2748 1833 2790 appel-

1099 2789 1202 2821 landis
1222 2790 1281 2822 diis
1296 2791 1550 2832 hominibusque,
1563 2799 1641 2831 quos
1655 2789 1746 2822 nobis
1762 2800 1833 2832 pro-

1099 2832 1190 2880 pitios
1206 2839 1298 2874 atque
1313 2833 1480 2864 benevolos
1491 2842 1559 2864 esse
1571 2832 1727 2874 cupimus,
1738 2842 1833 2873 quam

1100 2885 1131 2905 in
1155 2874 1226 2906 aliis
1247 2876 1350 2910 rebus,
1367 2885 1446 2916 quas
1463 2874 1550 2906 nobis
1571 2874 1761 2915 gratissimas
1778 2874 1832 2916 ju-

1099 2916 1369 2958 cundissimasque
1385 2916 1523 2948 accidere
1539 2916 1762 2958 significamus.
