1904 3314
319 173 430 248 ‘540

673 205 1038 249 EPISTOLA
1075 205 1171 248 AD
1210 205 1528 248 PISONES.

460 308 712 363 Continget3
745 309 1003 364 dabiturque
1022 308 1193 350 licentia
1212 315 1350 349 sumta
1370 309 1598 362 pudenter.

461 374 522 416 Et
543 390 650 416 nova
668 375 852 430 fictaque
873 390 1009 430 nuper
1029 375 1250 416 habebunt
1270 375 1401 415 verba
1426 374 1568 423 fidem,
1591 373 1627 414 si

461 442 619 483 Graeco
639 442 755 482 fonte
776 443 943 491 cadant,
967 456 1093 495 parce
1113 441 1294 482 detorta.

1357 441 1477 487 Quid
1497 447 1638 481 autem
1655 441 1672 480 2

460 507 632 549 Caecilio
654 508 893 562 Plautoque
915 507 1035 547 dabit
1057 507 1292 556 Romanus,
1315 507 1531 549 ademtum

375 574 429 614 55
465 573 642 628 Virgilio
663 574 912 628 Varioque?
941 587 1022 628 ego
1043 587 1132 622 cur,
1155 574 1376 627 acquirere
1397 586 1534 627 pauca

460 638 507 679 Si
526 654 713 693 possum,
734 639 939 687 invideor,
961 653 1092 692 quum
1111 637 1255 692 lingua
1277 639 1451 680 Catonis
1473 645 1517 678 et
1538 637 1656 679 Enni

460 706 707 746 Sermonem
725 706 910 759 patrium
931 705 1142 753 ditaverit,
1164 713 1206 746 et
1227 720 1336 746 nova
1358 719 1499 746 rerum

458 772 644 813 Nomina
662 770 888 825 protulerit
906 773 922 811 ’ζ

982 770 1141 819 Licuit,
1164 785 1415 825 semperque
1435 770 1595 819 licebit,

461 839 684 893 Signatum
703 844 915 892 praesente
935 844 1037 878 nota
1056 838 1294 891 procudere
1315 852 1482 879 nomen.

375 906 432 947 60
461 905 524 946 Ut
546 904 660 945 silvae
678 903 788 944 foliis
809 918 967 958 pronos
988 910 1206 944 mutantur
1228 905 1269 944 in
1290 919 1438 953 annOS,

459 971 604 1012 Prima
624 971 781 1011 cadunt
799 986 808 1011 :
840 970 899 1010 ita
919 970 1144 1010 verborum
1165 976 1287 1010 vetus
1308 970 1453 1010 interit
1474 975 1591 1018 aetas,

460 1037 521 1077 Et
534 1038 739 1091 juvenum
759 1037 844 1076 ritu
864 1035 1018 1076 florent
1038 1035 1163 1075 modo
1184 1042 1283 1076 nata
1303 1036 1548 1089 vigentque.

459 1103 682 1144 Debemur
701 1102 825 1141 morti
845 1115 922 1141 nos
940 1107 1171 1154 nostraque
1188 1118 1197 1151 3
1231 1101 1318 1142 sive
1340 1107 1540 1155 receptus

458 1168 598 1209 Terra
618 1167 851 1221 Neptunus
873 1165 1030 1207 classes
1052 1166 1339 1220 Aquilonibus
1361 1165 1491 1215 arcet,

372 1235 429 1276 65
458 1234 595 1288 Regis
617 1248 738 1287 opus,
762 1233 1004 1286 sterilisque
1025 1233 1097 1273 diu
1121 1232 1258 1286 palus,
1280 1239 1467 1286 aptaque
1487 1233 1628 1280 remis,

459 1300 635 1342 vicinas
656 1301 784 1341 urbes
805 1298 892 1349 alit,
914 1306 957 1340 et
977 1314 1106 1353 grave
1127 1299 1254 1339 sentit
1275 1306 1484 1349 aratrum;

391 1440 530 1470 48-51.
561 1439 594 1468 Si
613 1437 701 1478 sorte
729 1445 838 1466 necesse
865 1440 918 1470 est,
944 1438 1019 1465 cett.
1049 1433 1076 1465 si

349 1481 426 1512 forte
442 1490 567 1511 necesse
582 1486 630 1510 est
643 1489 690 1509 res
706 1478 847 1508 inventas
865 1487 971 1507 recens
990 1476 1078 1506 factis

349 1522 511 1554 vocabulis
525 1522 684 1562 insignire,
701 1519 806 1550 licebit
823 1529 898 1549 sane
914 1519 1004 1549 verba
1019 1519 1076 1548 fln-

347 1575 418 1606 gere
444 1564 583 1595 inaudita
611 1562 719 1605 priscis
748 1561 919 1599 Romanis;
951 1566 982 1590 et
1012 1560 1078 1590 haec

347 1606 484 1643 licentia,
514 1605 649 1636 modeste
671 1610 702 1634 et
723 1603 896 1634 verecunde
918 1607 1077 1642 usurpata,

346 1648 541 1679 concedetur.
588 1648 768 1681 monstrare,
785 1645 958 1684 designare,
975 1645 1078 1674 abdita

345 1701 457 1723 rer-um,
480 1699 526 1720 res
549 1689 651 1719 adhuc
674 1687 795 1718 abditas
821 1686 854 1716 in
882 1686 983 1716 lucem
1007 1696 1077 1727 pro-

347 1737 472 1768 tractas,
492 1731 522 1762 h.
544 1742 573 1762 e.
594 1741 639 1760 res
660 1729 821 1765 inventas;
844 1738 915 1758 nam
936 1738 1007 1768 quae
1030 1727 1077 1758 in-

348 1773 516 1804 veniuntur
530 1773 653 1803 fuerunt
666 1778 758 1802 antea
772 1771 887 1801 abdita.
931 1771 1077 1811 Cethegis,

349 1826 415 1862 pro,
438 1815 548 1856 priscis
572 1814 742 1845 Romanis:
768 1813 810 1843 cf.
833 1823 902 1853 sup.
921 1811 960 1842 ad
980 1811 1078 1853 Epist.

348 1858 382 1893 1i‚
399 1858 512 1895 2,117.
558 1857 719 1891 Cinclulis,
730 1855 837 1886 cinctu
851 1853 1078 1894 quasi-cinctis,

349 1898 539 1936 succinctis;
561 1899 608 1929 vel
632 1898 715 1939 quod
736 1896 828 1945 prisci
845 1895 979 1926 Romani
995 1896 1078 1925 tuni-

349 1951 395 1972 cae
411 1941 479 1971 loco
490 1950 600 1982 corpus
611 1941 650 1970 ab
662 1939 811 1970 umbilico
823 1949 922 1979 usque
935 1937 973 1968 ad
987 1938 1080 1979 pedes

347 1982 465 2018 cinctu,
493 1982 657 2023 campestri
686 1981 893 2022 subligaculo,
920 1981 1078 2020 tegebant,

348 2024 399 2054 vel
415 2024 496 2065 quod
514 2024 651 2054 tunicam
674 2024 779 2054 cinctu
802 2022 1077 2062 constringebant:

347 2065 426 2096 bene
442 2070 543 2096 autem
560 2066 660 2107 prisca
676 2076 735 2096 vox
752 2067 903 2095 cinctutus
917 2063 1080 2104 respondet

347 2108 481 2139 sermoni
502 2107 541 2138 de
565 2107 675 2149 priscis
701 2107 849 2137 moribus.
907 2107 1077 2145 Continget,

348 2149 472 2181 licebit:
497 2159 565 2190 sup.
590 2149 689 2190 Epist.
710 2148 732 2184 i,
758 2149 807 2185 17,
825 2149 878 2182 36,
900 2148 969 2178 Non
986 2150 1080 2178 cuivis

349 2193 460 2222 homini
473 2193 620 2232 contingit
637 2190 746 2232 (licet)
761 2192 847 2219 adire
865 2190 1054 2219 Corinthum.

391 2234 444 2265 52.
467 2233 627 2263 Habebunt
641 2234 748 2273 fidem,
765 2232 927 2262 habebunt
943 2230 1077 2262 auctori-

349 2280 457 2311 tatem,
472 2275 572 2306 ferent
586 2285 757 2308 assensum,
774 2273 999 2314 probabuntur.

391 2319 432 2349 53
462 2327 532 2358 sqq.
584 2316 679 2357 Signo
721 2314 967 2355 interrogationis
1010 2319 1080 2355 post

348 2365 448 2390 autem
464 2358 562 2400 posito
585 2358 669 2389 hunc
693 2358 794 2388 locum
814 2357 859 2387 ita
877 2356 1074 2397 interpretor:

350 2401 435 2438 Quid
459 2402 550 2431 vero'!
595 2401 800 2430 Romanusne
817 2398 974 2429 licentiam
999 2408 1079 2428 nova

348 2443 438 2474 verba
460 2441 605 2479 faciendi,
624 2453 694 2483 quae
715 2446 816 2472 nostra
837 2444 928 2471 aetate
945 2439 1078 2479 Virgilio

350 2485 508 2526 Varioque
532 2484 654 2515 ademta
675 2489 732 2519 est,
749 2482 880 2514 Caecilio
902 2482 1079 2522 Plautoque

347 2527 518 2558 concedet?
541 2526 624 2568 quod
638 2526 727 2557 licuit
742 2525 857 2555 Plauto
869 2530 959 2565 atque
977 2524 1078 2554 Caeci-

345 2569 400 2603 lio,
430 2568 562 2609 Virgilio
587 2574 619 2599 et
651 2567 747 2600 Vario
771 2577 832 2597 non
854 2565 981 2597 licebitl
1027 2566 1078 2596 De

350 2612 468 2642 caecilio
491 2610 553 2641 vid.
572 2620 641 2652 sup.
662 2611 699 2640 ad
724 2610 824 2651 Epist.
849 2608 881 2646 ii,
910 2610 937 2644 l,
963 2609 1015 2644 59,
1038 2609 1077 2639 de

351 2653 442 2684 Vario
455 2663 524 2694 sup.
541 2653 580 2682 ad
596 2652 658 2683 Od.
672 2652 693 2687 i,
712 2653 743 2687 6,
763 2654 790 2682 l.
1031 2654 1039 2657 “

389 2696 443 2731 55,
471 2696 523 2725 56.
550 2696 710 2735 Acquirere
730 2705 827 2734 pauca
850 2694 882 2723 Si
903 2703 1028 2732 possum,
1051 2692 1078 2722 si

346 2746 450 2780 pauca
470 2746 578 2778 parare
597 2742 627 2767 et
651 2736 786 2766 invenire
809 2745 930 2777 possum
954 2734 993 2764 ad
1016 2734 1075 2764 lin-

346 2789 439 2821 guam
469 2779 646 2810 ditandam:
686 2780 829 2813 invideor,
859 2777 952 2807 dente
983 2776 1077 2806 livido

346 2827 444 2864 petor.

388 2865 442 2895 59.
464 2862 623 2904 Signatum
651 2868 792 2902 praesente
821 2867 889 2891 notu
914 2862 1078 2900 procudere

343 2917 458 2943 nomen,
478 2904 707 2946 elegantissime
729 2914 783 2946 pro
804 2902 936 2944 vulgari,
959 2911 1074 2933 novum

345 2958 459 2980 nomen
474 2947 609 2978 invenire
628 2951 659 2978 et
681 2947 711 2977 in
734 2945 869 2977 medium
892 2944 1072 2987 producere.

1124 1434 1230 1464 Verba
1251 1433 1366 1474 quibus
1389 1433 1485 1464 utitur
1511 1431 1673 1468 Horatius,
1702 1431 1853 1462 translata

1123 1481 1197 1505 sunt
1225 1485 1242 1505 a
1268 1485 1406 1512 nummo,
1435 1475 1490 1516 qui
1519 1474 1661 1512 cuditur3
1696 1473 1855 1514 eleganter

1123 1517 1217 1556 igitur
1235 1522 1265 1547 et
1283 1517 1513 1547 accommodate
1530 1517 1570 1547 ad
1594 1516 1674 1546 hanc
1691 1514 1852 1557 metapho-

1122 1568 1186 1588 ram
1214 1569 1278 1600 pro,
1303 1559 1483 1599 producere,
1499 1557 1596 1594 dixit,
1617 1559 1792 1597 procudere,
1820 1561 1853 1588 et

1122 1610 1176 1641 pro
1206 1600 1358 1641 simplice,
1386 1611 1512 1636 novum,
1534 1602 1686 1647 signatum
1711 1605 1852 1639 praesente

1122 1649 1215 1678 ποίας
1239 1643 1499 1683 quemadmodum
1522 1652 1604 1673 enim
1628 1651 1785 1678 nummus,
1803 1639 1852 1672 vel

1121 1685 1268 1725 principis
1288 1684 1434 1724 imagine,
1449 1684 1498 1715 vel
1518 1683 1618 1715 aetatis
1635 1682 1763 1719 indicio,
1778 1687 1853 1714 cett.

1121 1726 1272 1767 signatus,
1303 1733 1409 1756 notam
1439 1726 1538 1757 aetatis
1563 1736 1626 1767 prae
1653 1735 1686 1756 se
1711 1724 1782 1759 fert,
1808 1723 1852 1755 ita

1122 1778 1201 1798 novo
1218 1768 1266 1798 vel
1282 1768 1407 1799 invento
1423 1768 1465 1799 rei
1487 1768 1620 1809 alicujus
1639 1766 1756 1798 nomini
1772 1776 1850 1808 prae-

1120 1810 1215 1840 sentis
1231 1810 1328 1840 :etatis
1351 1816 1424 1841 nota
1444 1810 1493 1841 vel
1517 1810 1575 1841 hoc
1600 1809 1648 1840 vel
1674 1808 1736 1839 alio
1758 1807 1851 1839 modo

1121 1852 1270 1894 impressa
1280 1857 1337 1883 est.
1368 1851 1494 1893 Optimo
1500 1852 1571 1893 jure
1581 1851 1675 1890 igitur
1685 1849 1850 1882 Bentleius

1124 1904 1178 1934 pro
1188 1894 1318 1934 vulgari,
1329 1897 1502 1933 producere,
1515 1893 1680 1925 lectionem
1695 1892 1852 1934 plurimm.

1124 1937 1224 1967 Codd.
1241 1936 1424 1967 auctoritate
1437 1936 1660 1971 confirmatam,
1677 1936 1852 1975 procudere,

1122 1977 1154 2008 in
1171 1984 1289 2009 textum
1305 1978 1432 2020 recepit.

1164 2022 1216 2050 60.
1246 2021 1286 2050 Ut
1313 2021 1391 2050 silvae
1429 2020 1512 2050 nliis:
1535 2019 1666 2049 Homer.
1691 2017 1784 2049 Iliad.
1807 2017 1850 2054 vi,

1124 2063 1196 2098 146,
1214 2061 1275 2100 0ἰή
1293 2073 1355 2103 περ
1375 2063 1511 2103 φυλλων
1534 2061 1644 2102 γενεὴ,
1665 2059 1774 2098 τοιήδε
1795 2060 1851 2091 καὶ

1122 2103 1265 2145 ἀνδρῶν.
1312 2105 1434 2139 Pronos,
1460 2113 1556 2145 prono
1583 2107 1615 2133 et
1642 2101 1735 2133 celeri
1758 2111 1850 2133 cursu

1122 2146 1270 2180 labentes,
1293 2151 1328 2176 ut
1348 2148 1436 2185 proni
1459 2155 1566 2177 menses
1590 2143 1653 2175 Od.
1673 2143 1716 2180 iv,
1737 2145 1769 2181 6,
1785 2144 1851 2181 393

1122 2187 1174 2218 alii
1191 2199 1303 2226 pronus
1316 2187 1355 2218 ad
1368 2187 1440 2218 anni
1456 2193 1590 2229 ternpus,
1601 2185 1641 2216 ad
1653 2191 1852 2222 autumnum,

1120 2239 1184 2270 quo
1199 2240 1298 2260 annus
1313 2229 1352 2259 ad
1366 2229 1459 2260 finem
1476 2233 1616 2270 properet
1631 2228 1684 2269 (ut
1697 2237 1767 2270 sup.
1785 2226 1850 2258 Od.

1120 2271 1164 2306 iv.
1179 2272 1232 2306 27,
1251 2273 1288 2302 18
1314 2282 1426 2310 pronus
1451 2269 1563 2309 Orion)
1582 2269 1726 2305 referunt,
1750 2269 1794 2300 ila
1815 2274 1852 2300 ut

1120 2323 1231 2351 pronus
1242 2312 1309 2353 jam
1325 2312 1375 2350 sit,
1386 2313 1423 2343 ad
1434 2312 1565 2343 hiemem
1574 2321 1716 2351 νει-ἔειπε.
1750 2310 1850 2352 Equi-

1122 2355 1191 2385 dem
1220 2365 1326 2394 pronos
1354 2356 1387 2384 in
1416 2365 1520 2390 annos,
1549 2352 1729 2394 simpliciter
1762 2352 1852 2395 capio

1121 2407 1186 2438 pro,
1202 2396 1378 2438 quotannis.

1163 2439 1301 2469 63-72.
1325 2438 1503 2477 Nostraque,
1521 2441 1553 2468 et
1567 2446 1639 2478 quae
1655 2446 1674 2466 a
1689 2436 1778 2467 nobis
1796 2445 1852 2466 ex·

1121 2485 1237 2511 structa
1249 2485 1333 2514 sunt,
1344 2480 1494 2510 debentur
1501 2479 1603 2514 morti,
1614 2477 1646 2509 h.
1655 2488 1683 2509 e.
1696 2477 1735 2509 ad
1744 2477 1852 2508 interi.

1122 2528 1188 2553 tum
1204 2528 1365 2558 vocantur,
1388 2526 1423 2551 ut
1441 2530 1543 2561 opera,
1558 2530 1631 2562 quoe
1644 2520 1747 2551 statim
1764 2529 1850 2550 com-

1121 2569 1341 2599 memorantur,
1359 2561 1631 2605 splendidissima3
1655 2563 1686 2598 1,
1701 2562 1850 2592 Exstruc-

1122 2612 1172 2637 tus
1199 2611 1317 2648 portus,
1345 2611 1376 2636 et
1399 2604 1536 2646 quidem,
1560 2604 1630 2635 lacu
1659 2603 1796 2634 Lucrino
1819 2607 1853 2634 et

1121 2650 1248 2679 Averno
1263 2646 1403 2688 marique
1413 2647 1492 2677 inter
1503 2655 1535 2677 se
1547 2645 1676 2687 junctis,
1688 2644 1852 2676 celeberri-

1120 2701 1189 2721 mus
1213 2691 1266 2721 ille
1290 2691 1404 2720 Portus
1429 2687 1552 2720 Julius:
1584 2688 1713 2719 Sueton-
1739 2687 1852 2718 octav.

1119 2744 1147 2764 c.
1180 2734 1240 2772 163
1277 2733 1309 2770 2,
1339 2729 1504 2762 Exsiccata
1533 2729 1601 2760 loca
1628 2728 1792 2770 paludosa,
1819 2733 1852 2760 et

1119 2775 1256 2815 quidem,
1273 2779 1308 2804 ut
1323 2773 1465 2804 observat
1481 2773 1555 2803 Vct.
1571 2771 1691 2806 Schol..
1711 2770 1849 2802 Paludes

1120 2817 1284 2853 Pontinae;
1325 2816 1356 2850 3,
1387 2815 1532 2844 Mutatus
1562 2813 1602 2844 ab
1632 2814 1789 2853 Augusto,
1818 2817 1850 2842 et

1119 2859 1159 2889 ab
1183 2856 1439 2889 inundationibus
1463 2855 1616 2887 derivatus
1637 2853 1757 2886 Tiberis
1778 2863 1849 2884 cur·

1119 2911 1190 2932 sus:
1216 2901 1344 2931 Sueton.
1359 2899 1471 2930 Octav.
1490 2907 1519 2928 c.
1535 2898 1589 2928 30.
1625 2897 1692 2928 Sive
1703 2902 1847 2936 receptus,

1118 2949 1192 2974 cett.
1217 2952 1301 2979 nam,
1327 2943 1387 2972 sive
1410 2947 1544 2980 receptus
1571 2940 1663 2970 Terra
1691 2939 1850 2978 Neptunus
