1884 3288
321 192 401 233 100

869 192 1264 236 CARMINUM

463 292 516 333 10
545 292 677 334 Dices
697 293 887 335 historiis
907 294 1058 348 proelia
1079 295 1275 345 Caesaris,

542 359 775 409 Maecenas,
797 360 961 410 melius,
982 361 1196 415 ductaque
1217 376 1295 415 per
1314 362 1402 402 vias

770 425 941 480 Regum
961 427 1068 467 colla
1087 427 1347 467 minantium.

541 490 618 531 Me
638 490 773 532 dulcis
794 492 974 532 dominae
996 492 1126 533 Musa
1147 493 1378 545 Licymniae

540 555 719 605 Cantus,
740 572 805 598 me
827 557 960 598 voluit
983 558 1125 598 dicere
1145 557 1334 599 lucidum

459 621 511 660 15
540 620 772 675 Fulgentes
795 622 954 671 oculos,
977 630 1019 662 et
1039 624 1147 663 bene
1169 625 1326 663 mutuis

765 688 920 728 Fidum
939 696 1091 742 pectus
1111 690 1324 730 amoribus
1340 706 1348 730 ε

543 752 684 799 Quam
704 767 783 793 nec
804 753 915 793 ferre
935 754 1088 807 pedem
1109 754 1309 795 dedecuit
1329 755 1487 804 choris,

538 817 635 858 Nec
655 825 818 859 certare
833 819 948 872 joco,
969 833 1047 859 nec
1069 819 1171 860 dare
1191 821 1367 862 brachia

541 882 782 924 Ludentem
803 884 946 924 nitidis
967 885 1216 938 virginibuS‚
1239 900 1360 926 sacro

454 949 511 989 20

765 950 920 990 Dianae
940 949 1118 990 celebris
1140 951 1223 990 die.

543 1015 661 1055 Num
683 1022 742 1064 tu,
765 1030 861 1068 quae
882 1017 1017 1056 tenuit
1037 1016 1155 1056 dives
1177 1015 1472 1065 Achaemenes,

539 1079 631 1120 Aut
651 1081 821 1134 pinguis
843 1080 1042 1134 Phrygiae
1064 1081 1324 1134 Mygdonias
1346 1095 1466 1135 opes,

545 1144 794 1186 Permutare
815 1145 917 1185 velis
939 1146 1054 1186 crine
1076 1146 1307 1200 Licymniae
1325 1149 1341 1187 2

766 1209 922 1251 Plenas
940 1218 1014 1251 aut
1035 1210 1227 1252 Arabum
1249 1211 1412 1261 domos,

313 1330 431 1361 coelum
447 1341 454 1368 ;
477 1333 596 1366 veteris,
614 1332 851 1372 πρεσβυτάτου
870 1331 1042 1374 μακάρων,

312 1377 350 1402 ut
377 1373 523 1403 Chronus
544 1373 717 1414 appellatur
746 1375 785 1404 ab
809 1374 907 1415 Orph.
931 1373 1044 1415 Lapid.

313 1413 400 1448 xviii.
416 1415 468 1445 31.
511 1416 598 1445 Bene
613 1425 685 1445 cum
705 1415 832 1445 Horatio
848 1416 899 1447 Cl.
916 1415 1044 1446 Mitsch.

312 1461 471 1496 comparat
494 1457 585 1496 Virg.
610 1457 685 1488 Cul.
712 1457 754 1487 26
776 1467 858 1498 sqq„
882 1458 936 1487 tibi
959 1469 1044 1487 nam-

313 1507 369 1536 que
382 1499 465 1528 canit
484 1509 542 1528 non
562 1500 677 1539 pagina
696 1499 816 1533 bellum,
838 1499 969 1539 Phlegra
986 1499 1043 1529 Gi-

309 1545 420 1578 ganteo
435 1550 536 1578 sparsa
558 1546 599 1570 est
614 1551 669 1579 quo
682 1543 829 1579 sanguine
844 1541 933 1570 tellus
943 1551 954 1576 ,-
981 1540 1044 1571 Nec

315 1579 495 1611 Centaureos
516 1581 664 1620 Lapithas
680 1583 828 1620 compellit
848 1583 881 1611 ’ἱη
902 1591 980 1611 enses
991 1593 1042 1610 :—-

314 1620 424 1652 Mollia
439 1624 489 1652 sed
503 1625 587 1652 tenui
604 1633 776 1661 percurrere
795 1624 929 1653 carmina
944 1633 1043 1654 versu.

355 1663 473 1694 9-12.
498 1663 611 1704 Tuque,
628 1669 702 1694 cett.
735 1663 786 1694 Cl.
802 1664 932 1694 Mitsch.
948 1664 1045 1695 haeret

311 1703 344 1734 in
360 1705 500 1736 subnexa
514 1705 669 1746 particula
678 1716 743 1744 que,
757 1715 887 1746 eamque
897 1705 1045 1736 orationis

312 1755 427 1776 nexum
457 1747 581 1778 turbare
611 1752 723 1788 putat;
754 1748 809 1777 sed
836 1748 916 1778 bene
941 1757 974 1778 se
999 1757 1045 1778 res

312 1786 426 1824 habet;
447 1799 612 1828 que—que,
634 1794 669 1818 ut
686 1799 769 1829 saepe
787 1789 874 1823 alibi,
898 1799 963 1829 pro,
984 1795 1045 1819 tam

310 1841 455 1869 —quam‚
494 1838 677 1871 ponuntur3
715 1830 815 1870 junge
852 1830 957 1870 igitur,
1000 1830 1044 1860 Tu

311 1872 428 1908 melius,
448 1871 605 1907 Maeaenas,
628 1873 758 1902 historiis
778 1873 962 1911 pedestribus
983 1878 1044 1901 tam

307 1913 418 1951 proelia
439 1913 575 1948 Caesuris,
592 1925 679 1953 quum
701 1913 776 1942 colla
796 1924 902 1952 regum
923 1915 1042 1943 minan-

311 1955 386 1983 tium
402 1965 456 1993 per
471 1956 533 1984 vias
548 1956 639 1984 ducta
661 1954 711 1995 (h.
727 1964 754 1984 e.
769 1954 839 1995 ejus
853 1955 1043 1994 triumphos)

310 1996 399 2025 dices.
446 1996 587 2026 Historiis
607 1997 809 2034 pedestribus:
838 1997 1044 2026 Maecenatem

311 2046 384 2067 vere
405 2037 636 2068 conscribendae
661 2037 798 2076 Augusti
819 2037 954 2067 historiae
979 2047 1043 2067 ma-

312 2087 388 2108 num
403 2079 598 2120 imposuisse,
615 2079 706 2108 fidem
727 2078 803 2108 facit
819 2078 903 2109 Plin.
920 2079 975 2114 vii,
993 2081 1044 2109 45.

312 2119 472 2155 Ceterum,
496 2121 578 2160 quod
601 2130 695 2160 supra
717 2120 756 2150 ad
778 2120 882 2150 Carm.
903 2120 926 2155 i,
953 2122 980 2157 1,
1002 2121 1044 2151 29

310 2160 389 2196 dixi,
406 2162 615 2192 Maecenatem
631 2171 693 2191 non
709 2161 805 2192 fuisse
819 2167 953 2202 poetam,
971 2172 1043 2192 cum

311 2212 351 2233 ex
365 2202 446 2238 aliis.
460 2208 526 2234 tum
542 2214 581 2234 ex
596 2203 652 2233 hoc
668 2203 802 2233 carmine
817 2203 893 2232 satis
906 2209 1044 2244 apparet.

313 2243 418 2275 Ductu
450 2255 554 2286 regum
591 2246 679 2281 colla,
708 2254 762 2285 pro
798 2245 929 2283 vulgari,
959 2254 1045 2285 reges

311 2285 391 2318 eollo
407 2286 456 2324 (h.
472 2296 499 2317 e.
515 2286 634 2317 catenis
652 2286 733 2317 collo
749 2285 896 2325 annexis)
913 2287 1044 2323 ductos;

309 2329 503 2365 minantium,
520 2328 668 2370 praeclare
689 2327 727 2357 ad
746 2338 808 2358 rem
824 2328 830 2356 !
857 2327 894 2358 de
917 2327 1044 2368 publica

310 2367 480 2408 ignominia
491 2370 567 2400 iram
580 2375 611 2400 et
624 2369 870 2410 indignationem
882 2370 971 2400 vultu
982 2379 1043 2410 prae

310 2419 343 2442 se
358 2410 532 2442 ferentium.

355 2453 492 2484 14—20.
526 2453 676 2484 Lucidum
696 2452 869 2493 fulgentes,
906 2452 1042 2494 ὄμματα

309 2495 556 2536 μαρμαίροντα,
593 2495 626 2524 iu
658 2494 784 2534 quibus,
820 2500 856 2524 ut
889 2494 1044 2535 ejusmodi

310 2536 420 2566 oculos
434 2535 581 2567 describit
599 2535 718 2566 Tibull.
738 2535 780 2573 iv,
796 2537 828 2572 2,
846 2536 877 2572 6,
899 2538 1042 2566 Accendit

306 2579 442 2619 geminus
465 2579 617 2617 lampadas
640 2588 709 2607 acer
732 2579 834 2608 Amor.
882 2577 1043 2615 Lucidum,

309 2629 376 2660 pre,
398 2619 514 2654 lucide,
531 2625 567 2649 ut
584 2620 685 2653 dulce,
706 2618 755 2649 vel
775 2619 921 2659 perfidum
943 2621 1044 2650 ridens

310 2660 387 2701 (inf.
406 2661 450 2695 iii,
468 2662 521 2696 27,
537 2659 610 2699 67),
625 2665 655 2690 et
666 2659 756 2701 plura
769 2660 935 2701 ejusmodi.
961 2662 1043 2691 17-

308 2703 352 2733 20
388 2702 528 2744 sequitur
565 2701 774 2744 pulcherrima
813 2701 928 2742 puellae
963 2702 1041 2732 mira

309 2753 383 2775 cum
413 2744 564 2775 suavitate
590 2750 621 2774 et
655 2742 863 2774 concinnitate
897 2743 1041 2774 saltantis

308 2785 496 2827 descriptio·,
522 2797 609 2826 quam
632 2795 684 2815 nec
706 2786 854 2822 dedecuit,
876 2795 929 2826 per
951 2786 1039 2816 λιτό-

308 2838 396 2866 τητα
417 2838 481 2869 pro,
496 2837 590 2868 quam
605 2826 727 2866 egregie
747 2826 872 2861 decuit;
896 2826 934 2857 de
954 2827 1039 2868 ejus-

307 2869 391 2900 modi
421 2869 527 2911 puella
551 2868 735 2900 suavissime
765 2867 911 2898 Tibullus
938 2867 980 2904 iv,
1008 2870 1038 2906 7,

307 2910 410 2949 Illam,
427 2912 573 2952 quidquid
589 2911 666 2952 agit,
679 2921 790 2950 quoquo
801 2911 924 2950 vestigia
938 2912 1036 2947 necuit,

1089 1332 1247 1371 Componit
1273 1332 1404 1374 furtim,
1441 1333 1684 1373 subsequiturque
1720 1333 1818 1363 decor.

1088 1373 1181 1403 Ferre
1205 1376 1320 1413 pedem,
1344 1373 1523 1404 saltantium
1550 1374 1634 1404 enim
1661 1383 1711 1404 ars
1737 1384 1817 1415 prae-

1087 1414 1179 1455 cipue
1206 1415 1238 1445 in
1261 1415 1338 1445 scito
1361 1416 1576 1456 concinneque
1597 1415 1710 1457 pedum
1733 1422 1818 1446 motu

1089 1457 1138 1487 vel
1161 1456 1284 1487 incessu
1306 1456 1452 1487 cernitur.
1497 1457 1621 1487 Certare
1630 1459 1722 1497 joco.-
1742 1457 1820 1487 varii

1087 1497 1217 1544 cogitari
1246 1503 1378 1539 possunt
1405 1498 1504 1534 lusus,
1535 1498 1649 1540 quibus
1670 1498 1819 1530 saltantes

1087 1541 1220 1570 invicem
1248 1550 1280 1570 se
1306 1539 1478 1580 excipiunt,
1501 1545 1533 1570 et
1557 1540 1659 1571 'ocose
1683 1540 1765 1571 inter
1785 1550 1818 1572 se

1087 1587 1207 1611 certant
1219 1593 1227 1620 ;
1249 1582 1321 1611 dare
1330 1582 1463 1617 brachia,
1476 1591 1518 1622 qu

1086 1622 1214 1653 brachia
1234 1622 1312 1653 inter
1331 1632 1363 1653 se
1384 1627 1523 1658 nectunt,
1538 1623 1589 1654 vel
1608 1633 1719 1654 manus
1737 1623 1817 1653 invi·
1876 1645 1882 1661 1.

1087 1673 1155 1694 cem
1181 1664 1240 1694 sibi
1266 1664 1436 1706 porrigunt,
1460 1675 1532 1695 cum
1556 1664 1660 1706 lepore
1682 1665 1818 1706 quodam
1872 1670 1884 1697 αἱ

1087 1705 1152 1735 fieri
1175 1705 1277 1736 debet.
1323 1706 1501 1743 Ludentem,
1525 1705 1558 1736 h.
1582 1716 1612 1737 e.
1633 1706 1817 1745 saltantem5
1874 1710 1878 1711 ⁷

1089 1747 1202 1782 ludere,
1218 1753 1251 1777 ut
1268 1748 1401 1783 παίζειν
1413 1747 1495 1789 apud
1506 1747 1644 1783 Graecos,
1657 1757 1740 1790 saepe
1753 1758 1818 1788 pro,

1087 1788 1211 1823 saltare,
1229 1788 1292 1820 sive
1311 1789 1439 1820 choreas
1457 1789 1589 1819 ducere:
1607 1799 1689 1819 sacro
1711 1789 1818 1820 Dianae

1086 1831 1208 1861 celebris
1228 1832 1288 1866 die,
1309 1831 1413 1872 plures
1430 1830 1595 1871 quotannis
1611 1830 1690 1868 dies,
1703 1831 1818 1862 Dianae

1087 1872 1178 1906 sacri,
1200 1882 1218 1902 a
1237 1872 1421 1912 virginibus,
1439 1871 1595 1914 praecipue
1613 1872 1740 1903 choreas
1759 1872 1817 1903 du-

1085 1913 1185 1943 cendo
1200 1914 1359 1955 (Propert.
1374 1913 1419 1952 iii,
1433 1915 1487 1951 28,
1503 1914 1576 1953 50),
1598 1918 1663 1944 tam
1682 1914 1714 1944 iu
1729 1914 1817 1949 urbe,

1086 1964 1181 1995 quam
1203 1954 1236 1985 in
1258 1955 1350 1995 agris,
1374 1965 1486 1996 magna
1508 1965 1581 1986 cum
1603 1955 1712 1986 letitia
1734 1956 1816 1988 cele·

1087 1996 1168 2026 brari
1187 1997 1338 2027 solebant.

1130 2038 1268 2068 21—28.
1298 2037 1528 2069 Sententiarum
1558 2048 1670 2074 nexus,
1698 2038 1732 2069 in
1756 2049 1818 2080 quo

1087 2079 1304 2110 constituendo
1319 2089 1414 2121 prava
1431 2080 1680 2122 interpunctione
1696 2080 1818 2128 decepti

1086 2121 1176 2151 valde
1192 2131 1224 2151 se
1241 2127 1395 2152 torserunt
1409 2122 1600 2162 interpretes,
1611 2127 1659 2152 est
1672 2122 1735 2152 fere
1746 2122 1815 2153 hic:

1088 2162 1172 2198 Quid
1193 2163 1296 2193 dicam
1311 2164 1349 2194 de
1369 2163 1453 2194 crine
1471 2164 1665 2205 Licymniae‘!
1687 2173 1762 2194 num
1785 2168 1818 2194 tu

1085 2213 1158 2233 eum
1175 2214 1246 2234 cum
1263 2204 1465 2236 Achaemenis
1475 2205 1636 2246 opulentia
1650 2205 1699 2237 vel
1714 2205 1818 2246 Phry-

1087 2246 1145 2284 giae
1159 2246 1271 2286 opibus
1291 2253 1468 2287 permutare
1489 2247 1585 2278 velis'!
1610 2247 1696 2283 Quid
1714 2246 1817 2278 dicam

1087 2286 1126 2317 de
1142 2297 1273 2324 summa,
1292 2297 1361 2328 quae
1377 2298 1415 2318 ex
1435 2288 1506 2329 ejus
1522 2288 1556 2319 in
1570 2298 1673 2320 amore
1690 2289 1815 2320 lusibus

1087 2328 1267 2374 percipitur,
1281 2330 1458 2370 voluptate!
1474 2340 1548 2360 num
1559 2336 1593 2361 tu
1602 2340 1681 2367 eam,
1691 2331 1817 2372 quando

1086 2369 1141 2400 illa
1169 2370 1217 2401 vel
1243 2378 1352 2412 sponte
1376 2371 1518 2402 osculum
1540 2372 1638 2407 offert,
1662 2373 1712 2404 vel
1733 2371 1818 2403 facili

1084 2411 1201 2442 saevitia
1215 2412 1357 2452 denegat,
1374 2419 1546 2454 permutare
1557 2413 1634 2444 velis
1649 2423 1722 2444 cum
1740 2414 1816 2445 Ara-

1084 2453 1158 2483 bum
1178 2453 1296 2485 divitiis
1307 2456 1319 2484 '1
1342 2454 1473 2495 Signum
1492 2455 1712 2496 interrogandi,
1733 2455 1816 2496 quod

1086 2501 1156 2542 post
1179 2496 1354 2535 Licymniae,
1378 2507 1410 2527 re
1430 2495 1500 2537 ipsa
1522 2496 1692 2538 flagitante,
1715 2497 1816 2538 posui,

1088 2547 1120 2566 in
1136 2537 1293 2574 omnibus,
1309 2547 1388 2579 quas
1402 2537 1534 2579 inspexi,
1549 2537 1737 2570 editionibus
1748 2544 1819 2580 post

1087 2580 1181 2609 dumos
1208 2579 1330 2610 demum
1356 2580 1488 2620 positum
1510 2585 1569 2615 est,
1595 2585 1627 2610 et
1645 2580 1690 2611 sic
1711 2581 1818 2618 verba,

1088 2621 1199 2651 Plenas
1222 2627 1277 2650 aut
1300 2622 1434 2651 Arabum
1455 2622 1561 2656 domos,
1584 2631 1654 2662 quae
1675 2631 1746 2652 cum
1769 2631 1816 2652 se-

1087 2667 1201 2702 quente
1222 2662 1376 2693 sententia
1397 2662 1489 2704 jungi
1510 2662 1636 2699 debent.
1658 2673 1817 2705 perperam

1083 2712 1155 2733 cum
1194 2705 1396 2735 antecedente
1435 2704 1548 2745 juncta
1584 2710 1670 2735 sunt.
1713 2705 1818 2742 Quam

1084 2744 1209 2786 quidem
1238 2746 1379 2776 vitiosam
1407 2745 1690 2788 interpunctionem
1715 2755 1735 2776 a
1761 2756 1816 2778 ne-

1084 2786 1168 2817 mine
1183 2786 1285 2818 adhuc
1300 2787 1454 2817 sublatam
1465 2797 1544 2823 esse,
1557 2797 1594 2818 eo
1606 2788 1702 2828 magis
1714 2787 1818 2824 miror,

1082 2838 1153 2859 curn
1185 2829 1230 2859 sic
1290 2827 1422 2859 articula
1455 2831 1539 2864 dum,
1573 2839 1636 2870 quo
1670 2829 1817 2860 referatur

1082 2870 1176 2911 plane
1194 2880 1253 2900 non
1269 2838 1394 2905 Habeat,
1412 2869 1472 2900 nisi
1491 2881 1560 2901 eam
1575 2870 1678 2912 inepte
1698 2871 1738 2902 ad
1752 2873 1814 2902 cri-

1081 2922 1146 2943 nem
1160 2912 1324 2952 Licymnia·
1335 2911 1488 2944 retuleris.
1519 2913 1610 2943 Dives
1623 2914 1816 2950 Achmenes,

1564 1606 1571 1618 ‚
1583 1591 1655 1612 cum
1667 1582 1819 1613 saltantes
