<?xml version="1.0" encoding="UTF-8"?>
<!DOCTYPE html PUBLIC "-//W3C//DTD XHTML 1.0 Transitional//EN"
    "http://www.w3.org/TR/xhtml1/DTD/xhtml1-transitional.dtd">
<html xmlns="http://www.w3.org/1999/xhtml" xml:lang="en" lang="en">
 <head>
  <title>
</title>
<meta http-equiv="Content-Type" content="text/html;charset=utf-8" />
  <meta name='ocr-system' content='tesseract 3.04.00' />
  <meta name='ocr-capabilities' content='ocr_page ocr_carea ocr_par ocr_line ocrx_word'/>
</head>
<body>
  <div class='ocr_page' id='page_1' title='image "./operahorac00horauoft_0597.png"; bbox 0 0 1904 3314; ppageno 0'>
   <div class='ocr_carea' id='block_1_1' title="bbox 0 2777 37 3314">
    <p class='ocr_par' dir='ltr' id='par_1_1' title="bbox 0 2777 37 3314">
     <span class='ocr_line' id='line_1_1' title="bbox 0 2777 37 3314; baseline 0 0"><span class='ocrx_word' id='word_1_1' title='bbox 0 2777 37 3314; x_wconf 95' lang='lat' dir='ltr'><strong> </strong></span> 
     </span>
    </p>
   </div>
   <div class='ocr_carea' id='block_1_2' title="bbox 428 170 1304 217">
    <p class='ocr_par' dir='ltr' id='par_1_2' title="bbox 428 170 1304 217">
     <span class='ocr_line' id='line_1_2' title="bbox 428 170 1304 217; baseline -0.002 0"><span class='ocrx_word' id='word_1_2' title='bbox 428 170 795 217; x_wconf 91' lang='lat' dir='ltr'><strong>EPISTOLA</strong></span> <span class='ocrx_word' id='word_1_3' title='bbox 833 170 932 213; x_wconf 94' lang='lat' dir='ltr'><strong>AD</strong></span> <span class='ocrx_word' id='word_1_4' title='bbox 972 171 1304 215; x_wconf 86' lang='lat' dir='ltr'><strong>PISONES.</strong></span> 
     </span>
    </p>
   </div>
   <div class='ocr_carea' id='block_1_3' title="bbox 98 276 185 319">
    <p class='ocr_par' dir='ltr' id='par_1_3' title="bbox 98 276 185 319">
     <span class='ocr_line' id='line_1_3' title="bbox 98 276 185 319; baseline -0.011 0"><span class='ocrx_word' id='word_1_5' title='bbox 98 276 185 319; x_wconf 73' lang='lat'><strong>295</strong></span> 
     </span>
    </p>
   </div>
   <div class='ocr_carea' id='block_1_4' title="bbox 1560 175 1645 218">
    <p class='ocr_par' dir='ltr' id='par_1_4' title="bbox 1560 175 1645 218">
     <span class='ocr_line' id='line_1_4' title="bbox 1560 175 1587 216; textangle 90"><span class='ocrx_word' id='word_1_6' title='bbox 1560 175 1587 216; x_wconf 64' lang='lat' dir='ltr'><strong>C!</strong></span> 
     </span>
     <span class='ocr_line' id='line_1_5' title="bbox 1590 175 1645 218; textangle 90"><span class='ocrx_word' id='word_1_7' title='bbox 1590 175 1645 218; x_wconf 63' lang='lat' dir='ltr'><strong>i}</strong></span> 
     </span>
    </p>
   </div>
   <div class='ocr_carea' id='block_1_5' title="bbox 273 273 1200 332">
    <p class='ocr_par' dir='ltr' id='par_1_5' title="bbox 273 273 1200 332">
     <span class='ocr_line' id='line_1_6' title="bbox 273 273 1200 332; baseline -0.001 -14"><span class='ocrx_word' id='word_1_8' title='bbox 273 275 499 332; x_wconf 83' lang='lat' dir='ltr'>Ingenium</span> <span class='ocrx_word' id='word_1_9' title='bbox 520 276 678 318; x_wconf 87' lang='lat' dir='ltr'><strong>misera</strong></span> <span class='ocrx_word' id='word_1_10' title='bbox 697 274 800 330; x_wconf 88' lang='lat' dir='ltr'><strong>quia</strong></span> <span class='ocrx_word' id='word_1_11' title='bbox 821 273 1084 317; x_wconf 86' lang='lat' dir='ltr'><strong>fortunatius</strong></span> <span class='ocrx_word' id='word_1_12' title='bbox 1106 282 1200 317; x_wconf 85' lang='lat' dir='ltr'><strong>arte</strong></span> 
     </span>
    </p>
   </div>
   <div class='ocr_carea' id='block_1_6' title="bbox 101 342 1422 670">
    <p class='ocr_par' dir='ltr' id='par_1_6' title="bbox 215 342 1422 602">
     <span class='ocr_line' id='line_1_7' title="bbox 217 342 1231 399; baseline -0.004 -11"><span class='ocrx_word' id='word_1_13' title='bbox 217 345 385 396; x_wconf 85' lang='lat' dir='ltr'><strong>Credit,</strong></span> <span class='ocrx_word' id='word_1_14' title='bbox 406 352 451 388; x_wconf 93' lang='lat' dir='ltr'><strong>et</strong></span> <span class='ocrx_word' id='word_1_15' title='bbox 471 343 667 387; x_wconf 85' lang='lat' dir='ltr'><strong>excludit</strong></span> <span class='ocrx_word' id='word_1_16' title='bbox 688 358 816 385; x_wconf 89' lang='lat' dir='ltr'><strong>sanos</strong></span> <span class='ocrx_word' id='word_1_17' title='bbox 839 342 1056 385; x_wconf 90' lang='lat' dir='ltr'><strong>Helicone</strong></span> <span class='ocrx_word' id='word_1_18' title='bbox 1076 350 1231 399; x_wconf 89' lang='lat' dir='ltr'><strong>poetas</strong></span> 
     </span>
     <span class='ocr_line' id='line_1_8' title="bbox 215 412 1422 466; baseline -0.003 -10"><span class='ocrx_word' id='word_1_19' title='bbox 215 413 512 462; x_wconf 89' lang='lat' dir='ltr'><strong>Democritus,</strong></span> <span class='ocrx_word' id='word_1_20' title='bbox 534 412 650 453; x_wconf 88' lang='lat' dir='ltr'><strong>bona</strong></span> <span class='ocrx_word' id='word_1_21' title='bbox 668 425 771 466; x_wconf 89' lang='lat' dir='ltr'><strong>pars</strong></span> <span class='ocrx_word' id='word_1_22' title='bbox 794 425 882 452; x_wconf 91' lang='lat' dir='ltr'><strong>non</strong></span> <span class='ocrx_word' id='word_1_23' title='bbox 900 425 1071 466; x_wconf 83' lang='lat' dir='ltr'><strong>ungues</strong></span> <span class='ocrx_word' id='word_1_24' title='bbox 1094 426 1260 466; x_wconf 88' lang='lat' dir='ltr'><strong>ponere</strong></span> <span class='ocrx_word' id='word_1_25' title='bbox 1282 417 1422 461; x_wconf 86' lang='lat' dir='ltr'><strong>curat,</strong></span> 
     </span>
     <span class='ocr_line' id='line_1_9' title="bbox 217 477 1336 534; baseline -0.002 -12"><span class='ocrx_word' id='word_1_26' title='bbox 217 480 324 522; x_wconf 91' lang='lat' dir='ltr'><strong>Non</strong></span> <span class='ocrx_word' id='word_1_27' title='bbox 344 481 523 522; x_wconf 83' lang='lat' dir='ltr'><strong>barbam</strong></span> <span class='ocrx_word' id='word_1_28' title='bbox 540 496 550 528; x_wconf 73' lang='grc' dir='ltr'><strong>ς</strong></span> <span class='ocrx_word' id='word_1_29' title='bbox 584 486 754 521; x_wconf 82' lang='lat' dir='ltr'><strong>secreta</strong></span> <span class='ocrx_word' id='word_1_30' title='bbox 774 479 885 534; x_wconf 87' lang='lat' dir='ltr'><strong>petit</strong></span> <span class='ocrx_word' id='word_1_31' title='bbox 905 477 1015 530; x_wconf 89' lang='lat' dir='ltr'><strong>loca,</strong></span> <span class='ocrx_word' id='word_1_32' title='bbox 1038 478 1194 520; x_wconf 89' lang='lat' dir='ltr'><strong>balnea</strong></span> <span class='ocrx_word' id='word_1_33' title='bbox 1215 480 1336 520; x_wconf 88' lang='lat' dir='ltr'><strong>vitat.</strong></span> 
     </span>
     <span class='ocr_line' id='line_1_10' title="bbox 216 547 1299 602; baseline -0.002 -13"><span class='ocrx_word' id='word_1_34' title='bbox 216 547 509 589; x_wconf 86' lang='lat' dir='ltr'><strong>Nanciscetur</strong></span> <span class='ocrx_word' id='word_1_35' title='bbox 530 547 644 588; x_wconf 90' lang='lat' dir='ltr'><strong>enim</strong></span> <span class='ocrx_word' id='word_1_36' title='bbox 664 547 851 602; x_wconf 90' lang='lat' dir='ltr'><strong>pretium</strong></span> <span class='ocrx_word' id='word_1_37' title='bbox 874 561 1118 601; x_wconf 90' lang='lat' dir='ltr'><strong>nomenque</strong></span> <span class='ocrx_word' id='word_1_38' title='bbox 1139 553 1299 601; x_wconf 87' lang='lat' dir='ltr'><strong>poetae,</strong></span> 
     </span>
    </p>

    <p class='ocr_par' dir='ltr' id='par_1_7' title="bbox 101 613 1335 670">
     <span class='ocr_line' id='line_1_11' title="bbox 101 613 1335 670; baseline -0.002 -13"><span class='ocrx_word' id='word_1_39' title='bbox 101 614 190 657; x_wconf 85' lang='lat'><strong>300</strong></span> <span class='ocrx_word' id='word_1_40' title='bbox 219 614 267 656; x_wconf 88' lang='lat' dir='ltr'><strong>Si</strong></span> <span class='ocrx_word' id='word_1_41' title='bbox 287 615 428 657; x_wconf 87' lang='lat' dir='ltr'><strong>tribus</strong></span> <span class='ocrx_word' id='word_1_42' title='bbox 450 613 675 670; x_wconf 86' lang='lat' dir='ltr'><strong>Anticyris</strong></span> <span class='ocrx_word' id='word_1_43' title='bbox 697 621 830 669; x_wconf 89' lang='lat' dir='ltr'><strong>caput</strong></span> <span class='ocrx_word' id='word_1_44' title='bbox 851 613 1092 655; x_wconf 87' lang='lat' dir='ltr'><strong>insanabile</strong></span> <span class='ocrx_word' id='word_1_45' title='bbox 1113 629 1335 669; x_wconf 91' lang='lat' dir='ltr'><strong>nunquam</strong></span> 
     </span>
    </p>
   </div>
   <div class='ocr_carea' id='block_1_7' title="bbox 218 681 885 725">
    <p class='ocr_par' dir='ltr' id='par_1_8' title="bbox 218 681 885 725">
     <span class='ocr_line' id='line_1_12' title="bbox 218 681 885 725; baseline -0.001 -1"><span class='ocrx_word' id='word_1_46' title='bbox 218 681 411 724; x_wconf 89' lang='lat' dir='ltr'><strong>Tonsori</strong></span> <span class='ocrx_word' id='word_1_47' title='bbox 433 682 588 724; x_wconf 88' lang='lat' dir='ltr'><strong>Licino</strong></span> <span class='ocrx_word' id='word_1_48' title='bbox 609 683 885 725; x_wconf 87' lang='lat' dir='ltr'><strong>commiserit.</strong></span> 
     </span>
    </p>
   </div>
   <div class='ocr_carea' id='block_1_8' title="bbox 949 681 1270 737">
    <p class='ocr_par' dir='ltr' id='par_1_9' title="bbox 949 681 1270 737">
     <span class='ocr_line' id='line_1_13' title="bbox 949 681 1270 737; baseline 0 -14"><span class='ocrx_word' id='word_1_49' title='bbox 949 681 991 723; x_wconf 94' lang='lat' dir='ltr'>O</span> <span class='ocrx_word' id='word_1_50' title='bbox 1013 697 1096 737; x_wconf 86' lang='lat' dir='ltr'><strong>ego</strong></span> <span class='ocrx_word' id='word_1_51' title='bbox 1118 682 1270 732; x_wconf 88' lang='lat' dir='ltr'><strong>laevus,</strong></span> 
     </span>
    </p>
   </div>
   <div class='ocr_carea' id='block_1_9' title="bbox 104 750 1492 1416">
    <p class='ocr_par' dir='ltr' id='par_1_10' title="bbox 104 750 1492 1416">
     <span class='ocr_line' id='line_1_14' title="bbox 219 750 1330 806; baseline -0.001 -14"><span class='ocrx_word' id='word_1_52' title='bbox 219 750 311 798; x_wconf 85' lang='lat' dir='ltr'><strong>Qui</strong></span> <span class='ocrx_word' id='word_1_53' title='bbox 331 765 497 806; x_wconf 86' lang='lat' dir='ltr'><strong>purgor</strong></span> <span class='ocrx_word' id='word_1_54' title='bbox 518 750 649 792; x_wconf 91' lang='lat' dir='ltr'><strong>bilem</strong></span> <span class='ocrx_word' id='word_1_55' title='bbox 672 751 754 792; x_wconf 90' lang='lat' dir='ltr'><strong>sub</strong></span> <span class='ocrx_word' id='word_1_56' title='bbox 776 751 898 792; x_wconf 89' lang='lat' dir='ltr'><strong>verni</strong></span> <span class='ocrx_word' id='word_1_57' title='bbox 919 751 1127 805; x_wconf 88' lang='lat' dir='ltr'><strong>temporis</strong></span> <span class='ocrx_word' id='word_1_58' title='bbox 1148 750 1303 792; x_wconf 90' lang='lat' dir='ltr'><strong>horam</strong></span> <span class='ocrx_word' id='word_1_59' title='bbox 1320 753 1330 791; x_wconf 88' lang='lat'>!</span> 
     </span>
     <span class='ocr_line' id='line_1_15' title="bbox 218 818 1272 874; baseline 0 -14"><span class='ocrx_word' id='word_1_60' title='bbox 218 818 324 860; x_wconf 92' lang='lat' dir='ltr'><strong>Non</strong></span> <span class='ocrx_word' id='word_1_61' title='bbox 344 818 453 860; x_wconf 92' lang='lat' dir='ltr'><strong>alius</strong></span> <span class='ocrx_word' id='word_1_62' title='bbox 475 818 639 861; x_wconf 90' lang='lat' dir='ltr'><strong>faceret</strong></span> <span class='ocrx_word' id='word_1_63' title='bbox 659 818 838 861; x_wconf 86' lang='lat' dir='ltr'><strong>meliora</strong></span> <span class='ocrx_word' id='word_1_64' title='bbox 860 826 1087 874; x_wconf 85' lang='lat' dir='ltr'><strong>poemata:</strong></span> <span class='ocrx_word' id='word_1_65' title='bbox 1121 834 1272 860; x_wconf 87' lang='lat' dir='ltr'><strong>verum</strong></span> 
     </span>
     <span class='ocr_line' id='line_1_16' title="bbox 218 885 1324 942; baseline 0.001 -15"><span class='ocrx_word' id='word_1_66' title='bbox 218 885 297 928; x_wconf 92' lang='lat' dir='ltr'><strong>Nil</strong></span> <span class='ocrx_word' id='word_1_67' title='bbox 319 887 429 928; x_wconf 89' lang='lat' dir='ltr'><strong>tanti</strong></span> <span class='ocrx_word' id='word_1_68' title='bbox 450 894 542 938; x_wconf 84' lang='lat' dir='ltr'><strong>est3</strong></span> <span class='ocrx_word' id='word_1_69' title='bbox 575 901 682 942; x_wconf 83' lang='lat' dir='ltr'><strong>ergo</strong></span> <span class='ocrx_word' id='word_1_70' title='bbox 704 886 864 941; x_wconf 86' lang='lat' dir='ltr'><strong>fungar</strong></span> <span class='ocrx_word' id='word_1_71' title='bbox 885 887 977 928; x_wconf 89' lang='lat' dir='ltr'><strong>vice</strong></span> <span class='ocrx_word' id='word_1_72' title='bbox 999 887 1124 937; x_wconf 86' lang='lat' dir='ltr'><strong>cotis,</strong></span> <span class='ocrx_word' id='word_1_73' title='bbox 1148 893 1324 928; x_wconf 91' lang='lat' dir='ltr'><strong>acutum</strong></span> 
     </span>
     <span class='ocr_line' id='line_1_17' title="bbox 104 953 1405 1010; baseline -0.001 -13"><span class='ocrx_word' id='word_1_74' title='bbox 104 954 190 998; x_wconf 84' lang='lat'><strong>305</strong></span> <span class='ocrx_word' id='word_1_75' title='bbox 221 953 432 996; x_wconf 88' lang='lat' dir='ltr'><strong>Reddere</strong></span> <span class='ocrx_word' id='word_1_76' title='bbox 454 968 553 1010; x_wconf 87' lang='lat' dir='ltr'><strong>quae</strong></span> <span class='ocrx_word' id='word_1_77' title='bbox 575 954 739 996; x_wconf 89' lang='lat' dir='ltr'><strong>ferrum</strong></span> <span class='ocrx_word' id='word_1_78' title='bbox 761 954 888 1004; x_wconf 88' lang='lat' dir='ltr'><strong>valet,</strong></span> <span class='ocrx_word' id='word_1_79' title='bbox 911 969 1064 996; x_wconf 86' lang='lat' dir='ltr'><strong>exsors</strong></span> <span class='ocrx_word' id='word_1_80' title='bbox 1085 955 1182 1010; x_wconf 88' lang='lat' dir='ltr'><strong>ipsa</strong></span> <span class='ocrx_word' id='word_1_81' title='bbox 1204 955 1405 997; x_wconf 89' lang='lat' dir='ltr'><strong>secandi:</strong></span> 
     </span>
     <span class='ocr_line' id='line_1_18' title="bbox 220 1021 1328 1077; baseline 0.002 -13"><span class='ocrx_word' id='word_1_82' title='bbox 220 1021 388 1064; x_wconf 87' lang='lat' dir='ltr'><strong>Munus</strong></span> <span class='ocrx_word' id='word_1_83' title='bbox 409 1029 452 1064; x_wconf 92' lang='lat' dir='ltr'><strong>et</strong></span> <span class='ocrx_word' id='word_1_84' title='bbox 474 1021 676 1073; x_wconf 87' lang='lat' dir='ltr'><strong>officium,</strong></span> <span class='ocrx_word' id='word_1_85' title='bbox 700 1021 759 1063; x_wconf 90' lang='lat' dir='ltr'><strong>nil</strong></span> <span class='ocrx_word' id='word_1_86' title='bbox 782 1023 976 1064; x_wconf 90' lang='lat' dir='ltr'><strong>scribens</strong></span> <span class='ocrx_word' id='word_1_87' title='bbox 1000 1022 1108 1077; x_wconf 88' lang='lat' dir='ltr'><strong>ipse,</strong></span> <span class='ocrx_word' id='word_1_88' title='bbox 1131 1023 1299 1065; x_wconf 89' lang='lat' dir='ltr'><strong>docebo</strong></span> <span class='ocrx_word' id='word_1_89' title='bbox 1318 1041 1328 1074; x_wconf 91' lang='lat'>;</span> 
     </span>
     <span class='ocr_line' id='line_1_19' title="bbox 220 1088 1477 1146; baseline 0.001 -15"><span class='ocrx_word' id='word_1_90' title='bbox 220 1088 354 1131; x_wconf 88' lang='lat' dir='ltr'><strong>Unde</strong></span> <span class='ocrx_word' id='word_1_91' title='bbox 374 1097 584 1146; x_wconf 90' lang='lat' dir='ltr'><strong>parentur</strong></span> <span class='ocrx_word' id='word_1_92' title='bbox 605 1105 710 1145; x_wconf 88' lang='lat' dir='ltr'><strong>opes</strong></span> <span class='ocrx_word' id='word_1_93' title='bbox 729 1108 738 1141; x_wconf 82' lang='lat'><em>3</em></span> <span class='ocrx_word' id='word_1_94' title='bbox 772 1090 878 1145; x_wconf 93' lang='lat' dir='ltr'><strong>quid</strong></span> <span class='ocrx_word' id='word_1_95' title='bbox 900 1090 987 1132; x_wconf 88' lang='lat' dir='ltr'><strong>alat</strong></span> <span class='ocrx_word' id='word_1_96' title='bbox 1008 1090 1254 1146; x_wconf 89' lang='lat' dir='ltr'><strong>formetque</strong></span> <span class='ocrx_word' id='word_1_97' title='bbox 1275 1098 1450 1146; x_wconf 88' lang='lat' dir='ltr'><strong>poetam</strong></span> <span class='ocrx_word' id='word_1_98' title='bbox 1468 1109 1477 1142; x_wconf 94' lang='lat'><strong>;</strong></span> 
     </span>
     <span class='ocr_line' id='line_1_20' title="bbox 222 1157 1492 1213; baseline 0.001 -14"><span class='ocrx_word' id='word_1_99' title='bbox 222 1157 344 1205; x_wconf 84' lang='lat' dir='ltr'><strong>Quid</strong></span> <span class='ocrx_word' id='word_1_100' title='bbox 365 1157 532 1208; x_wconf 89' lang='lat' dir='ltr'><strong>deceat,</strong></span> <span class='ocrx_word' id='word_1_101' title='bbox 555 1158 662 1212; x_wconf 90' lang='lat' dir='ltr'><strong>quid</strong></span> <span class='ocrx_word' id='word_1_102' title='bbox 683 1173 794 1208; x_wconf 92' lang='lat' dir='ltr'><strong>non;</strong></span> <span class='ocrx_word' id='word_1_103' title='bbox 826 1173 914 1212; x_wconf 92' lang='lat' dir='ltr'><strong>quo</strong></span> <span class='ocrx_word' id='word_1_104' title='bbox 936 1158 1086 1209; x_wconf 89' lang='lat' dir='ltr'><strong>virtus,</strong></span> <span class='ocrx_word' id='word_1_105' title='bbox 1110 1174 1199 1213; x_wconf 92' lang='lat' dir='ltr'><strong>quo</strong></span> <span class='ocrx_word' id='word_1_106' title='bbox 1223 1158 1334 1200; x_wconf 88' lang='lat' dir='ltr'><strong>ferat</strong></span> <span class='ocrx_word' id='word_1_107' title='bbox 1354 1174 1492 1201; x_wconf 87' lang='lat' dir='ltr'><strong>error.</strong></span> 
     </span>
     <span class='ocr_line' id='line_1_21' title="bbox 279 1225 1467 1282; baseline 0.002 -15"><span class='ocrx_word' id='word_1_108' title='bbox 279 1225 512 1268; x_wconf 90' lang='lat' dir='ltr'><strong>Scribendi</strong></span> <span class='ocrx_word' id='word_1_109' title='bbox 531 1233 649 1268; x_wconf 89' lang='lat' dir='ltr'><strong>recte</strong></span> <span class='ocrx_word' id='word_1_110' title='bbox 671 1240 824 1281; x_wconf 88' lang='lat' dir='ltr'><strong>sapere</strong></span> <span class='ocrx_word' id='word_1_111' title='bbox 845 1233 913 1267; x_wconf 89' lang='lat' dir='ltr'><strong>est</strong></span> <span class='ocrx_word' id='word_1_112' title='bbox 934 1233 978 1268; x_wconf 89' lang='lat' dir='ltr'><strong>et</strong></span> <span class='ocrx_word' id='word_1_113' title='bbox 999 1227 1260 1282; x_wconf 89' lang='lat' dir='ltr'><strong>principium</strong></span> <span class='ocrx_word' id='word_1_114' title='bbox 1280 1234 1324 1268; x_wconf 88' lang='lat' dir='ltr'><strong>et</strong></span> <span class='ocrx_word' id='word_1_115' title='bbox 1345 1227 1467 1269; x_wconf 89' lang='lat' dir='ltr'><strong>fons:</strong></span> 
     </span>
     <span class='ocr_line' id='line_1_22' title="bbox 106 1292 1385 1348; baseline 0.001 -13"><span class='ocrx_word' id='word_1_116' title='bbox 106 1293 193 1336; x_wconf 83' lang='lat'><strong>310</strong></span> <span class='ocrx_word' id='word_1_117' title='bbox 222 1293 338 1335; x_wconf 87' lang='lat' dir='ltr'><strong>Rem</strong></span> <span class='ocrx_word' id='word_1_118' title='bbox 358 1294 437 1335; x_wconf 89' lang='lat' dir='ltr'><strong>tibi</strong></span> <span class='ocrx_word' id='word_1_119' title='bbox 459 1292 693 1335; x_wconf 83' lang='lat' dir='ltr'><strong>Socraticae</strong></span> <span class='ocrx_word' id='word_1_120' title='bbox 714 1300 922 1348; x_wconf 85' lang='lat' dir='ltr'><strong>poterunt</strong></span> <span class='ocrx_word' id='word_1_121' title='bbox 944 1294 1177 1336; x_wconf 89' lang='lat' dir='ltr'><strong>ostendere</strong></span> <span class='ocrx_word' id='word_1_122' title='bbox 1198 1294 1385 1346; x_wconf 86' lang='lat' dir='ltr'><strong>chartae3</strong></span> 
     </span>
     <span class='ocr_line' id='line_1_23' title="bbox 222 1360 1348 1416; baseline 0.001 -14"><span class='ocrx_word' id='word_1_123' title='bbox 222 1360 462 1416; x_wconf 88' lang='lat' dir='ltr'><strong>Verbaque</strong></span> <span class='ocrx_word' id='word_1_124' title='bbox 483 1362 700 1416; x_wconf 87' lang='lat' dir='ltr'><strong>provisam</strong></span> <span class='ocrx_word' id='word_1_125' title='bbox 720 1376 811 1403; x_wconf 88' lang='lat' dir='ltr'><strong>rem</strong></span> <span class='ocrx_word' id='word_1_126' title='bbox 831 1376 919 1402; x_wconf 92' lang='lat' dir='ltr'><strong>non</strong></span> <span class='ocrx_word' id='word_1_127' title='bbox 939 1361 1072 1403; x_wconf 89' lang='lat' dir='ltr'><strong>invita</strong></span> <span class='ocrx_word' id='word_1_128' title='bbox 1095 1369 1348 1416; x_wconf 89' lang='lat' dir='ltr'><strong>sequentur.</strong></span> 
     </span>
    </p>
   </div>
   <div class='ocr_carea' id='block_1_10' title="bbox 107 1472 875 2888">
    <p class='ocr_par' dir='ltr' id='par_1_11' title="bbox 107 1472 863 1848">
     <span class='ocr_line' id='line_1_24' title="bbox 107 1472 858 1516; baseline -0.003 -10"><span class='ocrx_word' id='word_1_129' title='bbox 107 1473 192 1506; x_wconf 83' lang='lat' dir='ltr'><strong>enim</strong></span> <span class='ocrx_word' id='word_1_130' title='bbox 207 1478 380 1516; x_wconf 81' lang='lat' dir='ltr'><strong>praesectus</strong></span> <span class='ocrx_word' id='word_1_131' title='bbox 389 1472 439 1505; x_wconf 89' lang='lat' dir='ltr'><strong>vel</strong></span> <span class='ocrx_word' id='word_1_132' title='bbox 454 1473 604 1516; x_wconf 83' lang='lat' dir='ltr'><strong>praecisus</strong></span> <span class='ocrx_word' id='word_1_133' title='bbox 618 1473 746 1506; x_wconf 87' lang='lat' dir='ltr'><strong>mollius</strong></span> <span class='ocrx_word' id='word_1_134' title='bbox 762 1474 858 1505; x_wconf 83' lang='lat' dir='ltr'><strong>sentit</strong></span> 
     </span>
     <span class='ocr_line' id='line_1_25' title="bbox 109 1516 858 1559; baseline 0 -11"><span class='ocrx_word' id='word_1_135' title='bbox 109 1516 309 1559; x_wconf 76' lang='lat' dir='ltr'><strong>asperitatem</strong></span> <span class='ocrx_word' id='word_1_136' title='bbox 329 1516 468 1558; x_wconf 85' lang='lat' dir='ltr'><strong>aliquam</strong></span> <span class='ocrx_word' id='word_1_137' title='bbox 483 1527 492 1555; x_wconf 88' lang='lat'>;</span> <span class='ocrx_word' id='word_1_138' title='bbox 515 1516 619 1558; x_wconf 86' lang='lat' dir='ltr'><strong>imago</strong></span> <span class='ocrx_word' id='word_1_139' title='bbox 637 1517 788 1548; x_wconf 84' lang='lat' dir='ltr'><strong>translata</strong></span> <span class='ocrx_word' id='word_1_140' title='bbox 809 1522 858 1548; x_wconf 84' lang='lat' dir='ltr'><strong>est</strong></span> 
     </span>
     <span class='ocr_line' id='line_1_26' title="bbox 111 1558 858 1602; baseline 0 -12"><span class='ocrx_word' id='word_1_141' title='bbox 111 1569 131 1591; x_wconf 78' lang='lat' dir='ltr'><strong>a</strong></span> <span class='ocrx_word' id='word_1_142' title='bbox 152 1558 325 1595; x_wconf 76' lang='lat' dir='ltr'><strong>statuariis,</strong></span> <span class='ocrx_word' id='word_1_143' title='bbox 351 1559 407 1600; x_wconf 88' lang='lat' dir='ltr'><strong>qui</strong></span> <span class='ocrx_word' id='word_1_144' title='bbox 431 1570 511 1602; x_wconf 87' lang='lat' dir='ltr'><strong>opus</strong></span> <span class='ocrx_word' id='word_1_145' title='bbox 538 1559 624 1601; x_wconf 91' lang='lat' dir='ltr'><strong>quod</strong></span> <span class='ocrx_word' id='word_1_146' title='bbox 651 1559 802 1601; x_wconf 83' lang='lat' dir='ltr'><strong>laevigant</strong></span> <span class='ocrx_word' id='word_1_147' title='bbox 826 1564 858 1591; x_wconf 85' lang='lat' dir='ltr'><strong>et</strong></span> 
     </span>
     <span class='ocr_line' id='line_1_27' title="bbox 111 1602 857 1645; baseline -0.001 -11"><span class='ocrx_word' id='word_1_148' title='bbox 111 1602 289 1645; x_wconf 85' lang='lat' dir='ltr'><strong>expoliunt,</strong></span> <span class='ocrx_word' id='word_1_149' title='bbox 305 1612 345 1633; x_wconf 91' lang='lat' dir='ltr'><strong>ne</strong></span> <span class='ocrx_word' id='word_1_150' title='bbox 361 1602 439 1643; x_wconf 89' lang='lat' dir='ltr'><strong>quid</strong></span> <span class='ocrx_word' id='word_1_151' title='bbox 455 1603 633 1644; x_wconf 85' lang='lat' dir='ltr'><strong>asperitatis</strong></span> <span class='ocrx_word' id='word_1_152' title='bbox 648 1602 681 1633; x_wconf 89' lang='lat' dir='ltr'><strong>in</strong></span> <span class='ocrx_word' id='word_1_153' title='bbox 699 1613 737 1633; x_wconf 89' lang='lat' dir='ltr'><strong>eo</strong></span> <span class='ocrx_word' id='word_1_154' title='bbox 756 1612 857 1634; x_wconf 86' lang='lat' dir='ltr'><strong>rema-</strong></span> 
     </span>
     <span class='ocr_line' id='line_1_28' title="bbox 110 1644 860 1688; baseline 0 -12"><span class='ocrx_word' id='word_1_155' title='bbox 110 1650 198 1683; x_wconf 82' lang='lat' dir='ltr'><strong>neat,</strong></span> <span class='ocrx_word' id='word_1_156' title='bbox 217 1644 377 1686; x_wconf 82' lang='lat' dir='ltr'><strong>unguibus</strong></span> <span class='ocrx_word' id='word_1_157' title='bbox 398 1650 595 1687; x_wconf 86' lang='lat' dir='ltr'><strong>percurrunt,</strong></span> <span class='ocrx_word' id='word_1_158' title='bbox 618 1650 809 1688; x_wconf 85' lang='lat' dir='ltr'><strong>pertentant,</strong></span> <span class='ocrx_word' id='word_1_159' title='bbox 827 1649 860 1676; x_wconf 86' lang='lat' dir='ltr'><strong>et</strong></span> 
     </span>
     <span class='ocr_line' id='line_1_29' title="bbox 113 1687 861 1730; baseline -0.003 -10"><span class='ocrx_word' id='word_1_160' title='bbox 113 1688 282 1730; x_wconf 80' lang='lat' dir='ltr'><strong>explorant</strong></span> <span class='ocrx_word' id='word_1_161' title='bbox 297 1699 304 1718; x_wconf 75' lang='grc' dir='ltr'><strong><em>ι</em></strong></span> <span class='ocrx_word' id='word_1_162' title='bbox 330 1687 372 1719; x_wconf 83' lang='lat' dir='ltr'><strong>cf.</strong></span> <span class='ocrx_word' id='word_1_163' title='bbox 385 1698 459 1730; x_wconf 88' lang='lat' dir='ltr'><strong>sup.</strong></span> <span class='ocrx_word' id='word_1_164' title='bbox 471 1687 511 1719; x_wconf 91' lang='lat' dir='ltr'><strong>ad</strong></span> <span class='ocrx_word' id='word_1_165' title='bbox 528 1689 596 1719; x_wconf 85' lang='lat' dir='ltr'><strong>Sat.</strong></span> <span class='ocrx_word' id='word_1_166' title='bbox 610 1689 633 1723; x_wconf 91' lang='lat' dir='ltr'><strong>i,</strong></span> <span class='ocrx_word' id='word_1_167' title='bbox 645 1689 677 1726; x_wconf 88' lang='lat'><strong>5,</strong></span> <span class='ocrx_word' id='word_1_168' title='bbox 694 1689 750 1719; x_wconf 84' lang='lat'><strong>32.</strong></span> <span class='ocrx_word' id='word_1_169' title='bbox 795 1688 861 1718; x_wconf 78' lang='lat' dir='ltr'><strong>‘Fea</strong></span> 
     </span>
     <span class='ocr_line' id='line_1_30' title="bbox 112 1730 863 1773; baseline -0.003 -11"><span class='ocrx_word' id='word_1_170' title='bbox 112 1730 283 1763; x_wconf 82' lang='lat' dir='ltr'><strong>lectionem</strong></span> <span class='ocrx_word' id='word_1_171' title='bbox 311 1730 497 1772; x_wconf 68' lang='lat' dir='ltr'><strong>Perfectum,</strong></span> <span class='ocrx_word' id='word_1_172' title='bbox 519 1741 588 1773; x_wconf 91' lang='lat' dir='ltr'><strong>pro,</strong></span> <span class='ocrx_word' id='word_1_173' title='bbox 616 1731 798 1762; x_wconf 79' lang='lat' dir='ltr'><strong>Praesectum</strong></span> <span class='ocrx_word' id='word_1_174' title='bbox 821 1730 863 1761; x_wconf 84' lang='lat' dir='ltr'><strong>ad</strong></span> 
     </span>
     <span class='ocr_line' id='line_1_31' title="bbox 112 1772 863 1816; baseline -0.003 -11"><span class='ocrx_word' id='word_1_175' title='bbox 112 1773 208 1805; x_wconf 82' lang='lat' dir='ltr'><strong>fidem</strong></span> <span class='ocrx_word' id='word_1_176' title='bbox 232 1772 372 1816; x_wconf 86' lang='lat' dir='ltr'><strong>plurium</strong></span> <span class='ocrx_word' id='word_1_177' title='bbox 399 1773 502 1805; x_wconf 88' lang='lat' dir='ltr'><strong>Codd.</strong></span> <span class='ocrx_word' id='word_1_178' title='bbox 532 1773 704 1808; x_wconf 85' lang='lat' dir='ltr'><strong>revocavit,</strong></span> <span class='ocrx_word' id='word_1_179' title='bbox 731 1781 764 1805; x_wconf 86' lang='lat' dir='ltr'><strong>et</strong></span> <span class='ocrx_word' id='word_1_180' title='bbox 792 1783 863 1804; x_wconf 87' lang='lat' dir='ltr'><strong>eam</strong></span> 
     </span>
     <span class='ocr_line' id='line_1_32' title="bbox 114 1815 765 1848; baseline -0.003 0"><span class='ocrx_word' id='word_1_181' title='bbox 114 1822 226 1848; x_wconf 85' lang='lat' dir='ltr'><strong>contra</strong></span> <span class='ocrx_word' id='word_1_182' title='bbox 242 1816 426 1848; x_wconf 86' lang='lat' dir='ltr'><strong>Bentleium</strong></span> <span class='ocrx_word' id='word_1_183' title='bbox 441 1826 526 1847; x_wconf 91' lang='lat' dir='ltr'><strong>more</strong></span> <span class='ocrx_word' id='word_1_184' title='bbox 541 1827 599 1847; x_wconf 93' lang='lat' dir='ltr'><strong>suo</strong></span> <span class='ocrx_word' id='word_1_185' title='bbox 613 1815 765 1848; x_wconf 82' lang='lat' dir='ltr'><strong>defendit.</strong></span> 
     </span>
    </p>

    <p class='ocr_par' dir='ltr' id='par_1_12' title="bbox 115 1858 867 2289">
     <span class='ocr_line' id='line_1_33' title="bbox 159 1858 862 1901; baseline -0.003 -10"><span class='ocrx_word' id='word_1_186' title='bbox 159 1859 347 1891; x_wconf 84' lang='lat'><strong>295-308.</strong></span> <span class='ocrx_word' id='word_1_187' title='bbox 362 1860 562 1901; x_wconf 83' lang='lat' dir='ltr'><strong>Proeceptum</strong></span> <span class='ocrx_word' id='word_1_188' title='bbox 577 1859 746 1890; x_wconf 86' lang='lat' dir='ltr'><strong>Decimum</strong></span> <span class='ocrx_word' id='word_1_189' title='bbox 757 1858 862 1901; x_wconf 88' lang='lat' dir='ltr'><strong>Septi·</strong></span> 
     </span>
     <span class='ocr_line' id='line_1_34' title="bbox 116 1903 863 1939; baseline -0.003 -5"><span class='ocrx_word' id='word_1_190' title='bbox 116 1912 227 1934; x_wconf 87' lang='lat' dir='ltr'><strong>mum:</strong></span> <span class='ocrx_word' id='word_1_191' title='bbox 264 1903 426 1939; x_wconf 78' lang='lat' dir='ltr'><strong>Horatius,</strong></span> <span class='ocrx_word' id='word_1_192' title='bbox 463 1904 663 1933; x_wconf 78' lang='lat' dir='ltr'><strong>alienissimus</strong></span> <span class='ocrx_word' id='word_1_193' title='bbox 692 1903 728 1933; x_wconf 84' lang='lat' dir='ltr'><strong>ab</strong></span> <span class='ocrx_word' id='word_1_194' title='bbox 761 1913 863 1932; x_wconf 78' lang='lat' dir='ltr'><strong>eorum</strong></span> 
     </span>
     <span class='ocr_line' id='line_1_35' title="bbox 115 1946 864 1987; baseline -0.003 -10"><span class='ocrx_word' id='word_1_195' title='bbox 115 1946 264 1982; x_wconf 67' lang='lat' dir='ltr'><strong>stultitia,</strong></span> <span class='ocrx_word' id='word_1_196' title='bbox 288 1947 342 1987; x_wconf 83' lang='lat' dir='ltr'><strong>qui</strong></span> <span class='ocrx_word' id='word_1_197' title='bbox 361 1946 463 1986; x_wconf 81' lang='lat' dir='ltr'><strong>poesin</strong></span> <span class='ocrx_word' id='word_1_198' title='bbox 485 1956 546 1976; x_wconf 82' lang='lat' dir='ltr'><strong>non</strong></span> <span class='ocrx_word' id='word_1_199' title='bbox 568 1952 634 1976; x_wconf 79' lang='lat' dir='ltr'><strong>arte</strong></span> <span class='ocrx_word' id='word_1_200' title='bbox 655 1951 684 1976; x_wconf 87' lang='lat' dir='ltr'><strong>et</strong></span> <span class='ocrx_word' id='word_1_201' title='bbox 712 1946 864 1982; x_wconf 85' lang='lat' dir='ltr'><strong>doctrina,</strong></span> 
     </span>
     <span class='ocr_line' id='line_1_36' title="bbox 116 1988 863 2030; baseline -0.004 -9"><span class='ocrx_word' id='word_1_202' title='bbox 116 1990 167 2021; x_wconf 71' lang='lat' dir='ltr'><strong>ud</strong></span> <span class='ocrx_word' id='word_1_203' title='bbox 180 1990 240 2020; x_wconf 76' lang='lat' dir='ltr'><strong>solo</strong></span> <span class='ocrx_word' id='word_1_204' title='bbox 255 1990 378 2030; x_wconf 73' lang='lat' dir='ltr'><strong>ingenio</strong></span> <span class='ocrx_word' id='word_1_205' title='bbox 391 1994 420 2019; x_wconf 80' lang='lat' dir='ltr'><strong>et</strong></span> <span class='ocrx_word' id='word_1_206' title='bbox 427 1988 541 2030; x_wconf 81' lang='lat' dir='ltr'><strong>furore</strong></span> <span class='ocrx_word' id='word_1_207' title='bbox 555 1989 668 2028; x_wconf 75' lang='lat' dir='ltr'><strong>poetico</strong></span> <span class='ocrx_word' id='word_1_208' title='bbox 680 1989 863 2023; x_wconf 80' lang='lat' dir='ltr'><strong>metiuntur,</strong></span> 
     </span>
     <span class='ocr_line' id='line_1_37' title="bbox 118 2031 865 2074; baseline -0.003 -11"><span class='ocrx_word' id='word_1_209' title='bbox 118 2032 237 2063; x_wconf 68' lang='lat' dir='ltr'><strong>mmalt</strong></span> <span class='ocrx_word' id='word_1_210' title='bbox 265 2033 380 2068; x_wconf 79' lang='lat' dir='ltr'><strong>docere,</strong></span> <span class='ocrx_word' id='word_1_211' title='bbox 410 2032 518 2072; x_wconf 81' lang='lat' dir='ltr'><strong>quibus</strong></span> <span class='ocrx_word' id='word_1_212' title='bbox 549 2032 700 2071; x_wconf 78' lang='lat' dir='ltr'><strong>praesidiis</strong></span> <span class='ocrx_word' id='word_1_213' title='bbox 725 2031 865 2074; x_wconf 78' lang='lat' dir='ltr'><strong>futurus</strong></span> 
     </span>
     <span class='ocr_line' id='line_1_38' title="bbox 117 2075 864 2116; baseline -0.003 -10"><span class='ocrx_word' id='word_1_214' title='bbox 117 2082 206 2116; x_wconf 77' lang='lat' dir='ltr'><strong>poeta</strong></span> <span class='ocrx_word' id='word_1_215' title='bbox 218 2075 390 2106; x_wconf 70' lang='lat' dir='ltr'><strong>instructus</strong></span> <span class='ocrx_word' id='word_1_216' title='bbox 403 2076 456 2105; x_wconf 82' lang='lat' dir='ltr'><strong>ad·</strong></span> <span class='ocrx_word' id='word_1_217' title='bbox 466 2075 568 2114; x_wconf 82' lang='lat' dir='ltr'><strong>poesin</strong></span> <span class='ocrx_word' id='word_1_218' title='bbox 589 2076 729 2105; x_wconf 82' lang='lat' dir='ltr'><strong>accedere</strong></span> <span class='ocrx_word' id='word_1_219' title='bbox 748 2075 864 2109; x_wconf 76' lang='lat' dir='ltr'><strong>debeat,</strong></span> 
     </span>
     <span class='ocr_line' id='line_1_39' title="bbox 118 2116 867 2159; baseline -0.004 -10"><span class='ocrx_word' id='word_1_220' title='bbox 118 2129 209 2159; x_wconf 77' lang='lat' dir='ltr'><strong>quam</strong></span> <span class='ocrx_word' id='word_1_221' title='bbox 221 2119 358 2148; x_wconf 77' lang='lat' dir='ltr'><strong>insanire</strong></span> <span class='ocrx_word' id='word_1_222' title='bbox 371 2128 440 2148; x_wconf 78' lang='lat' dir='ltr'><strong>cum</strong></span> <span class='ocrx_word' id='word_1_223' title='bbox 451 2117 684 2148; x_wconf 75' lang='lat' dir='ltr'><strong>insanientibus,</strong></span> <span class='ocrx_word' id='word_1_224' title='bbox 727 2116 867 2147; x_wconf 77' lang='lat' dir='ltr'><strong>Breviter</strong></span> 
     </span>
     <span class='ocr_line' id='line_1_40' title="bbox 119 2160 867 2203; baseline -0.001 -12"><span class='ocrx_word' id='word_1_225' title='bbox 119 2162 223 2203; x_wconf 76' lang='lat' dir='ltr'><strong>igitur</strong></span> <span class='ocrx_word' id='word_1_226' title='bbox 243 2161 311 2202; x_wconf 75' lang='lat' dir='ltr'><strong>agit</strong></span> <span class='ocrx_word' id='word_1_227' title='bbox 335 2161 374 2191; x_wconf 79' lang='lat' dir='ltr'><strong>de</strong></span> <span class='ocrx_word' id='word_1_228' title='bbox 399 2161 565 2190; x_wconf 79' lang='lat' dir='ltr'><strong>virtutibus</strong></span> <span class='ocrx_word' id='word_1_229' title='bbox 588 2171 652 2200; x_wconf 82' lang='lat' dir='ltr'><strong>quae</strong></span> <span class='ocrx_word' id='word_1_230' title='bbox 681 2160 718 2189; x_wconf 86' lang='lat' dir='ltr'><strong>ab</strong></span> <span class='ocrx_word' id='word_1_231' title='bbox 742 2170 785 2196; x_wconf 87' lang='lat' dir='ltr'><strong>eo,</strong></span> <span class='ocrx_word' id='word_1_232' title='bbox 814 2161 867 2200; x_wconf 81' lang='lat' dir='ltr'><strong>qui</strong></span> 
     </span>
     <span class='ocr_line' id='line_1_41' title="bbox 116 2203 866 2244; baseline -0.003 -10"><span class='ocrx_word' id='word_1_233' title='bbox 116 2209 210 2244; x_wconf 76' lang='lat' dir='ltr'><strong>poetae</strong></span> <span class='ocrx_word' id='word_1_234' title='bbox 233 2205 350 2234; x_wconf 76' lang='lat' dir='ltr'><strong>nomine</strong></span> <span class='ocrx_word' id='word_1_235' title='bbox 372 2213 401 2233; x_wconf 76' lang='lat' dir='ltr'><strong>se</strong></span> <span class='ocrx_word' id='word_1_236' title='bbox 417 2203 547 2243; x_wconf 79' lang='lat' dir='ltr'><strong>dignum</strong></span> <span class='ocrx_word' id='word_1_237' title='bbox 567 2204 692 2234; x_wconf 82' lang='lat' dir='ltr'><strong>reddere</strong></span> <span class='ocrx_word' id='word_1_238' title='bbox 710 2203 789 2239; x_wconf 82' lang='lat' dir='ltr'><strong>vult,</strong></span> <span class='ocrx_word' id='word_1_239' title='bbox 805 2203 866 2233; x_wconf 72' lang='lat' dir='ltr'><strong>ecci-</strong></span> 
     </span>
     <span class='ocr_line' id='line_1_42' title="bbox 118 2251 253 2289; baseline -0.007 -12"><span class='ocrx_word' id='word_1_240' title='bbox 118 2251 253 2289; x_wconf 77' lang='lat' dir='ltr'><strong>guntur.</strong></span> 
     </span>
    </p>

    <p class='ocr_par' dir='ltr' id='par_1_13' title="bbox 121 2286 875 2888">
     <span class='ocr_line' id='line_1_43' title="bbox 164 2286 867 2329; baseline -0.004 -9"><span class='ocrx_word' id='word_1_241' title='bbox 164 2288 349 2320; x_wconf 78' lang='lat'><strong>295—298.</strong></span> <span class='ocrx_word' id='word_1_242' title='bbox 366 2287 530 2329; x_wconf 80' lang='lat' dir='ltr'><strong>Ingenium</strong></span> <span class='ocrx_word' id='word_1_243' title='bbox 540 2289 658 2323; x_wconf 79' lang='lat' dir='ltr'><strong>misera,</strong></span> <span class='ocrx_word' id='word_1_244' title='bbox 671 2292 746 2319; x_wconf 89' lang='lat' dir='ltr'><strong>cett.</strong></span> <span class='ocrx_word' id='word_1_245' title='bbox 783 2286 867 2324; x_wconf 84' lang='lat' dir='ltr'><strong>Quia</strong></span> 
     </span>
     <span class='ocr_line' id='line_1_44' title="bbox 121 2330 869 2373; baseline -0.004 -10"><span class='ocrx_word' id='word_1_246' title='bbox 121 2330 337 2368; x_wconf 78' lang='lat' dir='ltr'><strong>Democritus,</strong></span> <span class='ocrx_word' id='word_1_247' title='bbox 359 2330 433 2373; x_wconf 89' lang='lat' dir='ltr'><strong>plus</strong></span> <span class='ocrx_word' id='word_1_248' title='bbox 461 2330 590 2372; x_wconf 86' lang='lat' dir='ltr'><strong>ingenio</strong></span> <span class='ocrx_word' id='word_1_249' title='bbox 618 2340 715 2372; x_wconf 85' lang='lat' dir='ltr'><strong>quam</strong></span> <span class='ocrx_word' id='word_1_250' title='bbox 746 2330 869 2361; x_wconf 85' lang='lat' dir='ltr'><strong>miserae</strong></span> 
     </span>
     <span class='ocr_line' id='line_1_45' title="bbox 122 2369 870 2415; baseline -0.004 -9"><span class='ocrx_word' id='word_1_251' title='bbox 122 2373 181 2406; x_wconf 79' lang='lat' dir='ltr'><strong>arti</strong></span> <span class='ocrx_word' id='word_1_252' title='bbox 196 2372 396 2406; x_wconf 71' lang='lat' dir='ltr'><strong>tribuendum</strong></span> <span class='ocrx_word' id='word_1_253' title='bbox 413 2383 484 2405; x_wconf 86' lang='lat' dir='ltr'><strong>esse</strong></span> <span class='ocrx_word' id='word_1_254' title='bbox 499 2383 644 2409; x_wconf 86' lang='lat' dir='ltr'><strong>censens,</strong></span> <span class='ocrx_word' id='word_1_255' title='bbox 660 2383 714 2404; x_wconf 88' lang='lat' dir='ltr'><strong>eos</strong></span> <span class='ocrx_word' id='word_1_256' title='bbox 730 2369 786 2415; x_wconf 89' lang='lat' dir='ltr'><strong>qui</strong></span> <span class='ocrx_word' id='word_1_257' title='bbox 805 2382 870 2404; x_wconf 89' lang='lat' dir='ltr'><strong>non</strong></span> 
     </span>
     <span class='ocr_line' id='line_1_46' title="bbox 121 2415 870 2448; baseline -0.003 0"><span class='ocrx_word' id='word_1_258' title='bbox 121 2415 286 2448; x_wconf 64' lang='lat' dir='ltr'><strong>inaniunt</strong></span> <span class='ocrx_word' id='word_1_259' title='bbox 305 2426 324 2447; x_wconf 90' lang='lat' dir='ltr'><strong>a</strong></span> <span class='ocrx_word' id='word_1_260' title='bbox 344 2415 575 2448; x_wconf 87' lang='lat' dir='ltr'><strong>consuetudine</strong></span> <span class='ocrx_word' id='word_1_261' title='bbox 593 2426 666 2447; x_wconf 91' lang='lat' dir='ltr'><strong>cum</strong></span> <span class='ocrx_word' id='word_1_262' title='bbox 686 2415 792 2447; x_wconf 86' lang='lat' dir='ltr'><strong>Musis</strong></span> <span class='ocrx_word' id='word_1_263' title='bbox 816 2425 870 2447; x_wconf 92' lang='lat' dir='ltr'><strong>co-</strong></span> 
     </span>
     <span class='ocr_line' id='line_1_47' title="bbox 121 2458 870 2502; baseline -0.004 -10"><span class='ocrx_word' id='word_1_264' title='bbox 121 2464 220 2496; x_wconf 83' lang='lat' dir='ltr'><strong>ercet,</strong></span> <span class='ocrx_word' id='word_1_265' title='bbox 233 2460 317 2491; x_wconf 82' lang='lat' dir='ltr'><strong>bona</strong></span> <span class='ocrx_word' id='word_1_266' title='bbox 328 2469 400 2501; x_wconf 87' lang='lat' dir='ltr'><strong>pars</strong></span> <span class='ocrx_word' id='word_1_267' title='bbox 414 2463 578 2502; x_wconf 85' lang='lat' dir='ltr'><strong>poetarum</strong></span> <span class='ocrx_word' id='word_1_268' title='bbox 589 2465 719 2490; x_wconf 82' lang='lat' dir='ltr'><strong>externo</strong></span> <span class='ocrx_word' id='word_1_269' title='bbox 731 2458 870 2500; x_wconf 88' lang='lat' dir='ltr'><strong>corporis</strong></span> 
     </span>
     <span class='ocr_line' id='line_1_48' title="bbox 123 2501 869 2537; baseline -0.003 -3"><span class='ocrx_word' id='word_1_270' title='bbox 123 2502 214 2537; x_wconf 83' lang='lat' dir='ltr'><strong>cultu</strong></span> <span class='ocrx_word' id='word_1_271' title='bbox 236 2507 270 2534; x_wconf 85' lang='lat' dir='ltr'><strong>et</strong></span> <span class='ocrx_word' id='word_1_272' title='bbox 290 2501 432 2534; x_wconf 89' lang='lat' dir='ltr'><strong>moribus</strong></span> <span class='ocrx_word' id='word_1_273' title='bbox 453 2501 618 2532; x_wconf 86' lang='lat' dir='ltr'><strong>hominum</strong></span> <span class='ocrx_word' id='word_1_274' title='bbox 640 2501 750 2533; x_wconf 85' lang='lat' dir='ltr'><strong>oculos</strong></span> <span class='ocrx_word' id='word_1_275' title='bbox 774 2501 815 2532; x_wconf 87' lang='lat' dir='ltr'><strong>ad</strong></span> <span class='ocrx_word' id='word_1_276' title='bbox 835 2511 869 2533; x_wconf 88' lang='lat' dir='ltr'><strong>se</strong></span> 
     </span>
     <span class='ocr_line' id='line_1_49' title="bbox 123 2543 869 2586; baseline -0.004 -9"><span class='ocrx_word' id='word_1_277' title='bbox 123 2545 284 2577; x_wconf 78' lang='lat' dir='ltr'><strong>advertere</strong></span> <span class='ocrx_word' id='word_1_278' title='bbox 296 2544 420 2583; x_wconf 85' lang='lat' dir='ltr'><strong>studet;</strong></span> <span class='ocrx_word' id='word_1_279' title='bbox 444 2554 509 2575; x_wconf 92' lang='lat' dir='ltr'><strong>non</strong></span> <span class='ocrx_word' id='word_1_280' title='bbox 524 2554 649 2586; x_wconf 86' lang='lat' dir='ltr'><strong>ungues</strong></span> <span class='ocrx_word' id='word_1_281' title='bbox 663 2543 869 2580; x_wconf 85' lang='lat' dir='ltr'><strong>desecandos,</strong></span> 
     </span>
     <span class='ocr_line' id='line_1_50' title="bbox 124 2586 871 2628; baseline -0.004 -8"><span class='ocrx_word' id='word_1_282' title='bbox 124 2597 188 2620; x_wconf 82' lang='lat' dir='ltr'><strong>non</strong></span> <span class='ocrx_word' id='word_1_283' title='bbox 205 2587 336 2619; x_wconf 81' lang='lat' dir='ltr'><strong>barbam</strong></span> <span class='ocrx_word' id='word_1_284' title='bbox 350 2586 572 2618; x_wconf 76' lang='lat' dir='ltr'><strong>demetendam</strong></span> <span class='ocrx_word' id='word_1_285' title='bbox 583 2591 693 2626; x_wconf 83' lang='lat' dir='ltr'><strong>curat3</strong></span> <span class='ocrx_word' id='word_1_286' title='bbox 711 2586 823 2628; x_wconf 86' lang='lat' dir='ltr'><strong>recipit</strong></span> <span class='ocrx_word' id='word_1_287' title='bbox 837 2596 871 2618; x_wconf 89' lang='lat' dir='ltr'><strong>se</strong></span> 
     </span>
     <span class='ocr_line' id='line_1_51' title="bbox 125 2629 873 2670; baseline -0.003 -8"><span class='ocrx_word' id='word_1_288' title='bbox 125 2630 159 2662; x_wconf 87' lang='lat' dir='ltr'><strong>in</strong></span> <span class='ocrx_word' id='word_1_289' title='bbox 181 2631 253 2662; x_wconf 86' lang='lat' dir='ltr'><strong>loca</strong></span> <span class='ocrx_word' id='word_1_290' title='bbox 269 2630 338 2662; x_wconf 85' lang='lat' dir='ltr'><strong>sola</strong></span> <span class='ocrx_word' id='word_1_291' title='bbox 353 2635 385 2661; x_wconf 89' lang='lat' dir='ltr'><strong>et</strong></span> <span class='ocrx_word' id='word_1_292' title='bbox 403 2634 534 2665; x_wconf 86' lang='lat' dir='ltr'><strong>secreta,</strong></span> <span class='ocrx_word' id='word_1_293' title='bbox 554 2634 586 2660; x_wconf 89' lang='lat' dir='ltr'><strong>et</strong></span> <span class='ocrx_word' id='word_1_294' title='bbox 604 2629 677 2661; x_wconf 85' lang='lat' dir='ltr'><strong>loca</strong></span> <span class='ocrx_word' id='word_1_295' title='bbox 694 2629 873 2670; x_wconf 80' lang='lat' dir='ltr'><strong>frequentia</strong></span> 
     </span>
     <span class='ocr_line' id='line_1_52' title="bbox 125 2671 872 2715; baseline -0.003 -11"><span class='ocrx_word' id='word_1_296' title='bbox 125 2672 219 2715; x_wconf 76' lang='lat' dir='ltr'><strong>fugit.</strong></span> <span class='ocrx_word' id='word_1_297' title='bbox 263 2674 334 2710; x_wconf 77' lang='lat' dir='ltr'><strong>Ars,</strong></span> <span class='ocrx_word' id='word_1_298' title='bbox 361 2671 428 2704; x_wconf 85' lang='lat' dir='ltr'><strong>sive</strong></span> <span class='ocrx_word' id='word_1_299' title='bbox 457 2671 613 2709; x_wconf 89' lang='lat' dir='ltr'><strong>doctrina,</strong></span> <span class='ocrx_word' id='word_1_300' title='bbox 642 2671 735 2713; x_wconf 85' lang='lat' dir='ltr'><strong>quasi</strong></span> <span class='ocrx_word' id='word_1_301' title='bbox 760 2681 872 2713; x_wconf 87' lang='lat' dir='ltr'><strong>parum</strong></span> 
     </span>
     <span class='ocr_line' id='line_1_53' title="bbox 122 2714 873 2765; baseline -0.004 -17"><span class='ocrx_word' id='word_1_302' title='bbox 122 2715 215 2765; x_wconf 79' lang='lat' dir='ltr'><strong>juvet</strong></span> <span class='ocrx_word' id='word_1_303' title='bbox 232 2721 343 2758; x_wconf 79' lang='lat' dir='ltr'><strong>poetas</strong></span> <span class='ocrx_word' id='word_1_304' title='bbox 364 2714 425 2746; x_wconf 85' lang='lat' dir='ltr'><strong>nisi</strong></span> <span class='ocrx_word' id='word_1_305' title='bbox 448 2716 606 2757; x_wconf 83' lang='lat' dir='ltr'><strong>ingenium</strong></span> <span class='ocrx_word' id='word_1_306' title='bbox 628 2714 808 2750; x_wconf 82' lang='lat' dir='ltr'><strong>accesserit,</strong></span> <span class='ocrx_word' id='word_1_307' title='bbox 832 2715 873 2746; x_wconf 90' lang='lat' dir='ltr'><strong>ab</strong></span> 
     </span>
     <span class='ocr_line' id='line_1_54' title="bbox 125 2757 875 2802; baseline -0.001 -12"><span class='ocrx_word' id='word_1_308' title='bbox 125 2758 167 2791; x_wconf 75' lang='lat' dir='ltr'><strong>iis</strong></span> <span class='ocrx_word' id='word_1_309' title='bbox 194 2758 355 2802; x_wconf 66' lang='lat' dir='ltr'><strong>praecipue</strong></span> <span class='ocrx_word' id='word_1_310' title='bbox 385 2757 439 2799; x_wconf 92' lang='lat' dir='ltr'><strong>qui</strong></span> <span class='ocrx_word' id='word_1_311' title='bbox 469 2757 566 2789; x_wconf 88' lang='lat' dir='ltr'><strong>unice</strong></span> <span class='ocrx_word' id='word_1_312' title='bbox 591 2757 713 2799; x_wconf 84' lang='lat' dir='ltr'><strong>jactare</strong></span> <span class='ocrx_word' id='word_1_313' title='bbox 741 2763 875 2799; x_wconf 83' lang='lat' dir='ltr'><strong>possunt</strong></span> 
     </span>
     <span class='ocr_line' id='line_1_55' title="bbox 125 2800 873 2841; baseline -0.003 -9"><span class='ocrx_word' id='word_1_314' title='bbox 125 2801 159 2832; x_wconf 84' lang='lat' dir='ltr'><strong>iu</strong></span> <span class='ocrx_word' id='word_1_315' title='bbox 181 2800 303 2838; x_wconf 86' lang='lat' dir='ltr'><strong>eninm,</strong></span> <span class='ocrx_word' id='word_1_316' title='bbox 327 2800 511 2832; x_wconf 83' lang='lat' dir='ltr'><strong>contemtim</strong></span> <span class='ocrx_word' id='word_1_317' title='bbox 533 2802 640 2831; x_wconf 77' lang='lat' dir='ltr'><strong>misera</strong></span> <span class='ocrx_word' id='word_1_318' title='bbox 657 2801 746 2841; x_wconf 88' lang='lat' dir='ltr'><strong>(nos,</strong></span> <span class='ocrx_word' id='word_1_319' title='bbox 761 2811 873 2831; x_wconf 81' lang='lat' dir='ltr'><strong>armse-</strong></span> 
     </span>
     <span class='ocr_line' id='line_1_56' title="bbox 128 2842 872 2888; baseline -0.001 -12"><span class='ocrx_word' id='word_1_320' title='bbox 128 2845 173 2888; x_wconf 74' lang='lat' dir='ltr'><strong>lig</strong></span> <span class='ocrx_word' id='word_1_321' title='bbox 214 2843 341 2879; x_wconf 85' lang='lat' dir='ltr'><strong>dicitur.</strong></span> <span class='ocrx_word' id='word_1_322' title='bbox 363 2843 411 2875; x_wconf 88' lang='lat' dir='ltr'><strong>uti</strong></span> <span class='ocrx_word' id='word_1_323' title='bbox 432 2843 496 2875; x_wconf 83' lang='lat' dir='ltr'><strong>fere</strong></span> <span class='ocrx_word' id='word_1_324' title='bbox 518 2853 590 2885; x_wconf 90' lang='lat' dir='ltr'><strong>sup.</strong></span> <span class='ocrx_word' id='word_1_325' title='bbox 613 2843 681 2874; x_wconf 81' lang='lat' dir='ltr'><strong>Sat.</strong></span> <span class='ocrx_word' id='word_1_326' title='bbox 704 2842 738 2879; x_wconf 79' lang='lat' dir='ltr'><strong>ii,</strong></span> <span class='ocrx_word' id='word_1_327' title='bbox 762 2844 794 2881; x_wconf 92' lang='lat'><strong>8,</strong></span> <span class='ocrx_word' id='word_1_328' title='bbox 822 2845 872 2883; x_wconf 85' lang='lat'><strong>18,</strong></span> 
     </span>
    </p>
   </div>
   <div class='ocr_carea' id='block_1_11' title="bbox 901 1472 1667 2886">
    <p class='ocr_par' dir='ltr' id='par_1_14' title="bbox 901 1472 1667 2886">
     <span class='ocr_line' id='line_1_57' title="bbox 901 1472 1651 1516; baseline 0 -12"><span class='ocrx_word' id='word_1_329' title='bbox 901 1473 984 1505; x_wconf 88' lang='lat' dir='ltr'><strong>hanc</strong></span> <span class='ocrx_word' id='word_1_330' title='bbox 1014 1485 1081 1506; x_wconf 88' lang='lat' dir='ltr'><strong>rem</strong></span> <span class='ocrx_word' id='word_1_331' title='bbox 1110 1474 1178 1516; x_wconf 86' lang='lat' dir='ltr'><strong>jam</strong></span> <span class='ocrx_word' id='word_1_332' title='bbox 1212 1473 1388 1505; x_wconf 86' lang='lat' dir='ltr'><strong>Lambinus</strong></span> <span class='ocrx_word' id='word_1_333' title='bbox 1412 1472 1519 1504; x_wconf 86' lang='lat' dir='ltr'><strong>attulit</strong></span> <span class='ocrx_word' id='word_1_334' title='bbox 1544 1473 1651 1504; x_wconf 88' lang='lat' dir='ltr'><strong>locum</strong></span> 
     </span>
     <span class='ocr_line' id='line_1_58' title="bbox 902 1517 1651 1559; baseline -0.001 -11"><span class='ocrx_word' id='word_1_335' title='bbox 902 1517 1068 1549; x_wconf 86' lang='lat' dir='ltr'><strong>Ciceronis</strong></span> <span class='ocrx_word' id='word_1_336' title='bbox 1084 1518 1164 1548; x_wconf 89' lang='lat' dir='ltr'><strong>Div.</strong></span> <span class='ocrx_word' id='word_1_337' title='bbox 1179 1518 1202 1553; x_wconf 91' lang='lat' dir='ltr'><strong>i,</strong></span> <span class='ocrx_word' id='word_1_338' title='bbox 1219 1518 1273 1555; x_wconf 88' lang='lat'><strong>37,</strong></span> <span class='ocrx_word' id='word_1_339' title='bbox 1292 1517 1393 1559; x_wconf 83' lang='lat' dir='ltr'><strong>Negat</strong></span> <span class='ocrx_word' id='word_1_340' title='bbox 1409 1519 1502 1553; x_wconf 85' lang='lat' dir='ltr'><strong>enim,</strong></span> <span class='ocrx_word' id='word_1_341' title='bbox 1517 1517 1651 1559; x_wconf 77' lang='lat' dir='ltr'><strong>sinefu-</strong></span> 
     </span>
     <span class='ocr_line' id='line_1_59' title="bbox 901 1561 1651 1601; baseline 0.001 -11"><span class='ocrx_word' id='word_1_342' title='bbox 901 1571 981 1596; x_wconf 81' lang='lat' dir='ltr'><strong>rore,</strong></span> <span class='ocrx_word' id='word_1_343' title='bbox 1005 1561 1198 1592; x_wconf 76' lang='lat' dir='ltr'><strong>Democritus</strong></span> <span class='ocrx_word' id='word_1_344' title='bbox 1219 1571 1397 1601; x_wconf 83' lang='lat' dir='ltr'><strong>quemquam</strong></span> <span class='ocrx_word' id='word_1_345' title='bbox 1417 1571 1563 1601; x_wconf 82' lang='lat' dir='ltr'><strong>magnum</strong></span> <span class='ocrx_word' id='word_1_346' title='bbox 1582 1571 1651 1600; x_wconf 85' lang='lat' dir='ltr'><strong>poe-</strong></span> 
     </span>
     <span class='ocr_line' id='line_1_60' title="bbox 902 1602 1652 1644; baseline 0 -11"><span class='ocrx_word' id='word_1_347' title='bbox 902 1609 964 1633; x_wconf 80' lang='lat' dir='ltr'><strong>tam</strong></span> <span class='ocrx_word' id='word_1_348' title='bbox 994 1614 1052 1635; x_wconf 75' lang='lat' dir='ltr'><strong>esse</strong></span> <span class='ocrx_word' id='word_1_349' title='bbox 1081 1614 1172 1644; x_wconf 87' lang='lat' dir='ltr'><strong>posse.</strong></span> <span class='ocrx_word' id='word_1_350' title='bbox 1226 1602 1317 1634; x_wconf 88' lang='lat' dir='ltr'><strong>Idem</strong></span> <span class='ocrx_word' id='word_1_351' title='bbox 1346 1602 1386 1634; x_wconf 86' lang='lat' dir='ltr'><strong>de</strong></span> <span class='ocrx_word' id='word_1_352' title='bbox 1418 1603 1507 1634; x_wconf 88' lang='lat' dir='ltr'><strong>Orat.</strong></span> <span class='ocrx_word' id='word_1_353' title='bbox 1536 1603 1570 1638; x_wconf 89' lang='lat' dir='ltr'><strong>ii,</strong></span> <span class='ocrx_word' id='word_1_354' title='bbox 1597 1604 1652 1639; x_wconf 88' lang='lat'><strong>46,</strong></span> 
     </span>
     <span class='ocr_line' id='line_1_61' title="bbox 903 1646 1653 1687; baseline 0 -11"><span class='ocrx_word' id='word_1_355' title='bbox 903 1646 985 1686; x_wconf 79' lang='lat' dir='ltr'><strong>Saepe</strong></span> <span class='ocrx_word' id='word_1_356' title='bbox 1000 1648 1080 1677; x_wconf 84' lang='lat' dir='ltr'><strong>enim</strong></span> <span class='ocrx_word' id='word_1_357' title='bbox 1099 1647 1219 1682; x_wconf 80' lang='lat' dir='ltr'><strong>audivi,</strong></span> <span class='ocrx_word' id='word_1_358' title='bbox 1240 1653 1356 1687; x_wconf 83' lang='lat' dir='ltr'><strong>poetam</strong></span> <span class='ocrx_word' id='word_1_359' title='bbox 1376 1647 1483 1676; x_wconf 84' lang='lat' dir='ltr'><strong>bonum</strong></span> <span class='ocrx_word' id='word_1_360' title='bbox 1503 1647 1653 1677; x_wconf 81' lang='lat' dir='ltr'><strong>neminem</strong></span> 
     </span>
     <span class='ocr_line' id='line_1_62' title="bbox 905 1688 1655 1730; baseline 0.001 -12"><span class='ocrx_word' id='word_1_361' title='bbox 905 1689 954 1730; x_wconf 83' lang='lat' dir='ltr'><strong>(id</strong></span> <span class='ocrx_word' id='word_1_362' title='bbox 975 1691 1051 1730; x_wconf 82' lang='lat' dir='ltr'><strong>quod</strong></span> <span class='ocrx_word' id='word_1_363' title='bbox 1067 1701 1085 1719; x_wconf 87' lang='lat' dir='ltr'><strong>a</strong></span> <span class='ocrx_word' id='word_1_364' title='bbox 1105 1690 1277 1720; x_wconf 74' lang='lat' dir='ltr'><strong>Democrito</strong></span> <span class='ocrx_word' id='word_1_365' title='bbox 1291 1695 1319 1719; x_wconf 79' lang='lat' dir='ltr'><strong>et</strong></span> <span class='ocrx_word' id='word_1_366' title='bbox 1338 1688 1469 1718; x_wconf 80' lang='lat' dir='ltr'><strong>Platone</strong></span> <span class='ocrx_word' id='word_1_367' title='bbox 1483 1691 1518 1719; x_wconf 84' lang='lat' dir='ltr'><strong>in</strong></span> <span class='ocrx_word' id='word_1_368' title='bbox 1532 1690 1655 1728; x_wconf 79' lang='lat' dir='ltr'><strong>scriptis</strong></span> 
     </span>
     <span class='ocr_line' id='line_1_63' title="bbox 904 1731 1656 1772; baseline 0.003 -11"><span class='ocrx_word' id='word_1_369' title='bbox 904 1731 1048 1762; x_wconf 81' lang='lat' dir='ltr'><strong>relictum</strong></span> <span class='ocrx_word' id='word_1_370' title='bbox 1076 1742 1135 1762; x_wconf 83' lang='lat' dir='ltr'><strong>esse</strong></span> <span class='ocrx_word' id='word_1_371' title='bbox 1162 1732 1290 1770; x_wconf 76' lang='lat' dir='ltr'><strong>dicunt)</strong></span> <span class='ocrx_word' id='word_1_372' title='bbox 1319 1733 1384 1762; x_wconf 81' lang='lat' dir='ltr'><strong>sine</strong></span> <span class='ocrx_word' id='word_1_373' title='bbox 1416 1731 1656 1772; x_wconf 73' lang='lat' dir='ltr'><strong>inflammatione</strong></span> 
     </span>
     <span class='ocr_line' id='line_1_64' title="bbox 906 1775 1654 1814; baseline 0.001 -10"><span class='ocrx_word' id='word_1_374' title='bbox 906 1776 1079 1805; x_wconf 79' lang='lat' dir='ltr'><strong>animorum</strong></span> <span class='ocrx_word' id='word_1_375' title='bbox 1102 1775 1239 1805; x_wconf 58' lang='lat' dir='ltr'><strong>asistere</strong></span> <span class='ocrx_word' id='word_1_376' title='bbox 1261 1784 1353 1814; x_wconf 85' lang='lat' dir='ltr'><strong>posse,</strong></span> <span class='ocrx_word' id='word_1_377' title='bbox 1380 1780 1409 1804; x_wconf 86' lang='lat' dir='ltr'><strong>et</strong></span> <span class='ocrx_word' id='word_1_378' title='bbox 1433 1775 1498 1804; x_wconf 83' lang='lat' dir='ltr'><strong>sine</strong></span> <span class='ocrx_word' id='word_1_379' title='bbox 1526 1776 1654 1814; x_wconf 80' lang='lat' dir='ltr'><strong>quodam</strong></span> 
     </span>
     <span class='ocr_line' id='line_1_65' title="bbox 905 1815 1656 1858; baseline 0 -10"><span class='ocrx_word' id='word_1_380' title='bbox 905 1817 1015 1858; x_wconf 79' lang='lat' dir='ltr'><strong>afflatu</strong></span> <span class='ocrx_word' id='word_1_381' title='bbox 1044 1818 1130 1858; x_wconf 80' lang='lat' dir='ltr'><strong>quasi</strong></span> <span class='ocrx_word' id='word_1_382' title='bbox 1149 1816 1293 1858; x_wconf 59' lang='lat' dir='ltr'><strong>suroris.-</strong></span> <span class='ocrx_word' id='word_1_383' title='bbox 1332 1815 1374 1847; x_wconf 81' lang='lat' dir='ltr'><strong>cs.</strong></span> <span class='ocrx_word' id='word_1_384' title='bbox 1403 1816 1536 1847; x_wconf 82' lang='lat' dir='ltr'><strong>Aristot.</strong></span> <span class='ocrx_word' id='word_1_385' title='bbox 1563 1817 1656 1848; x_wconf 88' lang='lat' dir='ltr'><strong>Poet.</strong></span> 
     </span>
     <span class='ocr_line' id='line_1_66' title="bbox 906 1859 1654 1902; baseline 0 -12"><span class='ocrx_word' id='word_1_386' title='bbox 906 1869 936 1890; x_wconf 90' lang='lat' dir='ltr'><strong>c.</strong></span> <span class='ocrx_word' id='word_1_387' title='bbox 965 1861 1016 1892; x_wconf 86' lang='lat'><strong>16.</strong></span> <span class='ocrx_word' id='word_1_388' title='bbox 1061 1860 1228 1891; x_wconf 80' lang='lat' dir='ltr'><strong>Helicone:</strong></span> <span class='ocrx_word' id='word_1_389' title='bbox 1258 1859 1305 1891; x_wconf 64' lang='grc' dir='ltr'><strong>εἰ.</strong></span> <span class='ocrx_word' id='word_1_390' title='bbox 1333 1869 1406 1901; x_wconf 83' lang='lat' dir='ltr'><strong>sup.</strong></span> <span class='ocrx_word' id='word_1_391' title='bbox 1431 1859 1534 1902; x_wconf 82' lang='lat' dir='ltr'><strong>Epist.</strong></span> <span class='ocrx_word' id='word_1_392' title='bbox 1563 1859 1597 1896; x_wconf 88' lang='lat' dir='ltr'><strong>ii,</strong></span> <span class='ocrx_word' id='word_1_393' title='bbox 1625 1861 1654 1897; x_wconf 89' lang='lat' dir='ltr'><strong>l,</strong></span> 
     </span>
     <span class='ocr_line' id='line_1_67' title="bbox 950 1942 1656 1984; baseline 0.001 -9"><span class='ocrx_word' id='word_1_394' title='bbox 950 1946 1028 1977; x_wconf 85' lang='lat'><strong>298.</strong></span> <span class='ocrx_word' id='word_1_395' title='bbox 1046 1945 1176 1980; x_wconf 84' lang='lat' dir='ltr'><strong>Balnea,</strong></span> <span class='ocrx_word' id='word_1_396' title='bbox 1189 1942 1244 1974; x_wconf 89' lang='lat' dir='ltr'><strong>ubi</strong></span> <span class='ocrx_word' id='word_1_397' title='bbox 1256 1943 1405 1984; x_wconf 81' lang='lat' dir='ltr'><strong>frequens</strong></span> <span class='ocrx_word' id='word_1_398' title='bbox 1413 1948 1480 1975; x_wconf 86' lang='lat' dir='ltr'><strong>erat</strong></span> <span class='ocrx_word' id='word_1_399' title='bbox 1490 1943 1656 1976; x_wconf 86' lang='lat' dir='ltr'><strong>hominum</strong></span> 
     </span>
     <span class='ocr_line' id='line_1_68' title="bbox 907 1986 1656 2026; baseline 0.001 -8"><span class='ocrx_word' id='word_1_400' title='bbox 907 1993 1098 2019; x_wconf 89' lang='lat' dir='ltr'><strong>conventus.</strong></span> <span class='ocrx_word' id='word_1_401' title='bbox 1162 1987 1290 2018; x_wconf 85' lang='lat' dir='ltr'><strong>Poterat</strong></span> <span class='ocrx_word' id='word_1_402' title='bbox 1333 1986 1487 2017; x_wconf 88' lang='lat' dir='ltr'><strong>Horatius</strong></span> <span class='ocrx_word' id='word_1_403' title='bbox 1529 1987 1656 2026; x_wconf 86' lang='lat' dir='ltr'><strong>addere,</strong></span> 
     </span>
     <span class='ocr_line' id='line_1_69' title="bbox 909 2028 1656 2071; baseline -0.001 -9"><span class='ocrx_word' id='word_1_404' title='bbox 909 2035 932 2050; x_wconf 73' lang='lat'><strong>‘¹</strong></span> <span class='ocrx_word' id='word_1_405' title='bbox 946 2030 1056 2062; x_wconf 87' lang='lat' dir='ltr'><strong>vinum</strong></span> <span class='ocrx_word' id='word_1_406' title='bbox 1072 2030 1154 2062; x_wconf 81' lang='lat' dir='ltr'><strong>bibit</strong></span> <span class='ocrx_word' id='word_1_407' title='bbox 1166 2029 1197 2068; x_wconf 87' lang='lat'><strong>·,”</strong></span> <span class='ocrx_word' id='word_1_408' title='bbox 1222 2039 1293 2071; x_wconf 88' lang='lat' dir='ltr'><strong>sup.</strong></span> <span class='ocrx_word' id='word_1_409' title='bbox 1315 2028 1400 2060; x_wconf 88' lang='lat' dir='ltr'><strong>enim</strong></span> <span class='ocrx_word' id='word_1_410' title='bbox 1425 2029 1530 2071; x_wconf 87' lang='lat' dir='ltr'><strong>Epist.</strong></span> <span class='ocrx_word' id='word_1_411' title='bbox 1553 2029 1576 2068; x_wconf 85' lang='lat' dir='ltr'><strong>i,</strong></span> <span class='ocrx_word' id='word_1_412' title='bbox 1605 2031 1656 2067; x_wconf 86' lang='lat'><strong>19,</strong></span> 
     </span>
     <span class='ocr_line' id='line_1_70' title="bbox 909 2071 1659 2116; baseline 0.001 -12"><span class='ocrx_word' id='word_1_413' title='bbox 909 2075 930 2104; x_wconf 88' lang='lat'><strong>2</strong></span> <span class='ocrx_word' id='word_1_414' title='bbox 956 2084 1029 2116; x_wconf 88' lang='lat' dir='ltr'><strong>sqq.</strong></span> <span class='ocrx_word' id='word_1_415' title='bbox 1051 2083 1131 2108; x_wconf 83' lang='lat' dir='ltr'><strong>esse,</strong></span> <span class='ocrx_word' id='word_1_416' title='bbox 1154 2072 1210 2108; x_wconf 89' lang='lat' dir='ltr'><strong>ait,</strong></span> <span class='ocrx_word' id='word_1_417' title='bbox 1230 2071 1298 2113; x_wconf 83' lang='lat' dir='ltr'><strong>qui,</strong></span> <span class='ocrx_word' id='word_1_418' title='bbox 1322 2072 1414 2103; x_wconf 89' lang='lat' dir='ltr'><strong>modo</strong></span> <span class='ocrx_word' id='word_1_419' title='bbox 1434 2071 1568 2113; x_wconf 81' lang='lat' dir='ltr'><strong>largiore</strong></span> <span class='ocrx_word' id='word_1_420' title='bbox 1593 2074 1659 2105; x_wconf 89' lang='lat' dir='ltr'><strong>vini</strong></span> 
     </span>
     <span class='ocr_line' id='line_1_71' title="bbox 910 2114 1660 2158; baseline 0.001 -10"><span class='ocrx_word' id='word_1_421' title='bbox 910 2116 1028 2148; x_wconf 86' lang='lat' dir='ltr'><strong>haustu</strong></span> <span class='ocrx_word' id='word_1_422' title='bbox 1057 2114 1263 2158; x_wconf 88' lang='lat' dir='ltr'><strong>conceperint</strong></span> <span class='ocrx_word' id='word_1_423' title='bbox 1290 2114 1438 2153; x_wconf 84' lang='lat' dir='ltr'><strong>furorem,</strong></span> <span class='ocrx_word' id='word_1_424' title='bbox 1466 2125 1499 2146; x_wconf 83' lang='lat' dir='ltr'><strong>se</strong></span> <span class='ocrx_word' id='word_1_425' title='bbox 1526 2115 1660 2158; x_wconf 86' lang='lat' dir='ltr'><strong>pulchre</strong></span> 
     </span>
     <span class='ocr_line' id='line_1_72' title="bbox 910 2158 1571 2202; baseline -0.002 -12"><span class='ocrx_word' id='word_1_426' title='bbox 910 2164 1011 2202; x_wconf 85' lang='lat' dir='ltr'><strong>poetae</strong></span> <span class='ocrx_word' id='word_1_427' title='bbox 1026 2164 1130 2202; x_wconf 87' lang='lat' dir='ltr'><strong>partes</strong></span> <span class='ocrx_word' id='word_1_428' title='bbox 1143 2158 1270 2200; x_wconf 87' lang='lat' dir='ltr'><strong>explere</strong></span> <span class='ocrx_word' id='word_1_429' title='bbox 1285 2167 1376 2199; x_wconf 86' lang='lat' dir='ltr'><strong>posse</strong></span> <span class='ocrx_word' id='word_1_430' title='bbox 1391 2158 1571 2200; x_wconf 83' lang='lat' dir='ltr'><strong>opinentur.</strong></span> 
     </span>
     <span class='ocr_line' id='line_1_73' title="bbox 953 2201 1661 2238; baseline 0.003 -6"><span class='ocrx_word' id='word_1_431' title='bbox 953 2203 1030 2238; x_wconf 88' lang='grc'><strong>299,</strong></span> <span class='ocrx_word' id='word_1_432' title='bbox 1048 2202 1123 2232; x_wconf 91' lang='grc'><strong>300.</strong></span> <span class='ocrx_word' id='word_1_433' title='bbox 1148 2201 1353 2232; x_wconf 82' lang='lat' dir='ltr'><strong>Nanciscetur</strong></span> <span class='ocrx_word' id='word_1_434' title='bbox 1379 2203 1470 2238; x_wconf 82' lang='lat' dir='ltr'><strong>enim,</strong></span> <span class='ocrx_word' id='word_1_435' title='bbox 1498 2207 1572 2233; x_wconf 86' lang='lat' dir='ltr'><strong>cett.</strong></span> <span class='ocrx_word' id='word_1_436' title='bbox 1598 2202 1661 2234; x_wconf 85' lang='lat' dir='ltr'><strong>sci·</strong></span> 
     </span>
     <span class='ocr_line' id='line_1_74' title="bbox 911 2243 1661 2286; baseline 0.001 -10"><span class='ocrx_word' id='word_1_437' title='bbox 911 2244 998 2282; x_wconf 88' lang='lat' dir='ltr'><strong>licet,</strong></span> <span class='ocrx_word' id='word_1_438' title='bbox 1014 2243 1186 2275; x_wconf 88' lang='lat' dir='ltr'><strong>dummodo</strong></span> <span class='ocrx_word' id='word_1_439' title='bbox 1199 2244 1330 2274; x_wconf 86' lang='lat' dir='ltr'><strong>barbam</strong></span> <span class='ocrx_word' id='word_1_440' title='bbox 1342 2243 1460 2286; x_wconf 87' lang='lat' dir='ltr'><strong>aliquis</strong></span> <span class='ocrx_word' id='word_1_441' title='bbox 1473 2244 1661 2286; x_wconf 83' lang='lat' dir='ltr'><strong>promiserit,</strong></span> 
     </span>
     <span class='ocr_line' id='line_1_75' title="bbox 912 2286 1661 2329; baseline 0.001 -11"><span class='ocrx_word' id='word_1_442' title='bbox 912 2293 944 2319; x_wconf 87' lang='lat' dir='ltr'><strong>et</strong></span> <span class='ocrx_word' id='word_1_443' title='bbox 974 2287 1094 2329; x_wconf 86' lang='lat' dir='ltr'><strong>justam</strong></span> <span class='ocrx_word' id='word_1_444' title='bbox 1123 2286 1249 2318; x_wconf 85' lang='lat' dir='ltr'><strong>laudem</strong></span> <span class='ocrx_word' id='word_1_445' title='bbox 1283 2287 1451 2328; x_wconf 78' lang='lat' dir='ltr'><strong>(pretium)</strong></span> <span class='ocrx_word' id='word_1_446' title='bbox 1480 2292 1512 2318; x_wconf 88' lang='lat' dir='ltr'><strong>et</strong></span> <span class='ocrx_word' id='word_1_447' title='bbox 1546 2298 1661 2320; x_wconf 89' lang='lat' dir='ltr'><strong>nornen</strong></span> 
     </span>
     <span class='ocr_line' id='line_1_76' title="bbox 913 2329 1661 2372; baseline 0.003 -11"><span class='ocrx_word' id='word_1_448' title='bbox 913 2336 1014 2372; x_wconf 86' lang='lat' dir='ltr'><strong>poetae</strong></span> <span class='ocrx_word' id='word_1_449' title='bbox 1029 2329 1165 2372; x_wconf 85' lang='lat' dir='ltr'><strong>accipiet</strong></span> <span class='ocrx_word' id='word_1_450' title='bbox 1178 2341 1185 2368; x_wconf 92' lang='lat'>;</span> <span class='ocrx_word' id='word_1_451' title='bbox 1208 2329 1367 2371; x_wconf 86' lang='lat' dir='ltr'><strong>particula</strong></span> <span class='ocrx_word' id='word_1_452' title='bbox 1376 2332 1468 2364; x_wconf 83' lang='lat' dir='ltr'><strong>enim,</strong></span> <span class='ocrx_word' id='word_1_453' title='bbox 1485 2335 1521 2360; x_wconf 94' lang='lat' dir='ltr'><strong>ut</strong></span> <span class='ocrx_word' id='word_1_454' title='bbox 1534 2332 1661 2369; x_wconf 75' lang='lat' dir='ltr'><strong>scilicet,</strong></span> 
     </span>
     <span class='ocr_line' id='line_1_77' title="bbox 913 2372 1660 2408; baseline 0.001 -4"><span class='ocrx_word' id='word_1_455' title='bbox 913 2375 1067 2408; x_wconf 83' lang='lat' dir='ltr'><strong>videlicet,</strong></span> <span class='ocrx_word' id='word_1_456' title='bbox 1083 2375 1241 2408; x_wconf 77' lang='lat' dir='ltr'><strong>nimirum,</strong></span> <span class='ocrx_word' id='word_1_457' title='bbox 1259 2374 1359 2408; x_wconf 83' lang='lat' dir='ltr'><strong>credo,</strong></span> <span class='ocrx_word' id='word_1_458' title='bbox 1375 2372 1485 2403; x_wconf 84' lang='lat' dir='ltr'><strong>ironiae</strong></span> <span class='ocrx_word' id='word_1_459' title='bbox 1507 2372 1639 2405; x_wconf 88' lang='lat' dir='ltr'><strong>inservit</strong></span> <span class='ocrx_word' id='word_1_460' title='bbox 1653 2387 1660 2405; x_wconf 76' lang='lat' dir='ltr'><em>z</em></span> 
     </span>
     <span class='ocr_line' id='line_1_78' title="bbox 913 2415 1663 2458; baseline 0.001 -11"><span class='ocrx_word' id='word_1_461' title='bbox 913 2416 1076 2458; x_wconf 86' lang='lat' dir='ltr'><strong>vulgarem</strong></span> <span class='ocrx_word' id='word_1_462' title='bbox 1094 2415 1299 2452; x_wconf 88' lang='lat' dir='ltr'><strong>locutionem,</strong></span> <span class='ocrx_word' id='word_1_463' title='bbox 1321 2416 1451 2446; x_wconf 87' lang='lat' dir='ltr'><strong>barbam</strong></span> <span class='ocrx_word' id='word_1_464' title='bbox 1471 2416 1663 2457; x_wconf 82' lang='lat' dir='ltr'><strong>promittere,</strong></span> 
     </span>
     <span class='ocr_line' id='line_1_79' title="bbox 913 2457 1663 2501; baseline 0.001 -11"><span class='ocrx_word' id='word_1_465' title='bbox 913 2458 1038 2500; x_wconf 82' lang='lat' dir='ltr'><strong>egregie</strong></span> <span class='ocrx_word' id='word_1_466' title='bbox 1059 2463 1092 2490; x_wconf 93' lang='lat' dir='ltr'><strong>et</strong></span> <span class='ocrx_word' id='word_1_467' title='bbox 1113 2458 1214 2489; x_wconf 82' lang='lat' dir='ltr'><strong>multo</strong></span> <span class='ocrx_word' id='word_1_468' title='bbox 1240 2457 1388 2501; x_wconf 87' lang='lat' dir='ltr'><strong>adsperso</strong></span> <span class='ocrx_word' id='word_1_469' title='bbox 1413 2458 1479 2490; x_wconf 84' lang='lat' dir='ltr'><strong>sale</strong></span> <span class='ocrx_word' id='word_1_470' title='bbox 1511 2459 1663 2491; x_wconf 77' lang='lat' dir='ltr'><strong>Horatius</strong></span> 
     </span>
     <span class='ocr_line' id='line_1_80' title="bbox 913 2501 1661 2544; baseline 0.001 -12"><span class='ocrx_word' id='word_1_471' title='bbox 913 2502 1106 2544; x_wconf 79' lang='lat' dir='ltr'><strong>amplificat3</strong></span> <span class='ocrx_word' id='word_1_472' title='bbox 1129 2501 1276 2532; x_wconf 82' lang='lat' dir='ltr'><strong>insanum</strong></span> <span class='ocrx_word' id='word_1_473' title='bbox 1298 2506 1421 2543; x_wconf 88' lang='lat' dir='ltr'><strong>poetam</strong></span> <span class='ocrx_word' id='word_1_474' title='bbox 1443 2507 1536 2532; x_wconf 86' lang='lat' dir='ltr'><strong>vocat</strong></span> <span class='ocrx_word' id='word_1_475' title='bbox 1556 2509 1661 2541; x_wconf 78' lang='lat' dir='ltr'><strong>caput,</strong></span> 
     </span>
     <span class='ocr_line' id='line_1_81' title="bbox 913 2543 1663 2577; baseline 0.003 -2"><span class='ocrx_word' id='word_1_476' title='bbox 913 2545 966 2575; x_wconf 89' lang='lat' dir='ltr'><strong>cni</strong></span> <span class='ocrx_word' id='word_1_477' title='bbox 988 2545 1130 2576; x_wconf 87' lang='lat' dir='ltr'><strong>sanando</strong></span> <span class='ocrx_word' id='word_1_478' title='bbox 1147 2543 1201 2575; x_wconf 86' lang='lat' dir='ltr'><strong>vix</strong></span> <span class='ocrx_word' id='word_1_479' title='bbox 1223 2544 1420 2575; x_wconf 86' lang='lat' dir='ltr'><strong>helleborum</strong></span> <span class='ocrx_word' id='word_1_480' title='bbox 1439 2545 1490 2575; x_wconf 87' lang='lat' dir='ltr'><strong>vel</strong></span> <span class='ocrx_word' id='word_1_481' title='bbox 1508 2544 1541 2575; x_wconf 89' lang='lat' dir='ltr'><strong>in</strong></span> <span class='ocrx_word' id='word_1_482' title='bbox 1562 2546 1663 2577; x_wconf 87' lang='lat' dir='ltr'><strong>tribus</strong></span> 
     </span>
     <span class='ocr_line' id='line_1_82' title="bbox 914 2586 1663 2629; baseline 0.001 -11"><span class='ocrx_word' id='word_1_483' title='bbox 914 2587 1040 2624; x_wconf 90' lang='lat' dir='ltr'><strong>insulis,</strong></span> <span class='ocrx_word' id='word_1_484' title='bbox 1071 2587 1098 2618; x_wconf 90' lang='lat' dir='ltr'><strong>si</strong></span> <span class='ocrx_word' id='word_1_485' title='bbox 1127 2592 1190 2618; x_wconf 90' lang='lat' dir='ltr'><strong>tres</strong></span> <span class='ocrx_word' id='word_1_486' title='bbox 1216 2592 1332 2621; x_wconf 84' lang='lat' dir='ltr'><strong>essent,</strong></span> <span class='ocrx_word' id='word_1_487' title='bbox 1361 2586 1525 2629; x_wconf 87' lang='lat' dir='ltr'><strong>Anticyris</strong></span> <span class='ocrx_word' id='word_1_488' title='bbox 1553 2594 1663 2619; x_wconf 85' lang='lat' dir='ltr'><strong>natum</strong></span> 
     </span>
     <span class='ocr_line' id='line_1_83' title="bbox 914 2630 1664 2671; baseline 0.003 -11"><span class='ocrx_word' id='word_1_489' title='bbox 914 2630 1083 2666; x_wconf 87' lang='lat' dir='ltr'><strong>sufficeret,</strong></span> <span class='ocrx_word' id='word_1_490' title='bbox 1099 2630 1155 2671; x_wconf 84' lang='lat' dir='ltr'><strong>qui</strong></span> <span class='ocrx_word' id='word_1_491' title='bbox 1169 2635 1267 2671; x_wconf 84' lang='lat' dir='ltr'><strong>caput</strong></span> <span class='ocrx_word' id='word_1_492' title='bbox 1280 2639 1352 2661; x_wconf 89' lang='lat' dir='ltr'><strong>vero</strong></span> <span class='ocrx_word' id='word_1_493' title='bbox 1365 2640 1528 2671; x_wconf 87' lang='lat' dir='ltr'><strong>nunquam</strong></span> <span class='ocrx_word' id='word_1_494' title='bbox 1543 2631 1664 2662; x_wconf 87' lang='lat' dir='ltr'><strong>tonderi</strong></span> 
     </span>
     <span class='ocr_line' id='line_1_84' title="bbox 916 2672 1664 2720; baseline 0.004 -17"><span class='ocrx_word' id='word_1_495' title='bbox 916 2672 1036 2720; x_wconf 85' lang='lat' dir='ltr'><strong>patitur</strong></span> <span class='ocrx_word' id='word_1_496' title='bbox 1069 2672 1143 2714; x_wconf 89' lang='lat' dir='ltr'><strong>(qui</strong></span> <span class='ocrx_word' id='word_1_497' title='bbox 1177 2673 1309 2704; x_wconf 87' lang='lat' dir='ltr'><strong>barbam</strong></span> <span class='ocrx_word' id='word_1_498' title='bbox 1342 2673 1527 2715; x_wconf 88' lang='lat' dir='ltr'><strong>promittit),</strong></span> <span class='ocrx_word' id='word_1_499' title='bbox 1562 2673 1664 2706; x_wconf 80' lang='lat' dir='ltr'><strong>facete</strong></span> 
     </span>
     <span class='ocr_line' id='line_1_85' title="bbox 915 2715 1662 2756; baseline 0.003 -10"><span class='ocrx_word' id='word_1_500' title='bbox 915 2715 995 2746; x_wconf 73' lang='lat' dir='ltr'><strong>illud</strong></span> <span class='ocrx_word' id='word_1_501' title='bbox 1013 2727 1170 2756; x_wconf 75' lang='lat' dir='ltr'><strong>nunquam</strong></span> <span class='ocrx_word' id='word_1_502' title='bbox 1192 2717 1305 2747; x_wconf 81' lang='lat' dir='ltr'><strong>tonsori</strong></span> <span class='ocrx_word' id='word_1_503' title='bbox 1323 2717 1504 2747; x_wconf 82' lang='lat' dir='ltr'><strong>committere</strong></span> <span class='ocrx_word' id='word_1_504' title='bbox 1523 2716 1662 2748; x_wconf 80' lang='lat' dir='ltr'><strong>dicitur:</strong></span> 
     </span>
     <span class='ocr_line' id='line_1_86' title="bbox 917 2758 1664 2801; baseline 0.003 -13"><span class='ocrx_word' id='word_1_505' title='bbox 917 2758 1017 2790; x_wconf 79' lang='lat' dir='ltr'><strong>obiter</strong></span> <span class='ocrx_word' id='word_1_506' title='bbox 1033 2758 1126 2789; x_wconf 83' lang='lat' dir='ltr'><strong>simul</strong></span> <span class='ocrx_word' id='word_1_507' title='bbox 1142 2768 1271 2801; x_wconf 86' lang='lat' dir='ltr'><strong>carpere</strong></span> <span class='ocrx_word' id='word_1_508' title='bbox 1287 2759 1441 2790; x_wconf 84' lang='lat' dir='ltr'><strong>Horatius</strong></span> <span class='ocrx_word' id='word_1_509' title='bbox 1453 2759 1578 2790; x_wconf 85' lang='lat' dir='ltr'><strong>videtur</strong></span> <span class='ocrx_word' id='word_1_510' title='bbox 1595 2765 1664 2790; x_wconf 92' lang='lat' dir='ltr'><strong>ton-</strong></span> 
     </span>
     <span class='ocr_line' id='line_1_87' title="bbox 916 2801 1667 2843; baseline 0.001 -11"><span class='ocrx_word' id='word_1_511' title='bbox 916 2811 1019 2832; x_wconf 88' lang='lat' dir='ltr'><strong>sorem</strong></span> <span class='ocrx_word' id='word_1_512' title='bbox 1041 2801 1202 2843; x_wconf 86' lang='lat' dir='ltr'><strong>quendam</strong></span> <span class='ocrx_word' id='word_1_513' title='bbox 1225 2802 1386 2837; x_wconf 88' lang='lat' dir='ltr'><strong>Licinum,</strong></span> <span class='ocrx_word' id='word_1_514' title='bbox 1410 2802 1480 2843; x_wconf 87' lang='lat' dir='ltr'><strong>qui,</strong></span> <span class='ocrx_word' id='word_1_515' title='bbox 1500 2807 1536 2832; x_wconf 92' lang='lat' dir='ltr'><strong>ut</strong></span> <span class='ocrx_word' id='word_1_516' title='bbox 1560 2807 1667 2833; x_wconf 81' lang='lat' dir='ltr'><strong>narrat</strong></span> 
     </span>
     <span class='ocr_line' id='line_1_88' title="bbox 918 2844 1665 2886; baseline -0.001 -10"><span class='ocrx_word' id='word_1_517' title='bbox 918 2844 995 2876; x_wconf 82' lang='lat' dir='ltr'><strong>Vet.</strong></span> <span class='ocrx_word' id='word_1_518' title='bbox 1026 2844 1134 2876; x_wconf 87' lang='lat' dir='ltr'><strong>Schol.</strong></span> <span class='ocrx_word' id='word_1_519' title='bbox 1173 2844 1287 2886; x_wconf 86' lang='lat' dir='ltr'><strong>Cruq.,</strong></span> <span class='ocrx_word' id='word_1_520' title='bbox 1323 2846 1401 2885; x_wconf 81' lang='lat' dir='ltr'><strong>quod</strong></span> <span class='ocrx_word' id='word_1_521' title='bbox 1431 2847 1537 2876; x_wconf 78' lang='lat' dir='ltr'><strong>odisset</strong></span> <span class='ocrx_word' id='word_1_522' title='bbox 1575 2845 1665 2875; x_wconf 89' lang='lat' dir='ltr'><strong>Pom-</strong></span> 
     </span>
    </p>
   </div>
   <div class='ocr_carea' id='block_1_12' title="bbox 127 2885 1666 2971">
    <p class='ocr_par' dir='ltr' id='par_1_15' title="bbox 127 2885 1666 2971">
     <span class='ocr_line' id='line_1_89' title="bbox 127 2885 1666 2930; baseline 0.001 -12"><span class='ocrx_word' id='word_1_523' title='bbox 127 2888 242 2920; x_wconf 72' lang='lat' dir='ltr'><strong>dz&#39;vitz‘ae</strong></span> <span class='ocrx_word' id='word_1_524' title='bbox 261 2885 399 2918; x_wconf 86' lang='lat' dir='ltr'><strong>hominis</strong></span> <span class='ocrx_word' id='word_1_525' title='bbox 417 2885 504 2918; x_wconf 85' lang='lat' dir='ltr'><strong>avari</strong></span> <span class='ocrx_word' id='word_1_526' title='bbox 522 2888 646 2917; x_wconf 82' lang='lat' dir='ltr'><strong>miserae.</strong></span> <span class='ocrx_word' id='word_1_527' title='bbox 690 2885 795 2922; x_wconf 80' lang='lat' dir='ltr'><strong>Sanos,</strong></span> <span class='ocrx_word' id='word_1_528' title='bbox 819 2896 873 2919; x_wconf 88' lang='lat' dir='ltr'><strong>eos</strong></span> <span class='ocrx_word' id='word_1_529' title='bbox 912 2889 1028 2927; x_wconf 62' lang='lat' dir='ltr'><strong>mium,</strong></span> <span class='ocrx_word' id='word_1_530' title='bbox 1058 2899 1077 2918; x_wconf 90' lang='grc' dir='ltr'><em>α</em></span> <span class='ocrx_word' id='word_1_531' title='bbox 1109 2887 1225 2919; x_wconf 80' lang='lat' dir='ltr'><strong>Caesare</strong></span> <span class='ocrx_word' id='word_1_532' title='bbox 1253 2893 1372 2919; x_wconf 80' lang='lat' dir='ltr'><strong>senator</strong></span> <span class='ocrx_word' id='word_1_533' title='bbox 1395 2887 1508 2930; x_wconf 82' lang='lat' dir='ltr'><strong>sactus</strong></span> <span class='ocrx_word' id='word_1_534' title='bbox 1536 2889 1666 2919; x_wconf 80' lang='lat' dir='ltr'><strong>dicitnr.</strong></span> 
     </span>
     <span class='ocr_line' id='line_1_90' title="bbox 127 2928 1666 2971; baseline -0.001 -10"><span class='ocrx_word' id='word_1_535' title='bbox 127 2929 251 2962; x_wconf 77' lang='lat' dir='ltr'><strong>scilicet</strong></span> <span class='ocrx_word' id='word_1_536' title='bbox 271 2929 326 2971; x_wconf 91' lang='lat' dir='ltr'><strong>qui</strong></span> <span class='ocrx_word' id='word_1_537' title='bbox 350 2939 414 2960; x_wconf 89' lang='lat' dir='ltr'><strong>non</strong></span> <span class='ocrx_word' id='word_1_538' title='bbox 436 2928 636 2961; x_wconf 84' lang='lat' dir='ltr'><strong>concitantur</strong></span> <span class='ocrx_word' id='word_1_539' title='bbox 647 2928 776 2970; x_wconf 76' lang='lat' dir='ltr'><strong>furore,</strong></span> <span class='ocrx_word' id='word_1_540' title='bbox 794 2929 826 2960; x_wconf 91' lang='lat' dir='ltr'><strong>h.</strong></span> <span class='ocrx_word' id='word_1_541' title='bbox 842 2940 873 2962; x_wconf 84' lang='lat' dir='ltr'><strong>e.</strong></span> <span class='ocrx_word' id='word_1_542' title='bbox 917 2930 1021 2961; x_wconf 87' lang='lat' dir='ltr'><strong>Affert</strong></span> <span class='ocrx_word' id='word_1_543' title='bbox 1049 2929 1133 2961; x_wconf 87' lang='lat' dir='ltr'><strong>idern</strong></span> <span class='ocrx_word' id='word_1_544' title='bbox 1159 2930 1267 2961; x_wconf 87' lang='lat' dir='ltr'><strong>Schol.</strong></span> <span class='ocrx_word' id='word_1_545' title='bbox 1288 2929 1536 2971; x_wconf 87' lang='lat' dir='ltr'><strong>inscriptionem,</strong></span> <span class='ocrx_word' id='word_1_546' title='bbox 1561 2929 1666 2960; x_wconf 83' lang='lat' dir='ltr'><strong>Licini</strong></span> 
     </span>
    </p>
   </div>
   <div class='ocr_carea' id='block_1_13' title="bbox 129 2971 876 3016">
    <p class='ocr_par' dir='ltr' id='par_1_16' title="bbox 129 2971 876 3016">
     <span class='ocr_line' id='line_1_91' title="bbox 129 2971 876 3016; baseline 0 -12"><span class='ocrx_word' id='word_1_547' title='bbox 129 2972 241 3016; x_wconf 81' lang='lat' dir='ltr'><strong>spiritu</strong></span> <span class='ocrx_word' id='word_1_548' title='bbox 263 2978 296 3004; x_wconf 84' lang='lat' dir='ltr'><strong>et</strong></span> <span class='ocrx_word' id='word_1_549' title='bbox 318 2972 446 3014; x_wconf 86' lang='lat' dir='ltr'><strong>ingenio</strong></span> <span class='ocrx_word' id='word_1_550' title='bbox 465 2971 600 3014; x_wconf 78' lang='lat' dir='ltr'><strong>poetice.</strong></span> <span class='ocrx_word' id='word_1_551' title='bbox 646 2971 821 3003; x_wconf 87' lang='lat' dir='ltr'><strong>Commode</strong></span> <span class='ocrx_word' id='word_1_552' title='bbox 844 2973 876 3004; x_wconf 81' lang='lat' dir='ltr'><strong>in</strong></span> 
     </span>
    </p>
   </div>
   <div class='ocr_carea' id='block_1_14' title="bbox 921 2972 1668 3014">
    <p class='ocr_par' dir='ltr' id='par_1_17' title="bbox 921 2972 1668 3014">
     <span class='ocr_line' id='line_1_92' title="bbox 921 2972 1668 3014; baseline 0 -11"><span class='ocrx_word' id='word_1_553' title='bbox 921 2973 1088 3014; x_wconf 81' lang='lat' dir='ltr'><strong>sepulchro</strong></span> <span class='ocrx_word' id='word_1_554' title='bbox 1104 2973 1353 3014; x_wconf 85' lang='lat' dir='ltr'><strong>superadditam,</strong></span> <span class='ocrx_word' id='word_1_555' title='bbox 1378 2972 1471 3006; x_wconf 80' lang='lat' dir='ltr'><strong>hanc,</strong></span> <span class='ocrx_word' id='word_1_556' title='bbox 1498 2972 1668 3003; x_wconf 68' lang='lat' dir='ltr'><strong>Mar-mareu</strong></span> 
     </span>
    </p>
   </div>
  </div>
 </body>
</html>
