1904 3314
360 193 445 234 466

848 193 1371 236 EPISTOLARUM

476 292 646 334 Certius
667 294 846 348 accipiet
866 293 1077 344 damnum,
1098 294 1326 348 propiusve
1347 293 1558 344 medullis,

477 359 618 407 Quam
637 361 712 414 qui
731 375 816 401 non
836 361 993 414 poterit
1013 375 1113 402 vero
1134 361 1396 415 distinguere
1417 360 1582 402 falsum.

390 425 447 466 30
477 426 619 473 Quem
639 441 706 467 res
726 425 823 480 plus
843 426 969 466 nimio
990 425 1255 466 delectavere
1276 426 1489 475 secundae,

477 492 660 533 Mutatae
681 493 898 546 quatient:
932 492 967 531 si
988 492 1089 546 quid
1111 492 1332 541 mirabere,
1354 506 1488 546 pones

475 558 660 599 Invitus:
693 557 794 612 fuge
814 573 990 612 magna:
1021 557 1119 598 licet
1141 559 1220 598 sub
1241 572 1428 612 paupere
1444 565 1560 599 tecto

475 624 622 679 Reges
642 631 685 666 et
705 639 851 678 regum
872 625 956 665 vita
975 638 1237 679 praecurrere
1257 625 1426 666 amicos.

471 689 633 732 Cervus
653 705 810 744 equum
829 705 974 745 pugna
993 689 1141 731 melior
1160 691 1450 731 communibus
1471 689 1616 731 herbis

385 757 440 796 35
470 756 677 807 Pellebat,
700 757 837 798 donec
863 757 996 797 minor
1017 758 1060 797 in
1080 757 1309 797 certamine
1330 756 1456 811 longo

472 822 719 877 Imploravit
740 839 843 878 opes
865 823 1071 871 homines,
1093 822 1343 876 frenumque
1365 823 1550 877 recepit:

473 889 560 930 Sed
580 898 806 944 postquam
825 891 958 932 victor
978 889 1136 930 violens
1158 889 1352 930 discessit
1373 890 1426 930 ab
1446 889 1585 938 hoste,

470 955 573 996 Non
592 957 778 1011 equitem
799 958 940 1005 dorso,
962 971 1046 996 non
1066 955 1231 995 frenum
1251 954 1415 1008 depulit
1435 969 1523 995 ore.

472 1022 542 1062 Sic
563 1025 649 1077 qui,
667 1025 915 1077 pauperiem
936 1023 1111 1071 veritus,
1132 1022 1296 1075 potiore
1317 1020 1496 1062 metallis

387 1086 444 1127 40
474 1086 696 1128 Libertate
717 1095 847 1137 caret,
869 1088 1085 1128 dominum
1106 1086 1232 1127 vehet
1252 1087 1486 1140 improbus,
1508 1088 1636 1140 atque

473 1153 642 1194 Serviet
662 1160 884 1202 aeternum,
907 1153 1008 1207 quia
1027 1167 1160 1206 parvo
1177 1152 1338 1193 nesciet
1358 1153 1433 1193 uti.

472 1219 554 1260 Cui
572 1234 657 1260 non
677 1219 901 1261 conveniet
922 1233 999 1259 sua
1014 1233 1096 1268 res,
1122 1225 1167 1259 ut
1187 1217 1353 1260 calceus
1373 1217 1484 1267 olim,

471 1285 518 1326 Si
538 1286 648 1340 pede
669 1287 803 1340 major
823 1286 918 1335 erit,
942 1286 1186 1334 subvertet3
1220 1285 1254 1325 si
1275 1285 1423 1334 minor,
1445 1290 1554 1326 uret.

357 1424 413 1454 des
427 1424 588 1456 marmorei
603 1435 674 1467 sup.
690 1425 755 1456 Sat.
773 1423 805 1462 ii,
821 1425 852 1460 4,
869 1425 910 1455 83
926 1423 1088 1466 appellan-

356 1471 407 1496 tur
421 1468 511 1496 varii.

399 1508 451 1538 25.
493 1509 554 1539 Per
579 1514 722 1539 naturam
747 1508 887 1548 intelligo
915 1518 1038 1539 sensum
1067 1518 1085 1538 a

355 1554 467 1580 natura
492 1549 580 1580 nobis
610 1550 749 1587 insitum,
781 1557 812 1581 et
845 1560 928 1581 nunc
958 1549 1085 1591 quidem

355 1602 428 1622 eum
449 1591 505 1632 qui
526 1591 665 1622 animum
684 1592 756 1622 vitae
777 1592 901 1623 rusticae
920 1591 1085 1622 dulcedine

354 1632 523 1674 perfundit.
569 1633 670 1663 Furca
692 1635 845 1673 expellere,
871 1633 988 1664 locutio
1015 1644 1084 1674 pro-

355 1674 500 1705 verbialis
520 1675 558 1705 de
573 1675 666 1705 rebus
685 1685 764 1716 quas
780 1676 808 1705 vi
832 1686 850 1706 a
867 1675 956 1705 nobis
976 1675 1086 1706 averti·

355 1727 426 1746 mus
448 1722 480 1747 et
502 1717 658 1758 pellimus.
701 1717 803 1748 Furca
826 1723 873 1748 est
900 1717 1086 1748 instrumen-

355 1764 421 1788 tum
448 1759 606 1796 rusticum,
631 1769 693 1800 quo
715 1765 884 1790 stramenta
906 1764 937 1790 et
962 1759 1023 1790 alia
1049 1769 1088 1790 ex

356 1811 420 1831 uno
435 1801 503 1831 loco
518 1800 550 1831 in
565 1801 662 1831 alium
677 1801 910 1843 protruduntur.

396 1845 449 1874 25.
474 1842 514 1873 Et
533 1844 611 1873 mala
626 1850 809 1883 perrumpet,
831 1849 906 1874 cett.
924 1848 956 1874 et
975 1848 1087 1874 natura

356 1884 467 1915 victrix
491 1890 613 1926 rumpet
637 1895 692 1926 per
715 1887 795 1916 mala
811 1887 945 1928 fastidia
958 1897 968 1921 ‚·
1001 1885 1032 1915 h.
1057 1895 1086 1916 e.

354 1927 439 1957 mala
455 1926 514 1957 ista
535 1927 659 1958 fastidia
676 1927 836 1964 ditiorum,
854 1927 909 1969 qui
931 1938 947 1958 a
968 1932 1087 1958 naturae

354 1968 537 1999 muneribus
562 1968 594 1999 in
623 1969 705 2010 agris
734 1970 911 2006 abhorrent,
937 1970 1089 2000 extundet

354 2015 448 2050 atque
463 2009 577 2050 abiget.

396 2053 536 2082 26—29.
562 2053 642 2090 Non,
664 2055 728 2092 qui,
749 2058 823 2084 cett.
868 2053 984 2084 Sensus
1003 2065 1010 2083 :
1031 2052 1087 2094 qui

354 2093 561 2124 adulterinum
573 2104 716 2135 purpurae
727 2095 873 2130 colorem,
884 2095 971 2136 quali
985 2096 1013 2126 A
1038 2096 1085 2125 ui-

354 2141 443 2166 nates
464 2134 607 2176 decipere
627 2136 728 2166 solent
748 2136 917 2177 imperitos,
937 2147 999 2167 non
1046 2136 1087 2167 is-

354 2187 479 2208 cernere
494 2176 606 2208 didicit
625 2177 841 2208 contendendo
860 2188 929 2208 cum
950 2178 1086 2218 genuino

354 2229 497 2261 purpurae
518 2219 630 2254 colore,
653 2219 680 2249 is
701 2219 785 2250 haud
803 2219 946 2250 certiores
963 2226 994 2250 et
1015 2230 1084 2259 gra-

354 2261 453 2292 viores
476 2261 586 2291 erroris
611 2267 642 2292 et
664 2261 824 2302 imperitiae
848 2271 957 2302 poenas
985 2261 1083 2296 dabit.

353 2313 447 2345 quam
470 2302 522 2333 ille
544 2303 599 2344 qui
622 2313 683 2334 non
706 2303 820 2333 falsum
843 2313 861 2333 a
881 2314 952 2334 vero
973 2303 1084 2333 distin-

354 2355 447 2386 guere
477 2345 599 2386 poterit.
662 2345 778 2375 Vellera
809 2347 947 2384 potantia
964 2345 1082 2392 fucum

353 2389 543 2428 Aquinatem,
560 2386 591 2417 h.
606 2397 635 2418 e.
650 2387 734 2428 apud
754 2386 929 2427 Aquinates
945 2387 1082 2428 (incolas

353 2429 485 2470 Aquini,
513 2439 532 2459 o
556 2428 619 2470 pidi
646 2427 861 2468 Volscorum,)
890 2429 961 2458 fuco
993 2428 1082 2470 (vide

351 2481 422 2514 sup.
438 2471 476 2501 ad
492 2471 520 2501 O
547 2491 555 2500 .
569 2470 614 2506 iii,
630 2472 661 2508 5,
677 2471 736 2510 28)
753 2470 860 2501 tincta.
899 2471 1083 2502 contendere

350 2513 472 2543 Sidonio
496 2519 583 2548 nstro,
609 2522 788 2554 comparare
820 2522 892 2542 cum
924 2514 1080 2544 velleribus

351 2557 406 2595 (ut
426 2554 457 2585 lo
481 2553 565 2584 uitur
586 2554 734 2585 Horatius
750 2554 806 2584 ins.
828 2554 927 2596 Epist.
954 2555 1003 2590 12,
1020 2556 1080 2595 20)

351 2598 426 2628 lame
475 2598 551 2636 yriis
573 2599 735 2627 muricibus
756 2599 884 2627 iteratae.
931 2596 1080 2633 Callidus.

351 2638 430 2670 bene
448 2638 581 2679 alicujus
601 2639 643 2669 rei
662 2638 799 2680 peritus;
821 2638 865 2668 sic
881 2648 951 2680 sup.
966 2640 1032 2670 Sat.
1048 2638 1081 2675 ii,

351 2682 383 2716 7.
405 2681 476 2718 101,
490 2681 608 2711 subtilis
629 2688 656 2711 et
676 2682 806 2711 callidus
815 2682 932 2720 judex.-
956 2681 997 2712 cf.
1016 2682 1081 2712 Sat.

350 2722 385 2758 ii,
410 2723 441 2757 3,
469 2723 522 2753 23.
570 2723 730 2762 Propiusve
756 2724 906 2759 medullis,
935 2729 967 2753 et
997 2723 1082 2765 quod

349 2765 485 2806 penitius
503 2764 645 2795 sentitur.

392 2808 447 2838 31.
470 2807 610 2842 Mutatae,
634 2816 679 2837 sc.
704 2806 736 2836 in
759 2807 912 2842 adversas,
936 2816 1001 2848 pro,
1025 2808 1079 2837 ad-

348 2859 444 2880 versae
484 2850 631 2888 quatient,
669 2848 860 2884 concutient,
899 2848 1078 2889 gravissime

350 2890 504 2923 afficient:
526 2896 619 2921 mente
636 2893 733 2930 quati,
749 2900 819 2931 sup.
839 2889 903 2920 Od.
928 2889 972 2926 iii,
992 2892 1023 2926 3,
1048 2893 1077 2922 4.

348 2933 382 2964 Si
410 2931 490 2973 qui-'I‘
505 2934 659 2967 mirabere,
683 2943 771 2972 pones
797 2932 924 2968 Invitus,
951 2932 976 2963 si
1000 2933 1076 2975 quid

1131 1429 1229 1455 totum
1254 1424 1391 1455 animum
1417 1429 1506 1454 tuum
1529 1423 1656 1466 ceperit,
1681 1430 1744 1454 non
1769 1423 1860 1456 facile

1133 1466 1172 1496 ab
1188 1477 1223 1497 eo
1240 1465 1367 1497 dissolvi
1385 1464 1518 1507 poteris:
1545 1466 1658 1496 Ponere
1676 1465 1801 1506 difficile
1819 1473 1862 1497 est

1127 1519 1190 1548 quae
1206 1509 1345 1547 placuere
1365 1509 1432 1543 diu,
1448 1511 1484 1537 ut
1502 1507 1587 1537 canit
1606 1512 1698 1549 poeta
1713 1507 1861 1538 suavissi-

1129 1560 1198 1581 mus
1214 1549 1375 1580 Lotichius
1389 1549 1412 1585 i,
1430 1550 1464 1586 2,
1481 1548 1534 1579 64.
1554 1548 1650 1580 Hinc.
1668 1559 1739 1591 sup.
1760 1549 1862 1592 Epist.

1129 1590 1151 1626 i,
1169 1593 1199 1627 6,
1220 1593 1249 1627 1,
1270 1591 1324 1621 Nil
1339 1593 1499 1626 admirari,
1515 1590 1569 1621 ubi
1583 1590 1646 1622 vid.
1662 1597 1727 1622 not.

1171 1634 1223 1664 33.
1248 1633 1355 1674 Reges,
1374 1632 1572 1680 potentiores,
1590 1632 1728 1664 ditiores.
1777 1633 1859 1670 Vita,

1130 1675 1284 1716 sapienter
1318 1675 1440 1706 scilicet
1474 1674 1633 1706 instituta:
1676 1685 1861 1714 precurrere

1131 1717 1346 1759 (παρελθεῖν,
1375 1715 1639 1759 παραδραμεῖν),
1667 1722 1860 1758 praevertere,

1111 1784 1115 1797 ,
1133 1769 1288 1802 superare.

1174 1802 1313 1832 34—38.
1337 1800 1419 1832 Cum
1439 1799 1584 1832 Himeraei
1598 1801 1647 1832 vel
1663 1799 1862 1832 Himeienses

1129 1842 1299 1878 Phalaridi,
1325 1842 1599 1884 Agrigentinorum
1623 1842 1656 1874 in
1680 1841 1789 1874 Sicilia
1811 1847 1860 1884 ty-

1129 1895 1239 1922 ranno,
1263 1895 1355 1926 quem
1378 1885 1410 1915 in
1433 1883 1582 1916 auxilium
1605 1889 1748 1916 vocatum
1770 1894 1855 1915 num-

1128 1938 1213 1958 mum
1243 1927 1356 1958 ducem
1386 1927 1588 1969 praefeeerant
1611 1937 1668 1958 suo
1697 1926 1857 1962 exercitui,

1130 1969 1302 2001 custodiam
1323 1969 1459 2010 corporis
1473 1978 1598 2010 quoque
1615 1968 1689 2000 dure
1706 1967 1857 2000 constitu-

1129 2011 1233 2049 issent,
1245 2010 1451 2046 Stesichorus,
1463 2017 1500 2041 ut
1514 2011 1606 2042 refert
1614 2010 1746 2042 Aristar.
1759 2010 1858 2042 Rhet.

1129 2053 1164 2089 ii,
1189 2055 1242 2089 39,
1268 2053 1467 2084 Himerenses
1489 2053 1528 2083 de
1550 2051 1768 2094 imprudentia.
1793 2062 1858 2093 qua

1129 2106 1162 2126 se
1178 2096 1333 2126 traderent
1350 2094 1524 2136 potentiori,
1540 2094 1647 2125 fabula
1663 2093 1703 2125 de
1721 2103 1812 2126 cervo
1827 2099 1859 2126 et

1128 2147 1221 2178 equo,
1243 2147 1338 2186 quam
1361 2136 1411 2168 hic
1436 2141 1540 2167 narrat
1562 2136 1722 2172 Horatius,
1743 2145 1856 2167 monu-

1129 2179 1187 2210 isse
1201 2179 1325 2210 dicitur.
1367 2178 1486 2209 Eodem
1502 2178 1580 2209 redit
1597 2177 1705 2209 fabula
1717 2179 1754 2209 de
1771 2177 1857 2218 Equo

1127 2227 1156 2250 et
1169 2222 1250 2259 Apro
1262 2220 1344 2261 apud
1357 2220 1482 2251 Phaedr.
1492 2219 1533 2256 iv,
1545 2222 1576 2251 4.
1613 2220 1723 2250 Melior
1734 2220 1855 2262 (κρείτ-

1130 2262 1227 2301 των),
1243 2261 1382 2302 superior
1395 2274 1403 2300 3
1427 2263 1524 2292 minor
1538 2260 1700 2302 (ἥττων),
1716 2261 1855 2293 inferior.

1171 2305 1223 2334 37.
1249 2303 1376 2339 Violens,
1394 2302 1527 2334 hominis
1543 2313 1602 2345 ope
1617 2303 1716 2335 factus
1737 2302 1855 2334 violen-

1125 2345 1194 2380 tior,
1209 2345 1349 2377 ferocior.

1168 2389 1222 2418 38.
1246 2387 1487 2426 Non—depulit,
1500 2396 1562 2418 non
1574 2385 1730 2428 depellere
1745 2386 1858 2428 potuit,

1125 2428 1178 2460 sed
1193 2430 1232 2460 ab
1243 2439 1279 2460 eo
1295 2428 1368 2459 inde
1383 2434 1519 2470 tempore
1533 2427 1668 2469 equitem
1683 2427 1774 2459 dorso
1785 2438 1856 2470 por-

1126 2477 1190 2502 tare
1205 2477 1236 2502 et
1253 2470 1370 2501 frenum
1386 2479 1437 2500 ore
1453 2471 1591 2501 mordere
1605 2474 1732 2501 coactus
1745 2475 1806 2502 est.

1167 2514 1304 2544 39-41.
1328 2513 1460 2542 Sensus:
1488 2511 1545 2547 sic,
1569 2512 1636 2553 qui,
1661 2521 1724 2542 non
1747 2512 1856 2554 paucis

1124 2561 1299 2589 contentus,
1324 2553 1502 2584 divitiarum
1526 2552 1771 2595 colligendarum
1798 2564 1854 2584 cu-

1124 2597 1249 2638 piditati
1278 2606 1342 2627 rem
1370 2595 1634 2637 pretiosissimam,
1665 2594 1853 2631 libertatem,

1125 2638 1293 2681 postponit,
1321 2637 1463 2680 pecuniae
1491 2648 1530 2669 ex
1571 2637 1664 2668 rietur
1691 2636 1854 2679 imperium

1127 2686 1341 2721 aeternumque
1366 2679 1487 2711 serviet.
1558 2681 1709 2718 auperiem
1733 2682 1855 2715 veritus,

1126 2733 1247 2754 avarus.
1292 2722 1440 2759 Metellis,
1455 2731 1527 2753 cum
1544 2725 1704 2752 contemtu
1718 2730 1785 2762 pro,
1800 2731 1854 2762 pe·

1127 2767 1233 2800 cunia,
1256 2770 1289 2795 ut
1310 2774 1380 2806 sup.
1404 2764 1466 2795 Od.
1489 2763 1521 2800 ii,
1543 2764 1576 2797 2.
1594 2763 1627 2799 3.
1647 2764 1782 2793 lamina.-
1807 2765 1854 2793 in-

1126 2810 1211 2838 imice
1241 2808 1345 2836 lamna
1377 2806 1480 2845 Crispe
1508 2806 1646 2836 Sallusti.
1689 2804 1853 2835 Dominum

1122 2850 1215 2885 vehet,
1243 2847 1474 2879 accommodate
1499 2847 1539 2878 ad
1563 2845 1724 2877 fabulam:
1756 2855 1853 2888 pecu-

1123 2891 1219 2926 niam,
1252 2890 1332 2920 sicut
1363 2899 1463 2930 equus
1497 2887 1656 2929 equidem,
1691 2887 1852 2918 dominum

1122 2943 1214 2964 suum
1236 2930 1380 2974 portabit,
1402 2931 1432 2962 h.
1447 2941 1476 2963 e.
1495 2929 1659 2973 pecuniam
1677 2928 1737 2960 sibi
1754 2929 1851 2971 impe-
