1884 3288
298 181 374 222 178

845 180 1240 224 CARMINUM

803 439 1075 482 CARMEN
1109 441 1282 483 XXIV.

575 551 785 594 lui-Acris
807 553 1047 607 opulentior

632 619 868 660 Thesauris
891 619 1086 661 Arabum
1107 627 1150 660 et
1170 621 1311 661 divitis
1333 620 1480 670 Indiae,

575 685 802 726 Caementis
821 686 921 727 licet
942 701 1126 740 occupes

631 750 904 805 Tyrrhenum
926 767 1046 793 omne
1068 753 1153 793 tuis
1174 760 1218 794 et
1238 767 1351 794 mare
1374 751 1619 807 Apulicum,

519 817 546 856 5
576 817 622 857 Si
643 817 735 871 figit
756 818 1047 859 adamantinos

633 883 816 924 Summis
837 885 1067 925 verticibus
1089 885 1182 925 dira
1202 884 1453 926 Necessitas

575 949 742 999 Clavos,
763 965 848 990 non
869 951 1050 990 animum
1072 958 1187 991 metu

630 1015 734 1055 Non
755 1016 912 1056 Mortis
931 1015 1094 1069 laqueis
1115 1017 1321 1070 expedies
1342 1024 1485 1071 caput.

581 1080 854 1134 Campestres
874 1081 1023 1122 melius
1046 1082 1234 1136 Scythae,

494 1148 545 1188 10

290 1281 342 1317 ris,
357 1282 389 1313 h.
404 1292 432 1313 e.
456 1281 551 1323 pura)
578 1283 677 1323 tetigit
695 1294 793 1318 aram,
817 1293 855 1314 ea
873 1283 938 1325 jam
962 1293 1020 1314 sae-

290 1323 362 1365 pius
391 1325 519 1354 mollivit
548 1324 717 1366 (placavit)
747 1336 859 1355 aversos
896 1326 1022 1355 Penates

280 1366 376 1406 farre
386 1369 434 1406 pin
449 1373 477 1396 et
491 1367 616 1396 saliente
630 1369 705 1396 mica
723 1367 824 1406 (mola
838 1367 951 1405 salsa),
964 1378 1021 1397 non

291 1409 430 1438 blandior
444 1415 593 1438 sumtuosa
614 1409 717 1443 hostia,
744 1419 831 1449 aeque
851 1409 965 1439 blanda
985 1419 1021 1439 ac

291 1450 318 1479 si
339 1461 393 1491 pro
413 1450 492 1481 farre
512 1450 563 1491 pio
579 1456 609 1480 et
623 1450 753 1481 saliente
768 1451 847 1481 mica
862 1451 1024 1481 obtulisset

291 1498 483 1522 sumtuosam
505 1492 650 1522 hostiam.
697 1493 811 1522 Sensus
831 1492 944 1532 igitur:
969 1492 1023 1534 qui

292 1544 371 1574 pura
385 1540 417 1564 et
431 1534 550 1573 integra
563 1539 666 1564 mente
683 1535 721 1564 ad
742 1544 826 1564 aram
846 1534 978 1569 accedit,
997 1534 1023 1564 is

291 1575 369 1606 farre
386 1576 437 1617 pio
454 1581 484 1606 et
500 1575 630 1606 saliente
646 1575 729 1606 mica
745 1586 834 1616 aeque
847 1586 883 1606 ac
902 1582 1021 1606 sumtu-

292 1627 344 1647 osa
356 1617 456 1648 hostia
468 1619 579 1658 (parvo
592 1628 718 1648 munere
735 1628 823 1658 aeque
839 1628 875 1648 ac
891 1618 1022 1657 magno)

290 1659 384 1689 iratos
398 1659 472 1689 deos
495 1659 612 1700 placat.
661 1659 758 1699 [Sunt
773 1669 844 1690 vero
860 1660 929 1689 duae
950 1659 1022 1689 rati-

291 1710 365 1731 ones
387 1701 496 1731 horum
516 1701 675 1731 verborum
696 1702 774 1731 inter
797 1711 829 1732 se
852 1701 1023 1731 concilian-

291 1742 412 1779 dorum,
434 1742 472 1773 de
496 1742 608 1783 quibus
629 1743 671 1774 cf.
687 1743 737 1773 Cl.
753 1743 883 1775 Mitsch.
899 1743 938 1773 ad
954 1743 985 1773 h.
1001 1743 1024 1774 l.

290 1785 419 1825 Syllaba
447 1785 551 1815 brevis
580 1785 611 1814 in
640 1792 791 1815 sumtuosa
821 1784 1024 1816 commovisse

289 1826 412 1857 videtur
425 1827 624 1863 Lambinum,
638 1833 672 1857 ut
684 1827 764 1857 banc
779 1837 886 1857 vocem
902 1827 933 1858 in
949 1837 1023 1857 casu

292 1874 379 1899 sexto
395 1868 525 1910 positam
545 1875 696 1899 censeret.
739 1869 902 1900 Bentleius
917 1875 1024 1899 contra

291 1910 435 1946 affirmat,
458 1911 498 1940 ob
518 1920 650 1951 sequens
672 1912 701 1939 bl
721 1910 802 1941 hauc
823 1921 928 1941 vocem
953 1921 1022 1952 pro-

291 1951 417 1982 ductam
435 1961 519 1983 esse:
544 1953 586 1982 cf.
607 1952 713 1982 Bentl.
731 1953 770 1982 ad
791 1953 822 1982 h.
841 1953 863 1983 l.
907 1953 1024 1983 Nostra

253 1995 259 2001 '
291 1994 447 2024 sententia
461 1993 500 2024 de
521 1993 578 2024 hoc
601 1993 669 2024 loco
684 2000 794 2024 vexato
810 1994 951 2025 videatur
971 2004 1022 2025 su-

291 2036 378 2077 pra-J
426 2036 581 2070 Immanis,
605 2046 713 2076 puruS,
730 2036 889 2072 innoxius,
906 2037 1026 2077 integer

292 2077 438 2109 sceleris:
464 2077 560 2108 Ovid.
580 2078 706 2108 Heroid.
723 2078 784 2113 xiV,
801 2079 832 2114 8,
860 2078 928 2108 Non
942 2081 1025 2120 piget

291 2121 435 2150 immunes
457 2122 543 2150 cardis
566 2120 669 2150 habere
691 2131 818 2155 manus5
852 2120 936 2150 Vell.
958 2121 1022 2150 Pa-

290 2168 364 2192 tere.
375 2162 408 2197 ii,
426 2162 459 2197 7,
472 2163 611 2191 immunis
626 2163 801 2191 delictorum
818 2168 1022 2200 paternorum.

292 2203 438 2235 Ceterum
473 2203 604 2234 eandem
640 2202 825 2234 sententiam
857 2203 953 2234 Ovid.
983 2214 1021 2234 ex

291 2246 385 2276 Pont.
402 2245 443 2280 iv,
459 2247 491 2281 8,
511 2246 564 2282 39,
587 2246 639 2280 40,
655 2245 700 2276 sic
722 2244 846 2280 extulit,
864 2245 938 2281 Nec,
956 2257 1021 2286 quae

291 2290 327 2318 de
351 2298 447 2327 parva
470 2288 528 2318 Dis
554 2298 670 2327 pauper
700 2288 775 2317 libat
797 2298 912 2323 acerra,
939 2288 1021 2318 Tura

291 2331 401 2366 minas,
415 2331 531 2371 grandi
544 2340 632 2369 quam
646 2331 719 2359 data
735 2331 830 2365 lance,
846 2330 956 2361 valent.

483 2413 683 2444 CARMEN
708 2413 837 2444 XXIV.

332 2455 372 2486 In
400 2455 591 2486 effraenatam
618 2455 762 2486 ditiorum
795 2453 954 2486 licentiam
991 2460 1023 2485 et

288 2499 410 2532 luxum,
441 2503 592 2538 tanquam
620 2507 747 2527 causam
776 2497 877 2527 omnis
903 2506 1021 2526 morum

288 2539 473 2582 corruptelae
491 2549 562 2580 quae
584 2545 647 2569 tum
670 2539 831 2569 Romanos
847 2548 1020 2585 occupave-

288 2588 346 2616 rat,
369 2581 502 2623 graviter
522 2580 689 2611 invehitur.
735 2582 905 2621 Postquam
930 2580 1024 2620 igitur

285 2634 484 2656 communem
497 2623 647 2654 moriendi
660 2623 874 2653 necessitatem
888 2623 1018 2664 opulen-

287 2666 419 2698 tioribus
431 2671 506 2697 ante
516 2666 623 2696 oculos
638 2665 752 2705 posuit,
765 2670 797 2694 et
809 2665 941 2705 Scythas
954 2665 1018 2695 Ge-

286 2714 410 2750 tasque,
426 2713 489 2738 tam
506 2707 602 2738 libero
621 2706 737 2747 ubique
756 2716 896 2746 agrorum
919 2706 1018 2742 cultu,

310 2760 381 2782 uam
397 2759 515 2780 morum
529 2750 583 2790 qui
607 2748 690 2790 apud
707 2758 759 2778 eos
780 2748 904 2788 vigeant
929 2758 1019 2778 sanc-

285 2798 386 2828 titate,
401 2791 502 2822 multo
517 2790 638 2823 felicius
653 2789 754 2821 vivere
769 2789 885 2825 docuit,
903 2800 1016 2820 unum-

287 2843 452 2882 quemque,
468 2833 523 2875 qui
539 2837 684 2863 aeternam
700 2831 739 2862 de
761 2831 861 2873 patria
882 2832 921 2862 ab
938 2831 1017 2862 inte-

285 2883 345 2908 ritu
360 2881 480 2907 servata
495 2875 578 2917 apud
592 2879 730 2917 posteros
745 2873 804 2904 sibi
821 2884 928 2915 parare
943 2874 1017 2904 velit

285 2918 427 2960 gloriam,
457 2916 617 2949 indomitae
644 2915 821 2947 divitiarum
850 2915 1017 2957 cupiditati

632 1146 827 1194 Quorum
847 1147 1041 1201 plaustra
1061 1163 1189 1202 vagas
1212 1149 1291 1189 rite
1312 1147 1487 1189 trahunt
1507 1148 1670 1199 domos,

1066 1282 1206 1323 inprimis
1221 1282 1347 1313 modum
1363 1293 1476 1324 ponere
1493 1282 1591 1324 jubet.
1636 1283 1708 1320 Qua
1723 1283 1797 1325 qui-

1066 1324 1134 1354 dem
1160 1324 1301 1354 funditus
1320 1325 1488 1366 exstirpata
1510 1324 1712 1366 popularibus
1731 1325 1797 1356 suis

1066 1371 1173 1397 auctor
1193 1366 1309 1401 existit,
1330 1372 1366 1397 ut
1384 1376 1494 1407 pueros
1512 1377 1595 1402 suos,
1618 1366 1743 1408 ignavia
1765 1372 1798 1398 et

1066 1408 1161 1438 animi
1186 1408 1314 1439 mollitie
1335 1419 1418 1438 nunc
1435 1409 1622 1445 diffluentes,
1637 1408 1796 1440 severiori-

1064 1449 1124 1479 bus
1140 1449 1250 1480 studiis
1265 1450 1489 1481 adsuefaciunt.

1113 1493 1204 1522 18.
1227 1492 1356 1523 Intactis
1375 1494 1555 1531 opulentior,
1575 1497 1650 1524 cett.
1693 1493 1795 1524 Orna-

1067 1539 1132 1563 tum
1146 1534 1282 1574 vulgaris
1297 1533 1471 1568 sententiaa.
1522 1534 1611 1564 Licet
1625 1534 1667 1565 sis
1681 1534 1798 1566 ditissi

1067 1585 1150 1611 mus,
1174 1581 1302 1606 mortem
1319 1581 1422 1605 tamen
1437 1575 1572 1616 effugere
1595 1586 1656 1607 non
1676 1576 1799 1618 potes,'

1067 1617 1181 1647 tirones
1207 1618 1398 1658 expendant.
1439 1617 1553 1648 Mortis
1578 1623 1682 1649 autem
1711 1628 1797 1650 com-

1067 1658 1287 1690 memoratione
1307 1659 1420 1700 saepius
1447 1659 1595 1690 Horatius
1617 1660 1797 1692 divitiarum

1067 1700 1196 1742 cupidos
1216 1711 1234 1730 a
1255 1701 1386 1731 stultitia
1406 1711 1463 1731 sua
1482 1701 1634 1733 deterrere
1659 1702 1794 1733 studuit:

1067 1742 1108 1773 cf.
1124 1753 1194 1784 sup.
1209 1743 1230 1778 i,
1249 1745 1279 1778 4,
1298 1744 1358 1780 13
1381 1742 1415 1778 ii,
1436 1744 1486 1778 18,
1503 1745 1539 1774 17
1557 1754 1644 1785 sqq.
1665 1743 1712 1780 iii,
1730 1745 1760 1780 1,
1775 1746 1795 1776 9

1067 1795 1135 1825 sqq.
1180 1785 1318 1821 Intactis,
1342 1784 1479 1815 nondum
1507 1785 1689 1822 attrectatis,
1716 1785 1797 1818 inte-

1066 1826 1130 1866 gris
1160 1826 1281 1864 adhuc
1318 1826 1431 1857 frustra
1457 1827 1539 1857 enim
1570 1827 1629 1870 ipsi
1659 1827 1798 1860 Romani

1062 1867 1130 1908 jam
1156 1868 1271 1910 saepius
1293 1868 1420 1900 Arabiae
1450 1868 1564 1900 Felicis
1591 1869 1745 1903 thesauris
1765 1877 1798 1902 et

1066 1920 1166 1940 rerum
1189 1910 1390 1952 pretiosarum
1414 1911 1511 1952 copiis
1534 1921 1646 1943 manus
1669 1911 1798 1954 injicere

1066 1957 1278 1983 tentaverant:
1314 1953 1355 1983 cf.
1386 1963 1458 1993 sup.
1488 1951 1510 1987 i.
1538 1954 1591 1984 29.
1635 1954 1796 1996 Propertio

1067 2004 1190 2035 quoque
1211 1994 1245 2030 ii,
1265 1995 1316 2030 10,
1335 1995 1386 2030 16,
1400 1997 1517 2025 intacta
1531 1995 1646 2027 dicitur
1664 1995 1796 2028 Arabia.

1069 2036 1233 2071 Caementis,
1254 2035 1349 2077 jactis
1371 2036 1514 2067 villarum
1534 2037 1720 2069 marinarum
1741 2049 1798 2081 per

1066 2084 1220 2118 caementa
1233 2077 1464 2109 fundamentis:
1487 2078 1531 2110 cf.
1544 2088 1612 2121 sup.
1628 2079 1674 2116 iii,
1693 2081 1725 2116 1,
1742 2081 1796 2112 35.

1070 2119 1269 2158 Tyrrhenum,
1304 2130 1387 2151 mare
1423 2120 1580 2160 inserum3
1619 2122 1795 2161 Apulicum,

1067 2170 1148 2192 mare
1163 2172 1322 2203 superum.
1365 2163 1398 2192 Si
1403 2163 1482 2203 figit
1495 2165 1713 2200 adamantinos,
1722 2170 1796 2196 cett.

1064 2203 1206 2244 expende
1232 2203 1359 2245 lyricam
1387 2203 1622 2242 sublimitatem,
1650 2215 1712 2247 qua
1739 2216 1796 2238 ex-

1064 2254 1170 2284 pressa
1187 2250 1233 2276 est
1247 2245 1384 2285 vulgaris
1398 2247 1554 2276 sententia
1567 2246 1647 2284 haec,
1663 2246 1698 2278 Si
1713 2258 1796 2280 mors

1064 2291 1094 2316 te
1109 2286 1267 2328 opprimit,
1282 2286 1352 2329 ejus
1366 2287 1426 2318 vim
1443 2297 1506 2318 non
1522 2288 1635 2330 poteris
1649 2289 1796 2330 effugere.

1065 2327 1128 2358 Per
1141 2339 1263 2359 summos
1278 2331 1400 2359 vertices
1417 2329 1620 2370 designantur
1639 2330 1662 2361 ii
1679 2331 1734 2373 qui
1753 2333 1795 2364 ob

1065 2369 1206 2410 ingentes
1229 2370 1405 2402 divitiarum
1431 2371 1538 2413 copias
1561 2372 1678 2404 tollunt
1703 2373 1796 2405 verti-

1064 2421 1142 2448 cem,
1158 2412 1211 2442 cui
1223 2413 1290 2443 dira
1305 2412 1487 2444 Necessitas
1499 2414 1605 2444 clavos
1620 2414 1796 2446 adamanti-

1065 2464 1121 2484 nos
1137 2454 1247 2496 infigit,
1260 2465 1326 2496 pro,
1341 2465 1433 2496 quem
1444 2457 1514 2486 dira
1524 2455 1686 2488 Necessitas
1698 2457 1796 2490 clavis

1065 2495 1131 2526 suis
1146 2497 1279 2537 percutit
1293 2502 1324 2527 et
1345 2497 1487 2538 perfodit.
1533 2497 1617 2529 Hinc
1633 2499 1795 2536 Horatius.

1065 2537 1241 2568 divitiarum
1261 2544 1444 2573 contemtor,
1461 2549 1530 2581 sup.
1550 2540 1655 2572 Carm.
1673 2540 1720 2578 iii,
1744 2542 1795 2579 16,

1069 2580 1120 2616 19,
1135 2580 1211 2610 Jure
1223 2582 1384 2620 perhorrui
1400 2581 1476 2612 Late
1490 2583 1681 2622 conspicuum
1694 2584 1796 2615 eoum

1063 2625 1212 2652 verticem.
1257 2623 1328 2653 Dea
1358 2623 1533 2659 Necessitas,
1559 2623 1592 2654 h.
1618 2635 1647 2656 e.
1674 2624 1794 2662 Fatum,

1062 2662 1224 2706 ,
1241 2667 1365 2705 ,
1380 2666 1476 2695 claros
1485 2667 1702 2704 adamantinos,
1717 2667 1751 2698 h.
1765 2678 1795 2699 e.

1063 2705 1254 2737 firmissimos
1281 2705 1562 2749 validissimosque,
1589 2708 1639 2740 vel
1668 2710 1796 2741 trabales

1065 2749 1118 2788 (ut
1129 2758 1197 2790 sup.
1210 2749 1231 2784 i,
1249 2749 1301 2786 35,
1316 2750 1354 2779 18
1367 2751 1650 2786 vocantur),'manu
1660 2756 1794 2791 gestare,

1061 2800 1175 2831 eosque
1202 2790 1293 2821 rebus
1315 2790 1363 2821 vel
1386 2790 1538 2832 personis,
1564 2802 1646 2833 quas
1668 2793 1795 2825 domare

1061 2832 1110 2862 vel
1134 2831 1280 2874 potestati
1298 2842 1363 2863 suae
1386 2831 1541 2874 subjicere
1565 2833 1644 2871 vult,
1665 2833 1794 2876 infigere

1059 2874 1197 2913 fingitur.
1242 2875 1322 2905 Cum
1338 2874 1386 2904 his
1402 2873 1499 2906 clavis
1513 2874 1607 2916 igitur
1627 2875 1794 2908 Necessitas

1060 2921 1187 2957 apparet
1209 2915 1292 2957 apud
1310 2915 1432 2954 divites,
1448 2927 1529 2958 quos
1544 2917 1634 2949 morti
1649 2918 1705 2950 dat
1725 2916 1792 2950 cla
