1884 3288
262 201 313 240 10

819 203 1214 246 CARMINUM
1674 199 1691 205 “

484 289 552 332 Ac
572 305 711 346 neque
725 292 814 346 jam
835 292 1013 333 stabulis
1033 293 1194 348 gaudet
1214 306 1362 346 pecuS‚
1383 298 1457 332 aut
1477 297 1619 332 arator
1638 292 1740 346 igni,

540 357 637 398 Nec
657 365 780 412 prata
800 359 915 399 canis
937 359 1122 400 albicant
1141 359 1317 414 pruinis.

430 423 456 462 5
484 422 582 464 Jam
603 424 819 478 Cytherea
839 425 993 467 choros
1015 427 1134 466 ducit
1155 425 1320 474 Venus,
1340 425 1582 466 imminente
1603 423 1749 466 Luna:

542 490 798 545 Junetaeque
820 491 1034 545 Nymphis
1046 492 1222 532 >Gratiae
1240 492 1442 533 decentes

486 555 667 598 Alterno
688 564 844 598 terram
863 559 1060 611 quatiunt
1079 559 1207 612 pede,
1229 558 1330 598 dum
1350 572 1501 612 graves
1523 556 1759 612 Cyclopum

541 621 763 664 Vulcanus
784 624 940 664 ardens
960 625 1046 664 urit
1067 624 1270 664 officinas.

488 687 619 729 Nunc
641 689 764 730 decet
784 696 858 730 aut
878 690 1001 731 viridi
1021 690 1199 730 nitidum
1221 697 1350 744 caput
1370 690 1576 744 impedire
1594 694 1750 744 myrto,

407 755 460 794 10
544 754 637 795 Aut
656 755 774 803 flore,
798 762 922 796 terrae
943 770 1068 810 quem
1089 756 1232 796 ferunt
1253 755 1415 797 solutae.

488 821 619 862 Nunc
638 829 682 862 et
701 822 744 862 in
763 822 975 862 umbrosis
997 821 1145 863 Fauno
1165 823 1289 863 decet
1307 822 1521 864 immolare
1540 821 1660 871 lucis,

543 887 633 928 Seu
652 895 802 942 poscat
822 903 946 942 agna,
969 889 1055 928 sive
1076 887 1192 929 malit
1212 889 1351 930 haedo.

488 953 656 995 Pallida
676 954 798 995 Mors
819 969 943 1009 aequo
963 953 1106 1009 pulsat
1126 955 1237 1008 pede
1257 969 1495 1010 pauperum
1514 955 1728 1004 tabernas,

544 1019 802 1074 Regumque
824 1028 979 1062 turres.

1041 1021 1082 1061 Ο
1103 1021 1228 1062 beate
1250 1021 1385 1071 Sexti,

407 1087 458 1126 15
488 1085 603 1127 Vitae
625 1101 787 1128 summa
806 1087 946 1128 brevis
968 1101 1088 1141 spem
1107 1102 1184 1128 nos
1205 1094 1320 1128 vetat
1339 1087 1540 1129 inchoare
1559 1086 1742 1142 longam.

544 1152 641 1202 Jam
662 1160 704 1194 te
725 1161 890 1207 premet
909 1167 1010 1202 nort,
1031 1153 1273 1208 fabulaeque
1295 1154 1464 1204 Manes,

264 1276 302 1306 ad
318 1280 417 1317 poetae
431 1275 463 1306 in
479 1275 620 1317 ejusdem
635 1275 678 1306 rei
692 1275 874 1306 tractatione
885 1274 1008 1316 copiam

262 1323 294 1348 et
310 1318 481 1349 ubertatem
497 1317 743 1359 perspiciendam
757 1317 815 1348 hoc
828 1327 901 1348 cum
913 1327 1009 1348 carm.

266 1359 322 1390 lib.
339 1359 381 1393 iv.
397 1361 415 1390 7
431 1365 463 1390 et
480 1361 518 1390 12
534 1360 767 1400 comparabunt.

307 1403 340 1432 2.
365 1401 559 1442 Trahuntque
582 1404 672 1432 siccas
697 1402 838 1431 machinae
868 1402 1004 1432 carinas.-

265 1443 300 1474 h.
321 1454 350 1475 e.
371 1449 402 1474 et
422 1454 515 1474 naves
536 1443 568 1473 in
590 1443 674 1478 litus,
690 1449 726 1474 ut
746 1453 801 1485 per
822 1442 955 1473 hiemem
974 1443 1008 1473 in

266 1485 350 1516 sicco
387 1491 514 1522 starent,
552 1484 729 1522 subductae,
766 1495 820 1526 per
855 1486 1008 1515 machinas

264 1527 315 1567 (h.
341 1538 370 1558 e.
392 1527 575 1568 phalangas,
601 1527 804 1558 instrumenta
827 1526 951 1567 lignea)
974 1526 1007 1557 in

265 1579 350 1600 mare
364 1569 574 1600 deducuntur.

310 1613 341 1641 4.
368 1612 459 1642 Canis
488 1611 648 1659 epitheton
676 1620 802 1647 ornans,
830 1609 870 1640 ad
901 1609 1006 1640 album

266 1653 354 1688 roris,
375 1652 430 1694 qui
449 1652 571 1692 frigidis
590 1653 736 1683 noctibus
759 1652 910 1693 injicitur,
925 1653 1009 1683 colo-

267 1705 331 1725 rem
347 1694 586 1734 designandum.

313 1739 344 1774 5,
366 1738 396 1768 6.
427 1736 617 1767 Suavissima
645 1735 748 1776 imago
775 1734 919 1771 Veneris,
950 1736 1009 1766 sub

268 1779 350 1809 veris
387 1779 524 1809 adventu
554 1778 586 1808 in
622 1777 722 1814 terris,
754 1777 809 1808 ubi
843 1777 947 1808 omnia
983 1778 1013 1808 vi

269 1830 327 1850 sua
356 1820 395 1851 ad
431 1820 657 1862 procreandum
690 1820 810 1861 implet,
841 1819 899 1860 (cf.
936 1820 1011 1850 Per-

267 1862 356 1902 vigil.
388 1863 503 1893 Vener.
531 1873 561 1892 v.
589 1863 748 1900 tia—67.)
779 1861 957 1892 Gratiarum
981 1867 1013 1892 et

268 1904 486 1946 Nympharum
530 1903 708 1934 saltantium
752 1903 862 1933 choros
905 1902 1010 1934 mode·

270 1946 386 1976 rantis!
414 1947 497 1976 Vere
519 1952 623 1975 autem
642 1944 794 1986 imprimis
813 1951 908 1975 terras
931 1945 1010 1974 invi-

269 1998 336 2019 sere
361 1987 544 2018 credebatur
569 1988 688 2018 Venus.
732 1987 858 2017 Lucret.
882 1998 912 2020 v,
938 1988 1012 2023 736,

270 2030 300 2060 Ie
331 2040 392 2064 ver,
422 2035 450 2058 et
485 2029 592 2062 Venus,
618 2035 646 2058 et
681 2029 798 2058 Veneris
825 2030 1014 2067 proemtntius

269 2078 340 2102 ante
365 2072 517 2101 Pinnatus
537 2072 684 2110 graditur
707 2069 861 2110 Zephyrus
888 2072 1014 2110 vestigia

266 2120 400 2153 propter.
446 2113 605 2152 Cytherea,
625 2113 664 2142 ab
688 2111 793 2142 insula
821 2111 958 2152 Cythera
982 2112 1014 2142 in

270 2155 341 2186 sinu
374 2155 544 2191 Laconico,
582 2153 712 2185 Veneris
747 2153 835 2184 cultu
871 2153 1012 2194 inprimis

270 2197 440 2228 celebrata.
489 2197 616 2231 Gratioe,
639 2195 773 2226 assiduae
800 2195 934 2226 Veneris
959 2206 1011 2226 co-

271 2238 362 2270 mites
376 2244 408 2269 et
422 2238 583 2273 ministrae,
607 2237 754 2268 dicuntur
775 2239 919 2273 decentes,
939 2237 1014 2278 quia

270 2281 310 2311 ad
334 2290 425 2311 omne
447 2279 531 2321 quod
553 2279 719 2322 pulchrum
742 2285 774 2310 et
794 2280 939 2310 decorum
966 2286 1014 2310 est

270 2333 303 2354 se
329 2328 531 2364 componunt,
555 2329 587 2352 et
606 2322 756 2352 saltantes
778 2324 904 2363 quoque
929 2321 1013 2352 hunc

271 2365 437 2395 amabilem
450 2365 591 2395 decorem
605 2369 742 2394 servant.
785 2364 904 2394 Junctae
918 2363 1014 2404 Nym-

269 2407 346 2446 phis,
363 2417 418 2448 per
431 2416 542 2437 manus
565 2416 676 2447 nempe
692 2405 724 2436 in
740 2405 917 2436 saltatione.
961 2406 1014 2437 Cl.

271 2448 402 2479 Mitscb.
427 2453 586 2489 comparat
615 2449 743 2479 Homer.
773 2448 813 2478 H.
846 2447 879 2478 in
911 2448 1016 2489 Apoll.

270 2502 302 2521 ν.
341 2491 412 2528 194,
449 2490 613 2528 ἀλλήλων
650 2490 704 2521 ἐπὶ
742 2492 864 2531 καρπῷ
897 2492 1016 2532 χεῖρας

268 2533 419 2574 ἔχουσαι.

314 2575 346 2609 7,
363 2577 394 2605 8.
417 2575 542 2605 Alter-no
565 2580 677 2604 terram
695 2575 840 2614 quatiunt
859 2575 944 2612 pede,
964 2585 1012 2605 or-

271 2623 344 2647 nate
359 2626 427 2658 pro,
450 2616 589 2655 saltant3
612 2616 651 2646 ad
669 2626 831 2646 numerum
847 2616 930 2646 enim
951 2617 1015 2647 sal-

270 2665 373 2689 tantes
402 2658 530 2689 alternis
564 2657 694 2700 pedibus
724 2664 834 2688 terram
867 2658 1015 2704 pulsant;

270 2701 316 2732 sic
339 2707 449 2731 terram
470 2701 541 2739 pede
562 2702 688 2730 tundere
710 2701 748 2730 de
771 2700 936 2730 saltatione
960 2700 1015 2731 inf.

270 2743 303 2773 in
328 2743 431 2784 Epist.
453 2742 492 2772 ad
518 2741 582 2772 Pis.
601 2743 674 2776 4:30,
697 2743 795 2779 saliet,
816 2743 923 2772 tundet
945 2744 1016 2781 pede

269 2792 391 2816 terram.
436 2785 518 2814 Dum
538 2795 645 2824 graves
669 2784 832 2823 Cyclopum
864 2784 1015 2816 Vulcanus

270 2829 378 2858 ardens
399 2828 464 2856 urit
487 2826 643 2867 officinas.-
667 2825 741 2856 duni
768 2825 935 2856 Vulcanus
950 2826 1012 2868 Cy-

270 2869 377 2911 clopes
393 2869 425 2899 in
440 2867 573 2899 officinis
591 2867 654 2898 suis
670 2873 803 2898 exercet.
850 2868 1016 2899 Vulcanus

269 2921 391 2953 nempe,
406 2911 482 2941 dum
497 2919 575 2940 uxor
589 2909 617 2951 ej
624 2921 659 2940 us
675 2916 813 2952 tempore
829 2909 908 2940 veris
925 2910 1015 2942 adest

268 2954 422 2990 interris,
445 2958 477 2984 et
497 2951 602 2983 omnia
623 2951 652 2982 vi
676 2962 732 2982 sua
756 2952 927 2990 soecundat,
952 2963 1014 2984 non

1051 1275 1138 1307 sedet
1150 1276 1267 1308 interea
1280 1276 1313 1307 in
1329 1277 1402 1312 otio,
1417 1275 1473 1307 sed
1487 1286 1543 1307 suo
1586 1284 1689 1316 uoque
1703 1273 1790 1316 operi

1050 1317 1187 1348 intentus
1199 1325 1256 1350 est.
1300 1319 1373 1350 Non
1382 1324 1486 1349 autem
1497 1318 1536 1349 de
1548 1327 1566 1348 o
1599 1317 1682 1354 cina,
1694 1326 1787 1358 quam

1051 1360 1223 1391 secundum
1243 1361 1369 1392 Homer.
1384 1359 1478 1392 lliad.
1500 1359 1585 1396 xviii,
1600 1360 1677 1395 369,
1693 1358 1727 1389 in
1743 1359 1789 1390 0-

1049 1401 1154 1443 lympo
1164 1402 1439 1440 habetVulcanus,
1450 1401 1650 1443 cogitandum
1657 1406 1705 1432 est
1714 1413 1723 1440 ;
1735 1400 1791 1431 sed

1049 1443 1087 1474 de
1109 1443 1180 1474 aliis
1201 1445 1342 1479 officinis,
1364 1454 1442 1486 quas
1459 1449 1561 1492 poetae
1582 1442 1655 1474 huic
1675 1443 1734 1474 deo
1754 1441 1789 1472 in

1050 1485 1163 1516 insulis
1177 1491 1210 1516 et
1221 1487 1390 1521 montibus.
1403 1486 1469 1527 igni
1480 1486 1680 1516 subterraneo
1690 1483 1788 1527 inpri-

1050 1527 1121 1563 mis,
1132 1538 1224 1568 quem
1236 1528 1446 1570 ejaculantur,
1459 1527 1553 1563 notis,
1564 1527 1770 1568 adsignarunt
1781 1538 1791 1565 ;

1050 1569 1089 1600 de
1104 1570 1221 1611 quibus
1236 1571 1277 1601 cf.
1291 1570 1344 1600 Ill.
1358 1571 1462 1611 Heyn.
1476 1570 1516 1600 ad
1529 1569 1619 1610 Virg.
1634 1569 1710 1600 AEn.
1723 1567 1789 1603 viii,

1051 1612 1126 1642 416.
1170 1612 1190 1643 J
1195 1622 1256 1647 am,
1279 1611 1305 1642 si
1328 1622 1434 1642 verum
1458 1616 1517 1647 est.
1540 1609 1792 1652 quodhonnulli

1053 1653 1264 1694 suspicantur,
1293 1653 1458 1684 Horatium
1487 1653 1520 1684 in
1546 1653 1606 1684 hac
1634 1652 1713 1684 veris
1738 1652 1791 1684 de—

1053 1695 1218 1736 scriptione
1241 1701 1361 1737 poetam
1384 1694 1542 1737 quendam
1563 1694 1716 1731 Siculum,
1739 1694 1792 1725 cui

1052 1747 1141 1767 mons
1155 1738 1254 1768 AEtna
1264 1738 1486 1773 obversaretur,
1500 1737 1707 1779 expressisse3
1729 1746 1793 1768 non

1055 1778 1188 1810 dubitari
1210 1786 1323 1821 potest,
1345 1780 1422 1821 quin
1445 1779 1585 1811 Vulcani
1611 1778 1733 1820 officina
1758 1781 1792 1809 in

1054 1828 1150 1852 monte
1167 1822 1261 1851 AEtna
1276 1821 1479 1862 intelligenda
1492 1821 1544 1853 sit.
1589 1821 1686 1862 Finge
1698 1819 1794 1862 igitur

1053 1862 1110 1892 tibi
1130 1864 1283 1894 Venerem
1296 1863 1330 1894 in
1342 1863 1556 1895 amoenissima
1565 1862 1650 1894 circa
1664 1863 1795 1894 AEtnam

1053 1904 1178 1945 regione
1199 1905 1327 1936 choreas
1346 1916 1415 1936 cum
1441 1905 1558 1937 Gratiis
1577 1905 1660 1946 Nym
1684 1903 1796 1945 hisque

1053 1947 1231 1981 ducentem.
1247 1947 1279 1977 in
1292 1947 1362 1988 ejus
1375 1947 1533 1978 vicinitate
1544 1953 1648 1978 autem
1694 1946 1796 1978 eneris

1055 1989 1201 2018 maritum
1223 1989 1400 2020 Vulcanum
1415 1989 1499 2030 operi
1513 1999 1571 2020 suo
1583 1988 1793 2024 insudantem.

1055 2035 1088 2060 et
1113 2030 1158 2060 sic
1192 2030 1295 2061 animo
1322 2030 1483 2072 concipies
1507 2031 1676 2071 imaginem
1701 2030 1795 2071 longe

1056 2072 1282 2102 suavissimam.
1326 2073 1471 2104 Ceterum
1487 2072 1651 2114 quaerenti,
1667 2082 1725 2103 cur
1734 2073 1794 2104 sub

1057 2113 1137 2143 veris
1152 2114 1346 2155 potissimum
1361 2114 1450 2144 initio
1464 2114 1628 2146 Vulcanus
1638 2113 1723 2156 operi
1738 2123 1796 2145 suo

1054 2155 1218 2186 insudasse
1247 2157 1381 2190 dicatur.
1408 2156 1568 2196 ingeniose
1599 2155 1730 2188 Vossius
1756 2156 1797 2187 ad

1058 2198 1086 2228 V
1090 2197 1147 2239 irg.
1171 2198 1251 2229 Geo.
1275 2199 1297 2235 i,
1324 2200 1383 2229 :311
1409 2208 1479 2240 sqq.
1502 2199 1688 2240 respondet:
1712 2198 1796 2240 quod

1055 2238 1109 2270 ille
1134 2250 1204 2270 vere
1232 2239 1387 2282 inprimis,
1411 2251 1475 2281 quo
1502 2241 1617 2272 crebrae
1642 2239 1675 2271 in
1702 2239 1796 2271 ltalia

1056 2287 1256 2324 tempestates
1282 2292 1354 2312 cum
1383 2282 1500 2313 tonitru
1523 2281 1648 2324 concipi
1667 2281 1701 2313 in
1727 2291 1797 2313 aere

1056 2323 1188 2358 soleant.
1206 2323 1391 2355 fulminibus
1400 2323 1618 2366 'procudendis
1630 2329 1662 2356 et
1681 2333 1797 2367 suppe-

1058 2364 1195 2396 ditandis
1222 2375 1347 2407 operam
1376 2366 1449 2397 dare
1478 2366 1630 2398 debuerit.
1673 2366 1800 2403 Graves,

1059 2409 1099 2438 ob
1114 2418 1222 2447 graves
1234 2408 1427 2450 Cyclopibus
1437 2408 1480 2439 ibi
1494 2409 1655 2440 obeundus
1666 2407 1799 2440 labores.

1059 2452 1188 2486 Ardens,
1205 2450 1237 2480 h.
1253 2460 1280 2480 e.
1296 2450 1428 2480 flammis
1450 2450 1604 2486 relucens,
1619 2455 1656 2481 ut
1669 2449 1799 2493 pulchre

1059 2491 1196 2532 explicat
1223 2492 1275 2523 Cl.
1302 2492 1436 2523 Mitsch.
1463 2503 1557 2534 quem
1582 2492 1664 2524 vide.
1707 2492 1799 2523 Fabri

1055 2533 1151 2569 enim,
1181 2534 1257 2565 dum
1292 2534 1404 2565 ferrum
1436 2531 1578 2566 'candens
1610 2534 1798 2576 procudunt,

1055 2575 1115 2617 ipsi
1137 2576 1242 2607 ardere
1265 2575 1408 2606 videntur
1426 2576 1508 2617 ignis
1524 2576 1644 2617 fulgore
1663 2581 1696 2607 et
1717 2576 1800 2611 scin-

1059 2618 1137 2648 tillis
1157 2618 1361 2649 circumfusi:
1387 2618 1527 2649 similiter
1551 2629 1622 2660 sup.
1645 2617 1679 2655 ii,
1702 2618 1734 2648 2.
1749 2618 1798 2648 di·

1060 2660 1186 2690 cebatur
1196 2662 1315 2691 dextera
1327 2662 1445 2692 rubens.
1492 2661 1562 2691 Urit
1572 2659 1717 2700 qfficinas,
1727 2660 1758 2691 h.
1771 2670 1802 2692 e.

1059 2702 1202 2732 accendit
1230 2702 1382 2737 officinas,
1411 2702 1506 2744 paulo
1535 2701 1702 2733 sublimius
1733 2711 1800 2744 pro,

1059 2743 1098 2774 ad
1129 2745 1279 2782 flammas,
1311 2754 1390 2786 quas
1418 2745 1451 2775 in
1481 2743 1612 2775 officinis
1643 2744 1800 2780 accendit,

1057 2796 1135 2827 opus
1153 2786 1237 2816 facit.

1100 2829 1218 2858 9—12.
1251 2828 1343 2859 Nunc
1371 2829 1452 2859 decer
1485 2833 1559 2859 cett.
1593 2826 1675 2864 vide,
1705 2819 1822 2869 quam·

1058 2869 1194 2900 suaviter
1213 2875 1304 2912 poeta
1323 2870 1481 2911 vulgarem
1499 2869 1698 2907 senteutiam,
1719 2881 1803 2908 πιιιυ

1058 2913 1181 2947 laetitiae,
1204 2914 1244 2942 ad
1265 2923 1354 2953 quam
1375 2914 1450 2942 anni
1472 2918 1585 2953 tempus
1605 2913 1728 2950 invitat,
1749 2913 1800 2942 in-

1058 2955 1244 2994 dulgendum
1271 2961 1324 2992 est,
1347 2960 1475 3001 externa
1498 2952 1670 2986 laetantium
1695 2953 1801 2996 specie
