1884 3288
610 210 837 254 LIBER
866 211 927 264 Π,
964 213 1029 254 12.

1528 215 1586 256 99

606 412 883 455 CARMEN
917 411 1023 454 XII.

567 566 637 598 AD
684 565 1061 597 MAECENATEM.

279 694 426 736 Noms
446 693 578 750 longa
599 692 703 735 ferae
724 692 838 735 bella
860 693 1124 744 Numantiae,

275 761 374 803 Nec
395 762 554 803 durum
574 761 884 812 Hannibalem,
906 776 987 803 nec
1010 761 1204 803 Siculum
1223 776 1340 814 mare

275 828 417 871 Poeno
437 843 707 884 purpureum
725 829 949 884 sanguine,
974 828 1174 871 mollibus

511 894 671 950 Aptari
692 895 872 937 citharae
890 897 1055 938 modis:

219 963 246 1004 5
276 963 375 1005 Nec
397 978 533 1005 saevos
556 962 786 1018 Lapithas,
809 970 852 1004 et
873 963 1051 1004 nimium
1071 978 1190 1005 mero

275 1029 506 1085 Hylaeum:
539 1030 780 1072 domitosve
803 1030 1026 1073 Herculea
1052 1046 1182 1073 manu

275 1096 468 1139 Telluris
485 1097 685 1152 juvenes,
708 1098 826 1139 unde
847 1097 1091 1152 periculum

506 1164 699 1220 Fulgens
721 1165 984 1206 contremuit
1005 1165 1159 1206 domus

278 1230 457 1273 Saturni
478 1232 651 1273 veteris.

266 1367 467 1401 CARMEN
491 1368 574 1399 XII.

88 1411 238 1454 Rogatus
254 1421 274 1443 a
290 1412 481 1447 Maecenate,
495 1416 532 1441 ut
548 1410 688 1442 carmine
703 1409 794 1452 epico

45 1453 188 1496 Augusti
195 1454 368 1486 celebraret
378 1453 538 1489 victorias,
553 1463 598 1489 se,
609 1458 645 1484 ut
657 1458 795 1495 poetam,

43 1497 139 1529 rebus
154 1496 287 1529 ludicris
308 1495 527 1528 tantummodo
545 1495 719 1527 tractandis
737 1506 793 1538 ap-

43 1543 124 1578 tum,
145 1539 203 1571 has
216 1545 322 1582 partes
336 1539 398 1570 sibi
412 1538 619 1571 demandatas
636 1538 793 1570 sustinere

44 1591 137 1631 posse
158 1587 264 1625 negat.
308 1581 433 1623 Itaque,
449 1591 512 1612 non
532 1580 696 1616 dubitans,
715 1581 792 1623 quin

43 1634 56 1657 ι
79 1634 114 1656 se
144 1625 307 1656 Maecenas
337 1624 436 1655 multo
463 1623 579 1655 melius
608 1633 658 1654 res
689 1630 794 1664 gestas

77 1667 187 1708 ugusti
204 1666 342 1716 pedestri
359 1665 500 1698 oratione
519 1672 720 1697 enarraturus
742 1666 794 1705 sit,

45 1719 132 1741 nunc
148 1715 247 1746 canit,
263 1719 345 1752 quas
360 1709 461 1740 Musa
474 1718 547 1740 eum
564 1717 676 1740 canere
688 1708 792 1750 jubet,

45 1751 158 1783 laudes
174 1751 360 1793 Licymniae.
406 1751 564 1792 Compara
579 1750 708 1781 omnino
724 1761 795 1793 sup.

45 1793 69 1830 i,
87 1795 119 1830 6.
135 1794 192 1826 ubi
207 1794 334 1837 pariter,
348 1793 423 1825 dum
440 1793 593 1835 Agrippae
609 1799 641 1824 et
655 1793 794 1834 Augusti

45 1835 194 1869 laudibus
209 1836 362 1868 canendis
383 1847 416 1868 se
436 1836 587 1878 imparem
606 1846 675 1866 esse
694 1836 793 1867 simu-

45 1877 104 1915 lat,
119 1889 174 1911 eas
195 1879 255 1912 hac
277 1879 348 1921 ipsa
365 1879 569 1910 simulatione
588 1878 638 1909 vel
658 1878 796 1910 maxime

44 1921 181 1954 extollit.
225 1922 344 1953 Eadem
367 1927 432 1952 arte
454 1921 487 1952 in
505 1920 704 1952 celebrandis
726 1921 795 1952 Au-

47 1964 136 2005 gusti
150 1963 300 1996 laudibus
315 1973 392 1995 usus
404 1969 453 1994 est
466 1962 650 2005 Propertius
665 1963 701 1998 ii,
724 1965 752 1994 l.

93 2007 189 2039 1-4,
211 2007 332 2039 Sensus
347 2012 380 2037 et
389 2006 615 2038 sententiarum
632 2016 734 2036 nexus
749 2010 798 2037 est

47 2047 111 2081 fere
137 2049 209 2082 hic:
237 2048 504 2091 quemadmodum
533 2048 584 2079 vix
611 2048 734 2090 cupias,
758 2053 795 2079 ut

45 2091 98 2123 vel
109 2091 231 2124 benum
242 2091 488 2126 Numantinum,
498 2091 549 2122 vel
560 2090 645 2122 bella
657 2090 794 2127 Punica,

47 2133 99 2166 vel
122 2134 330 2177 Lapitharum
353 2144 426 2166 cum
450 2133 621 2166 Centauris
643 2143 796 2175 pugnam,

45 2176 97 2208 vel
119 2176 431 2219 Gigantomachiam,
450 2181 544 2219 poeta
561 2175 666 2207 tenuis
683 2181 796 2215 canat3

46 2217 161 2252 itanec
176 2229 294 2262 cupere
303 2225 406 2262 potes,
422 2224 458 2250 ut
466 2229 524 2260 ego
536 2218 733 2249 simillimum
747 2229 796 2250 ar-

91 2267 245 2300 mentum,
273 2272 323 2294 res
353 2267 470 2302 gestas.
493 2271 607 2303 nempe
641 2261 795 2302 Augusti,

45 2271 116 2347 ξω.
134 2314 217 2343 mea,
233 2303 429 2336 mollioribus
449 2303 552 2335 modis
566 2308 688 2335 tantum
709 2310 795 2346 apta,

44 2347 225 2386 celebrum
247 2353 284 2379 tu
303 2347 371 2390 ipse
391 2346 476 2378 enim
496 2347 595 2378 multo
615 2346 727 2377 melius
745 2357 796 2378 so-

45 2389 118 2423 luta
138 2389 279 2423 oratioue
301 2395 366 2422 tam
389 2389 504 2432 proelia
524 2388 676 2430 Augusti,
698 2399 796 2431 quam

45 2432 117 2475 ejm
142 2432 318 2482 triumphos
345 2442 496 2473 expones.
540 2431 704 2474 Expende,
733 2441 797 2474 qua

44 2481 114 2508 arta
139 2475 318 2518 simplicem
346 2474 549 2512 sententiam,
577 2473 694 2505 “nolis
723 2475 795 2506 Au-

42 2517 131 2560 gusti
154 2518 302 2550 victorias
327 2527 347 2548 a
372 2522 465 2559 poeta
493 2516 582 2549 tenui
609 2517 795 2554 celebrari,’'

0 2571 3 2575 ·
46 2561 255 2598 exornaverit,
271 2559 377 2592 allatis
391 2560 464 2591 aliis
484 2559 680 2601 argumentis
695 2560 796 2601 gravi·

42 2601 166 2641 oribus,
191 2613 265 2646 qun
289 2612 309 2634 a
333 2608 428 2646 poeta
456 2602 547 2634 tenui
574 2601 703 2634 tractari
731 2613 796 2634 non

0 2655 4 2678 ἓ
38 2645 182 2688 ,possim-
228 2646 337 2687 Longa
373 2646 453 2676 bella
490 2645 679 2676 Numantioe.
724 2645 795 2676 Nu-

0 2684 15 2722 ‘2'
41 2690 177 2727 mutia,
189 2687 356 2731 Hispanias
371 2687 618 2719 Tarraconensis
630 2687 706 2718 urbs
721 2687 796 2718 olim

2 2751 3 2754 =
49 2729 259 2767 nobilissima,
283 2741 369 2772 quaa,
391 2741 466 2762 cum
491 2730 722 2772 pluresannos
745 2729 798 2779 (in

49 2781 205 2805 unorum
226 2782 358 2804 numero
384 2772 551 2814 scriptores
573 2772 656 2804 inter
677 2782 711 2803 se
731 2771 797 2804 dis-

0 2828 2 2830 ·
46 2815 196 2858 crepant)
231 2815 399 2847 fortissime
434 2814 592 2846 Romanis
623 2814 798 2853 restitisset,

0 2873 3 2876 ·
47 2858 176 2891 tandem
191 2868 211 2890 a
226 2858 374 2901 Scipione
388 2858 541 2890 Africano
556 2857 683 2890 Minore
693 2858 800 2889 deleta

41 2905 118 2933 ἀἱς
145 2899 212 2933 vid.
236 2901 322 2932 Flor.
344 2900 380 2936 ii,
406 2902 470 2940 183
497 2899 616 2932 Vellei.
641 2899 676 2936 ii,
700 2902 732 2936 4.
754 2901 797 2939 25

50 2942 165 2975 stabo
194 2942 241 2980 iii,
276 2954 310 2986 p.
341 2944 420 2975 246.
468 2943 565 2979 Ferae,
600 2942 797 2974 referendum

51 2983 185 3018 fona-0
210 2995 262 3024 co,
291 2986 378 3028 quod
403 2986 474 3028 ejus
497 2985 624 3023 incolae,
648 2990 683 3017 ut
706 2985 801 3017 tradit

712 1231 874 1286 Tuque
894 1231 1175 1286 pedestribus

838 1365 954 1398 Florus
970 1367 994 1399 l.
1015 1370 1042 1399 l.
1060 1371 1094 1399 in
1107 1369 1250 1399 ultimam
1263 1370 1378 1400 rabiem
1384 1369 1591 1411 furoremque

837 1412 983 1447 conversi,
1001 1412 1091 1442 duces
1108 1422 1174 1442 suos
1188 1421 1274 1452 seque
1287 1413 1491 1452 patriamque,
1496 1412 1590 1453 ferro

837 1459 866 1483 et
880 1463 993 1483 veneno
1007 1455 1196 1495 suly'ectoque
1210 1455 1347 1494 undique
1361 1456 1446 1495 igne,
1461 1464 1592 1494 pereme-

837 1502 928 1526 runt.
973 1496 1112 1532 Durum,
1131 1496 1260 1533 laboris,
1276 1495 1381 1532 famis,
1401 1497 1517 1528 caloris
1536 1496 1591 1527 sri-

837 1537 984 1579 gorisque
1011 1539 1303 1580 patientissimum3
1333 1539 1373 1571 de
1398 1539 1592 1570 Hannibalis

837 1581 967 1622 ingenio
987 1587 1035 1612 est
1052 1581 1140 1613 locus
1158 1582 1312 1613 classicus
1326 1582 1413 1624 apud
1436 1581 1508 1614 Liv.
1523 1582 1590 1618 xxi,

838 1625 878 1654 4:
903 1623 1086 1664 designatur
1097 1630 1202 1656 autem
1238 1635 1272 1655 er
1288 1625 1508 1656 Hannibalem
1522 1625 1591 1656 bel-

838 1665 905 1696 lum
931 1665 1091 1697 Punicum
1109 1677 1207 1698 secun
1233 1677 1299 1698 um.
1344 1667 1483 1698 Siculum
1509 1678 1592 1698 mare

840 1709 933 1739 Poeno
954 1720 1146 1748 purpureum
1171 1712 1334 1749 sanguine,
1362 1709 1504 1750 intellige
1528 1714 1592 1740 tres

840 1750 1056 1781 nobilissimas
1073 1751 1145 1782 illas
1164 1761 1290 1793 pugnas
1309 1751 1452 1787 navales,
1474 1751 1592 1793 quibus

839 1793 1122 1834 Carthaginienses
1136 1793 1168 1825 in
1185 1793 1269 1824 bello
1290 1793 1416 1824 Punico
1430 1793 1532 1835 primo
1552 1793 1594 1825 ad

840 1834 983 1866 Siciliam
999 1835 1076 1867 victi
1097 1841 1173 1866 sunt
1188 1846 1207 1866 a
1225 1835 1394 1871 Romanis,
1413 1837 1453 1868 C.
1468 1836 1592 1867 Duillio

842 1878 968 1919 Regulo
978 1884 1009 1909 et
1025 1878 1172 1909 Luctatio
1184 1878 1303 1910 Catulo
1314 1878 1463 1909 ducibus.
1511 1879 1593 1909 Mol-

842 1922 920 1951 cibus
939 1922 1052 1961 Aptari
1071 1922 1197 1952 cithara:
1214 1922 1320 1957 modis,
1339 1920 1412 1952 caui
1431 1921 1472 1951 ad
1489 1920 1593 1952 citha-

840 1973 920 1999 ram,
937 1973 1002 2004 qua
1021 1965 1168 1994 molliores
1185 1965 1265 1994 modi
1285 1967 1410 1994 tantum
1432 1963 1595 2005 (carmina

841 2006 995 2037 amatoria
1018 2007 1112 2048 puta)
1135 2006 1349 2041 deducuntur,
1369 2005 1402 2036 h.
1426 2016 1455 2038 e.
1479 2006 1552 2037 cani
1575 2016 1594 2037 a

839 2053 942 2089 poeta,
983 2059 1032 2079 res
1070 2048 1196 2080 levioris
1237 2047 1414 2089 argumenti
1457 2053 1593 2081 tractare

839 2090 955 2121 solito:
979 2089 1038 2122 inf.
1056 2090 1160 2133 Epist.
1181 2091 1205 2127 i,
1226 2092 1259 2128 3,
1286 2091 1508 2132 13,fidibu³ne
1528 2091 1592 2122 La·

839 2135 914 2164 tinis
932 2133 1083 2165 Thebanos
1099 2140 1208 2174 aptare
1223 2134 1322 2165 modos
1336 2136 1451 2171 studet,
1471 2136 1593 2174 auspice

842 2176 957 2207 Musa?

885 2219 982 2250 5—9.
1008 2218 1073 2250 Nec
1095 2229 1182 2250 saevos
1201 2218 1374 2258 Lapithas:
1399 2218 1594 2260 argumentis

841 2261 874 2291 in
891 2261 1009 2303 insigni
1025 2262 1183 2292 Romanae
1204 2260 1328 2292 virtutis
1344 2261 1444 2302 gloria
1464 2271 1593 2293 versan-

839 2303 936 2340 tibus,
974 2304 1116 2345 adeoque
1151 2303 1393 2341 recentioribus,
1428 2303 1597 2346 subjungit

841 2346 1034 2389 antiquiora,
1051 2347 1176 2377 fabulas
1188 2356 1314 2388 nempe,
1332 2357 1394 2378 non
1407 2347 1469 2378 nisi
1485 2357 1504 2378 a
1517 2348 1594 2378 sub-

841 2388 973 2421 limioris
987 2389 1116 2432 spiritus
1131 2388 1231 2432 poetis
1250 2395 1315 2420 tam
1331 2389 1408 2421 olim
1422 2394 1596 2432 pertracta-

841 2436 902 2468 tas,
919 2442 1013 2474 quam
1029 2442 1114 2463 nunc
1131 2437 1163 2464 et
1177 2431 1210 2462 in
1227 2437 1387 2474 posterum
1400 2437 1595 2475 pertractan-

841 2473 912 2506 das.
959 2474 1084 2506 Fabula
1105 2475 1145 2506 de
1170 2474 1378 2517 Lapitharum
1405 2486 1478 2507 cum
1507 2476 1594 2507 Cen-

842 2517 939 2549 tauris
962 2527 1070 2560 pugna
1091 2517 1142 2549 vel
1163 2528 1203 2549 ex
1227 2517 1322 2549 Ovid.
1345 2519 1427 2550 Met.
1449 2517 1506 2554 xii,
1530 2520 1596 2550 220

841 2569 915 2601 sqq.
939 2560 1016 2591 satis
1038 2565 1139 2591 nota:
1164 2560 1209 2592 cf.
1234 2560 1327 2600 Virg.
1351 2561 1434 2593 Geo.
1456 2560 1490 2596 ii,
1510 2562 1595 2601 457,

845 2602 1029 2644 Apollodor.
1052 2602 1085 2639 ii,
1111 2605 1144 2639 5,
1169 2604 1211 2642 43
1235 2608 1267 2634 et
1289 2602 1333 2635 ib.
1363 2604 1488 2646 Heyne.
1534 2604 1596 2636 Ni-

840 2648 936 2676 mium
947 2657 1027 2677 mero
1044 2646 1200 2686 Hylaeum,
1216 2645 1426 2684 Centaurum,
1443 2646 1509 2687 qui,
1522 2657 1595 2678 cum

842 2687 977 2724 nimium
997 2687 1072 2719 vino
1096 2698 1252 2720 accensus
1275 2687 1343 2730 Hip
1366 2688 1524 2720 odamiam
1550 2695 1597 2720 at-

842 2730 1052 2767 trectavisset,
1074 2741 1191 2772 pugnae
1212 2736 1324 2762 auctor
1355 2731 1439 2763 uisse
1454 2732 1597 2764 traditur.

846 2773 979 2805 Telluris
979 2775 1112 2813 juvenes
1124 2772 1335 2815 (γηγενεῖς),
1348 2773 1516 2815 GiganteS,
1528 2786 1595 2806 (τα-,-

843 2815 910 2847 lum
936 2821 968 2847 et
998 2816 1017 2847 J
1022 2826 1112 2847 ovem
1143 2817 1282 2853 adortos,
1311 2817 1367 2847 sed
1396 2818 1535 2848 Hercule
1560 2817 1596 2848 in

842 2864 948 2900 partes
961 2864 1073 2890 vocato
1088 2859 1224 2890 domitos
1240 2859 1447 2901 (Apollodor.
1463 2859 1485 2895 i,
1502 2861 1534 2896 6,
1558 2862 1571 2890 l
1588 2872 1594 2889 :

843 2902 886 2932 cf.
901 2901 959 2932 inf.
973 2901 1008 2937 ii,
1023 2902 1076 2938 19,
1090 2901 1167 2940 21).
1218 2902 1318 2938 Unde,
1336 2912 1354 2933 a
1370 2902 1500 2943 quibus,
1516 2913 1596 2945 quo-

843 2954 911 2974 mm
942 2949 1072 2975 conatu.
1127 2945 1332 2980 Contremuit,
1363 2955 1437 2976 cum
1466 2950 1596 2976 tremore

844 2985 963 3018 timuit.
1007 2987 1144 3028 Fulgens
1153 2988 1257 3018 domus
1270 2987 1412 3024 Saturni,
1425 2987 1596 3029 Olympus,

787 3029 854 3060 112
