1904 3314
355 203 438 245 368

894 206 1323 250 SATIRARUM

471 305 680 347 Proceros
702 306 844 348 odisse
863 296 987 363 lupos
1005 311 1022 350 ?
1080 310 1194 357 Quia
1215 310 1372 352 scilicet
1392 310 1472 351 illis

471 372 683 427 Majorem
704 381 856 416 natura
875 377 1047 417 modum
1068 377 1202 426 dedit,
1225 377 1291 418 his
1310 379 1440 418 breve
1460 378 1642 432 pondus·

469 439 652 493 Jejunus
673 455 769 481 raro
791 442 1032 483 stomachus
1055 443 1244 498 vulgaria
1265 445 1424 485 temnit.

471 505 724 548 Porrectum
744 523 898 562 magno
918 523 1115 564 magnum
1137 518 1329 564 spectare
1351 512 1491 552 catino

383 573 440 613 40

472 572 649 623 Vellem,
671 574 729 614 ait
751 574 954 629 Harpyiis
976 576 1075 630 gula
1097 577 1225 631 digna
1244 579 1484 631 rapacibus.

470 639 727 690 Praesentes,
749 639 915 691 Austri,
939 644 1107 696 coquite
1128 643 1279 684 horum
1300 645 1498 686 obsonia!

1544 577 1607 619 At
1626 591 1702 618 vos
1744 568 1747 570 ³

1561 645 1831 698 Quamquam

469 706 600 748 Putet
621 723 723 762 aper
744 708 1034 763 rhombusque
1055 725 1222 757 recenS,
1242 711 1349 752 mala
1369 712 1492 765 copia
1511 711 1684 765 quando

469 773 655 827 AEgrum
678 774 873 815 sollicitat
896 776 1172 826 stomachum,
1195 792 1325 830 quum
1346 777 1496 831 rapula
1516 777 1667 832 plenus

468 839 615 894 Atque
636 842 778 882 acidas
799 842 957 882 mavult
977 842 1127 883 inulas.

469 907 703 962 Pauperies
725 909 861 963 epulis
884 925 1055 964 regum:
1088 925 1184 951 nam
1203 910 1356 951 vilibus
1379 912 1467 952 ovis

468 974 704 1028 Nigrisque
725 983 791 1016 est
811 975 913 1016 oleis
935 976 1063 1017 hodie
1085 976 1218 1018 locus.

382 907 438 948 45

1187 843 1386 885 Necdum
1407 845 1541 885 omnis
1561 845 1714 885 abacta

1280 977 1411 1018 Haud
1433 978 1490 1018 ita
1509 977 1676 1032 pridem

469 1040 644 1082 Galloni
663 1042 871 1095 praeconis
892 1049 983 1083 erat
1004 1043 1250 1096 acipensere
1269 1058 1413 1084 mensa

466 1106 655 1147 Infamis.

717 1108 868 1154 Quid?
900 1115 988 1149 tum
1011 1109 1210 1150 rhombos
1232 1110 1369 1150 minus
1392 1123 1564 1164 aequora
1583 1109 1782 1150 alebant?

468 1173 612 1214 Tutus
634 1182 725 1215 erat
745 1174 964 1224 rhombus,
988 1182 1165 1229 tutoque
1187 1176 1348 1217 ciconia
1369 1177 1494 1225 nido;

349 1282 444 1303 causa
462 1277 518 1308 est,
532 1273 615 1314 quod
632 1273 710 1304 nihil
731 1284 821 1306 curas
836 1275 953 1316 proceri
975 1286 1083 1317 corpo-

349 1314 391 1345 ris
417 1315 527 1356 lupos'!
574 1315 695 1357 Ofellus
722 1316 788 1357 ipse
813 1317 987 1358 respondet,
1013 1320 1083 1358 quia

337 1357 460 1387 'scilicet
475 1364 587 1388 natura
608 1360 671 1388 illis
687 1357 804 1399 (lupis)
824 1369 936 1400 corpus
960 1360 1084 1399 longius

347 1403 380 1429 et
394 1398 554 1439 grandius,
569 1401 613 1430 his
629 1400 769 1441 (mullis)
788 1401 909 1431 brevius
928 1406 959 1432 et
981 1401 1080 1431 mino-

348 1439 390 1470 ris
417 1441 571 1480 ponderis,
594 1440 689 1472 dedit.
735 1442 896 1473 Laudatur
923 1449 1024 1474 autem
1052 1449 1083 1474 et

348 1483 509 1523 praefertur
526 1493 544 1513 a
563 1484 715 1514 lautarum
730 1485 891 1526 epularum
915 1485 1081 1516 aestimato—

347 1523 432 1555 ribus
465 1525 580 1556 mullus
609 1528 748 1563 trilibris,
779 1527 854 1567 quia
882 1527 1020 1558 excrevit
1050 1527 1082 1557 in

347 1567 594 1607 magnitudinem
621 1568 790 1599 insolitam.
835 1569 910 1610 (Ille
936 1579 1081 1599 nonnun-

348 1618 443 1648 quam
466 1610 503 1639 ad
549 1610 711 1645 roximum,
727 1613 775 1640 hic
800 1611 838 1640 ad
866 1610 1010 1641 remotius
1035 1621 1081 1642 re-

347 1649 461 1680 fertur:
486 1620 548 1681 vid).
574 1652 694 1682 Duker.
717 1658 748 1682 et
771 1653 932 1683 Drakenb.
954 1653 993 1683 ad
1013 1653 1081 1684 Liv.

347 1691 432 1727 xxiv,
456 1694 509 1728 28,
535 1695 550 1734 §
576 1692 627 1732 3).
672 1695 750 1724 Haec
780 1694 874 1734 igitur
899 1699 947 1725 est
975 1704 1082 1730 causa,

347 1743 403 1764 cur
426 1736 605 1766 stomachus
627 1735 784 1771 ditiorum,
801 1736 855 1777 qui
871 1748 942 1767 raro
953 1739 1083 1777 jejunus

347 1775 380 1805 fit
401 1779 486 1811 (raro
507 1776 632 1817 esurit),
649 1778 791 1819 vulgaria
815 1786 846 1809 et
868 1779 996 1820 proinde
1012 1777 1079 1810 vul·

345 1818 426 1856 garis
479 1819 702 1859 magnitudinis
756 1820 846 1861 lupos
896 1822 1079 1853 contemnit.

347 1860 547 1891 Heindorfius
559 1872 624 1902 pro,
636 1874 706 1892 raro
717 1862 762 1892 vel
773 1874 854 1899 rare,
865 1863 1001 1894 malebat
1010 1875 1080 1894 cum

347 1901 453 1932 Schol.
474 1904 548 1933 Acr.
573 1906 650 1939 rari,
667 1904 797 1938 scilicet,
815 1911 850 1935 ut
864 1908 996 1946 jejunus
1017 1909 1081 1936 rari

342 1943 410 1984 jam
436 1943 486 1980 sit,
510 1945 641 1986 cupidus
666 1946 736 1981 rari,
757 1947 852 1977 allato
876 1948 1019 1990 exemplo
1043 1958 1081 1978 ex

345 1986 462 2017 Justin.
486 1986 612 2023 xxxviii,
635 1989 666 2022 6,
683 1990 795 2019 animos
817 1991 995 2020 divitiarum
1015 1993 1079 2020 avi-

347 2029 396 2058 dos
421 2039 456 2058 ac
472 2031 595 2068 jejunos
620 2030 744 2066 hubere5
770 2032 860 2062 modo
887 2031 944 2061 hoc
973 2042 1075 2063 exem-

345 2069 430 2111 plum
448 2081 509 2100 non
524 2081 561 2102 ex
577 2072 724 2113 scriptore
742 2072 865 2104 serioris
883 2073 983 2104 aetatis
1000 2074 1077 2115 peti-

345 2118 411 2142 tum
428 2119 519 2143 esset.

388 2155 440 2188 39.
458 2156 509 2185 40.
534 2155 706 2186 Porrectum
724 2167 842 2196 magno,
860 2161 931 2187 cett.
947 2162 969 2175 ‘¹
983 2157 1080 2198 Equi—

345 2195 417 2227 dem
435 2196 560 2232 vellem,
576 2208 625 2227 me
645 2197 746 2228 oculis
769 2197 846 2228 meis
868 2198 968 2228 metiri
991 2210 1080 2240 posse

345 2238 477 2268 mullum
493 2249 641 2280 magnum
655 2240 687 2270 in
704 2250 817 2280 magno
840 2240 943 2270 catino
960 2251 1080 2282 porrec-

345 2280 449 2315 tum,’'
461 2280 564 2312 dicere
579 2281 656 2311 solet
672 2282 762 2312 homo
778 2281 916 2321 gulosus,
930 2289 1081 2313 monstro-

344 2323 387 2353 sis
418 2322 487 2353 istis
518 2329 550 2354 et
579 2323 741 2364 rapacibus
771 2323 890 2357 avibus,
922 2325 1081 2366 Harpyiis,

343 2365 595 2406 aequiparandus.
650 2366 700 2396 De
741 2366 826 2396 foeda
869 2367 1076 2407 Harpyiarum

342 2408 451 2443 forma,
475 2407 651 2441 voracitate.
672 2414 703 2438 et
726 2408 894 2448 rapacitate
919 2415 966 2439 est
991 2409 1076 2440 locus

343 2448 492 2480 classicus
519 2450 602 2491 apud
628 2450 715 2490 Virg.
740 2451 817 2481 AEn.
847 2450 893 2487 iii,
916 2452 979 2482 219
1004 2462 1075 2492 sqq.

343 2491 396 2522 ubi
413 2491 518 2522 confer
533 2493 662 2522 Excurs.
679 2492 794 2533 Heynii
809 2491 862 2522 vii.

387 2535 439 2564 41.
482 2535 524 2565 At
548 2545 595 2564 vos
616 2541 780 2573 praesentes,
805 2536 923 2570 Austri,
947 2540 1021 2565 cett.
1046 2541 1078 2566 at

343 2586 408 2611 vos,
426 2575 547 2611 Austri,
572 2577 687 2612 adeste,
707 2582 738 2607 et
757 2577 786 2607 vi
804 2583 900 2607 vestra
926 2578 1076 2608 efficacis-

342 2618 421 2648 sima
439 2618 546 2648 horum
565 2618 723 2648 hominum
747 2619 924 2660 gulosorum
948 2620 1078 2650 obsonia

343 2660 538 2702 putrefacite.
585 2661 746 2696 presentes,
764 2661 829 2702 qui,
855 2671 926 2691 cum
951 2662 1075 2699 adsunt,

342 2702 444 2733 statim
468 2702 528 2732 vim
552 2709 707 2738 exercent,
722 2714 816 2744 quam
840 2713 981 2735 exercere
1005 2714 1075 2746 pos-

342 2750 433 2775 sunt:
457 2744 495 2774 cf.
510 2756 578 2786 sup.
595 2745 634 2775 ad
651 2745 713 2776 Od.
729 2747 751 2780 i,
768 2748 822 2781 35,
836 2747 866 2775 2.

384 2788 438 2818 42.
485 2787 669 2828 Quamquam
700 2788 942 2822 Putet—recens,
965 2798 1075 2828 quam-

341 2839 435 2870 quam
456 2829 502 2860 vel
525 2840 632 2860 recens
654 2840 726 2871 aper
747 2830 955 2870 rhombusque
978 2837 1073 2868 putet,

342 2881 404 2901 non
428 2870 547 2912 proprie
567 2871 703 2912 quidem,
727 2872 778 2902 sed
799 2871 883 2913 quia,
905 2872 995 2912 quasi
1016 2883 1073 2911 pu-

340 2919 413 2948 teat,
435 2923 580 2946 nauseam
603 2920 705 2945 creat:
730 2915 859 2945 observa
881 2923 975 2944 suave
998 2914 1073 2950 ὀξύ-

340 2967 455 2998 μωρον
476 2954 509 2985 in
528 2967 627 2987 recens
647 2962 678 2988 et
696 2962 795 2996 putet.
840 2957 902 2987 Pro
921 2957 1072 2987 rhombus-

1128 1287 1182 1316 que
1211 1276 1329 1311 malim,
1357 1277 1548 1312 rhombusve3
1574 1274 1745 1316 saepissime
1773 1274 1858 1306 enim

1127 1318 1159 1348 iu
1174 1329 1228 1358 que
1247 1323 1278 1349 et
1294 1329 1325 1348 ve
1346 1324 1508 1360 peccatum
1523 1323 1602 1348 esta
1619 1317 1770 1348 librariis:
1793 1317 1859 1348 vid.

1129 1360 1288 1390 Drakenb.
1319 1361 1357 1390 ad
1385 1359 1451 1390 Liv.
1480 1361 1562 1395 xxiv,
1592 1361 1642 1395 10,
1671 1360 1686 1399 §
1716 1360 1757 1397 23
1785 1357 1857 1390 hinc

1122 1412 1213 1443 supra
1237 1411 1362 1443 quoque
1389 1403 1454 1432 Sat.
1481 1402 1503 1437 i,
1529 1402 1562 1438 4,
1586 1402 1638 1438 75,
1661 1411 1727 1443 pro,
1752 1402 1859 1442 quique

1125 1445 1256 1475 lavantes
1291 1444 1460 1479 tentabam,
1499 1446 1586 1484 quive
1622 1443 1765 1474 lavantes.
1807 1443 1859 1474 De

1124 1487 1240 1516 rhombo
1276 1487 1400 1527 (Bane,
1439 1486 1678 1526 Schollenfiseh),
1711 1485 1754 1517 cf.
1788 1494 1858 1527 sup.

1126 1529 1192 1558 Sat.
1210 1528 1231 1564 i,
1249 1529 1281 1562 2,
1302 1527 1535 1568 1165etEpod.
1550 1528 1582 1562 2,
1599 1528 1652 1557 50.

1169 1571 1222 1604 42,
1239 1571 1291 1600 43.
1315 1570 1402 1600 Mala
1421 1572 1503 1609 copia
1521 1567 1784 1610 quandovAEgmffl
1802 1570 1857 1598 sol-

1127 1612 1224 1641 licitat
1252 1612 1442 1642 stomachum.
1489 1611 1616 1646 Quando
1644 1610 1858 1652 (quandoqui-

1125 1653 1208 1688 dem,
1223 1653 1316 1694 quia)
1333 1655 1409 1684 mala
1429 1653 1554 1695 (nimia,
1568 1653 1679 1693 noxia)
1695 1654 1777 1693 copia
1793 1654 1857 1692 (sc.

1126 1694 1280 1735 ciborum)
1319 1697 1461 1727 sollicitat
1500 1696 1701 1738 (commovet,
1739 1695 1856 1731 turbat,

1125 1742 1256 1779 torquet,
1275 1738 1390 1778 tentat)
1409 1749 1522 1780 aegrum
1543 1737 1753 1779 languentem,
1774 1747 1856 1767 mar-

1124 1780 1315 1817 cescentem)
1331 1781 1528 1811 stomachum:
1552 1789 1591 1810 an
1612 1790 1678 1821 pro.
1694 1780 1772 1810 mala
1790 1779 1855 1810 Ho-

1124 1821 1218 1852 ratius
1241 1822 1366 1853 fortasse
1391 1821 1511 1863 scripsit
1531 1822 1628 1852 mule?
1649 1823 1726 1852 mole
1746 1822 1856 1852 sollici-

1125 1870 1179 1898 tat.
1197 1865 1277 1894 male
1292 1865 1397 1902 afficit,
1413 1863 1492 1894 male
1508 1868 1692 1898 commovet.
1707 1862 1855 1895 concitat.

1127 1906 1249 1946 Rapnla
1266 1905 1499 1944 (Radieschen),
1514 1916 1585 1946 quae
1602 1905 1641 1936 ad
1655 1905 1856 1937 excitandum

1123 1948 1234 1979 edendi
1255 1948 1440 1979 desiderium
1463 1954 1638 1979 sumuntur.
1683 1947 1795 1979 Plenus
1813 1958 1858 1979 sc.

1125 1990 1278 2025 ciborum,
1300 1996 1406 2029 satur;
1429 1991 1534 2030 plenus
1558 1989 1669 2037 passim
1691 1989 1803 2021 omissa
1825 2000 1856 2021 re

1120 2033 1210 2074 cujus
1225 2032 1293 2072 quis
1314 2033 1426 2074 plenus
1445 2037 1501 2063 est.
1545 2033 1597 2062 Sic
1619 2031 1676 2063 inf.
1698 2032 1796 2073 Epist.
1818 2030 1854 2066 ii,

1125 2076 1152 2108 1.
1173 2076 1243 2111 100,
1262 2075 1366 2115 puella
1389 2076 1489 2115 plena,
1509 2084 1553 2104 sc.
1576 2073 1654 2111 ludi,
1669 2073 1746 2104 ludo
1769 2083 1857 2104 exsa-

1123 2116 1217 2146 tiata:
1243 2118 1286 2147 ct'.
1311 2117 1411 2159 Epist.
1435 2117 1456 2153 i,
1479 2118 1531 2153 20,
1547 2117 1579 2152 8,
1599 2122 1631 2147 et
1653 2116 1750 2158 Epist.
1773 2115 1806 2152 ii,
1822 2116 1855 2152 2,

1166 2201 1218 2235 44,
1237 2202 1287 2230 45.
1332 2201 1441 2230 Acidas
1456 2201 1558 2230 inulas
1573 2199 1725 2240 (Alanth
1749 2198 1855 2230 Schol-

1123 2241 1211 2276 Acr.,
1236 2242 1305 2272 Non
1328 2243 1403 2282 quod
1431 2243 1517 2272 acida
1539 2248 1582 2272 est
1602 2243 1662 2272 haec
1685 2243 1784 2275 herba,
1806 2243 1856 2272 sed

1122 2285 1208 2323 quod,
1225 2295 1292 2313 eum
1315 2285 1464 2323 coquitur,
1481 2289 1562 2314 aceto
1578 2285 1731 2314 conditur.
1776 2283 1854 2314 Nec-

1123 2327 1194 2355 dum
1210 2328 1300 2356 omnis
1319 2326 1424 2355 abacta
1441 2325 1602 2364 Pauperies
1622 2327 1718 2365 epulis
1736 2335 1853 2365 regum,

1119 2367 1252 2398 suaviter
1276 2378 1329 2409 pro
1348 2366 1478 2408 vulgari,
1495 2368 1627 2398 necdum
1649 2377 1756 2398 omnes
1777 2367 1854 2403 cibi,

1120 2409 1231 2450 quibus
1257 2419 1410 2451 pauperes
1435 2417 1612 2445 vescuntur,
1635 2409 1754 2440 exclusi
1781 2414 1855 2439 sunt

1120 2452 1159 2481 ab
1181 2452 1280 2493 epulis
1301 2463 1416 2492 regum,
1438 2451 1622 2486 beatiorum.
1641 2450 1799 2488 ditiorum,
1819 2456 1855 2482 ut

1119 2504 1190 2535 sup.
1208 2494 1270 2524 Od.
1288 2493 1310 2528 i,
1327 2496 1359 2526 4.
1381 2495 1430 2528 14,
1445 2499 1477 2524 et
1493 2493 1556 2524 Sat.
1572 2493 1594 2530 i,
1610 2495 1643 2529 2,
1660 2494 1714 2524 86.

1163 2537 1299 2566 46-50.
1347 2536 1510 2576 Nigr-isque
1531 2537 1619 2566 oleis:
1642 2534 1722 2575 nigri
1741 2534 1853 2566 coloris

1119 2577 1214 2612 oleas,
1232 2585 1264 2608 ut
1284 2578 1426 2608 observat
1451 2578 1619 2613 Gesnerus,
1641 2577 1681 2608 ad
1705 2576 1852 2608 condien-

1119 2620 1193 2650 dum
1216 2619 1413 2650 commendat
1432 2619 1556 2650 Colum.
1580 2618 1635 2654 xii,
1654 2621 1707 2654 48.
1726 2619 1787 2650 49:
1812 2619 1853 2650 cf.

1120 2663 1212 2693 Voss.
1241 2662 1278 2692 ad
1306 2661 1394 2701 Virg.
1420 2661 1500 2692 Geo.
1527 2661 1561 2697 ii,
1589 2663 1640 2693 85.
1683 2661 1779 2691 Haud
1807 2663 1851 2692 im

1116 2707 1242 2744 pridem,
1259 2709 1331 2734 cett.
1349 2714 1410 2734 non
1429 2702 1473 2734 ita
1488 2703 1606 2745 pridem
1626 2712 1728 2744 praeco
1745 2703 1851 2734 Gallo-

1116 2749 1195 2782 nius,
1212 2745 1295 2787 quod
1315 2751 1426 2787 praeter
1445 2755 1572 2776 censum
1589 2751 1620 2776 et
1643 2744 1850 2786 disciplinam,

1117 2794 1265 2829 tanquam
1298 2794 1377 2818 esset
1409 2787 1498 2818 homo
1531 2787 1617 2818 dives
1649 2793 1680 2818 et
1705 2786 1850 2822 nobilior,

1119 2830 1223 2870 magni
1239 2829 1326 2872 pretii
1343 2829 1548 2871 acipenserem
1562 2828 1594 2859 in
1610 2839 1714 2859 mensa
1735 2829 1849 2870 apponi

1114 2872 1258 2913 jusserat,
1292 2875 1395 2902 notam
1427 2871 1486 2902 sibi
1516 2870 1670 2902 contraxit
1700 2870 1849 2903 infamiae.

1118 2915 1224 2946 Schol.
1244 2915 1352 2954 Cruq..
1368 2914 1528 2944 Gallonius
1543 2924 1638 2953 praeco
1650 2914 1766 2953 primus
1781 2913 1848 2951 (in-

1117 2962 1162 2988 ter
1175 2955 1348 3000 praecones)
1363 2958 1557 2996 acipenserem
1570 2957 1674 2995 piscem
1693 2965 1752 2986 sua:
1766 2966 1846 2986 men-
