1884 3288
328 209 407 250 132

876 206 1274 251 CARMINUM

663 308 750 350 Seu
770 323 872 350 voce
891 323 1004 350 nunc
1023 308 1154 349 mavis
1176 314 1314 357 acuta,

719 375 806 416 Seu
827 375 987 416 fidibus
1009 375 1257 428 citharaque
1281 374 1455 416 Phoebi.

550 441 576 481 5
605 440 812 483 Auditis?
844 457 898 483 an
917 456 983 482 me
1003 441 1114 482 ludit
1134 441 1322 482 amabilis

606 508 776 550 Insania
792 511 808 550 ’ξ

867 508 1034 549 Audire
1056 514 1098 548 et
1119 507 1265 548 videor
1287 508 1379 561 pios

662 577 822 617 Errare
843 590 920 630 per
940 575 1074 623 lucos,
1097 589 1275 615 amoenae

721 643 843 689 Quos
866 649 908 683 et
929 656 1051 695 aquae
1073 641 1259 681 subeunt
1279 647 1322 680 et
1343 654 1469 680 aurae.

607 708 683 749 Me
703 709 908 749 fabulosae
929 707 1115 749 Vulture
1136 707 1178 746 in
1200 705 1378 760 Appulo

529 774 581 814 10
610 773 787 816 Altricis
809 782 931 816 extra
951 774 1078 814 limen
1099 771 1272 827 Apuliae

668 841 796 882 Ludo
817 841 1124 895 fatigatumque
1147 855 1293 880 somno

718 907 890 948 Fronde
911 921 1019 947 nova
1039 921 1218 960 puerum
1239 905 1458 960 palumbes

607 973 795 1024 Texere,
817 975 982 1027 (mirum
1002 974 1118 1027 quod
1140 973 1250 1014 foret
1270 973 1481 1023 omnibus,

611 1041 869 1095 Quicunque
890 1041 1015 1082 celsae
1034 1040 1181 1081 nidum
1202 1038 1491 1090 Acherontiae‚

327 1145 447 1178 tribuit.
501 1149 573 1179 Jam
605 1159 675 1179 vero
710 1160 783 1180 cum
819 1155 918 1191 poetae
948 1149 1060 1179 Musas

327 1187 478 1220 doctrinae
501 1190 665 1231 magistras
695 1191 822 1228 faciant,
847 1191 987 1231 adeoque
1009 1201 1059 1220 ea-

327 1240 395 1260 rum
408 1232 476 1262 laus
488 1242 558 1263 cum
572 1233 663 1264 laude
676 1234 825 1264 doctrinae
839 1240 924 1264 arcto
935 1233 1061 1263 vinculo

328 1272 498 1314 conjuncta
524 1275 575 1311 sit,
602 1275 761 1312 Horatius,
786 1275 923 1316 Augusti
946 1274 1060 1305 doctri-

327 1324 401 1344 nam
422 1322 452 1347 et
474 1317 656 1358 sapientiam
682 1318 878 1352 laudaturus,
900 1318 981 1347 hanc
1005 1327 1058 1358 op-

326 1363 489 1398 portunam
513 1359 544 1389 in
569 1360 678 1390 laudes
699 1361 863 1390 Musarum
878 1359 1060 1390 excurrendi

329 1400 523 1432 occasionem
547 1402 659 1443 cupide
679 1403 839 1443 amplexus
859 1407 915 1432 est.
961 1402 1058 1431 Exor-

329 1440 418 1472 diens
434 1442 529 1483 igitur
550 1444 608 1475 hoc
626 1454 751 1474 carmen
775 1444 939 1474 incalescit
954 1443 1058 1474 statim

327 1483 496 1515 Musarum
510 1485 698 1527 cogitatione
711 1499 717 1516 :
740 1486 871 1516 advocat
882 1485 1060 1526 Calliopen,

328 1531 364 1555 ut
391 1527 450 1557 sibi
474 1537 599 1559 carmen
627 1534 743 1565 canat;
774 1528 869 1559 sentit
893 1527 1060 1569 appropin-

329 1569 455 1608 quantis
471 1570 576 1600 Musae
591 1571 800 1611 praesentiam,
816 1570 904 1600 audit
915 1569 1060 1600 dulcissi-

330 1619 398 1641 mos
427 1611 496 1653 ejus
521 1612 639 1649 modos,
669 1618 699 1642 et
736 1613 794 1642 hac
824 1611 909 1642 dulci
940 1611 1063 1642 insania

330 1652 441 1693 plenus
458 1653 490 1683 in
512 1653 587 1694 ipsis
608 1656 771 1684 Musarum
789 1653 870 1684 lucis
889 1653 947 1683 sibi
962 1663 1062 1684 errare

329 1693 471 1725 videtur:
501 1695 575 1726 dum
603 1702 708 1737 stupet
733 1695 895 1732 attonitus,
921 1701 1062 1737 reputare

330 1746 436 1767 secum
458 1737 580 1779 incipit,
601 1749 672 1779 quae
691 1738 749 1768 sibi
772 1748 790 1768 a
810 1737 909 1779 prima
930 1738 1064 1779 pueritia

330 1779 436 1810 Musae
466 1781 684 1821 praestiterint;
716 1786 818 1810 narrat
847 1780 954 1820 igitur,
984 1790 1062 1820 quo-

329 1821 421 1851 modo
438 1832 498 1852 non
515 1823 615 1852 solum
632 1833 708 1864 puer
722 1823 795 1853 olim
811 1822 843 1852 in
859 1827 962 1852 monte
978 1823 1059 1853 Vul-

329 1868 398 1894 ture
412 1864 569 1894 dormiens
579 1864 726 1895 defensus
738 1866 777 1894 ab
790 1864 829 1894 iis
842 1870 950 1894 contra
963 1874 1060 1894 saevas

328 1904 457 1940 bestias,
480 1907 533 1936 sed
556 1916 592 1936 ex
620 1907 720 1937 tribus
750 1906 820 1936 aliis
843 1917 967 1948 quoque
989 1906 1060 1937 vitae

328 1947 476 1989 periculis
492 1948 639 1990 peculiari
655 1949 820 1980 earundem
845 1949 939 1979 tutela
957 1959 1060 1979 serva-

329 1996 380 2020 tus
395 1989 496 2021 fuerit.
541 1991 666 2027 Quibus
679 1991 829 2022 enarratis
844 1991 948 2021 animo
959 2001 1061 2021 assur-

330 2031 385 2072 git,
406 2037 437 2062 et
457 2032 570 2074 ubique
591 2033 639 2063 vel
660 2033 743 2074 apud
768 2043 909 2074 quosque
930 2034 1061 2075 populos

330 2073 409 2105 feros
430 2079 462 2105 et
479 2075 628 2105 barbaros
646 2086 677 2106 se
694 2081 794 2105 tutum
816 2076 855 2105 ab
874 2075 958 2105 omni
980 2075 1061 2116 peri-

330 2116 402 2147 culo
418 2117 476 2146 sub
490 2117 654 2148 Musarum
667 2116 811 2158 praesidio
826 2117 887 2147 fore
902 2117 1060 2158 praedicat.

330 2159 410 2189 Tum
434 2158 474 2189 ad
495 2169 532 2189 ea
555 2170 626 2200 quae
649 2159 812 2200 Augustus
830 2160 994 2189 Musarum
1013 2159 1058 2189 fa-

329 2200 394 2231 vori
417 2200 528 2231 debeat
545 2201 710 2236 transiens,
728 2202 881 2242 quomodo
901 2201 955 2232 ille
978 2201 1060 2231 mili-

329 2242 381 2273 tiae
397 2242 556 2273 laboribus
575 2244 675 2274 sessus
698 2254 758 2274 non
780 2244 880 2273 solum
902 2243 933 2272 in
955 2253 1059 2274 earum

331 2284 487 2316 consortio
502 2291 663 2321 recreetur,
677 2285 730 2316 sed
741 2286 781 2316 ab
794 2284 831 2315 iis
842 2295 966 2326 quoque
976 2285 1059 2326 sapi-

329 2327 446 2358 entiore
474 2327 604 2358 consilio
639 2335 762 2368 regatur
791 2332 822 2358 et
856 2332 1057 2363 sustentetur,

329 2368 460 2400 breviter
474 2370 610 2411 exponit.
653 2371 698 2401 Ut
716 2381 752 2401 eo
767 2369 867 2409 magis
883 2375 986 2400 autem
1002 2380 1058 2411 ap-

329 2417 446 2454 pareat,
463 2418 614 2452 quantum
630 2418 755 2454 praestet
774 2411 912 2453 potentia
927 2412 1059 2443 consilio

329 2459 361 2484 et
375 2455 540 2495 prudentia
554 2459 724 2496 temperata
737 2453 877 2485 stultitiae
892 2459 921 2484 et
937 2454 1058 2485 temeri-

329 2497 386 2527 tati
401 2507 506 2527 eorum
530 2496 583 2538 qui
606 2497 733 2527 nimium
754 2496 871 2526 viribus
895 2496 960 2526 suis
981 2506 1055 2526 con-

327 2537 375 2569 fisi
390 2549 452 2580 prae
473 2548 506 2570 se
521 2544 726 2569 contemnunt
745 2538 860 2573 omnia,
882 2538 1056 2579 Gigantum

326 2586 359 2611 et
373 2580 503 2612 aliorum
521 2581 575 2622 qui
591 2591 697 2622 graves
712 2580 852 2612 audaciae
868 2591 932 2611 suae
948 2590 1057 2622 poenas

326 2622 479 2654 dederunt
499 2624 642 2665 exempla
662 2623 818 2665 proponit.
861 2622 912 2653 Sic
939 2622 971 2653 in
999 2623 1056 2654 hoc

325 2675 450 2706 quoque
465 2665 614 2700 carmine,
631 2676 723 2707 super
736 2665 828 2706 eujus
847 2664 977 2696 consilio
993 2670 1056 2695 tam

326 2707 427 2738 multa
438 2707 594 2750 disputata
606 2713 690 2743 sunt,
703 2707 802 2738 amice
813 2707 918 2737 omnia
933 2708 1056 2749 conspi-

326 2760 393 2781 rare
407 2750 561 2780 existimo.

373 2794 465 2823 1-8,
488 2792 638 2823 Descende
656 2793 743 2823 coelo:
772 2796 954 2834 comparant
978 2791 1056 2822 Ale-

326 2834 428 2865 manis
442 2832 566 2875 Fragm.
578 2833 661 2875 apud
679 2833 842 2875 Hephaest.
856 2844 886 2875 p.
899 2834 951 2868 22,
967 2833 1056 2864 Μῶα·

326 2875 728 2919 ἆγεΚαλλιόπαΘύγατερ
736 2875 1055 2917 Διὸς,”Αρχ’ὲρατῶν

324 2918 443 2954 ἐπέων,
456 2919 511 2950 ἐπὶ
527 2918 552 2950 δ’
567 2917 807 2960 ἵμερον“Ὕμνῳ
822 2919 876 2948 καὶ
894 2918 1055 2958 χαρίεντα

324 2962 404 2994 τίθει
421 2961 537 3004 χορόν.
582 2961 674 2996 Coelo,
692 2961 796 2991 Musae
819 2960 901 2991 enirn
925 2960 955 2990 in
971 2961 1054 2991 coelo

1103 1157 1227 1188 quoque
1248 1146 1328 1178 inter
1348 1152 1467 1178 ceteros
1485 1147 1560 1179 deos
1580 1147 1693 1179 versari
1709 1148 1834 1190 fingun-

1104 1195 1175 1227 tur;
1199 1189 1271 1220 hinc
1293 1189 1514 1232 Ὀλυμπιάδες
1534 1189 1680 1222 dicuntur
1702 1191 1834 1224 Homer.

1104 1231 1196 1263 Iliad.
1206 1232 1240 1268 ii,
1254 1233 1327 1267 491,
1339 1238 1371 1262 et
1383 1232 1499 1268 Ennio,
1513 1231 1619 1270 Mmae,
1633 1244 1696 1274 quoe
1709 1235 1834 1273 pedibus

1104 1284 1244 1315 magnum
1269 1275 1397 1313 pulsatis
1423 1275 1595 1315 Olympum.
1641 1275 1772 1317 Regina,
1798 1281 1834 1306 ut

1103 1314 1162 1345 dea
1175 1327 1182 1354 ;
1202 1315 1367 1357 Calliopen
1382 1316 1465 1346 enim
1482 1316 1550 1347 ideo
1564 1316 1701 1356 reginam
1716 1317 1834 1348 dictam

1103 1367 1180 1392 esse,
1204 1358 1287 1399 quod
1311 1357 1362 1393 sit,
1386 1363 1420 1388 ut
1434 1358 1491 1388 illa
1513 1359 1643 1390 Hesiod.
1661 1359 1777 1400 Theog.
1792 1361 1833 1391 79

1102 1399 1227 1434 dicitur,
1256 1400 1504 1442 προφερεστάτη
1527 1400 1700 1436 ἁπασέων,
1723 1411 1833 1444 parum

1102 1442 1261 1482 probabile
1277 1448 1334 1472 est.
1379 1443 1527 1484 Longum,
1548 1443 1719 1490 explicant,
1741 1444 1834 1485 longe

1103 1483 1296 1518 duraturum,
1321 1489 1493 1520 aeternum;
1520 1490 1552 1515 et
1574 1495 1618 1515 sie
1641 1485 1704 1516 fere
1728 1487 1834 1527 longus

1103 1536 1219 1555 somnus
1234 1526 1292 1555 inf.
1309 1525 1354 1561 iii,
1374 1527 1424 1562 ll,
1440 1527 1499 1557 38:
1523 1526 1578 1558 sed
1595 1526 1672 1558 nihil
1690 1528 1831 1570 impedit,

1104 1568 1271 1608 quominus
1295 1569 1415 1609 longum
1440 1569 1527 1599 melos
1549 1569 1588 1599 de
1610 1570 1746 1600 carmine
1767 1579 1834 1600 am-

1104 1609 1202 1650 pliore
1223 1614 1252 1640 et
1273 1609 1444 1651 copiosiore
1465 1609 1657 1652 explicetur;
1680 1621 1742 1653 quo
1765 1612 1833 1652 lon-

1105 1651 1174 1692 gius
1191 1651 1272 1682 enirn
1296 1658 1327 1682 et
1349 1652 1474 1683 uberius
1497 1654 1592 1683 Musa
1611 1655 1745 1684 canebat
1764 1664 1832 1685 car-

1105 1703 1188 1728 men,
1199 1704 1235 1724 eo
1252 1693 1350 1735 major
1363 1700 1463 1736 poetae
1478 1694 1556 1726 illud
1570 1695 1724 1727 audientis
1737 1695 1833 1728 debe.

1105 1735 1158 1766 bat
1170 1746 1236 1767 esse
1249 1736 1424 1767 delectatio.
1450 1737 1562 1772 Acuta,
1572 1743 1679 1768 acutos
1689 1743 1721 1768 et
1730 1738 1833 1770 claros

1106 1787 1199 1808 sonos
1214 1778 1336 1812 edente,
1357 1779 1389 1809 h.
1406 1789 1435 1809 e.
1450 1780 1610 1815 clarisona,
1627 1785 1662 1810 ut
1679 1779 1835 1820 ejusmodi

1103 1830 1209 1851 vocem
1228 1820 1367 1862 appellat
1386 1821 1533 1852 Catullus
1556 1821 1631 1857 lxiv,
1648 1823 1722 1852 321.
1767 1825 1831 1854 Au-

1102 1864 1195 1892 ditis?
1218 1862 1326 1897 Poeta,
1341 1863 1430 1904 quasi
1450 1868 1560 1894 vocata
1573 1873 1591 1894 e
1611 1863 1693 1895 coelo
1711 1863 1777 1905 jam
1794 1864 1834 1896 ad

1103 1914 1174 1935 eum
1196 1904 1391 1936 descenderit
1412 1905 1568 1947 Calliope,
1590 1905 1673 1937 videt
1694 1912 1725 1938 et
1747 1907 1835 1938 audit

1104 1957 1175 1987 quae
1190 1947 1296 1977 divino
1319 1947 1447 1978 numine
1462 1947 1546 1988 pleni
1561 1947 1666 1979 audire
1684 1954 1715 1980 et
1730 1948 1834 1980 videre

1103 1989 1163 2019 sibi
1179 1989 1337 2027 videntum
1359 1989 1470 2031 quaerit
1483 1989 1577 2031 igitur
1591 1999 1609 2020 e
1627 1990 1832 2022 circumstan-

1103 2031 1199 2067 tibus,
1226 2033 1361 2062 auditis?
1384 2031 1504 2063 scilicet
1525 2037 1688 2064 canentem
1711 2033 1833 2064 Callio-

1103 2083 1175 2114 pen.
1205 2075 1348 2105 Amabilis
1361 2076 1493 2110 insania,
1507 2073 1610 2105 duleis
1625 2074 1719 2106 furor.
1751 2074 1832 2112 Peos,

1104 2115 1163 2156 piis
1178 2126 1287 2146 novem
1307 2117 1462 2147 sororibus
1479 2126 1595 2151 sacros,
1611 2126 1668 2148 nec
1690 2116 1751 2148 nisi
1771 2117 1832 2159 piis

1101 2167 1206 2187 earum
1223 2157 1359 2188 alumnis
1373 2158 1550 2195 adeundum
1573 2170 1692 2190 amoenoe
1710 2159 1790 2194 Quos
1803 2166 1832 2190 et

1103 2211 1184 2239 aquae
1210 2201 1336 2230 subeunt
1358 2206 1386 2230 et
1408 2211 1500 2237 aurae,
1524 2200 1563 2231 ad
1585 2201 1722 2231 locorum
1746 2202 1830 2232 euim

1103 2242 1314 2272 amoenitatem
1340 2242 1495 2284 pertinent
1520 2247 1718 2274 transeuntes
1741 2253 1832 2286 aquae

1103 2288 1135 2314 et
1150 2293 1231 2314 aurae
1247 2284 1375 2315 mitioris
1385 2285 1490 2316 flatus.

1144 2326 1261 2356 9—20.
1287 2326 1340 2357 Ad
1363 2326 1531 2357 nectendas
1552 2325 1631 2358 inter
1651 2336 1684 2358 se
1707 2332 1830 2360 senten-

1102 2366 1160 2398 tias
1190 2368 1300 2410 supple
1331 2369 1392 2399 fere
1419 2368 1509 2400 haec:
1547 2368 1668 2400 scilicet
1691 2379 1710 2400 a
1730 2370 1829 2412 prima

1101 2409 1235 2451 pueritia
1251 2410 1401 2451 singulari
1416 2421 1474 2452 ego
1497 2410 1581 2442 fruor
1598 2412 1764 2442 Musarum
1778 2417 1830 2443 tu-

1101 2453 1164 2483 tela
1177 2458 1208 2482 et
1223 2452 1450 2489 benevolentia,
1467 2463 1539 2483 nam
1546 2453 1697 2494 s'abnlosae
1709 2455 1828 2493 pulum-

1099 2495 1144 2524 bes
1173 2501 1268 2525 texere
1296 2507 1371 2526 nova
1389 2495 1504 2537 fronde
1534 2506 1578 2526 me
1602 2505 1728 2535 ymerum
1760 2497 1831 2528 ludo

1099 2548 1252 2577 somnoque
1269 2538 1445 2579 fiztigatum
1473 2540 1506 2568 in
1541 2537 1672 2568 Vultur-e
1697 2539 1828 2579 Appula,

1100 2589 1171 2609 cum
1201 2586 1351 2620 evagatus
1376 2589 1475 2611 essem
1498 2585 1579 2611 extra
1605 2581 1694 2611 limen
1714 2583 1831 2612 altricis

1101 2622 1229 2660 Apulioe.
1273 2622 1353 2652 Rem
1370 2627 1475 2652 narrat
1488 2631 1559 2663 quae
1579 2621 1640 2652 sibi
1661 2621 1830 2654 admodum

1101 2674 1195 2705 puero
1211 2663 1369 2695 acciderit.
1412 2664 1495 2695 Cum
1510 2663 1636 2695 lusisset
1649 2674 1759 2706 nempe
1770 2665 1828 2696 ali-

1100 2705 1225 2746 quando
1245 2711 1328 2736 extra
1349 2705 1474 2736 domum
1494 2706 1627 2747 patriam
1649 2705 1682 2736 in
1704 2706 1829 2748 regione

1100 2747 1263 2789 adjacente
1282 2758 1353 2779 cum
1375 2747 1558 2788 aequalibus,
1579 2748 1611 2779 in
1627 2753 1731 2780 monte
1743 2749 1828 2780 Vul-

1101 2795 1179 2826 ture,
1195 2789 1250 2820 ubi
1265 2800 1327 2831 prae
1344 2789 1527 2821 lassitudine
1541 2799 1651 2821 somno
1662 2800 1829 2832 oppressus

1099 2831 1210 2866 suerat,
1231 2832 1311 2863 inter
1331 2831 1448 2863 medias
1469 2841 1566 2862 saevas
1587 2832 1704 2864 bestias
1721 2833 1836 2864 salvus

1099 2879 1130 2905 et
1155 2874 1322 2908 incolumis
1350 2874 1495 2905 inventus
1517 2879 1574 2905 est.
1618 2874 1700 2906 Cum
1723 2877 1826 2906 statim

1098 2916 1172 2952 alia,
1201 2917 1318 2957 quibus
1348 2926 1417 2947 vere
1454 2915 1615 2947 Horatium
1652 2917 1826 2959 expositum

1096 2958 1191 2989 fuisse
1203 2963 1334 2994 constat,
1346 2958 1576 2999 subjungantur
1589 2958 1660 2990 vitae
1676 2958 1825 3001 pericula,
