1904 3314
347 200 432 240 392

882 198 1311 244 SATIRARUM

463 299 615 347 Quid?
645 314 775 354 quum
795 299 963 341 Picenis
983 315 1218 356 excerpens
1240 302 1398 343 semina
1418 302 1568 356 pomis,

463 365 656 415 Gaudes,
679 366 714 405 si
733 380 940 408 cameram
959 368 1149 420 percusti
1169 367 1293 416 forte,
1314 381 1447 421 penes
1467 374 1510 408 te
1521 369 1607 412 es?

462 431 610 478 Quid?
641 447 771 486 quum
792 432 918 473 balba
938 433 1037 474 feris
1060 448 1220 474 annoso
1242 434 1370 474 verba
1390 432 1550 487 palato,

349 499 432 539 275
462 498 725 540 AEdificante
746 514 864 539 casas
885 499 961 552 qui
981 500 1152 541 sanior?

1213 499 1343 541 Adde
1367 513 1561 540 cruorem

462 563 678 614 Stultitiae,
700 573 828 619 atque
848 566 988 619 ignem
1010 565 1152 620 gladio
1174 573 1363 607 scrutare
1385 567 1524 615 modo,
1545 567 1730 620 inquam.

462 630 646 672 Hellade
665 646 869 684 percussa
890 632 1055 672 Marius
1077 647 1208 686 quum
1228 633 1467 686 praecipitat
1490 646 1550 681 se,

464 695 655 735 cerritus
678 695 784 736 fuit?
815 712 868 736 an
889 704 1107 738 commotae
1129 699 1301 738 crimine
1322 699 1474 738 mentis

463 761 674 802 Absolves
695 762 920 812 hominem,
943 770 985 804 et
1006 763 1178 804 sceleris
1200 764 1419 804 damnabis
1440 763 1638 813 eundem,

350 828 435 869 280
465 827 536 868 Ex
558 843 673 869 more
694 830 914 883 imponens
935 837 1115 883 cognata
1135 830 1342 871 vocabula
1361 831 1524 871 rebus?

466 893 712 936 Libertinus
734 903 839 945 erat,
860 897 933 949 qui
954 897 1109 937 circum
1132 898 1316 950 compita
1337 898 1474 937 siccus

466 960 617 1000 Lautis
636 974 757 1001 mane
779 976 908 1002 senex
928 962 1122 1002 manibus
1144 963 1370 1012 currebat3
1401 969 1458 1010 et,
1480 960 1640 1010 Unum,

466 1025 683 1072 Quiddam
703 1042 901 1081 magnum
920 1028 1098 1075 addens,
1120 1042 1249 1068 unum
1271 1043 1334 1068 me
1357 1028 1518 1081 surpite
1537 1028 1678 1077 morti,

468 1092 564 1132 Diis
585 1094 740 1133 etenim
762 1094 882 1134 facile
903 1101 982 1142 est,
1004 1095 1176 1134 orabat:
1210 1109 1337 1134 sanus
1359 1094 1551 1146 utrisque

357 1221 441 1244 more
457 1213 631 1249 mutabilia,
646 1214 774 1249 incerta,
789 1220 820 1246 et
835 1226 928 1246 caecae
945 1216 1017 1247 sorti
1034 1217 1088 1247 ob-

358 1254 462 1289 noxia,
479 1255 517 1285 ad
534 1261 648 1286 certam
665 1257 811 1287 rationem
829 1268 932 1297 regere
953 1265 984 1288 et
1003 1269 1088 1289 com-

357 1306 483 1338 pescere
506 1298 633 1331 laboret,
653 1301 674 1328 is
691 1300 784 1328 nihilo
798 1300 866 1338 plus
887 1301 1021 1339 uphem,
1037 1311 1088 1331 ex-

358 1338 474 1379 pediat,
491 1339 641 1380 proficiat,
659 1353 693 1371 ac
707 1343 743 1375 si,
760 1346 832 1371 cett.

403 1381 477 1414 272,
503 1382 576 1411 273.
623 1383 725 1416 Quid?
747 1394 837 1422 quum
864 1383 994 1419 Picenis,
1018 1388 1090 1414 cett.

359 1422 466 1462 Pergit
489 1422 653 1453 Stertinius
671 1424 709 1454 ad
730 1424 815 1454 aliud
834 1424 864 1453 in
882 1434 984 1455 amore
1006 1424 1089 1455 insa-

358 1463 419 1493 niae
431 1474 539 1504 genus,
553 1465 669 1496 scilicet
684 1466 722 1496 ad
739 1465 999 1506 superstitionem,
1013 1477 1088 1506 qua,

361 1505 416 1546 qui
440 1512 555 1541 amant,
573 1517 605 1536 se
621 1513 675 1537 aut
696 1508 831 1546 faustum
852 1514 904 1538 aut
919 1507 1090 1538 infaustum

360 1547 472 1577 amoris
494 1548 541 1578 sui
562 1555 707 1579 eventum
729 1549 889 1590 exquirere
912 1560 1002 1591 posse
1023 1550 1089 1591 opi-

361 1594 487 1619 nantur.
523 1591 597 1620 Huc
615 1591 705 1620 refert
719 1602 834 1622 morem
851 1602 887 1622 ex
904 1602 967 1631 quo
983 1602 1090 1622 aman-

360 1635 406 1661 tes
427 1641 587 1671 pomorum
610 1633 727 1662 semina
742 1633 791 1663 vel
814 1633 942 1663 nucleos
961 1634 1091 1663 duorum

359 1672 526 1713 primorum
550 1673 715 1713 digitorum
738 1675 965 1715 compressione
983 1681 1014 1705 et
1033 1675 1090 1705 im-

360 1714 452 1755 pulsu
478 1714 547 1745 ideo
572 1715 603 1745 in
626 1716 722 1745 altum
749 1717 892 1756 agebant,
908 1722 943 1746 ut
963 1716 1047 1753 inde,
1068 1717 1094 1747 si

360 1755 480 1786 semina
509 1757 564 1787 illa
591 1758 630 1787 ad
658 1758 816 1788 conclavis
843 1759 971 1799 laquear
995 1769 1094 1800 usque

359 1797 559 1829 exsiluissent
582 1799 725 1840 illudque
750 1801 984 1841 percussissent,
1009 1803 1093 1832 saus-

362 1844 427 1870 turn
446 1840 558 1870 amoris
574 1841 622 1872 sui
639 1842 801 1882 augurium
819 1848 975 1883 caperent.
1013 1844 1093 1874 Rem

362 1887 463 1911 narrat
490 1883 605 1913 Pollux
634 1884 748 1914 Onom.
773 1884 815 1920 ix,
844 1885 916 1915 128,
961 1885 1091 1923 Picenis,

359 1922 516 1964 epitheton
545 1935 668 1962 ornans,
697 1925 772 1966 quia
805 1925 838 1955 in
870 1936 942 1966 agro
974 1927 1092 1958 Piceno

359 1966 574 2005 praestantiora
588 1977 678 2007 poma
693 1968 912 1998 nascebantur.
957 1969 1050 1999 Penes
1065 1976 1092 2000 te

361 2007 411 2036 es?
433 2016 558 2038 sanaene
585 2008 698 2038 mentis
723 2011 778 2039 es?
799 2021 887 2049 penes
912 2020 941 2040 se
965 2021 1033 2046 esse,
1057 2017 1091 2042 ut

362 2049 446 2087 apud
460 2049 585 2080 Terent.
602 2061 631 2085 v,
646 2051 675 2084 1,
693 2052 745 2087 47,
758 2054 839 2091 apud
855 2062 883 2082 se
898 2062 963 2088 esse,
979 2054 1091 2084 mentis

361 2098 425 2120 suae
438 2100 506 2121 esse
520 2099 703 2133 compotem.

405 2132 480 2162 274.
506 2133 606 2167 Quum
621 2133 795 2174 balbaferis
810 2145 919 2164 annoso
933 2136 1017 2165 verba
1034 2147 1086 2174 pa-

363 2174 442 2203 lato:
474 2173 595 2205 inversa
625 2175 811 2206 constructio
843 2177 951 2217 (cujus
981 2178 1091 2214 multa,

361 2215 453 2257 praeci
478 2227 517 2248 ue
533 2217 615 2259 apud
629 2217 808 2257 Virgilium,
820 2219 962 2259 exempla
978 2219 1091 2260 reperi-

363 2262 458 2288 untur
479 2281 487 2294 ,
503 2269 558 2301 pro
573 2258 706 2299 vulgari.
721 2261 815 2290 verbis
836 2261 929 2290 balbis
949 2272 1093 2291 annosum

360 2300 498 2338 palatum
507 2301 590 2342 feris
604 2312 614 2338 ,-
639 2311 700 2331 non
717 2301 820 2342 palato
834 2300 917 2331 enim
932 2303 1025 2333 verba
1048 2303 1091 2334 se-

362 2341 494 2378 riuntur,
522 2343 575 2374 sed
602 2344 707 2379 verba,
734 2353 806 2374 cum
837 2345 1093 2384 pronunciantur,

351 2382 492 2423 feriunt,
515 2385 704 2426 percutiunt,
726 2386 874 2424 palatum.
919 2386 1094 2427 Simplicior

362 2433 438 2456 sane
467 2432 548 2457 esset
573 2426 680 2462 oratio,
706 2427 730 2457 si
760 2427 908 2457 Horatius
933 2438 996 2469 pro,
1009 2429 1092 2468 seris

364 2467 536 2509 scripsisset
559 2470 651 2505 seris,·
676 2479 748 2499 nam
777 2470 861 2499 balba
887 2471 974 2500 verba
999 2481 1092 2502 serere

363 2514 419 2544 est,
435 2510 600 2546 balbutire,
616 2511 648 2541 h.
667 2521 695 2541 e.
711 2512 787 2541 lenes
806 2522 952 2547 susurras,
967 2518 1003 2542 ut
1025 2513 1090 2543 Ho-

363 2550 459 2582 ratius
484 2552 622 2593 loquitur
643 2562 713 2594 sup.
730 2553 792 2584 Od.
812 2552 834 2589 i,
851 2555 883 2587 9.
903 2554 942 2584 19
963 2554 1091 2596 (ὀαρισ-

361 2593 455 2633 μοὺς,
466 2593 728 2637 ψιθυρίσματα),
741 2595 843 2626 edere.
855 2595 1007 2637 Apposite
1021 2607 1092 2627 cum

363 2635 493 2666 Horatio
518 2643 699 2678 comparant
721 2637 840 2668 Tibull.
865 2637 886 2673 i,
914 2639 945 2674 2,
971 2639 1024 2675 91,
1052 2639 1091 2669 Et

362 2678 416 2708 sihi
435 2678 598 2709 blanditias
620 2680 748 2709 tremula
770 2690 938 2719 componere
957 2691 1034 2717 voce,
1053 2681 1092 2712 Et

362 2721 498 2750 manibus
513 2722 729 2761 canasfingere
744 2723 818 2752 velle
831 2732 935 2752 comas.

403 2761 478 2792 275.
503 2762 565 2796 Qui
578 2764 701 2793 sanior?
717 2767 769 2801 (ut
783 2774 813 2793 v.
825 2762 920 2802 241),
934 2765 1090 2804 quomodo

358 2802 385 2834 is
402 2802 506 2834 sanior
520 2814 614 2845 puero
629 2804 684 2846 qui
699 2814 786 2835 casas
801 2804 955 2836 aedificat?

400 2844 476 2882 275,
488 2846 562 2877 276.
583 2847 670 2877 Adde
683 2857 817 2878 cruorem
829 2847 984 2883 Stultitia,
996 2848 1086 2885 adde,

358 2887 442 2929 quod
472 2886 527 2919 illa
554 2888 686 2920 stultitia
716 2887 871 2920 interdum
901 2889 940 2920 ad
969 2890 1084 2922 caedem

351 2929 444 2972 rapit.

1177 1217 1251 1246 276.
1284 1217 1379 1256 Atque
1397 1217 1508 1257 ignem,
1523 1221 1632 1258 pectus
1655 1217 1768 1248 amoris
1789 1217 1862 1258 igne

1131 1267 1319 1295 accensum3
1343 1257 1402 1288 nisi
1425 1258 1508 1298 quis,
1534 1259 1573 1290 ob
1602 1268 1736 1301 sequens
1758 1260 1862 1290 statim

1133 1299 1309 1340 exemplum
1332 1300 1481 1334 Helladis,
1498 1311 1552 1341 per
1572 1303 1670 1342 ignem
1689 1299 1863 1342 intelligere

1132 1341 1222 1371 malit
1243 1342 1385 1380 puellam,
1403 1352 1474 1382 quae
1495 1342 1605 1373 amoris
1625 1341 1728 1383 ignem
1746 1342 1862 1374 immit-

1135 1383 1182 1412 tit.
1216 1383 1379 1414 ‚Parmeno
1396 1393 1521 1424 quoque
1535 1384 1617 1425 apud
1633 1384 1812 1416 Terentium
1828 1385 1861 1416 in

1132 1423 1200 1454 loco
1228 1424 1268 1459 ei,
1298 1435 1390 1465 quem
1420 1425 1570 1456 Horatius
1599 1425 1782 1458 hexametris
1810 1437 1863 1458 ex—

1133 1466 1255 1507 pressit,
1269 1466 1382 1501 vicino,
1396 1466 1548 1497 Thaidem
1560 1469 1661 1508 ignem
1672 1473 1774 1505 vocat.
1785 1469 1862 1502 Act.

1132 1508 1156 1542 i,
1173 1509 1225 1539 Sc.
1246 1509 1278 1543 2,
1299 1510 1331 1543 5,
1349 1510 1460 1538 Accede
1478 1510 1517 1538 ad
1532 1512 1630 1549 ignem
1651 1510 1731 1541 hunc
1751 1510 1862 1552 (Thai-

1134 1551 1310 1589 dem).jam
1334 1551 1456 1580 calesces
1475 1551 1544 1589 plus
1566 1553 1656 1582 natis:
1682 1551 1771 1593 Virg.
1793 1553 1864 1586 Ecl.

1134 1590 1178 1626 iii,
1196 1592 1248 1626 66,
1265 1602 1344 1621 meus
1361 1594 1440 1632 ignis
1454 1593 1612 1633 Amyntas.
1650 1592 1762 1624 Gladio
1775 1605 1860 1627 seru-

1135 1640 1217 1663 tare:
1255 1643 1329 1664 ense
1366 1640 1503 1675 percute,
1541 1635 1704 1676 transfige:
1741 1636 1864 1670 Lucan.

1137 1675 1200 1711 viii,
1216 1676 1290 1711 557,
1302 1676 1384 1710 Quid
1398 1677 1508 1707 viscera
1522 1683 1624 1707 nostra
1637 1681 1782 1709 scrutaris
1794 1680 1863 1720 gla-

1137 1718 1212 1747 dio?
1257 1717 1346 1747 Modo
1372 1717 1450 1748 refer
1476 1718 1515 1749 ad
1541 1721 1628 1750 adde.
1670 1721 1757 1751 Adde
1781 1723 1864 1752 modo

1138 1758 1297 1800 (insuper)
1329 1758 1367 1789 ad
1396 1759 1476 1790 hanc
1507 1760 1540 1791 in
1568 1770 1671 1792 amore
1700 1761 1864 1794 stultitiam

1136 1801 1233 1831 multo
1249 1801 1346 1841 magis
1369 1802 1618 1841 cognoscendam
1641 1803 1736 1835 caedis
1750 1804 1862 1836 atroci-

1137 1848 1243 1876 tatem.
1258 1844 1307 1874 vel
1323 1843 1438 1874 scelus.

1177 1886 1250 1916 277.
1295 1886 1422 1916 Hellade
1437 1897 1574 1925 percussa
1595 1887 1735 1919 Marius.-
1757 1887 1863 1920 Schol-

1136 1926 1228 1962 Acr..
1247 1927 1367 1957 Marius
1381 1930 1500 1967 quidam
1518 1929 1552 1958 ob
1567 1939 1691 1967 amorem
1706 1929 1864 1962 Helladem

1125 1971 1284 2008 ‚quandam
1304 1971 1437 2009 puellam
1460 1971 1581 2007 occidit,
1595 1971 1664 2001 ⁴cum
1683 1972 1720 2002 ab
1738 1981 1774 2002 ‘a
1793 1983 1862 2004 eon-

1135 2017 1328 2046 temneretur³
1344 2018 1371 2042 et
1385 2023 1414 2042 se
1426 2019 1522 2052 postea
1534 2015 1744 2053 precipitavit.

1176 2054 1249 2084 278.
1294 2054 1406 2084 Mentis
1429 2061 1582 2092 commone,
1602 2055 1704 2086 surore
1725 2055 1863 2097 percite,

1134 2099 1169 2124 ut
1183 2106 1213 2125 v.
1229 2095 1292 2126 209
1306 2102 1472 2127 commotus.

1175 2137 1248 2167 279.
1293 2137 1417 2168 Sceleris
1442 2140 1596 2170 damnabis
1623 2140 1767 2170 eundem.-
1791 2149 1863 2171 nam

1135 2182 1170 2208 ut
1192 2189 1220 2207 v.
1244 2179 1307 2208 210
1329 2179 1454 2215 dicitur,
1476 2181 1654 2212 stultitiane
1674 2187 1764 2218 erret,
1784 2182 1865 2212 m'hi-

1136 2220 1196 2249 lum
1212 2221 1346 2255 distabit,
1361 2233 1402 2251 ωι
1417 2223 1476 2252 ira.

1177 2262 1252 2291 280.
1301 2262 1435 2302 Cognata
1460 2264 1621 2294 vocabula.-
1645 2263 1862 2304 cognationem

1137 2301 1273 2343 aliquam
1297 2302 1377 2334 inter
1402 2313 1434 2333 se
1456 2304 1622 2335 habentia:
1647 2305 1752 2336 Schol.
1773 2306 1863 2343 Aer„

1135 2346 1250 2375 diversa
1265 2347 1392 2385 quidem,
1409 2347 1457 2375 sed
1473 2357 1529 2376 non
1545 2347 1674 2378 multum
1693 2348 1861 2387 distantia;

1136 2386 1218 2417 utin
1242 2397 1381 2418 sermone
1399 2387 1509 2428 patrio,
1525 2388 1615 2420 Hitze
1631 2390 1695 2420 und
1717 2389 1861 2431 Ramey,

1135 2428 1348 2470 Leidenschaft
1365 2431 1428 2459 und
1446 2429 1583 2461 Tollheic.

1176 2471 1358 2502 281—287.
1383 2471 1547 2502 Stertinius
1559 2471 1694 2513 denique
1702 2471 1862 2504 hominum

1137 2512 1287 2543 insaniam
1305 2523 1359 2554 per
1373 2522 1409 2543 ea
1423 2524 1494 2554 quae
1514 2520 1624 2556 praeter
1642 2519 1753 2544 sortem
1771 2524 1862 2547 suam

1136 2560 1297 2596 appetunt,
1323 2560 1354 2585 et
1380 2565 1435 2602 per
1459 2561 1530 2586 vota
1555 2566 1628 2598 quae
1658 2556 1763 2587 animo
1785 2567 1862 2588 con-

1136 2602 1267 2669 crpiffixt,
1276 2597 1567 2679 ἓῗφῖῗῖιιζῖἷᾷῗίἷῖξ
1575 2639 1631 2670 ubi
1646 2638 1691 2670 dii
1700 2640 1863 2673 domestici

1135 2680 1262 2721 publice
1276 2680 1456 2711 colebantur
1469 2693 1476 2710 :
1502 2682 1607 2712 Schol.
1621 2681 1711 2717 Aer..
1723 2682 1862 2714 Jumrat

1136 2724 1291 2764 Augustus
1306 2725 1338 2753 in
1352 2725 1483 2762 compitis
1490 2725 1554 2754 deos
1568 2724 1695 2755 Penates
1704 2727 1859 2760 constitui.

1133 2771 1167 2794 ut
1189 2766 1346 2796 studiosius
1368 2766 1548 2797 colerentur.
1591 2766 1704 2801 Siccus,
1726 2766 1860 2802 sobrius,

1132 2807 1186 2847 qui
1209 2817 1299 2838 mane
1320 2806 1471 2838 nihildum
1495 2807 1558 2838 cibi
1578 2813 1710 2850 potusve
1731 2808 1858 2840 sumsit:

1131 2859 1201 2891 sup.
1243 2848 1307 2881 Od.
1338 2848 1380 2885 iv,
1418 2851 1450 2886 5,
1485 2850 1540 2886 39,
1574 2851 1712 2882 Dicimus
1743 2851 1860 2892 integro

1130 2891 1207 2922 Sicci
1223 2902 1308 2922 mane
1321 2892 1380 2923 dle.
1881 2903 1891 2908 ·

1171 2934 1244 2964 282.
1288 2933 1396 2964 Lantis
1427 2935 1580 2964 manibus:
1614 2933 1720 2965 Schol.
1749 2934 1859 2976 Cruq.,
