1904 3314
313 221 396 261 348

849 219 1286 265 SATIRARUM

427 315 558 358 Hunc
579 316 790 358 hominem
809 317 938 359 velles
960 320 995 360 si
1016 321 1184 361 tradere
1201 336 1210 360 ε
1243 320 1495 374 dispeream,
1515 319 1560 360 ni

427 383 693 424 Summosses
715 398 873 425 omnes.

427 449 528 496 Quo
549 456 596 490 tu
615 464 722 499 rere,
743 450 883 507 modo.

793 648 1001 703 Magnum
1021 665 1180 699 narras,
1203 651 1273 690 vix
1293 649 1510 691 credibile.

933 385 1037 426 Non
1057 387 1139 427 isto
1159 386 1333 426 vivimus
1354 385 1452 434 illic,

945 451 1111 492 Domus
1132 451 1212 492 hac
1231 466 1309 492 nec
1329 451 1477 504 purior
1496 449 1583 492 ulla
1601 457 1682 502 est,
1783 474 1797 491 t

1571 648 1709 704 Atqui

841 781 960 822 Velis
983 783 1289 831 tantummodo,
1311 797 1407 836 quae
1427 790 1502 823 tua
1522 782 1670 832 virtus,

784 847 845 887 Et
865 854 931 888 est
952 849 1024 902 qui
1044 849 1154 889 vinci
1173 850 1333 903 possit3
1364 863 1502 903 eoque

1198 915 1328 956 Haud
1351 916 1453 956 mihi
1472 916 1624 956 deero:

1083 1054 1275 1100 tempora
1296 1062 1483 1100 quaeram
1500 1065 1512 1097 3

1180 1178 1289 1220 Haec
1311 1179 1411 1220 dum
1433 1180 1534 1234 agit,
1555 1193 1671 1228 ecce,

953 1311 1255 1352 Consistimus:
1290 1311 1418 1353 Unde
1438 1313 1586 1354 venis?
1614 1317 1659 1353 et

1275 1377 1446 1419 Vellere
1469 1379 1582 1432 coepi

341 517 397 556 50
427 516 523 557 Nec
542 517 675 570 magis
697 516 763 556 his
785 516 920 558 aliena
939 517 1057 558 malis
1075 534 1084 558 ε
1116 518 1174 558 nil
1194 517 1252 558 mi
1272 517 1414 566 officit,
1436 517 1622 571 inquam,

426 582 572 622 Ditior
590 582 660 622 hic
681 589 755 623 aut
775 590 840 623 est
861 583 960 636 quia
981 583 1167 634 doctior3
1198 591 1264 624 est
1284 583 1403 624 locus
1427 583 1517 623 uni-

427 648 594 702 Cuique
616 662 732 689 suuS.

427 714 498 754 Sic
516 714 660 755 habet.
719 713 946 764 Accendis,
969 731 1101 769 quare
1122 717 1289 770 cupiam
1308 717 1441 770 magis
1461 715 1521 757 illi

426 780 652 820 Proximus
672 795 779 822 esse.

342 847 396 887 55
426 847 723 900 ExpugnabiS.

426 912 634 953 Difficiles
654 913 794 954 aditus
814 914 972 967 primos
994 914 1138 955 habet.

426 979 683 1019 Muneribus
706 994 850 1020 servos
871 994 1162 1034 corrumpam3
1195 996 1293 1030 non,
1315 981 1444 1027 hodie
1467 982 1502 1022 si

425 1045 642 1086 Exclusus
665 1045 801 1095 fuero,
823 1047 1051 1087 desistam:

426 1111 662 1152 Occurram
683 1112 725 1152 in
747 1113 892 1161 triviis,
915 1113 1138 1155 deducam.
1199 1112 1275 1153 Nil
1298 1114 1386 1154 sine
1406 1127 1560 1167 magno

338 1178 396 1218 60
427 1177 530 1218 Vita
548 1177 694 1218 labore
717 1177 836 1218 dedit
857 1177 1118 1219 mortalibus.

424 1244 589 1285 Fuscus
612 1243 800 1285 Aristius
821 1245 1021 1293 occurrit,
1043 1244 1146 1285 mihi
1167 1259 1304 1294 carus,
1327 1252 1370 1286 et
1390 1245 1507 1287 illum

425 1312 514 1358 Qui
533 1310 711 1365 pulchre
733 1311 891 1352 nbsset.

424 1378 525 1424 Quo
546 1377 715 1417 tendis?
747 1384 882 1430 rogat,
904 1384 946 1418 et
967 1378 1213 1431 respondet.

426 1444 486 1484 Et
508 1457 711 1496 prensare
733 1457 858 1483 manu
878 1442 1109 1484 lentissima
1130 1443 1328 1494 brachia3
1361 1452 1529 1494 nutam,

338 1511 394 1551 65
425 1509 714 1562 Distorquens
736 1508 895 1558 oculos,
918 1516 965 1549 ut
985 1524 1049 1550 me
1070 1510 1267 1563 eriperet.

1330 1510 1447 1551 Male
1470 1509 1605 1551 salsus

424 1575 591 1616 Ridens
613 1575 878 1615 dissimulare
898 1592 907 1625 3
936 1590 1074 1616 meum
1089 1576 1213 1629 jecur
1234 1590 1358 1616 urere
1380 1575 1489 1618 bilis.

425 1641 568 1689 Certe,
590 1642 733 1682 nescio
754 1641 857 1694 quid
881 1648 1046 1682 secreto
1068 1640 1173 1682 velle
1194 1641 1314 1695 loqui
1334 1649 1374 1683 te

313 1787 368 1808 nes
393 1776 470 1807 alios
491 1786 509 1807 a
528 1778 702 1807 Maecenate
724 1787 778 1818 per
799 1786 848 1807 me
868 1777 1042 1808 submovis-

312 1829 372 1850 seS.
418 1819 513 1850 Nunc
531 1818 701 1860 respondet
723 1819 985 1855 lioratius,11aee
1011 1830 1043 1850 se

313 1860 439 1901 gerendi
455 1861 543 1896 ratio,
559 1871 620 1901 qua
637 1861 713 1891 alter
730 1861 859 1892 alterum
884 1862 998 1902 pellere
1013 1867 1044 1892 et

314 1904 495 1933 submovere
523 1904 636 1939 studet,
663 1902 747 1944 apud
778 1913 846 1936 nos,
880 1903 934 1944 qui
970 1914 1042 1934 cum

313 1945 490 1975 Maecenate
512 1954 679 1979 versamur,
707 1944 790 1975 haud
810 1945 913 1975 locum
939 1945 1040 1982 habet,

314 1987 361 2017 uti
377 1992 410 2015 tu
426 1985 573 2026 opinaris,
590 1991 666 2016 cett.

357 2029 411 2058 46.
435 2028 534 2058 Posset
548 2028 695 2068 quijerre
709 2030 861 2063 secundas,
875 2038 918 2060 sc.
928 2035 1041 2070 partes.

313 2069 391 2100 Inde
414 2079 433 2099 a
457 2070 609 2110 Sophocle
632 2075 692 2100 tres
713 2069 745 2099 in
769 2080 894 2100 scenam
923 2071 1043 2119 prodire

314 2111 456 2141 solebant
478 2117 607 2147 actores,
628 2121 762 2157 quorum
782 2111 899 2152 primus
919 2115 1043 2151 primas,

313 2153 468 2184 secundus
481 2156 634 2189 secundas,
651 2158 682 2183 et
698 2152 805 2183 tertius
819 2156 924 2184 tertias
944 2161 1042 2195 partes

313 2200 448 2235 agerent.
492 2196 597 2226 Locus
618 2194 769 2224 classicus
793 2194 830 2225 de
858 2195 915 2226 hae
942 2206 974 2226 re
995 2202 1042 2227 est

313 2238 397 2277 apud
413 2237 594 2268 Ciceronem
612 2236 752 2266 Divinat.
771 2236 802 2266 in
820 2237 860 2272 Q.
876 2238 902 2268 C
907 2237 1041 2268 aecilium

313 2279 451 2320 cap-15,
473 2279 527 2309 ubi
545 2278 698 2309 Asconius
719 2279 861 2309 observat
886 2279 966 2314 haec,
989 2280 1042 2310 Est

309 2331 435 2360 persona
469 2324 637 2360 primarum
673 2322 818 2360 partium,
850 2332 911 2360 ‘1⁸¹ae
940 2325 1043 2360 saepius

312 2369 385 2393 actu.
399 2365 592 2404 regreditur,
614 2365 812 2393 secundarum
828 2369 855 2393 et
872 2365 1040 2400 tertiarum,

312 2415 375 2444 quae
389 2407 487 2435 minus
501 2407 654 2444 minusque
668 2407 842 2443 procedunt.
885 2405 946 2435 Sed
964 2406 1041 2446 lege,

313 2457 385 2487 quae
403 2446 598 2487 Boettigerus
610 2457 696 2477 meus
707 2457 788 2477 more
798 2457 854 2477 suo
866 2447 1042 2478 doctissime

313 2489 352 2520 de
368 2489 453 2519 omni
468 2488 526 2519 hac
541 2499 572 2519 re
594 2488 765 2530 disputavit
787 2489 910 2519 Prolus.
927 2490 958 2518 in
975 2490 1040 2520 Ac-

314 2536 373 2561 tor.
387 2530 483 2561 Prim.
500 2531 636 2561 Secund.
649 2536 680 2561 et
695 2532 720 2560 Ἰ
723 2536 780 2560 ert.
790 2530 894 2562 Part.
887 2541 918 2561 ιιι
931 2531 1041 2562 Fabul.

315 2573 445 2604 Graecis.
491 2573 612 2604 Vimar.
631 2573 724 2603 1797.

356 2616 408 2646 50.
432 2615 490 2645 His
506 2616 607 2645 malis
632 2626 685 2656 per
698 2614 933 2655 malaintelligit
944 2614 1042 2644 malas

313 2662 394 2687 artes
409 2662 439 2688 et
456 2656 628 2693 machinas,
643 2657 756 2699 quibus
770 2657 846 2687 alter
862 2656 973 2687 alteri
966 2656 1041 2686 msi-

313 2698 381 2729 dias
397 2698 499 2729 struit.

357 2741 409 2771 53.
431 2741 587 2776 Aca—endis,
604 2751 713 2781 quave.-
737 2740 882 2770 accendis
903 2740 1041 2771 animum

313 2782 472 2813 narrando
482 2793 556 2818 rem,
577 2793 640 2824 qua
661 2782 717 2823 (ob
739 2781 850 2829 quam)
877 2782 1039 2813 vehemen-

313 2825 377 2855 tius
401 2825 527 2866 cupiam
548 2826 587 2855 ad
607 2835 659 2856 eos
681 2825 832 2866 pertinere
848 2823 901 2864 qui
923 2825 1041 2855 Maece-

314 2866 379 2897 nati
390 2872 463 2897 sunt
476 2867 618 2908 proximi.

356 2910 409 2940 55.
433 2909 472 2939 Et
495 2916 536 2939 est
557 2911 608 2949 qui
633 2910 712 2939 vinci
735 2910 840 2956 possit:
863 2912 892 2938 et
906 2913 951 2938 est
960 2917 1040 2955 ‘sane

314 2951 477 2982 Maecenas
501 2951 547 2983 vir
569 2950 624 2992 qui
644 2960 697 2993 pro
718 2950 846 2981 mitioris
873 2949 969 2980 animi
992 2950 1040 2981 in-

1086 1777 1158 1808 dole
1174 1777 1255 1809 vinci
1272 1777 1385 1819 possit;
1411 1789 1508 1818 eoque,
1532 1782 1564 1809 et
1583 1777 1624 1808 ob
1646 1775 1678 1808 id
1699 1776 1813 1824 ipsum,

1086 1819 1159 1860 quia
1172 1830 1204 1850 se
1220 1820 1312 1850 facile
1327 1819 1410 1850 vinci
1431 1830 1522 1861 posse
1544 1821 1704 1851 Maecenas
1725 1818 1816 1850 intel-

1086 1861 1164 1901 ligit,
1194 1862 1284 1903 primi
1311 1862 1414 1892 aditus
1443 1861 1526 1904 apud
1554 1871 1626 1893 eum
1655 1866 1729 1892 sunt
1753 1860 1814 1891 dif-

1085 1903 1193 1934 ficsses.

1128 1946 1168 1976 58
1191 1956 1261 1986 sqq.
1307 1945 1458 1984 Tempora,
1481 1955 1593 1987 nempe
1622 1948 1815 1991 opportuna;

1085 1989 1252 2017 mollissima
1269 1994 1397 2028 tempora
1408 1989 1518 2029 fandi,
1531 1993 1567 2018 ut
1583 1986 1722 2034 loquitur
1739 1985 1816 2018 Vir-

1085 2029 1179 2069 gilius
1194 2031 1272 2060 AEn.
1285 2030 1323 2065 iv,
1333 2031 1408 2060 293.
1455 2031 1626 2060 Deducam:
1650 2026 1815 2060 nobilium

1086 2081 1104 2101 a
1121 2071 1300 2107 clientibus,
1317 2071 1364 2101 vel
1380 2071 1471 2102 abiis
1486 2070 1539 2112 qui
1552 2081 1605 2102 eos
1626 2069 1815 2101 veneraban-

1086 2118 1146 2150 tur,
1171 2113 1202 2143 in
1228 2114 1326 2144 sorum
1350 2113 1461 2144 deduci
1484 2119 1516 2144 et
1537 2112 1643 2144 reduci
1664 2112 1816 2144 solebant.

1087 2154 1143 2184 Nil
1159 2157 1220 2185 sine
1234 2167 1352 2196 magno,
1370 2160 1444 2186 cett.
1461 2155 1562 2202 lepide
1575 2152 1740 2203 garrulus
1732 2163 1767 2184 ιιι
1782 2163 1815 2185 re

1086 2195 1241 2226 levissima
1257 2207 1331 2226 usus
1345 2202 1392 2227 est
1405 2197 1757 2236 sententiagravissim05
1775 2194 1816 2226 ad

1085 2248 1180 2277 quam
1211 2238 1355 2284 proxime
1372 2237 1494 2269 accedit
1520 2242 1709 2285 praeceptum
1727 2236 1815 2268 illud

1085 2278 1155 2309 vitae
1172 2279 1254 2319 quod
1264 2278 1409 2310 tribuitur
1424 2279 1631 2331 Epicharmo
1624 2289 1656 2309 ιιι
1670 2278 1816 2320 Xenoph.

1086 2321 1261 2351 Memorab.
1288 2321 1320 2356 ii,
1350 2322 1377 2356 l,
1402 2324 1470 2352 τῶν
1497 2321 1614 2353 πόνων
1635 2321 1814 2353 Πωλοῦσιν

1087 2362 1168 2403 ἡμῖν
1183 2374 1299 2394 παντα
1315 2362 1435 2404 τάγάθ’
1451 2362 1479 2394 οἱ
1495 2363 1572 2394 θεοι.

1129 2406 1180 2435 61.
1197 2405 1308 2435 Fuscus
1321 2406 1463 2439 Aristius,
1474 2403 1704 2452 grammaticus,
1713 2408 1816 2444 poeta,

1085 2451 1117 2477 et
1138 2452 1251 2482 orator,
1276 2447 1415 2482 Horatio,
1440 2453 1476 2476 ut
1490 2447 1646 2494 praecipue
1659 2455 1698 2476 ex
1721 2445 1815 2487 Epis-

1086 2488 1149 2519 tola
1167 2488 1228 2518 10
1221 2499 1253 2518 ιιι
1267 2488 1323 2519 hb
1341 2489 1503 2530 iapparet,
1527 2486 1797 2536 familiarissimus.

1128 2531 1180 2561 63.
1204 2531 1317 2571 Rogat,
1342 2537 1370 2561 et
1395 2533 1566 2570 vespondet:
1591 2528 1706 2570 garruli
1729 2528 1813 2560 enim

1085 2577 1117 2603 et
1132 2582 1248 2612 rogare,
1264 2578 1306 2606 et,
1323 2572 1462 2603 nondum
1481 2572 1555 2603 dato
1577 2581 1734 2614 responso,
1757 2570 1815 2613 ipsi

1085 2615 1268 2654 respondere
1284 2614 1397 2645 solent.

1127 2657 1179 2687 64.
1199 2657 1376 2686 Lentissima
1387 2658 1523 2690 brachia.-
1536 2655 1671 2686 suaviter
1683 2653 1814 2690 homini,

1085 2698 1149 2739 qui,
1168 2698 1241 2728 dum
1259 2698 1431 2734 vellicatur,
1453 2708 1486 2728 se
1502 2698 1533 2728 id
1556 2707 1618 2729 nou
1640 2697 1752 2728 sentire
1773 2695 1814 2726 si-

1085 2741 1196 2776 mulat,
1214 2742 1332 2770 brachia
1350 2740 1526 2771 tribuuntur
1550 2740 1721 2775 lentissima,
1737 2737 1770 2768 h.
1785 2747 1815 2768 e.

1085 2782 1170 2813 omni
1186 2792 1279 2812 sensu
1296 2781 1444 2813 carentia.

1128 2826 1180 2855 65.
1204 2824 1298 2859 Male,
1324 2824 1500 2866 importuno
1528 2828 1672 2865 tempore,
1698 2827 1734 2854 ut
1757 2823 1815 2854 inf.

1084 2868 1150 2897 Sat.
1169 2866 1202 2903 ii,
1219 2867 1246 2902 l,
1262 2867 1315 2903 20,
1330 2867 1406 2896 mule
1423 2867 1555 2905 palpari.

1125 2909 1180 2939 66.
1204 2909 1306 2938 Meum
1319 2910 1413 2947 jecur
1428 2918 1515 2938 urere
1529 2908 1607 2938 bilis.
1650 2906 1741 2943 Bilis,
1756 2906 1816 2944 ira,

1083 2956 1116 2982 ut
1133 2961 1204 2992 sup.
1222 2949 1283 2981 Od.
1299 2949 1321 2986 i,
1339 2951 1390 2986 13,
1407 2950 1427 2980 4
1450 2949 1597 2990 (Fervens
1618 2948 1738 2990 difficili
1759 2951 1816 2980 bue
