1904 3314
11 1564 26 1604 i

738 171 964 215 LIBER
995 170 1057 222 11,
1087 171 1128 213 3.

1617 171 1702 213 387

268 272 394 316 Mille
415 275 559 318 ovium
577 274 753 316 insanus
774 274 901 316 morti
921 273 1059 323 dedit,
1081 271 1290 328 inclytum
1309 271 1514 326 Ulyssem

268 340 332 383 Et
352 342 605 386 Menelaum
623 357 711 384 una
730 356 899 384 mecum
919 356 966 383 se
987 341 1188 382 occidere
1209 339 1412 383 clamans.

267 407 343 450 Tu
363 425 497 465 quum
515 426 598 466 pro
618 408 752 451 vitula
773 410 927 451 statuis
950 407 1123 450 dulcem
1143 407 1307 449 Aulide
1328 416 1473 451 natam

151 475 240 518 200
269 475 389 520 Ante
409 493 521 530 aras,
544 478 802 534 spargisque
823 477 936 519 mola
955 483 1103 532 caput,
1126 477 1337 531 improbe,
1362 477 1489 528 salsa,

268 544 460 588 Rectum
475 547 604 590 animi
622 561 768 588 servas
784 547 801 587 '1'
829 545 1053 593 Quorsum
1070 545 1246 586 insanus
1262 546 1278 586 2
1309 544 1429 592 Quid
1447 546 1561 588 enim
1577 544 1696 603 Ajax

264 613 402 664 Fecit,
423 629 558 669 quum
579 614 731 656 stravit
756 613 872 655 ferro
891 628 1028 669 pecus
1047 614 1063 654 2

1125 611 1354 655 Abstinuit
1375 615 1461 655 vim

266 680 419 724 Uxore
439 689 485 724 et
505 689 652 738 gnato,
676 681 788 724 mala
807 681 942 723 multa
961 688 1166 737 precatus
1190 681 1374 723 Atridis.

263 748 369 792 Non
390 748 460 791 ille
481 757 557 791 aut
577 749 814 800 Teucrum,
837 756 913 791 aut
935 750 1076 804 ipsum
1097 748 1270 791 violavit
1293 748 1512 804 Ulyssem.

147 816 235 858 205
264 815 432 859 Verum
451 832 550 873 ego,
573 825 621 859 ut
643 817 860 860 haerentes
881 818 1066 860 adverso
1088 818 1133 859 in
1153 817 1278 859 litore
1300 833 1433 860 naves

263 884 509 941 Eriperem‚
531 887 726 941 prudens
747 885 915 941 placavi
936 886 1146 942 sanguine
1169 886 1323 928 Divos.

262 951 436 1009 Nempe
457 960 547 1004 tuo,
570 953 747 996 furiose.

810 953 932 1004 Meo,
957 954 1034 995 sed
1057 969 1144 996 non
1166 953 1372 996 furiosus.

263 1020 355 1068 Qui
375 1022 543 1076 species
565 1021 669 1063 alias
691 1023 781 1064 veri
803 1021 1082 1077 scelerisque,
1106 1021 1294 1064 tumultu

263 1087 517 1140 Permistas,
539 1091 696 1145 capiet,
718 1097 958 1133 commotus
980 1090 1242 1142 habebitur3
1276 1097 1424 1146 atque,

145 1209 324 1250 similibus;
352 1211 408 1243 sed
434 1217 519 1244 recte
543 1213 611 1255 jam
641 1213 696 1245 diu
726 1214 821 1245 missa
849 1219 897 1246 est

146 1253 216 1286 brec
235 1253 394 1286 scribendi
410 1255 501 1291 ratio,
516 1266 589 1286 cum
612 1257 736 1298 syllaba
755 1268 787 1288 re
804 1258 897 1289 modo

144 1296 348 1340 producatur,
362 1297 456 1329 modo
472 1298 672 1340 corripiatur.

193 1340 265 1371 192.
295 1339 379 1382 Ergo
403 1342 568 1379 consulere,
585 1347 660 1372 cett.
682 1351 754 1382 ergo
774 1341 895 1378 licebit,

105 1371 109 1375 ,
144 1392 195 1415 me
217 1387 248 1414 te
273 1383 449 1419 consulere,
471 1389 504 1414 et
530 1388 561 1415 te
585 1383 663 1414 mihi
689 1385 894 1426 respondere:

143 1426 310 1462 mautarn,
325 1436 467 1474 quarere
481 1425 521 1458 de
535 1426 619 1469 jure,
635 1437 674 1458 ex
689 1438 754 1469 quo
774 1427 896 1468 aliquid

143 1467 181 1500 fit
203 1467 255 1500 vel
281 1468 346 1501 fieri
373 1468 490 1508 debet;
512 1472 701 1510 respondere,
726 1480 771 1501 sc.
797 1470 837 1501 ad
862 1470 895 1502 id

143 1510 185 1543 de
200 1521 266 1554 quo
279 1511 450 1554 quaesitum
465 1517 512 1543 est
525 1524 533 1550 ;
551 1511 775 1554 jurisconsulti
789 1513 830 1544 ab
844 1513 894 1551 iis,

143 1553 200 1596 qni
221 1564 275 1586 eos
296 1554 427 1593 adeunt,
445 1556 660 1594 consuluntur,
679 1560 710 1587 et
731 1555 754 1586 ii
777 1566 894 1587 consu-

145 1595 284 1628 lentibus
296 1599 490 1638 respondent.

191 1641 267 1672 194.
294 1641 468 1673 Patr-escit.-
491 1640 531 1672 de
545 1651 673 1683 corpore
687 1640 863 1672 inhumato.

133 1715 138 1720 ,
189 1683 267 1715 195.
289 1683 434 1715 Gaudeat
457 1690 493 1714 nt
516 1685 647 1724 populus
668 1684 803 1714 Priami:
829 1685 894 1715 Ho-

145 1735 224 1758 mer.
239 1725 335 1758 Iliad.
350 1726 374 1763 i,
388 1728 464 1762 255,
477 1725 519 1758 Ἦ
540 1738 598 1759 κεν
615 1727 769 1769 γηθήσαι
787 1727 895 1770 Πρία-

141 1778 218 1810 μος,
234 1768 400 1812 Πριάμοιό
416 1782 450 1802 τε
468 1769 598 1808 παῖδες.

193 1812 267 1843 197.
296 1813 388 1843 Mille
408 1816 509 1844 ovium
533 1815 671 1848 insanus,
696 1817 772 1844 cett.
797 1812 894 1855 Ajax,

143 1863 220 1885 cnm
242 1864 331 1886 arma
347 1855 497 1891 Achillis,
513 1866 587 1897 quae
599 1856 670 1898 jure
693 1866 750 1886 suo
772 1866 805 1887 se
826 1866 896 1898 pos-

144 1896 247 1928 tulare
274 1907 365 1940 posse
393 1899 537 1941 putabat,
569 1899 610 1930 ab
641 1899 895 1939 Agamemnone,

143 1938 195 1970 vel
211 1939 316 1982 potius
330 1941 507 1973 secundum
526 1943 696 1973 Homerum
715 1951 732 1972 a
749 1941 896 1983 Trojanis

139 1981 318 2023 judicibus,
335 1983 442 2026 Ulyssi
461 1984 642 2027 adjudicata
660 1990 775 2020 essent,
794 1984 895 2016 furere

143 2031 177 2056 et
199 2024 338 2058 insanire
360 2027 471 2070 coepit.
515 2028 555 2059 In
579 2027 638 2059 boc
665 2027 768 2059 furore
791 2027 823 2058 in
847 2038 894 2059 ar-

143 2074 253 2100 menta
271 2074 304 2101 et
318 2079 441 2111 greges,
457 2076 608 2112 tanquam
626 2071 789 2111 Ulyssem,
806 2071 894 2112 Aga-

143 2120 356 2148 memnonem,
367 2119 398 2144 et
407 2114 593 2145 Menelaum
603 2112 766 2145 occisurus
780 2113 895 2156 (Soph.

145 2153 247 2196 Ajax,
265 2166 294 2187 v.
308 2154 392 2196 235)
407 2166 481 2188 ense
495 2156 569 2193 ruit,
585 2156 686 2188 donec
701 2166 776 2187 ense
792 2157 894 2199 ipsius

144 2205 244 2229 manu
279 2208 334 2242 per
365 2204 476 2241 pectus
503 2199 617 2230 adacto
649 2198 760 2247 periit:
795 2199 892 2242 Soph.

144 2238 246 2282 Ajax,
262 2251 294 2273 v.
309 2242 374 2274 925
387 2253 396 2280 ;
421 2242 518 2273 Ovid.
534 2243 616 2274 Met.
632 2241 699 2276 nii.
715 2243 791 2273 391.

187 2283 263 2315 200.
299 2283 448 2325 Improbe,
472 2285 574 2316 lenius
600 2295 667 2326 pro,
690 2283 798 2327 impie,
822 2295 891 2318 sce-

141 2323 242 2358 leste:
266 2326 309 2359 cf.
324 2326 384 2359 inf.
401 2328 467 2359 Sat.
483 2328 517 2367 ii,
533 2330 565 2364 6,
581 2329 636 2359 29.

184 2369 264 2400 201.
300 2370 430 2403 Rectum
443 2373 540 2403 animi
552 2372 674 2403 servas?
696 2370 794 2402 animi
810 2371 890 2403 inte-

141 2410 286 2452 gritatem
306 2413 425 2445 tueris‘l
448 2424 576 2446 sanaene
590 2413 708 2445 mentis
726 2424 759 2444 es
774 2415 786 2443 'l
809 2414 890 2445 idem

139 2455 228 2496 quod
248 2466 279 2488 v.
303 2457 379 2493 213,
402 2457 473 2488 Stas
493 2459 618 2489 animo?
639 2462 671 2488 et
695 2467 724 2488 v.
747 2457 823 2494 220,
845 2459 893 2488 in-

139 2502 227 2540 teger
241 2505 284 2530 est
297 2501 416 2531 animi?
460 2500 610 2535 Quorsum
627 2501 772 2530 insanus?
794 2499 891 2530 inter-

141 2540 312 2582 rogationis
340 2542 479 2584 signum,
509 2542 596 2585 quod
624 2542 792 2573 exhibetur
821 2548 892 2584 post

139 2593 282 2624 quorsum
305 2585 450 2628 plurimis
473 2586 506 2616 in
529 2585 631 2620 editt„
650 2585 797 2616 transtuli
819 2591 892 2627 post

139 2628 290 2665 imnum
314 2638 388 2659 nam
414 2628 441 2659 si
466 2634 560 2671 poeta
585 2630 710 2659 insanus
732 2628 892 2659 retulisset

141 2667 184 2700 td
217 2671 396 2712 sequentia,
427 2671 513 2702 haud
542 2671 639 2702 dubie
676 2681 732 2712 pro
763 2672 891 2702 insanus

139 2710 314 2755 scripsisset
325 2715 440 2746 insani.
485 2715 627 2746 Sensus:
653 2712 747 2754 cujus
764 2714 890 2744 tandem

140 2753 186 2785 rei
199 2761 343 2797 respectu
359 2756 480 2794 habito,
496 2757 574 2793 sive,
591 2767 649 2788 cur
665 2755 792 2787 tandem
806 2756 891 2798 Ajax

141 2804 163 2827 ι
186 2801 219 2829 te
242 2799 421 2841 appellatur
438 2802 587 2831 insanus?
612 2798 677 2840 (sic
701 2799 786 2830 enim
803 2800 891 2840 Aga-

141 2847 290 2873 memnon
318 2842 454 2884 Ajacem
486 2842 520 2874 in
550 2853 580 2874 v.
615 2842 674 2873 197
711 2841 850 2884 appellat
864 2841 892 2882 z)

141 2879 255 2915 ideone
283 2886 370 2926 quod
402 2896 500 2928 pecus
535 2885 616 2917 ferro
650 2885 784 2916 stravitv.
813 2884 890 2926 quid

141 2923 226 2956 enirn
250 2926 333 2964 fecit,
357 2929 434 2960 dum
457 2938 555 2970 pecus
576 2929 656 2960 ferro
679 2926 791 2969 petiit!
814 2938 890 2969 pru-

142 2965 222 2998 dent
244 2979 320 3011 sane
342 2970 403 3002 hoc
424 2972 517 3002 modo
533 2972 594 3002 vim
621 2968 775 3002 abstinuit
795 2980 891 3002 uxore

938 1219 971 1245 et
1000 1220 1108 1255 gnato,
1136 1224 1194 1246 nec
1223 1213 1361 1245 inimicis
1388 1212 1454 1245 suis
1483 1212 1547 1244 vim
1575 1212 1687 1245 intulit

942 1257 1093 1291 Quorsum
1123 1267 1190 1299 pro,
1217 1268 1294 1295 cur;
1318 1263 1354 1287 ut
1386 1256 1469 1299 apud
1502 1256 1692 1288 Ciceronem

940 1299 1075 1341 saepius:
1109 1310 1249 1340 qum-sum
1280 1301 1392 1340 (quem
1423 1299 1456 1329 in
1486 1298 1600 1339 finem)
1633 1300 1694 1330 haec

940 1343 1083 1382 disputo?
1132 1343 1249 1372 Uxor-e:
1273 1353 1360 1378 umor,
1376 1347 1412 1372 ut
1435 1342 1549 1382 passim
1571 1344 1692 1380 conjux,

940 1385 979 1415 de
1000 1383 1117 1415 semina
1131 1395 1204 1426 quae
1221 1384 1330 1415 uxoris
1346 1384 1417 1415 loco
1441 1384 1595 1422 habetur;
1619 1383 1692 1415 Tec-

939 1438 1032 1458 messa
1050 1427 1147 1463 enim,
1165 1437 1204 1457 ex
1225 1437 1290 1468 qua
1307 1426 1392 1468 Ajax
1412 1427 1598 1468 Eurysacem
1620 1437 1691 1468 pro-

938 1470 1068 1505 creavit,
1085 1480 1147 1500 non
1163 1479 1259 1500 sensu
1274 1469 1396 1511 proprio
1409 1468 1478 1510 ejus
1494 1479 1573 1500 uxor
1588 1469 1658 1501 fuit.

981 1514 1059 1544 203.
1085 1513 1171 1544 Mala
1189 1513 1288 1543 multa
1303 1517 1456 1553 precatus,
1472 1511 1556 1543 diras
1576 1512 1692 1555 impre-

939 1561 1044 1587 catus.

983 1600 1060 1629 204.
1086 1598 1153 1628 Non
1164 1604 1334 1633 aut—aut,
1345 1608 1412 1639 pro,
1425 1607 1693 1640 neque—neque.

942 1640 1104 1677 Teucrum,
1133 1640 1243 1672 eodem
1272 1646 1371 1682 patre,
1399 1641 1584 1676 Telamone,
1617 1652 1692 1673 cum

942 1683 1044 1725 Ajace
1071 1694 1174 1714 usum.
1220 1683 1336 1723 Ipsum,
1363 1682 1456 1724 cujus
1482 1693 1580 1714 causa
1604 1684 1693 1726 Ajax

939 1725 1077 1757 furebat.

982 1770 1058 1800 205.
1100 1769 1257 1800 Haerentes
1282 1779 1389 1799 παι-ρετ
1415 1778 1514 1799 naves
1541 1768 1626 1800 enim
1651 1770 1691 1800 ob

940 1810 1016 1842 iram
1040 1812 1169 1847 Dianae,
1186 1822 1258 1853 quae
1280 1817 1314 1842 ut
1336 1821 1462 1842 cervam
1487 1811 1496 1841 i
1520 1811 1546 1842 si
1569 1821 1692 1843 sacram

941 1854 982 1885 ab
1004 1855 1247 1894 Agamemnone
1270 1864 1451 1897 percussam
1477 1865 1495 1885 u
1511 1855 1692 1892 cisceretur‚

940 1907 1064 1929 omnem
1090 1903 1252 1929 ventorum
1281 1898 1388 1927 flatum
1419 1897 1693 1939 comprimendum

940 1946 1115 1977 curaverat,
1129 1940 1246 1971 Aulide
1258 1941 1422 1976 haerebant,
1437 1939 1470 1970 h.
1485 1949 1514 1971 e.
1531 1940 1612 1971 solvi
1628 1950 1692 1972 non

939 1988 1096 2024 poterant.
1141 1984 1274 2014 Adverso
1302 1983 1412 2013 litore:
1441 1982 1549 2013 Schol.
1578 1983 1690 2025 Cruq.,

938 2028 1073 2063 inimico,
1090 2027 1171 2057 unde
1186 2028 1333 2066 navigare
1348 2037 1407 2056 non
1421 2032 1574 2065 poterant.
1612 2026 1690 2057 Per-

939 2079 1046 2111 peram
1093 2068 1297 2100 Heindorfius
1341 2067 1483 2110 exponit,
1529 2067 1693 2100 haerebant

940 2122 1035 2143 naves
1068 2113 1168 2149 litore,
1201 2110 1287 2154 quod
1325 2110 1460 2142 Troadis
1495 2110 1591 2148 litori,
1625 2123 1690 2154 quo

938 2155 1111 2186 tendebant
1133 2155 1254 2191 Graeci,
1270 2155 1441 2189 adversum,
1460 2154 1493 2184 h.
1518 2163 1548 2185 e.
1571 2164 1610 2185 ex
1633 2155 1689 2186 ad-

936 2208 1034 2233 verso,
1052 2208 1069 2229 e
1084 2198 1224 2238 regione,
1241 2197 1336 2228 situm
1362 2196 1441 2234 fuit3
1464 2196 1561 2227 immo
1578 2197 1690 2229 Aulidi

938 2251 1000 2272 non
1024 2240 1154 2272 Troadis
1177 2240 1267 2277 litus,
1292 2239 1349 2271 sed
1372 2239 1447 2270 litus
1476 2239 1608 2271 Euboeae
1633 2241 1688 2272 ad-

936 2294 1060 2315 versum
1077 2289 1135 2316 est.

979 2328 1056 2358 206.
1098 2328 1212 2358 Divos.-
1236 2331 1349 2369 praeter
1376 2325 1514 2357 Dianam
1544 2325 1690 2368 intelligo

935 2371 1023 2407 deos,
1044 2369 1099 2412 qui
1122 2370 1155 2400 in
1179 2370 1312 2412 gratiam
1337 2369 1466 2405 Dianae,
1493 2380 1565 2412 quae
1589 2367 1688 2411 rogati

937 2415 976 2445 ab
993 2424 1030 2444 ea
1046 2414 1184 2449 fuerant,
1199 2412 1373 2444 faciebant.

980 2457 1055 2488 208.
1080 2457 1142 2491 Qui
1157 2458 1264 2496 species
1279 2457 1358 2486 alias
1373 2457 1447 2492 veri,
1462 2460 1538 2486 cett.
1555 2465 1684 2488 sensus:

936 2499 991 2541 qui
1020 2499 1159 2531 diversas
1186 2509 1288 2530 rerum
1315 2498 1438 2540 species
1463 2497 1581 2539 (ideas,
1609 2498 1688 2530 ima-

934 2542 1034 2584 gines,
1056 2541 1292 2583 cogitationes),
1311 2543 1390 2572 alias
1412 2544 1475 2572 veri
1500 2541 1563 2583 (rei
1586 2552 1686 2583 aequae

935 2591 1032 2627 atque
1048 2584 1174 2623 rectae),
1192 2584 1271 2615 alias
1291 2585 1409 2615 sceleris
1428 2583 1492 2625 (rei
1515 2584 1687 2624 scelestae),

935 2629 1073 2659 mamultu
1090 2627 1278 2670 (affectuum
1294 2626 1326 2657 vi
1341 2632 1374 2658 et
1387 2626 1538 2669 impetu),
1555 2626 1637 2658 inter
1656 2639 1689 2659 se

933 2673 1102 2711 permistas,
1135 2672 1234 2710 capiet
1269 2669 1395 2712 (animo
1434 2668 1626 2711 concipiet),
1661 2670 1688 2701 is

934 2721 1095 2745 commotus
1114 2712 1306 2755 (affectuum
1325 2712 1356 2743 vi
1377 2717 1540 2753 correptus
1563 2718 1596 2744 et
1618 2724 1687 2755 per-

937 2758 1093 2793 turbatus,
1121 2756 1187 2787 sive
1216 2755 1366 2794 insanus)
1393 2756 1553 2786 habebitur
1581 2755 1687 2797 (dice-

936 2799 1027 2839 tur);
1049 2806 1146 2840 atque
1172 2808 1273 2829 unum
1302 2797 1450 2839 idemque
1480 2797 1551 2834 erit,
1580 2804 1687 2830 utrum

936 2842 1050 2884 aliquis
1086 2841 1221 2872 stultitia
1254 2851 1295 2871 an
1327 2841 1373 2872 ira
1404 2846 1535 2883 peccet;
1567 2842 1687 2873 scelera

932 2885 1019 2916 enim
1046 2883 1216 2916 commissa
1246 2890 1377 2914 manent
1407 2883 1538 2915 scelera.
1582 2885 1687 2914 Locu-

933 2927 1052 2960 tionem
1076 2928 1199 2968 speciem
1220 2928 1354 2966 alicujus
1374 2929 1420 2957 rei
1444 2937 1549 2965 capere
1571 2926 1688 2967 optime

934 2970 1072 3002 illustrat
1096 2970 1186 3002 locus
1215 2968 1298 3001 Livii
1328 2968 1371 3007 ix,
1400 2969 1452 3005 17,
1478 2975 1599 2999 senatus
1624 2969 1689 3006 ille,

874 3014 962 3044 cc2
