1884 3288
305 209 388 250 272

906 205 1206 247 EPODON

849 414 1119 456 CARMEN
1152 415 1256 456 XII.

475 573 599 619 Qum
622 572 698 613 tibi
719 571 795 622 vis,
817 571 966 612 mulier
985 571 1116 625 nigris
1138 571 1384 624 dignissima
1403 571 1572 612 barris?

588 639 773 680 Munera
793 654 868 680 cur
888 638 1002 688 mihi,
1026 638 1182 691 quidve
1202 637 1380 678 tabellas

475 705 633 754 Mittis,
655 720 733 746 nec
753 705 873 745 firmo
890 705 1052 758 juveni,
1075 718 1214 756 neque
1234 703 1346 743 naris
1369 703 1542 743 obesae?

588 773 788 825 Namque
809 771 1002 824 sagacius
1023 784 1133 810 unus
1157 769 1329 817 odoror,

421 837 447 876 5
478 836 683 890 Polypus,
706 851 759 876 an
780 836 919 889 gravis
940 835 1117 875 hirsutis
1139 836 1267 875 cubet
1285 834 1431 874 hircus
1451 834 1494 874 in
1515 832 1606 882 alis,

588 902 730 948 Quam
751 902 865 942 canis
886 915 996 949 acer,
1018 901 1092 940 ubi
1111 900 1240 941 lateat
1260 914 1346 940 sus.

478 968 567 1014 Qui
589 968 720 1008 sudor
740 967 861 1008 vietis
883 974 926 1007 et
947 981 1072 1020 quam
1093 965 1227 1006 malus
1248 965 1437 1018 undique
1457 964 1655 1006 membris

592 1033 758 1074 Crescit
779 1033 912 1073 odor!
945 1047 1089 1086 quum,
1111 1046 1221 1085 pene
1245 1030 1400 1080 soluto,

478 1099 732 1139 Indomitam
752 1105 955 1152 properat
975 1098 1136 1138 rabiem
1158 1097 1322 1146 sedare,
1346 1110 1483 1150 neque
1503 1096 1562 1136 illi

398 1166 448 1205 10

591 1165 688 1205 Jam
709 1171 851 1205 manet
871 1164 1046 1204 humida
1066 1170 1195 1212 creta,
1213 1163 1414 1216 colorque

476 1231 677 1272 Stercore
698 1230 866 1272 fucatus
889 1229 1110 1279 crocodili3
1137 1230 1311 1283 jamque
1333 1228 1528 1270 subando

592 1296 734 1338 Teuta
755 1296 924 1345 cubilia,
947 1302 1145 1349 tectaque
1166 1295 1338 1349 rumpit.

474 1361 559 1402 Vel
578 1376 672 1402 mea
693 1376 823 1415 quum
845 1362 968 1401 saevis
990 1361 1123 1414 agitat
1143 1361 1315 1401 fastidia
1335 1360 1503 1401 verbis:

591 1431 618 1450 ‘⁴
637 1427 814 1468 Inachia
833 1426 1012 1481 langues
1032 1427 1169 1467 minus
1191 1441 1239 1467 ac
1260 1441 1350 1475 me;

396 1494 446 1534 15
476 1493 694 1535 Inachiam
714 1500 779 1534 ter
800 1499 924 1534 nocte
946 1499 1092 1547 potes3
1125 1493 1227 1533 mihi
1248 1506 1414 1546 semper
1435 1491 1490 1532 ad
1510 1506 1642 1532 unum

588 1559 734 1600 Mollis
758 1574 889 1613 opus:
923 1566 1072 1613 pereat
1092 1558 1214 1609 male,
1237 1573 1332 1613 quae
1354 1565 1410 1605 te,

521 1667 722 1698 CARMEN
746 1667 826 1698 XII.

352 1709 423 1740 Hoc
437 1719 573 1744 carmen,
594 1709 708 1750 pariter
723 1719 758 1739 ae
785 1719 880 1750 supra
904 1708 1038 1750 Epodon

308 1761 433 1781 carmen
449 1755 604 1786 octavum,
622 1750 705 1786 felle,
731 1752 815 1792 quod
839 1751 870 1781 in
891 1750 1038 1781 libidino-

308 1802 374 1822 sam
390 1793 546 1833 quandam
563 1803 657 1823 anum
674 1792 821 1827 evomuit,
840 1793 971 1834 turpiter
990 1792 1038 1823 in·

303 1834 472 1875 -quinatum
489 1839 546 1864 est.
592 1834 654 1865 Hic
669 1845 794 1876 quoque
805 1834 916 1865 vetulae
931 1834 1039 1875 cujus-

307 1876 394 1911 dam,
418 1886 437 1906 a
461 1886 523 1917 qua
545 1875 584 1906 ad
608 1876 769 1907 libidinem
790 1886 860 1907 cum
884 1876 937 1906 illa
953 1886 1038 1907 exer-

309 1918 441 1948 cendam
459 1928 491 1948 se
510 1918 676 1959 expetitum
702 1929 770 1950 esse
794 1919 894 1959 fingit,
915 1917 1038 1949 foedita-

305 1964 371 1990 -tem
387 1959 470 1990 soede
484 1960 642 1997 describit,
657 1967 699 1998 et,
714 1966 749 1990 ut
769 1970 805 1991 eo
822 1960 919 2000 magis
943 1970 1039 2002 appa-

308 2006 376 2031 reat
411 2006 547 2042 quantus
583 2001 677 2032 fuerit
709 2002 799 2032 istius
835 2001 972 2032 mulieris
1007 2002 1040 2032 iu

306 2042 439 2074 libidine
455 2043 548 2078 furor,
564 2053 631 2074 eam
648 2044 826 2085 loquentem
847 2049 877 2074 et
898 2043 1041 2074 inertiam

305 2084 368 2115 sibi
384 2084 416 2114 in
433 2095 464 2116 re
480 2085 621 2116 Venerea
637 2087 871 2127 exprobrantem
889 2085 1020 2116 inducit.

355 2127 448 2157 1-8.
475 2127 556 2160 Quid
580 2129 635 2157 tibi
661 2131 714 2164 vis,
740 2133 877 2168 quantus
902 2126 1042 2157 libidinis

308 2172 339 2198 te
366 2167 464 2209 agitat
491 2168 584 2199 furor.
631 2168 828 2210 Dignissima,
853 2179 925 2209 quae
949 2178 1040 2199 coeas

305 2219 381 2240 curn
397 2211 494 2251 nigris
509 2212 615 2243 barris.
632 2209 664 2240 h.
680 2221 708 2241 e.
722 2210 909 2251 elephantis,
929 2215 960 2240 et
980 2210 1039 2240 foe-

307 2250 404 2282 ditate
430 2251 487 2282 tibi
511 2251 678 2286 similibus,
703 2257 735 2282 et
757 2251 881 2282 libidini
904 2257 966 2282 tuae
986 2262 1039 2282 ex-

307 2292 430 2334 plendae
446 2292 584 2335 paribus.
630 2293 704 2324 Non
720 2293 865 2324 audiendi
879 2299 963 2329 sunt,
986 2294 1040 2334 qui

310 2339 413 2365 nostra
439 2340 529 2366 aetate
552 2345 607 2377 pei·
627 2337 740 2370 bart-os,
763 2346 825 2365 non
846 2335 1039 2376 elephantos,

307 2376 363 2408 sed
378 2376 537 2407 simiorum
561 2376 717 2418 quoddam
743 2387 842 2417 genus
862 2377 1039 2417 intelligen-

308 2417 383 2449 dum
406 2429 474 2450 esse
498 2419 660 2460 probatum
688 2420 831 2458 iverunt3
856 2419 917 2449 imo
941 2419 1039 2449 Hora-

307 2460 370 2491 tius
385 2460 527 2491 consulto
543 2461 743 2502 elephantum
752 2466 787 2491 ut
797 2460 912 2491 animal
929 2471 1038 2491 nervo-

309 2501 374 2533 sius
398 2503 511 2544 posuit.
566 2503 712 2539 Tabellas,
738 2508 860 2533 ceratas
888 2508 975 2544 puta,
1009 2503 1042 2533 in

307 2543 436 2584 quibuS,
470 2544 546 2585 quid
573 2545 677 2581 vellet,
703 2550 884 2575 exaraverat
917 2544 1041 2583 vetula3

307 2597 433 2617 arcanas
458 2586 612 2627 ejusmodi
638 2587 761 2617 tabellas
788 2591 879 2618 vocat
910 2586 1044 2617 Ovidius

308 2627 416 2659 Amor.
431 2627 464 2663 ii,
485 2630 534 2663 15,
554 2630 604 2659 15.
630 2629 743 2664 Firmo,
760 2629 865 2659 valido
881 2627 921 2659 ad
937 2629 1044 2659 munia

307 2669 463 2712 comparis
489 2671 653 2711 aequanda.
699 2671 801 2710 Neque
834 2672 918 2701 naris
942 2673 1040 2706 obesae,

307 2711 363 2752 qui
382 2711 459 2742 nihil
475 2712 613 2748 olfaciat,
632 2713 770 2753 adeoque
787 2713 904 2742 malum
927 2713 1041 2743 vetulae

306 2753 431 2785 odorem
457 2753 548 2784 facile
573 2754 705 2802 perferre
737 2754 844 2795 possit.
890 2755 1041 2795 Polypus.-

307 2796 346 2826 de
369 2794 454 2836 gravi
477 2795 582 2837 polypi
598 2796 706 2828 foetore
722 2797 784 2826 vid.
801 2795 887 2827 Cels.
903 2796 946 2831 vi,
963 2797 994 2831 8,
1011 2802 1043 2827 ct

307 2847 386 2878 quos
400 2837 509 2868 laudat
524 2837 655 2869 Mitsch.
703 2838 814 2869 Gravis
832 2839 945 2873 hircus,
968 2848 1037 2877 gra-

306 2879 354 2909 vis
368 2879 454 2916 odor,
469 2879 573 2920 qualis
588 2885 635 2911 est
656 2879 811 2911 hircorum
826 2892 834 2918 ;
858 2885 893 2909 ut
915 2880 1038 2921 τράγος

306 2921 390 2963 apud
407 2921 548 2954 Graecos.
591 2922 709 2954 Catull.
732 2922 810 2959 lxix,
838 2923 868 2957 5,
892 2922 989 2953 Loedit
1010 2930 1038 2953 te

1080 1668 1212 1706 quaedam
1227 1667 1307 1696 mala
1320 1666 1448 1708 sabula,
1463 1677 1521 1706 qua
1536 1667 1591 1696 tibi
1600 1666 1712 1708 fertur
1730 1661 1814 1696 Valle

1081 1710 1133 1738 sub
1155 1710 1274 1739 alarum
1299 1715 1370 1739 trux
1393 1709 1528 1739 habitare
1555 1719 1662 1748 caper.-
1685 1707 1748 1739 vid.
1767 1705 1813 1738 ibi

1083 1755 1148 1780 not.
1203 1751 1239 1780 In
1268 1760 1342 1781 voce
1369 1752 1455 1781 vietis
1488 1749 1692 1792 penultimam
1721 1753 1814 1791 poeta

1083 1791 1244 1833 corripuit.

1124 1835 1242 1865 9—12.
1267 1834 1370 1874 Neque
1398 1835 1448 1863 illi
1473 1832 1544 1863 Jam
1565 1838 1665 1864 manet
1689 1833 1812 1863 humida

1083 1882 1183 1906 creta.-
1207 1885 1308 1916 neque
1334 1875 1367 1905 in
1393 1875 1462 1916 ejus
1488 1874 1568 1905 facie
1595 1879 1679 1906 creta
1702 1873 1813 1905 sudoro

1083 1917 1250 1958 liquefacta
1281 1922 1395 1955 manet,
1419 1916 1474 1948 sed
1502 1916 1630 1954 defluit;
1661 1926 1701 1948 ex
1731 1922 1813 1946 creta

1084 1969 1194 2000 nempe
1210 1959 1404 2000 pigmentum
1418 1959 1596 2000 parabatur.
1611 1968 1676 2000 quo
1697 1957 1813 1989 cando-

1082 2011 1147 2031 rem
1172 2001 1264 2032 faciei
1292 2001 1496 2032 conciliarent
1522 1999 1686 2032 mulieres:
1718 1999 1815 2032 Ovid.

1083 2043 1125 2073 A.
1140 2043 1180 2074 A.
1195 2042 1240 2080 iii,
1261 2044 1330 2078 199,
1347 2043 1436 2074 Scitis
1453 2049 1481 2073 et
1505 2044 1632 2074 inducta
1655 2043 1813 2074 cauctorem

1084 2096 1213 2125 quaerere
1228 2092 1329 2116 creta.-
1353 2084 1393 2115 cf.
1410 2085 1543 2125 Interpr.
1575 2085 1716 2125 Colorque
1731 2083 1812 2114 Scer-

1085 2138 1150 2157 core
1164 2127 1297 2168 fucatas
1318 2127 1469 2163 crocodili,
1500 2126 1590 2157 fucus
1617 2136 1655 2158 ex
1682 2130 1814 2158 stercore
1871 2132 1875 2134 “

1083 2168 1231 2199 crocodili
1256 2168 1427 2199 confectus.
1471 2167 1608 2205 Plinius,
1641 2166 1749 2203 xxviii,
1779 2169 1812 2204 8,

1082 2216 1193 2240 stercus
1207 2211 1346 2240 crocodili
1361 2211 1504 2240 molestias
1518 2212 1550 2240 in
1551 2210 1639 2251 facie
1648 2215 1814 2240 enascentes

1085 2253 1187 2282 tollere
1211 2251 1266 2282 ait.
1321 2251 1417 2282 Teuta
1443 2253 1567 2289 cubilia,
1591 2251 1751 2293 explicant
1774 2251 1814 2284 de

1083 2292 1164 2324 lecto
1180 2293 1306 2323 funibus
1321 2298 1407 2324 tento
1419 2303 1428 2330 ;
1450 2292 1595 2334 equidem
1610 2299 1694 2324 tenta
1708 2292 1814 2324 malim

1084 2335 1123 2366 ad
1146 2337 1277 2366 subando
1301 2335 1424 2371 referre,
1450 2341 1484 2365 ut
1508 2335 1560 2372 sit,
1583 2334 1726 2366 subando
1750 2335 1814 2366 dis-

1084 2382 1168 2408 tenta
1185 2382 1215 2408 et
1226 2377 1389 2407 dissoluta.
1437 2377 1592 2417 Tectaque,
1605 2377 1764 2418 explicant
1775 2376 1815 2408 de

1084 2418 1303 2459 integumentis
1317 2425 1349 2450 et
1363 2418 1499 2449 vestibus
1513 2418 1662 2459 stragulis
1676 2429 1686 2456 ;
1707 2418 1815 2450 malim

1084 2471 1138 2502 per
1153 2460 1344 2503 hyperbolen
1358 2461 1397 2492 de
1416 2460 1484 2502 ipso
1498 2459 1638 2494 cubiculi
1660 2465 1743 2492 tecto
1763 2459 1812 2491 in-

1086 2502 1239 2542 telligere.

1131 2546 1267 2576 13—20.
1293 2545 1346 2575 Vel
1367 2555 1430 2575 mea
1449 2555 1540 2585 quum
1562 2545 1654 2581 saevis,
1679 2549 1753 2576 cett.
1774 2544 1815 2575 ad

1086 2588 1132 2617 vel
1156 2587 1265 2628 supple
1290 2587 1350 2617 fere
1377 2586 1459 2617 hanc
1482 2586 1687 2618 sententiam:
1718 2595 1815 2628 quam

1086 2628 1244 2660 indomitae
1267 2628 1410 2660 »libidinis
1433 2627 1494 2659 ista
1518 2628 1630 2659 mulier
1648 2633 1705 2666 ost,
1723 2639 1814 2669 quum

1085 2675 1160 2701 cett.
1214 2671 1284 2701 Mea
1307 2671 1444 2711 fastidia
1473 2673 1553 2702 saevis
1579 2671 1673 2701 verbis
1703 2669 1814 2711 agitat.⁸

1085 2723 1187 2743 meum
1214 2712 1246 2743 in
1276 2712 1445 2743 concubitu
1472 2711 1653 2752 languorem
1679 2711 1817 2752 exagitat

1086 2755 1132 2784 his
1143 2754 1260 2796 asperis
1270 2754 1382 2786 verbis.
1398 2754 1536 2789 Inachia,
1547 2753 1630 2794 apud
1638 2753 1814 2788 Inachiam,

1085 2796 1197 2827 sivein
1213 2797 1374 2838 συνουσίᾳ
1395 2805 1467 2826 cum
1490 2794 1631 2826 Inachia.
1674 2795 1816 2836 Langues

1082 2840 1180 2869 minus
1196 2850 1231 2868 ac
1247 2849 1302 2874 me,
1316 2837 1419 2868 minus
1441 2842 1536 2878 atque
1560 2836 1644 2878 apud
1666 2847 1716 2868 me
1735 2837 1816 2868 vires

1083 2886 1112 2911 te
1137 2880 1296 2911 deliciunt.
1350 2880 1448 2914 Potes,
1472 2889 1507 2908 su
1533 2889 1644 2920 presso,
1668 2879 1712 2909 nit
1737 2877 1815 2909 Mit-

1080 2921 1296 2960 scherlichius,
1312 2932 1350 2953 ex
1366 2931 1499 2953 vei-ecurt
1525 2921 1562 2952 iae
1575 2930 1680 2960 sensu,
1695 2921 1816 2961 subegi·
