1884 3288
300 199 380 239 186

853 201 1243 246 CARMINUM

577 301 823 358 Antequam
845 312 1007 347 stantes
1027 314 1193 361 repetat
1214 306 1394 361 paludes

497 369 546 410 lO
575 369 779 411 Imbrium
799 371 940 412 divina
961 373 1047 413 avis
1069 373 1370 423 imminentum,

577 434 778 477 Oscinem
798 451 969 477 corvum
990 452 1118 492 prece
1141 439 1357 479 suscitabo

971 504 1081 544 Solis
1104 505 1157 544 ab
1179 512 1290 545 ortu.

577 568 645 608 Sis
665 567 763 609 licet
786 568 900 618 felix,
923 570 1167 622 ubicunque
1187 571 1333 620 mavis,

575 634 636 675 Et
655 649 814 676 memor
834 636 982 683 nostri,
1006 635 1203 685 Galatea,
1224 637 1339 677 vivas
1358 654 1367 678 ε

495 702 546 742 15
575 701 729 756 Teque
751 717 828 743 nec
848 701 979 743 laevus
1001 709 1115 743 vetet
1135 703 1197 743 ire
1219 704 1355 756 picuS‚

966 768 1063 809 Nec
1085 783 1192 823 vaga
1212 770 1373 811 cornix.

577 834 664 874 Sed
686 834 819 882 vides,
841 842 1002 888 quanto
1024 835 1211 889 trepidet
1230 836 1414 877 tumultu

577 900 746 941 Pronus
769 901 918 942 Orion.

981 902 1094 955 Ego,
1117 902 1220 955 quid
1243 903 1296 942 sit
1317 910 1411 944 ater

577 966 768 1016 Hadriae,
791 969 900 1017 novi,
925 968 1055 1016 sinus,
1078 976 1120 1008 et
1141 969 1243 1021 quid
1266 968 1389 1010 albus

492 1034 548 1075 20

972 1034 1130 1075 Peecet
1151 1034 1303 1088 Iapyx.

576 1100 779 1140 Hostium
800 1115 958 1141 uxores
980 1102 1188 1154 puerique
1212 1115 1347 1141 caecos

579 1167 773 1207 Sentiant
793 1174 932 1208 motus
955 1167 1127 1208 orientis
1149 1166 1314 1216 Austri,
1337 1174 1380 1208 et

570 1234 780 1287 AEquoris
801 1234 911 1288 nigri
932 1233 1159 1282 fremitum,
1182 1240 1225 1274 et
1246 1240 1475 1275 trementes

963 1300 1159 1342 Verbere
1182 1300 1308 1354 ripas.

478 1369 533 1408 25
566 1367 636 1407 Sic
659 1374 701 1407 et
726 1367 902 1420 Europe
924 1367 1094 1407 niveum
1116 1366 1266 1407 doloso

568 1433 766 1474 Credidit
788 1441 910 1474 tauro
929 1431 1057 1481 latus,
1080 1439 1123 1473 et
1144 1439 1376 1473 scatentem

567 1498 731 1540 Belluis
752 1507 932 1554 pontum
951 1500 1199 1553 mediasque
1222 1499 1396 1540 fraudes

963 1564 1120 1606 Palluit
1141 1566 1296 1606 audax.

569 1633 726 1686 Nuper
747 1633 790 1672 in
810 1632 943 1686 pratis
966 1631 1159 1672 studiosa
1179 1631 1346 1680 florum,
1368 1638 1411 1672 et

280 1771 324 1798 ter
339 1766 413 1798 laeta
435 1765 566 1807 auguria
586 1766 745 1808 praecipio.
793 1766 927 1796 Oscinem
951 1776 1015 1795 cor·-

279 1820 349 1839 vum
373 1819 457 1847 prece
482 1810 627 1839 suscitabo
655 1810 729 1838 Solis
755 1809 790 1838 ab
820 1814 911 1838 ortu:
942 1807 1016 1837 deos

279 1851 438 1892 precabor,
461 1856 496 1880 ut
521 1851 656 1881 oscinem
683 1860 808 1880 corvum
834 1851 872 1880 ab
900 1849 1017 1880 oriente

279 1892 462 1923 suscitatum
491 1892 597 1922 laetum
621 1901 712 1922 omen
738 1901 849 1922 canere
872 1891 1017 1932 jubeant.

283 1935 414 1969 Oscffles,
427 1939 462 1964 ut
476 1934 551 1964 satis
565 1939 684 1968 notum,
699 1939 792 1964 cantu
807 1933 854 1964 vel
870 1933 1017 1970 clamore,

278 1982 419 2016 praepetes
444 1976 550 2006 volatu
581 1975 745 2016 augurium
770 1975 899 2005 dabant.
942 1976 1018 2006 Solis

281 2020 318 2048 ab
342 2024 423 2055 ortu,
446 2018 485 2047 ab
509 2017 625 2048 oriente
651 2017 734 2048 enim
758 2017 884 2047 laetioris
906 2017 1018 2047 ominis

282 2070 356 2091 aves
370 2060 514 2090 advolare
528 2060 682 2090 debebant
698 2071 704 2088 :
730 2059 773 2090 cf.
791 2060 918 2089 Sueten.
938 2060 1017 2089 Ves-

282 2112 348 2144 pas.
364 2101 432 2132 Vit.
454 2111 482 2132 c.
505 2102 525 2131 5
547 2101 605 2131 sub
626 2101 698 2131 fine.
743 2102 909 2140 Antequam
931 2108 1013 2131 stan·

281 2150 323 2175 tes
351 2150 466 2183 repetat
492 2144 617 2182 paludes
646 2143 790 2172 Imbrium
820 2143 926 2172 ‹lit-ina
954 2145 1018 2172 avis

279 2187 488 2216 imminentum
504 2196 512 2216 :
536 2190 704 2225 antequam
726 2185 803 2220 avis,
820 2183 1018 2215 imminentes

280 2228 395 2259 imbres
417 2226 567 2257 divinitus
585 2225 768 2267 praedicens,
789 2231 906 2256 stantes
925 2226 1016 2267 palu-

283 2271 338 2302 des
353 2274 483 2310 repetat‚
502 2268 534 2298 h.
558 2278 587 2299 e.
606 2273 788 2309 tempestate
804 2268 940 2298 nondum
963 2279 1017 2309 per

279 2311 434 2344 cornicem
448 2310 598 2352 praedicta
611 2322 619 2348 ;
643 2311 775 2340 lavando
790 2310 871 2340 enim
887 2316 918 2339 et
933 2320 1017 2358 aqua

280 2365 313 2386 se
334 2353 365 2384 in
382 2352 549 2395 paludibus
571 2351 784 2393 perfundendo
806 2351 945 2382 cornices
967 2362 1015 2382 in-

281 2395 388 2438 primis
403 2394 578 2437 pluviosum
594 2400 718 2434 tempus
740 2394 906 2435 praedicere
926 2399 1015 2435 puta-

282 2440 416 2470 bantur:
442 2436 504 2468 vid.
521 2437 611 2467 Arat.
634 2436 726 2466 Dios.
751 2437 812 2466 217
842 2445 910 2476 sqq.
931 2436 1016 2466 Plin.

284 2480 371 2515 xviii,
387 2481 439 2510 35.

327 2522 464 2553 13-24,
489 2522 535 2551 Sis
559 2522 627 2551 licet
640 2520 734 2561 felix.
756 2524 829 2550 cett.
853 2529 963 2550 sensus
987 2525 1018 2549 et

282 2574 381 2597 nexus
396 2575 402 2593 :
427 2573 480 2604 per
495 2573 544 2593 me
558 2562 651 2602 igitur
664 2563 711 2592 vel
726 2572 778 2603 per
789 2561 933 2601 auguria.
946 2571 1015 2601 quae

281 2618 338 2649 ego
354 2616 408 2648 pro
423 2610 453 2636 te
468 2604 569 2646 capio.
586 2606 653 2635 licet
670 2614 755 2639 sane,
773 2610 819 2638 ut,
836 2603 1015 2643 ubicunque

281 2649 349 2686 tibi,
366 2647 510 2682 Galatea,
527 2647 642 2688 placet,
659 2646 780 2676 felicem
802 2651 834 2676 et
851 2655 1014 2675 memorem

282 2691 341 2723 mei
355 2690 450 2720 vitam
466 2698 552 2730 agas,
570 2689 710 2728 laetisque
726 2687 798 2718 inde
814 2687 1015 2728 proficiscaris

281 2732 447 2767 ominibus,
469 2736 542 2761 cett.
589 2731 708 2764 Quanto
732 2732 859 2769 trepidet
880 2730 1013 2760 tumultu

282 2777 401 2807 Pronus
417 2774 520 2808 Orion,
533 2779 650 2814 quanto
666 2773 801 2802 tumultu
817 2773 855 2802 ad
868 2781 1011 2802 occasum

282 2823 354 2850 ruat
369 2815 478 2853 Orion,
495 2815 525 2846 h.
549 2826 576 2846 e.
593 2820 710 2856 quanta
730 2819 798 2855 post
815 2813 940 2844 Orionis
960 2823 1013 2844 oc.-

282 2869 404 2894 casum,
419 2858 472 2899 qui
491 2857 598 2892 instat,
615 2861 759 2887 exortura
781 2855 821 2886 sit
835 2861 1014 2897 tempestas.

286 2903 435 2942 Trepidet,
450 2900 482 2931 b.
497 2910 523 2931 e.
546 2899 690 2931 festinet:
716 2898 757 2929 cs.
779 2908 847 2940 sup.
862 2898 895 2933 ii,
913 2899 944 2933 4,
963 2898 1016 2928 23.

284 2946 404 2976 Pronus*
429 2942 467 2972 ad
493 2951 639 2972 occasum
664 2950 812 2981 vergens3
837 2945 871 2971 ut
897 2950 965 2980 sup.
994 2939 1014 2975 i,

1059 1765 1112 1801 28,
1129 1766 1182 1800 21,
1201 1765 1294 1795 Orion
1316 1766 1451 1801 devexus,
1466 1764 1521 1796 ubi
1545 1765 1586 1796 cf.
1610 1769 1674 1797 not.
1721 1766 1797 1808 Ego,

1059 1808 1131 1846 quid
1147 1809 1185 1837 sit
1202 1813 1267 1837 ater
1288 1807 1425 1843 Hadriae,
1438 1809 1517 1843 novi,
1532 1810 1616 1839 sinus
1628 1820 1637 1838 .-
1659 1807 1726 1856 ipse
1737 1818 1797 1848 ego

1060 1854 1205 1890 expertus
1229 1859 1308 1886 sum,
1323 1859 1415 1890 quam
1432 1849 1638 1891 periculosum
1653 1855 1694 1880 sit
1709 1849 1797 1880 navi-

1061 1900 1132 1929 gare
1155 1891 1187 1920 in
1203 1891 1280 1920 mari
1303 1891 1496 1928 Hadriatico,
1508 1892 1634 1933 quando
1655 1891 1712 1922 atri
1726 1891 1797 1933 ejus

1061 1933 1171 1963 fluctus
1196 1938 1351 1972 aestuant3
1374 1943 1458 1964 mare
1480 1934 1575 1969 enim,
1591 1934 1666 1965 dum
1686 1939 1798 1965 aestuat

1061 1973 1091 2004 in
1107 1976 1191 2004 sinus
1212 1975 1379 2006 reducitur.
1423 1974 1495 2006 Nisi
1521 1975 1598 2007 forte
1615 1981 1707 2018 poeta
1729 1985 1796 2007 cer-

1062 2022 1125 2045 tum
1149 2015 1303 2057 quendam
1325 2016 1419 2046 maris
1443 2017 1619 2048 Hadriatici
1643 2017 1677 2048 iu
1697 2019 1798 2048 sinum

1060 2064 1223 2089 exeuntem
1249 2059 1350 2089 locuni
1373 2058 1551 2101 respexerit,
1568 2059 1624 2100 qui
1645 2059 1796 2100 navigan-

1061 2099 1145 2130 tibus
1170 2100 1312 2142 inprimis
1339 2106 1415 2131 atrae
1442 2101 1634 2143 tempestatis
1658 2106 1796 2144 tempore

1060 2141 1192 2172 infestus
1217 2148 1310 2173 esset.
1354 2142 1471 2184 Iapyx.-
1498 2142 1561 2174 vid.
1589 2144 1629 2174 ad
1654 2143 1678 2179 ἰ,
1702 2144 1744 2182 3,“
1760 2145 1795 2175 4.

1062 2185 1165 2219 Albus,
1191 2184 1309 2214 coelum
1335 2184 1442 2215 album
1468 2184 1532 2216 sive
1557 2195 1702 2216 serenum
1725 2185 1795 2216 red-

1060 2224 1138 2256 dens
1153 2237 1160 2262 ;
1181 2231 1216 2255 ut
1238 2236 1307 2266 sup.
1322 2225 1344 2260 i,
1363 2227 1393 2261 7,
1413 2228 1462 2261 15.
1479 2228 1564 2257 albus
1580 2227 1688 2264 Notus,
1705 2232 1735 2258 et
1749 2226 1795 2264 iii,

1061 2268 1091 2302 7,
1122 2268 1149 2302 l,
1175 2269 1299 2298 candidi
1330 2267 1465 2298 Favonii.
1512 2269 1595 2303 Quid
1622 2275 1732 2309 peccet,
1762 2269 1794 2301 in

1060 2314 1208 2350 quantam
1240 2309 1379 2340 fraudem
1406 2310 1545 2346 inducat,
1571 2311 1647 2352 quid
1676 2310 1795 2343 fraudis

1060 2351 1242 2381 committat.
1267 2351 1405 2382 Hostium.
1421 2363 1524 2383 uxores
1538 2354 1694 2394 puerique,
1709 2354 1794 2394 quod

1060 2393 1216 2424 molliores
1231 2403 1337 2423 eorum
1358 2394 1455 2424 animi
1470 2394 1641 2436 impensius
1660 2394 1691 2426 in
1707 2395 1794 2437 ejus-

1060 2435 1143 2466 modi
1154 2434 1332 2466 discrimine
1348 2437 1540 2467 consternari
1551 2436 1666 2469 solent.
1689 2437 1794 2476 Caecos,

1060 2476 1091 2508 b.
1114 2487 1143 2508 e.
1167 2483 1259 2512 atros,
1281 2477 1433 2508 turbidos.
1480 2478 1645 2510 Trementes
1664 2480 1794 2518 verber-03

1060 2518 1332 2550 contremiscentes
1370 2520 1522 2551 fluctuum
1559 2520 1673 2552 allisu:
1709 2521 1793 2563 apud

1063 2561 1152 2601 Virg.
1171 2563 1246 2591 AEn.
1263 2561 1308 2596 iii,
1323 2563 1396 2598 423,
1411 2561 1587 2603 Charybdis
1599 2564 1683 2594 unda
1695 2565 1794 2595 sidera

1060 2605 1213 2634 verberare
1227 2603 1351 2634 dicitur.

1102 2647 1240 2676 25—36.
1263 2646 1323 2683 Sic,
1339 2645 1404 2686 pari
1419 2645 1591 2677 temeritate
1605 2650 1638 2677 et
1651 2645 1788 2677 inconsi-

1059 2687 1219 2718 derantia:
1245 2687 1308 2718 vid.
1331 2697 1451 2727 argum.
1495 2688 1660 2719 Scateutem
1676 2688 1793 2719 Bellue‘s

1058 2737 1192 2769 pontum.
1216 2728 1404 2772 μεγακήτεα
1427 2729 1567 2768 πόντον,
1594 2731 1721 2761 Homer.
1745 2731 1790 2762 Ο-

1055 2771 1140 2812 dyss.
1164 2772 1209 2807 iii,
1229 2773 1299 2802 158.
1347 2772 1474 2806 Medias,
1493 2771 1526 2802 in
1544 2771 1645 2803 medio
1663 2771 1791 2803 demum

1056 2814 1131 2844 mari
1150 2814 1198 2844 vel
1223 2813 1362 2856 periculo
1384 2812 1538 2852 cognitas.
1581 2814 1691 2844 Audax
1713 2814 1792 2845 refer

1057 2857 1095 2886 ad
1122 2857 1254 2897 Europae
1277 2854 1477 2886 temeritatem
1503 2860 1534 2887 et
1556 2855 1790 2888 inconsideran-

1059 2898 1144 2929 tiam.
1190 2898 1309 2937 aner,
1332 2897 1426 2939 paulo
1447 2902 1532 2933 ante,
1553 2897 1684 2929 dudum.
1727 2898 1790 2929 De.-

1059 2942 1123 2972 bitae
1156 2940 1312 2980 Nymphis,
1342 2949 1436 2981 quam
1468 2949 1506 2971 ex
1539 2944 1609 2972 voto
1644 2945 1788 2982 suscepto
