1904 3314
649 187 876 232 LIBER
907 187 943 238 Ι,
981 187 1046 229 18.

1535 188 1622 229 489

193 295 431 339 Stultitiam
451 292 677 351 patiuntur
697 305 829 346 opes3
862 290 943 332 tibi
963 287 1144 344 parvula
1165 302 1235 329 res
1256 295 1323 330 est
1341 305 1350 330 :

103 364 164 406 30
191 364 332 408 Arcta
352 365 481 406 decet
500 375 651 404 sanum
672 359 874 402 comitem
895 364 998 412 toga
1015 374 1025 407 ;
1058 356 1210 397 desine
1231 370 1402 397 mecum

193 432 390 474 Certare.

453 426 737 483 Eutrapelus,
760 427 1006 479 cuicunque
1027 437 1190 465 nocere
1211 422 1401 473 volebat,

193 500 469 543 Vestimenta
489 498 624 540 dabat
644 494 863 550 pretiosa:
897 494 1052 534 beatus
1073 492 1189 532 enim
1203 491 1294 546 jam

198 568 310 610 Cum
329 566 525 623 pulchris
547 563 705 606 tunicis
727 568 868 603 sumet
888 576 1001 602 nova
1021 557 1200 602 consilia
1222 565 1266 600 et
1288 573 1388 613 spes
1407 576 1417 609 3

195 634 398 677 Dormiet
417 634 461 674 in
482 632 645 683 lucem3
678 638 823 672 scorto
847 635 1085 685 postponet
1106 627 1341 669 honestum

108 704 168 746 35
198 702 428 752 Officium3
460 715 657 743 nummos
679 699 843 741 alienos
865 705 1042 753 pascet3
1076 697 1134 738 ad
1155 697 1287 738 imum

195 769 354 814 Threx
374 770 472 820 erit,
493 775 571 811 aut
590 767 757 811 olitoris
779 774 881 822 aget
903 765 1103 808 mercede
1125 762 1354 806 caballum.

196 837 422 880 Arcanum
442 851 584 892 neque
606 844 654 878 tu
677 835 942 878 scrutaberis
963 833 1078 875 illius
1100 847 1290 887 unquam
1308 849 1319 882 ;

197 905 574 960 Commissumque
601 912 740 959 teges,
763 911 808 945 et
829 904 928 944 vino
950 909 1092 944 tortus
1113 908 1158 943 et
1178 901 1254 942 ira.

195 973 296 1015 Nec
318 980 395 1015 tua
413 972 614 1015 laudabis
636 972 796 1022 studia,
818 978 893 1012 aut
915 969 1055 1011 aliena
1075 968 1342 1024 reprendes:

110 1041 170 1083 40
198 1041 312 1092 Nec,
336 1056 471 1096 quum
490 1041 640 1083 venari
661 1039 778 1082 volet
798 1038 883 1089 ille,
907 1045 1108 1094 poemata
1127 1051 1309 1093 pangeS.

202 1109 360 1151 Gratia
381 1109 442 1151 sic
463 1109 645 1150 fratrum
668 1108 952 1164 geminorum,
975 1105 1237 1161 Amphionis
1260 1111 1391 1159 atque

204 1176 355 1227 Zethi,
378 1176 579 1227 dissiluit,
603 1177 742 1218 donec
765 1182 971 1230 suspecta
992 1189 1144 1216 severo

202 1243 426 1286 Conticuit
446 1243 552 1299 lyra.

129 1366 186 1397 24.
223 1365 320 1400 Quem
349 1367 543 1406 paupertatis
563 1366 664 1405 pudor
688 1373 717 1397 et
737 1365 842 1407 fuga,

88 1418 136 1440 sc.
157 1413 255 1446 tenet,
277 1408 312 1439 b.
330 1419 361 1440 e.
383 1419 457 1440 eum
479 1408 535 1450 qui
557 1419 622 1450 prae
645 1408 840 1451 paupertatis

86 1449 339 1494 pudorevnomen
356 1451 502 1494 pauperis
519 1451 611 1492 fugit.

133 1495 187 1526 25.
211 1493 322 1525 Decem
337 1496 423 1526 vitiis
439 1496 632 1529 instructior,
649 1493 754 1526 decies
769 1493 840 1525 viti·

92 1535 177 1568 osior
191 1548 200 1576 3
223 1536 375 1578 loquendi
390 1547 490 1578 genus
504 1548 522 1568 e
533 1537 597 1568 vita
611 1537 773 1568 communi
787 1547 842 1579 pe-

91 1579 200 1617 titum,
214 1585 247 1611 et
262 1580 348 1622 apud
364 1590 422 1611 nos
436 1590 564 1622 quoque
579 1579 743 1611 usitatum.

136 1623 279 1654 26-30.
306 1623 412 1664 Regii,
438 1623 618 1654 moderatur
640 1633 725 1661 eum,
749 1622 844 1654 ratio-

93 1675 168 1698 nem
187 1675 223 1698 se
242 1665 371 1707 gerendi
393 1665 422 1697 ei
443 1665 630 1708 praescribit.
675 1667 734 1702 Ac,
750 1667 846 1697 veluti

91 1710 148 1749 piu
169 1715 277 1747 mater,
300 1714 376 1740 cett.
401 1719 451 1744 ac,
474 1708 571 1740 veluti
596 1708 648 1750 pia
668 1715 769 1740 mater
790 1719 846 1750 op-

95 1756 164 1783 tare
181 1752 274 1788 solet,
294 1757 331 1783 ut
349 1751 439 1783 liberi
459 1761 492 1782 se
512 1751 581 1793 ipsa
605 1751 750 1783 meliores
771 1762 846 1783 eva-

96 1793 187 1832 dant,
203 1794 248 1826 ita
263 1793 353 1826 dives
368 1801 520 1837 patronus
531 1805 618 1830 eum,
634 1805 729 1836 quem
745 1794 804 1825 alit
818 1800 848 1826 et

96 1837 272 1880 patrocinio
288 1848 346 1869 suo
362 1838 455 1874 fovet,
477 1837 549 1879 plus
568 1847 663 1879 quam
685 1848 718 1869 se
738 1847 849 1879 sapere

95 1885 130 1912 et
151 1879 322 1912 virtutibus
349 1891 383 1912 se
406 1881 477 1923 ipso
500 1880 652 1922 potiorem
679 1891 745 1912 esse
768 1881 848 1912 vult.

99 1923 178 1956 Meae
200 1924 397 1966 (contendere
421 1924 502 1964 noli)
527 1924 701 1954 Stultitiam
721 1926 850 1964 patiun-

99 1972 154 1998 tur
168 1977 251 2007 opes:
274 1966 339 1998 noli
352 1977 477 1999 mecum
490 1968 693 2003 contendere,
708 1977 779 1998 nam
791 1978 850 2008 ego

100 2019 173 2041 sum
196 2008 298 2046 dives,
323 2010 420 2052 cujus
443 2020 519 2053 opes
546 2010 713 2041 stultitiam
738 2010 850 2041 admit-

101 2057 188 2090 tunt,
200 2052 249 2084 vel
265 2053 408 2084 stultitiae
420 2052 569 2101 praesidio
583 2058 669 2084 sunt.
715 2053 853 2085 Verissi-

100 2105 190 2126 mum
199 2105 288 2132 sane,
301 2101 337 2126 ut
345 2094 531 2138 quotidiana
540 2095 634 2127 docet
644 2095 836 2138 experientia
845 2109 854 2135 ;

100 2137 160 2170 sed
182 2137 245 2169 tale
267 2138 347 2180 quid
368 2149 408 2170 ex
430 2138 499 2181 ipso
521 2138 629 2169 divitis
652 2149 706 2169 ore
730 2138 851 2175 audire,

102 2180 309 2212 rarissimum.
354 2183 416 2214 Per
433 2183 598 2213 stultitiam
618 2181 763 2224 intelligo
783 2193 851 2213 om-

102 2223 158 2256 nia
176 2234 251 2266 qum
270 2224 452 2256 divitiarum
472 2224 732 2256 ostentandarum
754 2235 854 2256 causa

101 2266 200 2299 stulte
217 2266 340 2299 faciunt
353 2267 483 2299 divites.

149 2309 204 2342 30.
226 2310 324 2342 Arcto
345 2316 428 2353 toga,
448 2321 544 2352 quam
566 2309 768 2352 pauperiores
783 2321 853 2352 ges-

105 2352 218 2384 tabant
246 2354 407 2396 (exiguom
435 2360 535 2396 togam
567 2359 709 2395 gestasse
737 2353 856 2386 dicitur

107 2395 204 2432 cato,
225 2394 292 2428 vid.
321 2397 422 2440 Epist.
450 2407 500 2439 sq.
526 2407 557 2428 v.
591 2398 661 2435 13),
685 2397 857 2439 opponitur

106 2444 183 2515 3ae
207 2439 294 2477 hese.
316 2450 390 2482 quae
412 2446 482 2472 erat
501 2439 670 2471 ditiorum:
696 2440 759 2472 vid.
784 2451 856 2483 sup.

163 2481 256 2525 Epod
283 2484 304 2514 4
334 2485 354 2515 8

259 2505 268 2514 ι
307 2506 316 2520 9
358 2506 366 2516 n

102 2550 106 2553 .
150 2525 294 2558 31—36.
310 2526 510 2566 Eutrapelus,
525 2531 603 2558 cett.
627 2526 745 2562 Laudi,
758 2536 856 2568 quam

106 2568 202 2601 hemo
215 2567 305 2600 dives
325 2569 441 2611 opibus
463 2569 527 2600 suis
544 2575 696 2610 tanquam
714 2569 857 2601 stultitiae

108 2611 221 2654 clypeo
235 2611 358 2647 tribuit,
373 2611 478 2643 statim
503 2612 655 2643 Horatius
674 2612 708 2643 iu
730 2611 857 2643 divitia-

109 2663 182 2686 mm
201 2659 394 2686 contemtum
414 2654 574 2686 subnectit
594 2654 804 2687 narrationem
819 2655 859 2687 de

111 2696 299 2737 Emer-opelos
310 2697 366 2740 qui
384 2697 434 2736 iis,
447 2698 564 2740 quibus
582 2707 696 2730 nocere
719 2698 857 2734 volebat,

111 2738 248 2783 petione
262 2740 452 2772 vestimenta
466 2740 601 2777 dedisse,
618 2747 650 2772 et
665 2740 714 2772 his
727 2751 856 2783 corrup-

112 2782 248 2816 telarum
261 2782 421 2816 illecebris
434 2794 453 2815 a
466 2784 591 2815 virtutis
602 2783 654 2815 via
668 2784 742 2815 illos
758 2784 858 2815 abdu-

38 2827 46 2842 ⁵
107 2834 187 2859 ατο
209 2829 347 2858 tentasse
371 2826 499 2858 dicitur.
544 2827 596 2859 De
623 2828 664 2858 P.
685 2827 859 2859 Volumnio

107 2868 302 2911 ›Eutrapelm
325 2869 459 2901 Antonii
481 2870 635 2902 triumviri
658 2870 772 2904 amico,
797 2871 861 2902 vid.

107 2911 245 2945 Erant.
259 2912 353 2945 Clav.
369 2913 442 2946 Cic.
459 2913 533 2945 Iud.
548 2913 631 2944 Hist.
644 2923 669 2944 s.
688 2924 719 2944 v.
739 2913 861 2945 Volum-

115 2957 200 2991 niun.
215 2961 248 2988 et
260 2955 293 2987 in
311 2955 382 2988 lud.
399 2956 507 2988 Graec.
523 2966 550 2987 s.
566 2967 597 2987 v.
616 2956 847 2998 Εὐτραπελία.

161 2998 216 3031 32-
240 2998 356 3031 Beatus
377 3001 456 3031 enim
471 3002 562 3040 jam:
598 2999 643 3031 sic
668 3000 708 3031 ad
733 2999 864 3041 vulgare

615 1244 839 1286 Fraternis
862 1243 1046 1285 cessisse
1068 1249 1250 1298 putatur

883 1364 1047 1396 hominum
1064 1363 1228 1405 ingenium
1250 1364 1365 1396 callide
1382 1364 1550 1407 judicabat
1569 1366 1635 1397 Eu-

883 1413 928 1439 tra
956 1407 1037 1439 elus.

927 1418 982 1486 34,
1002 1451 1056 1481 35.
1083 1450 1187 1482 Scorto
1206 1456 1359 1491 postponet
1380 1451 1535 1482 honestum
1560 1451 1638 1493 Offi-

886 1496 981 1529 cium,
1002 1493 1188 1524 libidinibus
1211 1493 1314 1535 potius
1337 1503 1433 1535 quam
1456 1504 1559 1524 rerum
1583 1495 1640 1525 ho-

888 1542 1050 1568 nestarum
1080 1535 1344 1568 administrationi
1380 1546 1505 1579 operam
1540 1537 1641 1570 dabit.

890 1580 1036 1612 Nummos
1065 1580 1177 1610 alienos
1207 1587 1320 1619 pascet,
1353 1590 1499 1610 nummos
1527 1586 1640 1612 mutuo

890 1629 1012 1654 sumtos
1029 1623 1175 1654 absumet
1191 1628 1224 1653 et
1241 1622 1421 1664 abliguriet.
1467 1625 1515 1654 Ad
1534 1625 1641 1663 imum,

891 1665 932 1696 ad
949 1671 1135 1696 extremum.

933 1709 989 1739 36.
1016 1708 1132 1739 Threx.-
1157 1707 1200 1739 cf.
1225 1707 1265 1739 de
1285 1707 1344 1740 hoc
1360 1707 1570 1748 gladiatorum
1588 1720 1642 1751 ge.

893 1761 967 1782 nere
982 1760 1053 1793 sup.
1070 1752 1137 1782 Sat.
1154 1750 1188 1788 ii,
1206 1751 1237 1787 6,
1256 1752 1310 1782 44.
1354 1753 1420 1781 Aut
1439 1752 1556 1782 olitoris
1570 1761 1642 1795 aget

892 1796 1025 1825 mercede
1049 1795 1213 1830 caballum,
1240 1793 1402 1834 eleganter
1447 1804 1479 1824 ro
1502 1795 1640 1837 vulgari,

893 1843 949 1868 aut
977 1837 1036 1868 erit
1067 1836 1179 1877 auriga
1208 1836 1423 1878 (Fohrknecht
1475 1838 1561 1880 apud
1583 1839 1643 1871 oli-

894 1887 1004 1911 torem.

937 1924 990 1955 38.
1016 1923 1269 1963 Commissumque
1292 1928 1383 1964 teges,
1403 1928 1433 1953 et
1455 1924 1525 1954 vino
1546 1930 1644 1956 tortus

894 1973 921 1997 et
938 1969 1006 1997 ira:
1030 1970 1074 2001 et,
1094 1964 1179 2007 quod
1199 1966 1272 1997 fidei
1294 1970 1357 1996 tuae
1377 1970 1409 1996 et
1431 1965 1644 1999 taciturnitati

895 2009 1050 2041 creditum
1079 2014 1138 2046 est,
1168 2007 1344 2040 occultabis
1369 2013 1434 2039 tam
1454 2008 1528 2041 vino
1547 2021 1645 2052 quam

896 2052 943 2083 ira
972 2061 1139 2087 accensus,
1170 2051 1203 2083 h.
1230 2063 1258 2084 e.
1289 2061 1393 2093 neque
1421 2051 1502 2083 inter
1530 2054 1647 2095 pocula

897 2106 1002 2136 neque
1025 2095 1070 2125 ira
1093 2094 1242 2137 abreptus
1263 2099 1395 2136 reteges.
1441 2095 1555 2127 Horat.
1574 2107 1645 2140 sup.

897 2138 962 2170 Od.
985 2138 1032 2175 iii,
1055 2139 1110 2174 21,
1130 2138 1171 2169 ad
1192 2137 1402 2180 Amphoram,
1418 2149 1449 2170 v.
1468 2140 1520 2175 14,
1540 2146 1576 2171 tu
1596 2152 1645 2171 sa-

894 2183 1045 2222 pientium
1073 2181 1184 2216 Curas,
1209 2187 1238 2212 et
1262 2192 1413 2212 arcanum
1433 2185 1536 2223 jocoso
1564 2184 1644 2215 Con-

895 2227 998 2256 silium
1015 2226 1126 2264 retegis
1149 2224 1253 2265 Lyaeo.
1302 2224 1379 2254 Vino
1400 2231 1517 2256 tortus.-
1540 2225 1596 2258 inf.
1613 2226 1646 2258 in

897 2267 1002 2311 Epist.
1021 2267 1060 2299 ad
1075 2267 1144 2298 Pis.
1157 2278 1186 2297 v.
1203 2268 1278 2303 434,
1294 2268 1392 2309 Reges
1401 2271 1553 2300 dicuntur
1567 2272 1646 2301 mul-

898 2313 936 2343 tis
951 2321 1061 2354 urgere
1075 2311 1213 2348 culullis,
1231 2311 1272 2342 Et
1294 2317 1433 2352 torquere
1453 2323 1544 2349 mero,
1561 2324 1647 2355 quem

896 2357 1074 2396 perspeaisse
1089 2355 1242 2386 laborant.

943 2399 1086 2428 41—44.
1104 2397 1219 2428 Gratia
1233 2397 1430 2440 sicfratrum
1445 2400 1647 2440 geminorum,

899 2445 975 2472 cett.
1016 2441 1103 2477 Jam,
1119 2445 1156 2471 ut
1171 2440 1296 2477 doceat,
1319 2440 1402 2471 inter
1423 2440 1504 2472 duos
1526 2441 1651 2472 diversa

899 2483 1006 2514 studia
1025 2489 1184 2515 sectantes
1207 2494 1271 2515 non
1292 2489 1436 2515 constare
1453 2494 1546 2526 posse
1569 2484 1648 2515 ami-

900 2526 1022 2562 citiam,
1039 2527 1215 2566 Amphionis
1235 2533 1267 2558 et
1289 2526 1389 2564 Zethi,
1410 2527 1503 2558 Jovis
1522 2538 1560 2559 ex
1577 2527 1647 2558 An-

902 2569 990 2611 tiopa
1005 2569 1151 2607 filiorum,
1161 2569 1341 2612 exemplum
1355 2570 1456 2601 affert.
1486 2571 1649 2610 Amphion,

902 2611 1171 2644 celebratissimus
1184 2612 1310 2650 fidicen,
1327 2620 1395 2645 erat
1411 2613 1504 2645 homo
1520 2614 1652 2645 mitioris

903 2660 935 2686 et
949 2654 1102 2686 mollioris
1125 2654 1266 2697 ingenii;
1291 2656 1415 2694 Zethus,
1432 2663 1539 2699 pastor
1554 2663 1586 2688 et
1601 2669 1649 2689 re-

901 2708 971 2729 rum
1009 2697 1176 2739 agrestium
1219 2699 1391 2738 studiosus,
1428 2701 1512 2731 homo
1554 2703 1651 2732 durus

905 2742 1066 2783 (Propert.
1080 2740 1126 2776 iii,
1141 2743 1193 2777 15,
1209 2743 1271 2783 20)
1286 2744 1418 2786 etseras
1433 2745 1533 2785 (Stat.
1547 2744 1652 2776 Theb.

903 2795 934 2821 x,
960 2783 1053 2824 443).
1099 2784 1174 2815 Fuit
1193 2784 1289 2826 igitur
1307 2785 1390 2818 inter
1410 2787 1468 2819 hos
1491 2787 1570 2818 duos
1592 2788 1652 2818 sra—

902 2833 966 2859 tres
980 2826 1150 2864 discordia,
1172 2827 1274 2860 donec
1291 2829 1467 2872 Amphion¹
1486 2830 1586 2872 lyram
1603 2836 1651 2862 ta-

905 2881 974 2902 cere
1013 2871 1143 2913 jubenS,
1181 2870 1326 2903 fraternis
1363 2873 1504 2904 moribus
1546 2874 1653 2905 cessit.

908 2914 1035 2952 Gratia,
1051 2914 1234 2951 concordia,
1250 2921 1379 2946 mutuus
1394 2927 1492 2947 amor.

950 2959 1004 2989 42.
1027 2958 1171 2997 Suspecta
1186 2969 1295 2994 secero,
1311 2957 1415 2990 invisa
1434 2957 1520 2989 fratri
1541 2958 1652 2992 Zetho,

907 3010 970 3032 non
986 2999 1163 3032 mitioribus
1183 3000 1297 3032 studiis
1321 3001 1399 3043 (arti
1422 3000 1582 3041 musicae),
1599 3001 1655 3033 sed
