1884 3288
639 183 864 226 LIBER
895 183 954 234 ΙΙ,·
991 185 1056 226 14.

1537 187 1619 228 105

283 288 335 329 10
366 287 628 340 Quicunque
649 292 778 327 terrae
798 299 978 327 munere
998 286 1228 336 vescimur,

424 353 726 408 Enaviganda,
749 353 837 393 sive
858 367 986 407 reges

479 420 579 462 Sive
601 420 753 474 inopes
775 419 935 460 erimus
958 419 1114 460 coloni.

363 488 546 529 Frustra
567 494 748 529 cruento
770 486 917 528 Marte
939 487 1196 536 carebimus,

313 542 327 550 ἱ
364 555 620 609 Fractisque
642 554 762 596 rauci
782 553 989 595 fluctibus
1012 553 1220 604 Haclriae;

279 623 332 664 15

419 621 604 664 Frustra
625 635 704 675 per
724 627 980 662 auctumnos
1003 629 1231 662 nocentem

478 689 750 743 Corporibus
773 694 1014 729 metuemus
1038 686 1278 729 Austrum:

364 756 587 798 visendus
609 762 705 796 ater
725 754 900 796 flumine
922 754 1133 809 languido

364 823 554 878 Cocytos
577 837 742 872 erranS,
765 829 808 863 et
832 821 977 862 Danai
998 836 1137 876 genus

398 900 402 902 “
421 890 602 940 Infame‚
625 889 942 943 damnatusque
963 888 1084 944 longi

275 958 334 1000 20

479 956 695 1011 Sisyphus
717 954 919 997 AEolides
941 955 1119 997 laboris.

364 1023 625 1079 Linquenda
647 1022 789 1072 telluS,
811 1029 855 1064 et
878 1022 1047 1073 domus,
1071 1030 1116 1065 et
1136 1022 1312 1078 placens

364 1091 514 1133 Uxor:
547 1105 689 1145 neque
709 1089 880 1139 harum,
903 1105 1012 1144 quas
1034 1089 1156 1142 colis,
1179 1092 1384 1134 arborum

421 1157 504 1207 Te,
527 1163 689 1211 praeter
710 1157 868 1198 invisas
890 1172 1141 1212 cupressus,

478 1224 580 1266 Ulla
601 1226 776 1267 brevem
799 1224 1021 1266 dominum
1043 1232 1267 1280 sequetur.
1301 1235 1306 1237 ’

274 1294 332 1335 25
362 1293 581 1334 Absumet
602 1292 743 1334 haeres
767 1292 961 1334 Caecuba
982 1293 1156 1348 dignior

362 1360 544 1402 Servata
565 1366 740 1401 centum
760 1357 976 1401 clavibus:
1011 1367 1054 1401 et
1075 1374 1196 1401 mero

71 1505 232 1537 emor-abilin
244 1516 334 1536 auro.
376 1505 418 1536 In
438 1504 630 1536 sententiam
644 1504 741 1546 hujus
760 1503 823 1536 loci

72 1547 126 1580 cl.
150 1547 285 1579 Mitsch.
309 1554 474 1590 comparat
499 1547 613 1579 AEsch.
643 1549 695 1579 Fr.
723 1547 822 1580 Niob.

73 1600 108 1632 p.
135 1591 213 1626 6⁴2,
244 1589 348 1621 sunl.
393 1589 452 1620 Ter
481 1591 617 1630 amplum
647 1590 821 1632 Geryonen,

73 1633 291 1675 γρισώματον
317 1631 369 1663 vel
397 1632 623 1675 τρικάρηνον·
658 1642 732 1663 nam
763 1632 823 1663 tria

72 1676 182 1723 capita
200 1674 267 1706 sive
281 1674 342 1706 tria
365 1685 495 1716 corpora
510 1675 665 1715 Geryoni,
683 1675 824 1716 Chrysa-

73 1727 136 1749 ons
150 1722 184 1750 et
198 1717 392 1750 Callirrhoes
405 1717 482 1753 filio,
500 1717 541 1747 ab
557 1717 694 1748 Hercule
710 1718 822 1758 perdo-

73 1759 163 1797 mito,
177 1760 219 1791 ad
233 1760 390 1802 insignem
402 1759 473 1802 ejus
488 1758 627 1801 corporis
640 1759 753 1790 molem
767 1759 823 1791 de-

72 1802 261 1845 signandam
285 1802 406 1833 tribnta
429 1812 499 1834 esse
526 1801 605 1833 satis
629 1807 739 1832 notum
765 1807 825 1834 est.

74 1845 187 1876 Forma
224 1846 399 1885 tricorporis
434 1846 547 1875 umbrae
583 1844 699 1875 dicitur
735 1845 824 1886 Virg.

74 1888 156 1920 AEn.
183 1887 225 1926 vi,
247 1889 324 1918 289.
371 1887 551 1929 Tityonque,
578 1887 682 1918 Terrae
711 1886 824 1924 filium,

72 1931 115 1962 ob
134 1929 212 1967 vim,
231 1939 328 1973 quam
353 1930 486 1962 Latonae
507 1929 621 1960 inferre
643 1939 740 1960 ausus
762 1935 824 1964 est,

72 1973 123 2004 vel
149 1972 241 2005 ,lovis
265 1971 411 2008 fulmine.
436 1972 487 2003 vel
513 1971 676 2014 Apollinis
702 1971 824 2012 sagittis

73 2014 246 2050 confixum,
269 2019 303 2046 et
322 2015 364 2046 ad
383 2015 528 2050 Tartara,
545 2014 599 2045 ubi
622 2013 664 2051 ei,
681 2019 715 2044 ut
735 2014 824 2055 Virg.

75 2058 158 2090 ΕΒ.
171 2057 216 2095 vi,
233 2057 299 2088 596
320 2056 417 2092 canit.
432 2067 488 2097 pet
509 2063 572 2087 tota
592 2067 695 2087 novem
704 2059 824 2098 jugera

71 2110 181 2140 corpus
188 2101 376 2141 porrigitur.
387 2099 551 2130 detrusum
564 2111 573 2138 ;
597 2099 704 2140 posuit
719 2103 822 2129 autem

73 2142 254 2185 Geryonem
278 2146 311 2174 et
336 2142 466 2184 Tityon.
489 2141 661 2173 vastissimi
684 2141 824 2183 corporis

72 2185 229 2221 homines,
250 2189 403 2226 tanquam
427 2184 562 2215 illustria
584 2184 732 2215 humanae
757 2183 820 2215 sra-

71 2226 205 2269 gilitntis
231 2227 390 2269 exempla.
437 2227 541 2265 Unda,
564 2225 672 2268 Stygis
698 2237 823 2268 nempe.

74 2269 233 2307 Omnibus,
242 2269 425 2311 Quicunque
434 2275 522 2301 terrae
531 2280 655 2300 munere
665 2271 823 2307 vescimur,

71 2316 129 2356 pro
156 2311 290 2354 vulgari,
313 2311 513 2344 mortalibus.
559 2313 647 2343 Nota
675 2316 724 2343 est
755 2312 822 2343 Ho-

72 2354 192 2387 merica
205 2355 382 2386 mortalium
400 2353 591 2396 descriptio:
617 2354 649 2386 οἳ
670 2353 822 2396 ἀρούρης

70 2398 210 2440 καρπὸν
225 2395 346 2429 ἔδουσι.
375 2397 439 2428 Pro
453 2408 578 2428 munere
594 2396 823 2428 Wakefieldius

8 2431 18 2475 Ἀ
69 2439 171 2477 dedit,
180 2449 309 2471 munera
319 2451 332 2477 ‚·
355 2449 420 2470 non
434 2449 504 2471 raro
519 2444 604 2471 certe
619 2449 714 2470 casus
726 2450 821 2481 quar-

71 2485 127 2514 tus
157 2483 206 2525 τῷ
233 2483 311 2514 vesci
334 2482 430 2524 jungi
458 2482 551 2517 solet,
576 2481 648 2512 vide
679 2482 820 2513 Broukh.

2 2556 11 2570 ··,
31 2532 34 2535 “
67 2525 116 2557 ad
125 2524 248 2558 Tibull.
260 2523 296 2560 ii,
309 2526 341 2558 5.
353 2525 408 2560 64,
423 2535 482 2556 nec
497 2523 607 2565 negari
623 2528 737 2572 potest,
751 2524 822 2566 plu-

0 2602 3 2606 ,
70 2567 169 2599 niem
202 2567 369 2600 sententias
403 2566 719 2615 accommodat-iorem
753 2577 823 2599 esse

72 2609 246 2695 2⁵?.⁸⁰¹1;²T¹}·‚
262 2609 686 2688 43‘1gafflbfa‘32

657 2614 801 2650 potentes
814 2622 821 2640 :

118 2695 259 2726 134-24,
277 2694 395 2725 Mortis
414 2693 575 2735 fugiendae
596 2703 694 2725 causa
709 2693 824 2726 frustra

73 2737 160 2770 bello
179 2742 212 2769 et
231 2735 433 2777 navigatione
453 2735 695 2773 abstinebimus»,
712 2736 823 2768 frustra

7 2780 14 2798 ²
32 2792 37 2797 f
71 2779 240 2812 buetumni
255 2784 396 2821 tempore
416 2788 544 2820 gravem
570 2788 684 2814 aerem,
700 2780 823 2810 morbo—

15 2831 21 2834 ·
73 2827 144 2853 min
165 2831 309 2856 causam,
332 2821 546 2858 evitabimus;
569 2831 625 2863 pro
650 2820 703 2852 vul
727 2821 784 2858 ari,
805 2832 824 2853 a

3 2873 8 2883 ¹
72 2869 174 2896 morte
187 2863 279 2896 nulla
292 2873 350 2895 nos
364 2868 450 2895 tutos
465 2863 627 2906 praestabit
642 2873 698 2904 pru
722 2864 821 2895 entia.

75 2906 181 2938 Mam
189 2912 327 2942 omnio,
336 2906 517 2948 μιαιφόνῳ,
531 2905 738 2947 eripiar-aevu.
763 2907 823 2938 Per·

74 2955 255 2982 mannos
277 2957 430 2981 nocentem
455 2950 637 2989 Corporibus
659 2954 825 2981 menemus

867 1505 1016 1536 Austrum
1028 1517 1038 1535 .·
1062 1505 1136 1538 hinc
1149 1505 1207 1537 inf.
1221 1506 1289 1537 Sat.
1303 1505 1337 1542 ii,
1350 1506 1383 1542 6,
1400 1507 1451 1542 19,
1467 1508 1617 1539 Aureum.

866 1559 981 1588 masque
1011 1551 1127 1590 gravis,
1154 1549 1300 1580 Libitine
1325 1556 1454 1589 quoestus
1482 1553 1593 1582 acerba:
1605 1562 1617 1587 ;

866 1596 899 1621 et
914 1590 1025 1622 eadem
1041 1590 1080 1622 de
1095 1601 1191 1622 causa
1203 1591 1262 1622 inf.
1277 1591 1323 1627 iii,
1335 1592 1390 1627 23,
1405 1593 1437 1628 8,
1452 1593 1619 1624 auctumni

867 1637 992 1674 tempus
1005 1644 1112 1674 grave,
1130 1633 1161 1665 h.
1173 1644 1202 1664 e.
1215 1633 1390 1665 valetudini
1405 1634 1618 1676 perniciosum

866 1674 995 1706 dicitur.
1041 1677 1116 1707 Huc
1140 1678 1276 1717 pertinet
1301 1676 1386 1707 Bion
1407 1676 1461 1712 vii,
1481 1678 1532 1712 13,
1548 1678 1618 1710 Οὐκ

866 1716 968 1748 ἐθέλω
978 1718 1210 1760 φθινόπωρον,
1217 1718 1288 1749 ἐπεὶ
1298 1718 1403 1750 νόσον
1411 1719 1495 1760 ὥρια
1503 1719 1620 1751 τίκτει.

869 1759 1014 1791 Flumine
1029 1762 1178 1801 languido
1197 1771 1315 1795 errans.
1333 1760 1418 1792 lente
1438 1761 1525 1792 circa
1540 1762 1618 1793 Tar-

869 1807 970 1833 tarum
993 1802 1106 1834 fluens.
1152 1803 1260 1833 Danai
1278 1814 1376 1844 genus
1392 1803 1524 1844 Infame,
1544 1804 1619 1836 filiae

870 1844 979 1875 Danai
994 1855 1181 1887 sponsorum
1203 1845 1290 1876 caede
1309 1845 1456 1884 infames,
1469 1856 1518 1878 res
1535 1854 1622 1878 nota.

869 1886 1015 1927 Sisyphus
1023 1888 1171 1918 AEolides:
1184 1887 1378 1918 notissimam
1387 1887 1526 1930 Sisyphi,
1535 1890 1621 1931 apud

868 1927 986 1960 inferos
996 1929 1109 1970 ingens
1121 1940 1232 1960 saxum
1245 1929 1279 1960 in
1289 1929 1439 1961 verticem
1450 1930 1620 1968 volventis,

869 1970 1010 2003 fabulam
1035 1978 1163 2003 enarrat
1186 1973 1316 2003 Homer.
1339 1971 1460 2014 odyss.
1487 1973 1531 2011 xi,
1555 1975 1621 2006 592

868 2023 939 2061 sqq.
989 2015 1126 2052 Placeas,
1142 2024 1189 2045 sc.
1206 2024 1328 2045 morum
1343 2015 1512 2051 suavitate.
1529 2026 1618 2048 ama-

867 2055 956 2092 bilis,
977 2056 1103 2095 dulcis3
1126 2063 1314 2098 comparant
1337 2057 1464 2089 Lucret.
1485 2058 1531 2095 iii,
1554 2061 1618 2091 907

868 2108 956 2140 sqq.,
973 2101 1015 2129 At
1027 2102 1099 2139 jam
1122 2111 1182 2130 non
1205 2101 1309 2130 domus
1331 2101 1459 2140 accipiet
1489 2107 1516 2131 te
1540 2102 1621 2140 ἰῶτα,

867 2152 962 2182 neque
978 2153 1054 2172 uxor
1070 2142 1194 2182 Optima
1211 2153 1264 2172 nec
1282 2143 1385 2172 dulces
1402 2150 1563 2174 occurrent
1577 2156 1622 2176 os-

865 2186 937 2214 cula
965 2187 1034 2215 nuti
1060 2185 1378 2224 Praeripere—‹nnnta
1404 2186 1517 2217 ademit
1549 2187 1620 2219 Una

866 2228 929 2257 dies
950 2226 1063 2268 infesta
1087 2229 1141 2258 tibi
1158 2233 1202 2258 tot
1220 2229 1346 2266 praemia
1365 2229 1445 2258 viter.
1489 2228 1619 2266 Invisus,

866 2269 907 2300 ob
919 2268 1037 2300 tristem
1052 2280 1161 2301 earum
1177 2269 1210 2300 in
1223 2269 1357 2300 tumulis
1371 2269 1546 2312 positarum
1562 2272 1621 2303 ad-

868 2317 1035 2354 spectum:
1062 2314 1190 2348 brevem,
1213 2312 1319 2343 brevis
1339 2311 1422 2351 vitae,
1439 2313 1620 2357 ὀλιγοχρό-

866 2366 954 2391 νιον,
970 2354 1205 2396 μινυνθάδιον,
1221 2359 1257 2385 ut
1272 2357 1369 2386 brevis
1384 2367 1462 2391 rosa,
1479 2357 1565 2388 breve
1580 2358 1621 2388 li.

867 2398 955 2434 lium,
976 2402 1053 2429 cett.

908 2441 1053 2471 25-28,
1076 2441 1218 2471 Absumet
1235 2441 1337 2475 heres.
1351 2445 1427 2471 cett.
1471 2441 1618 2474 Eandem

866 2482 1058 2514 sententiam
1081 2482 1236 2525 expressit
1250 2481 1403 2513 Horatius
1421 2482 1479 2513 inf.
1495 2484 1563 2515 Sat.
1581 2485 1617 2520 ii,

866 2526 899 2560 3,
928 2526 999 2557 122,
1024 2525 1127 2556 Filius
1149 2532 1205 2556 aut
1228 2527 1320 2556 eiiam
1345 2525 1405 2555 haec
1431 2526 1559 2557 libertus
1582 2534 1619 2558 ut

866 2569 965 2598 ebibat
989 2568 1091 2605 haeres,
1115 2568 1173 2599 Dis
1195 2569 1319 2599 inimice
1341 2578 1439 2603 senex,
1464 2571 1620 2600 custodis?

867 2610 1016 2651 Dignior,
1031 2620 1078 2641 sc.
1090 2610 1157 2640 vini
1172 2608 1307 2642 Caecubi
1319 2609 1530 2652 possessione,
1543 2611 1621 2653 qnia

866 2651 946 2684 illud
964 2663 1026 2684 non
1046 2658 1174 2684 centum
1189 2652 1335 2684 clavibus
1353 2658 1548 2691 servaturus,
1564 2653 1621 2685 sed

868 2694 1027 2726 bibiturus
1051 2700 1110 2727 est.
1156 2696 1286 2726 Centum
1303 2696 1439 2726 clavibus
1461 2706 1529 2737 pro,
1544 2696 1619 2727 dili-

867 2734 1063 2778 gentissime.
1110 2738 1152 2768 Et
1166 2749 1247 2769 mero
1265 2738 1399 2779 Tinguet
1411 2742 1619 2777 pavimentum

867 2781 1030 2820 superbum
1050 2781 1233 2821 Pontificum
1245 2782 1361 2820 potiore
1371 2781 1463 2811 coem's
1476 2792 1483 2810 :
1505 2787 1538 2811 et
1553 2791 1619 2812 me-

868 2833 937 2853 rum
963 2821 1031 2864 ipso
1049 2821 1118 2858 illo,
1136 2822 1221 2864 quod
1244 2821 1279 2853 in
1301 2822 1404 2854 coenis
1426 2821 1618 2854 Pontificum

865 2864 931 2895 bibi
952 2865 1044 2901 solet,
1061 2865 1277 2907 praestantius,
1296 2871 1360 2896 tam
1385 2864 1510 2906 profuse
1534 2865 1618 2906 apud

865 2917 938 2938 eum
956 2907 1094 2944 bibetur,
1109 2914 1146 2938 ut
1166 2907 1382 2949 pavimentum
1404 2907 1483 2938 adeo
1498 2917 1535 2938 eo
1552 2917 1620 2937 ma-

866 2948 951 2982 deat.
996 2950 1130 2991 Tinguet
1149 2952 1355 2991 pavimentum
1370 2963 1380 2981 .·
1404 2949 1444 2981 de
1463 2949 1622 2990 ejusmodi
