1884 3288
318 207 375 247 98

869 200 1271 244 CARMINUM

523 304 576 344 10
603 303 784 353 Vernis3
813 317 952 356 neque
971 317 1058 344 uno
1079 302 1206 342 Luna
1224 302 1382 342 rubens
1402 300 1509 340 nitet

661 369 822 411 Vultu:
852 369 956 422 quid
977 369 1145 409 aeternis
1165 369 1369 408 minorem

717 433 914 475 Consiliis
937 435 1119 474 animum
1138 433 1320 486 fatigas?

607 500 695 540 Cur
716 515 799 541 non
821 501 902 540 sub
923 499 1008 539 alta
1027 499 1093 539 vel
1113 498 1298 551 platano,
1321 497 1387 538 vel
1409 497 1487 537 hac

609 563 720 604 Pinu
735 564 929 617 jacentes
952 564 1010 603 sic
1032 569 1204 611 temere,
1226 570 1270 602 et
1289 577 1387 603 rosa

526 630 578 670 15
665 629 803 670 Canos
825 629 992 670 odorati
1012 628 1202 681 capillos,

718 695 835 735 Dum
855 695 968 742 licet,
990 692 1254 747 Assyriaque
1274 692 1408 732 nardo

608 761 811 801 Potamus
833 761 950 800 uncti
961 761 977 800 2

608 826 744 866 Curas
765 826 933 866 edaces.

1038 759 1233 812 Dissipat
1254 758 1389 798 Evius

995 823 1103 870 Quis
1123 838 1232 878 puer
1253 823 1369 863 ocius

664 891 924 944 Restinguet
945 890 1134 930 ardentis
1155 888 1325 929 Falerni

521 958 578 998 20
722 955 884 996 Pocula
903 960 1189 1008 praetereunte
1208 952 1411 1007 lympha?

609 1021 718 1068 Quis
741 1021 908 1061 devium
930 1027 1116 1061 scortum
1135 1018 1273 1060 eliciet
1293 1018 1419 1058 domo

607 1088 791 1141 Lyden?
823 1087 999 1134 eburna,
1022 1086 1090 1125 dic
1112 1099 1205 1138 age,
1227 1097 1322 1124 cum
1340 1081 1433 1136 lyra

662 1152 868 1201 Mami-et,
890 1152 1115 1191 incomtam
1135 1151 1331 1190 Lacaenae

720 1217 847 1258 More
868 1231 1030 1258 comam
1049 1217 1228 1270 religata
1247 1215 1374 1256 nodo.

325 1341 381 1360 nor·
407 1329 525 1359 Vernis.
569 1330 662 1359 Hanc
685 1329 869 1359 sententiam
888 1328 1055 1370 copiosius,

326 1378 362 1402 ut
377 1371 493 1402 ferebat
508 1371 653 1401 carminis
675 1371 832 1412 pastoritii'
846 1370 978 1405 indoles,
1003 1381 1055 1400 ex-

1098 1339 1170 1370 sup.
1187 1329 1262 1365 adi,
1277 1329 1330 1363 31,
1350 1329 1401 1362 12,
1417 1332 1448 1358 et
1470 1326 1510 1358 ad
1531 1325 1565 1362 ii,
1590 1326 1621 1364 7,
1643 1327 1676 1357 8.
1720 1324 1827 1374 Euius,

1098 1371 1264 1401 Bacchus:
1288 1369 1350 1400 vid.
1374 1379 1444 1410 sup.
1465 1369 1506 1399 ad
1529 1370 1552 1404 i,
1579 1369 1630 1403 18,
1651 1369 1684 1398 9.
1727 1367 1826 1397 Βιιει-

327 1419 453 1443 secutus
483 1418 531 1444 est
559 1412 741 1443 Theocritus
772 1411 868 1453 Idyll.
898 1412 985 1446 xxiii,
1015 1413 1055 1442 28
1094 1418 1150 1451 pat
1173 1422 1272 1442 ouras.
1317 1411 1368 1443 Cl.
1394 1411 1527 1441 Mitsch.
1549 1409 1638 1440 affert
1662 1409 1765 1439 locum
1787 1417 1827 1438 ex

327 1464 397 1495 sqq.
421 1454 488 1486 Καὶ
505 1454 542 1485 τὸ
558 1453 657 1495 ῥόδον
673 1453 778 1485 καλόν
794 1454 874 1489 ἐστι,
885 1455 938 1484 καὶ
950 1453 966 1483 ὁ
977 1453 1055 1494 χρό-

327 1507 386 1532 νος
411 1496 492 1527 αὐτὸ
518 1496 683 1537 μαραίνει.
726 1495 793 1526 Καὶ
820 1497 858 1526 τὸ
880 1496 935 1526 ἴον
950 1495 1055 1526 καλόν

327 1537 418 1568 ἐστιν
432 1538 469 1569 ἐν
485 1537 581 1578 εἴαρι,
605 1538 660 1568 καὶ
680 1539 766 1577 ταχὺ
789 1539 890 1578 γηρᾷ.
933 1537 1056 1568 Λευκὸν

328 1580 366 1610 τὸ
382 1579 497 1620 κρίνον
513 1579 802 1620 ὲστί,,ιιαραὶνετ·αι
817 1579 917 1610 ἁνίκα
934 1579 1055 1619 ‘tr-ivry·

326 1622 437 1651 -Καὶ
452 1620 577 1657 κάλλος
591 1621 698 1652 καλόν
713 1620 781 1651 ἐστι
796 1620 964 1655 παιδικὸν,
980 1619 1056 1650 ἀλλ’

328 1662 446 1703 ὀλίγον
461 1663 513 1703 ζῇ.
558 1662 609 1692 Cl.
625 1661 757 1692 Mitsch.
782 1667 943 1703 comparat
963 1662 1058 1691 Strat.

328 1704 389 1745 Ep.
413 1703 513 1740 lxxiii,
528 1704 560 1738 3,
577 1705 609 1738 4,
629 1703 660 1733 in
677 1704 809 1734 Anthol.
832 1704 935 1734 Graec.
959 1703 996 1733 T.
1012 1702 1057 1738 iii,

327 1755 361 1786 p.
378 1746 430 1781 85,
449 1743 574 1781 Ἀνθος
596 1746 661 1786 γὰρ
683 1745 738 1776 καὶ
754 1745 877 1781 κάλλος
890 1745 967 1775 ἴσον
981 1743 1058 1795 χρό-

327 1787 469 1818 νονὲστὶ
478 1787 647 1827 λαχόντα.
661 1789 774 1818 Ταῦτα
788 1786 813 1818 δ’
821 1786 901 1828 ὁμοῦ
913 1786 1060 1828 φθονεων

329 1828 508 1869 ἐξεμάρανε
531 1828 675 1868 χρόνος·
713 1829 765 1859 ubi
795 1829 885 1869 plura
912 1829 945 1858 in
976 1828 1057 1857 hanc

330 1869 515 1900 sententiam
542 1869 721 1910 suppeditat
756 1870 886 1901 Jacobs.
917 1870 949 1900 in
978 1869 1057 1899 Ani-

327 1911 434 1941 madv.
459 1911 520 1940 vol.
545 1910 579 1947 ii,
604 1920 675 1951 pars
699 1911 744 1946 iii,
761 1922 792 1952 p.
810 1912 880 1941 114.
924 1910 1056 1944 Rubens‚

326 1952 449 1986 lucens,
465 1953 572 1982 rubens
588 1955 665 1982 nitet
679 1953 820 1982 ornatius
834 1963 887 1992 pro
903 1951 1057 1992 simplice,

327 1993 434 2031 lucet;
455 1995 561 2023 rubere
575 1994 613 2024 de
629 1993 712 2024 lunae
735 1993 898 2034 splendore
920 1993 1055 2034 passim:

327 2035 386 2066 inf.
399 2036 464 2066 Sat.
475 2035 496 2072 i,
508 2037 540 2070 8,
554 2036 606 2070 36,
621 2035 762 2076 Propert.
776 2035 798 2070 i,
814 2036 864 2070 10,
880 2037 912 2065 8.
955 2035 1058 2064 AEter-

327 2078 375 2107 nis
399 2079 540 2107 minorem
563 2078 693 2107 consiliis
713 2079 858 2113 animum,
882 2076 913 2106 h.
939 2086 966 2106 e.
990 2076 1059 2106 ani-

327 2128 413 2148 mum
441 2118 479 2148 ad
503 2117 651 2148 brevioris
675 2118 822 2159 temporis
845 2118 979 2159 spatium
1002 2117 1058 2147 tibi

329 2169 524 2196 concessum,
551 2168 644 2200 quam
668 2165 704 2190 ut
726 2160 779 2190 ille
803 2169 926 2199 aequare
948 2159 995 2190 vel
1020 2159 1059 2189 ad

326 2201 444 2231 exitum
469 2200 637 2242 perducere
664 2201 763 2242 possit
782 2201 916 2231 consilia
933 2207 1057 2235 aeterna,

329 2242 362 2273 h.
378 2252 405 2273 e.
421 2242 453 2272 in
468 2242 673 2273 remotissima
693 2249 841 2284 tempora,
857 2242 947 2283 quasi
969 2248 1057 2272 aetet-

328 2294 404 2314 num
423 2284 562 2315 victurus
576 2284 630 2318 sis,
647 2290 812 2325 praecepta.

373 2326 508 2356 13—20.
523 2326 572 2356 Sic
584 2332 701 2361 temere,
718 2326 782 2361 hic,
796 2326 847 2356 ubi
865 2325 941 2356 forte
959 2325 1054 2355 fortu-

328 2375 371 2397 na
397 2366 430 2398 in
458 2367 538 2398 hanc
569 2367 688 2408 pinum,
718 2368 776 2398 sub
803 2377 867 2407 qua
896 2366 1056 2397 considere

327 2408 413 2444 licet,
441 2407 620 2443 incidimus,
644 2409 730 2438 nullo
755 2408 836 2439 alius
866 2408 982 2439 arboris
1004 2407 1057 2438 de-

327 2450 412 2481 lectu
435 2449 553 2480 habito.
597 2450 744 2481 Similiter
765 2450 850 2491 apud
875 2450 962 2491 Virg.
979 2451 1058 2480 AEn.

327 2491 372 2526 ix,
383 2492 457 2528 329,
469 2497 530 2523 tres
547 2492 666 2529 famuli,
681 2502 754 2522 cum
768 2492 801 2522 in
818 2492 898 2527 loco,
914 2491 968 2532 qui
983 2498 1056 2522 ante

327 2533 422 2574 pedes
437 2532 547 2568 fuerat,
564 2533 641 2564 forte
662 2534 786 2564 fortuna
808 2533 1054 2575 procubuissent,

329 2581 435 2606 temere
451 2577 530 2605 inter
547 2576 607 2605 tela
622 2577 756 2614 jacuisse
776 2575 934 2610 dicuntur,
956 2579 987 2605 et
1009 2575 1053 2605 sic

327 2622 433 2647 temere
444 2618 498 2647 sub
508 2619 599 2647 armis
613 2619 703 2647 strati
714 2617 828 2648 milites
839 2617 924 2658 apud
938 2616 1007 2646 Liv.
1019 2627 1051 2651 x,

327 2659 380 2689 43.
427 2658 534 2693 Canos,
557 2668 723 2689 canescere
749 2664 833 2690 certe
858 2657 1054 2699 incipientes,

326 2700 465 2740 adeoque
481 2699 519 2730 de
535 2699 684 2740 fugientis
698 2700 799 2731 aetatis
814 2709 872 2730 usu
889 2705 1056 2739 utrumque

325 2750 363 2772 eo
378 2741 503 2782 gravius
516 2747 690 2772 monentes.
735 2742 928 2782 Comparant
939 2741 1056 2772 Anacr.

326 2782 433 2819 xxxvi,
454 2783 486 2817 9,
509 2782 631 2813 Πολιαὶ
653 2781 805 2823 στέφουσι
827 2782 948 2824 κάραν.
991 2783 1056 2819 Δὸς

324 2823 423 2866 ὕδωρ,
436 2823 515 2864 βάλ’
529 2825 634 2859 οἶνον,
651 2825 675 2855 ὦ
690 2826 766 2855 παῖ.
802 2825 940 2859 Odorati,
955 2823 1053 2864 signi-

325 2865 454 2897 ficanter
477 2865 516 2896 de
538 2865 578 2896 iis
604 2866 658 2906 qui
688 2871 780 2900 serto,
806 2875 916 2896 suaves
945 2866 1053 2896 odores

324 2908 473 2949 spirante,
489 2906 620 2948 capillos
634 2913 797 2939 coronant.
831 2909 973 2948 Assyria.-
990 2907 1052 2938 vid.

1099 1453 1254 1484 Athenaeo
1270 1452 1304 1487 ii,
1323 1454 1352 1489 1,
1368 1462 1400 1493 p.
1417 1454 1458 1483 35
1481 1452 1546 1493 (est
1567 1451 1621 1482 ille
1640 1460 1679 1482 ex
1704 1449 1828 1491 Cypriis

1099 1494 1319 1533 carminibus).
1344 1493 1439 1525 οἶνόν
1468 1505 1530 1528 τοι,
1562 1491 1723 1528 Μενέλαε,
1761 1491 1828 1523 θεοὶ
1882 1503 1884 1506 ·

1100 1538 1250 1575 ποίησαν
1279 1537 1419 1577 ἄριστον
1465 1544 1558 1575 quam
1588 1543 1695 1565 vocem
1725 1533 1830 1564 omisit

1099 1577 1395 1617 Μίῐεεὶι.)9νητοῒς
1403 1577 1446 1607 ἀν
1469 1573 1829 1618 ρώποισιν,ἀποσκεδά-

1099 1630 1154 1649 σαι
1163 1618 1362 1661 μελεδῶνας.
1386 1619 1510 1652 Educet,
1519 1616 1724 1659 γυωτόρους,
1734 1617 1827 1658 μελε-

1101 1660 1218 1697 δῶνας,
1240 1671 1323 1701 quae,
1339 1665 1375 1690 ut
1398 1659 1545 1690 Catullus
1569 1659 1646 1696 lxvi,
1660 1659 1702 1689 23
1725 1657 1827 1698 loqui-

1102 1707 1163 1737 tur,
1178 1705 1296 1742 penitus
1311 1702 1456 1732 medullas
1470 1703 1606 1732 exedum.
1636 1701 1827 1740 Restinguet,

1101 1744 1295 1785 temperabit.
1316 1745 1460 1774 Ardentis
1470 1741 1662 1783 (αἴθωνος),
1675 1741 1708 1772 h.
1722 1752 1752 1773 e.
1768 1741 1827 1772 ser-

1102 1785 1249 1823 vidioris3
1266 1789 1301 1815 ut
1312 1784 1368 1815 ins.
1380 1785 1483 1826 Epod.
1497 1786 1547 1820 ll,
1562 1785 1612 1819 14,
1624 1783 1828 1825 no⁵,fewrig;

1101 1837 1172 1857 nam
1188 1828 1270 1868 φλὸξ
1291 1826 1384 1858 οἴνου
1408 1830 1462 1867 (ut
1483 1825 1593 1867 Eur-ip.
1606 1825 1682 1856 Ale.
1697 1826 1754 1856 761
1781 1826 1828 1855 lo-

1101 1868 1223 1909 quitur)
1237 1869 1414 1910 θερμαίνει.
1436 1869 1507 1899 Huc
1518 1866 1749 1910 pertinetlocus
1757 1867 1829 1896 Me-

1102 1910 1196 1949 leagr.
1217 1911 1278 1951 Ep.
1297 1910 1384 1945 cxiii,
1404 1911 1436 1945 3,
1459 1909 1492 1940 in
1509 1908 1639 1940 Anthol.
1663 1908 1768 1940 Graec.
1791 1908 1830 1939 T.

1101 1951 1124 1985 i,
1140 1962 1171 1992 p.
1187 1953 1240 1986 33,
1258 1951 1403 1982 Τοῦνεκα
1426 1953 1488 1983 σὺν
1512 1950 1667 1992 Νύμφαις
1691 1949 1757 1992 Βρό
1783 1961 1830 1986 ιος

1099 1993 1203 2034 φίλος,
1219 1994 1263 2031 ἣν
1279 1992 1314 2043 δὲ’
1325 2004 1380 2024 νιν
1399 1993 1510 2034 εἵργῃς
1529 1992 1731 2034 Μίσγεσθαι,
1773 1990 1829 2032 ign

1102 2046 1448 2110 πυξΙε-η2ἵῗωῧὲἴ3ἷ7ἧ,
1474 2074 1507 2104 in
1529 2074 1614 2105 urbis
1637 2073 1708 2106 loco
1731 2083 1830 2105 remo-

1101 2116 1177 2148 tiore
1197 2117 1246 2148 vel
1269 2117 1444 2164 angiportu,
1466 2115 1520 2147 ubi
1538 2115 1714 2148 meretrices
1735 2115 1831 2147 lutere

1103 2159 1254 2194 solebant,
1282 2159 1449 2196 habitans3
1472 2158 1546 2188 hinc
1572 2158 1654 2199 apud
1680 2156 1830 2189 Ovidium

1102 2211 1226 2241 quoque
1249 2200 1342 2230 Trist.
1362 2199 1407 2236 iii,
1425 2201 1457 2235 7,
1480 2200 1533 2236 30,
1555 2201 1640 2230 devia
1652 2199 1778 2241 femina
1791 2199 1830 2230 de

1102 2244 1278 2273 meretrice:
1295 2243 1392 2273 eliciet
1402 2243 1494 2276 domo,
1503 2241 1596 2271 domo
1603 2246 1764 2272 evocatam
1779 2250 1830 2271 ar-

1101 2289 1213 2314 cesset.
1256 2283 1374 2314 Eadem
1390 2283 1463 2318 sere,
1477 2293 1547 2324 quoe
1562 2283 1722 2318 Horatius.
1739 2282 1830 2324 jussa

1098 2324 1154 2355 dat
1170 2326 1283 2356 Anacr.
1307 2326 1350 2361 iv,
1373 2326 1412 2355 13
1434 2336 1448 2355 s
1472 2334 1505 2365 q.
1525 2323 1602 2364 Ἐμὲ
1623 2325 1769 2366 μᾶλλον,
1784 2325 1830 2361 ὡς

1098 2366 1146 2397 ἔτι
1161 2368 1217 2403 ζῶ,
1235 2367 1398 2408 Μύρισον,
1414 2365 1452 2407 ρό
1474 2377 1524 2402 otc
1537 2365 1568 2396 δὲ
1583 2367 1691 2407 κρᾶτα
1713 2365 1829 2397 nunca-

1101 2419 1174 2444 σον,
1189 2409 1281 2440 κάλει
1297 2408 1323 2439 δ’
1337 2409 1486 2448 ἑταίρην.
1531 2407 1657 2438 Eburno
1667 2418 1736 2438 cum
1747 2409 1828 2448 lym,

1101 2450 1231 2481 leviores
1243 2451 1326 2481 enim
1349 2450 1463 2491 puellae
1481 2449 1539 2480 sub
1558 2458 1654 2480 causa
1675 2448 1829 2491 psallendi

1099 2491 1383 2533 compotationibus
1409 2491 1556 2522 interesse
1577 2490 1732 2522 solebant.
1775 2490 1828 2520 In-

1098 2540 1222 2564 cvmtam
1237 2545 1346 2564 comam
1360 2534 1492 2574 religata
1513 2533 1600 2568 nodo.
1617 2541 1680 2563 non
1702 2537 1774 2563 ante
1795 2541 1829 2563 se

1098 2585 1236 2610 comens,
1247 2574 1300 2605 sed
1316 2575 1482 2606 incomtam
1499 2583 1620 2604 comam
1637 2573 1829 2615 negligenter

1098 2617 1179 2647 nodo
1205 2616 1340 2656 religans
1363 2622 1395 2647 et
1417 2625 1572 2647 coercens.
1614 2615 1697 2646 Dedi
1718 2625 1830 2657 nempe

1098 2658 1264 2689 lectionem
1279 2667 1298 2688 a
1312 2657 1454 2688 Bentleio
1477 2655 1674 2699 propositam.
1697 2662 1760 2688 tam
1785 2656 1827 2688 rei

1098 2710 1192 2740 quam
1207 2699 1369 2730 Latinitati
1382 2698 1481 2739 magis
1497 2699 1634 2739 vulgata,
1650 2700 1684 2730 in
1699 2705 1826 2730 comtum

1097 2753 1235 2772 —comas
1248 2742 1380 2781 religata
1401 2742 1523 2775 nodum,
1540 2746 1575 2770 ut
1597 2739 1672 2770 mihi
1694 2740 1826 2776 videtur,

1099 2783 1266 2814 faventem.
1287 2783 1372 2812 More
1379 2782 1523 2817 Lacoenae,
1533 2780 1572 2812 ad
1586 2791 1701 2813 morem
1713 2781 1827 2824 puelle

1095 2826 1278 2866 Spartanae;
1299 2823 1440 2865 quamvis
1461 2823 1511 2854 hic
1534 2822 1709 2864 puellarum
1732 2824 1824 2864 Spar-

1095 2871 1238 2897 tauarum
1253 2865 1370 2896 crinem
1385 2864 1417 2895 in
1433 2863 1547 2894 nodum
1569 2863 1738 2906 colligendi
1758 2873 1826 2895 mos

1095 2908 1192 2939 solius
1206 2907 1328 2938 Horatii
1343 2905 1520 2938 testimonio
1537 2905 1656 2937 nititur.
