1904 3314
644 189 870 232 LIBER
901 190 937 242 Ι,
974 192 1039 234 17.

1525 200 1612 242 485

182 295 396 346 Mirabor,
418 295 518 336 vitae
539 293 608 336 via
629 293 666 334 si
686 307 896 336 conversa
917 293 1107 337 decebit.

183 362 313 406 Alter
332 375 603 419 purpureum
624 375 711 402 non
732 361 1008 416 exspectabit
1029 362 1248 414 amictum,

184 431 416 480 Quidlibet
434 431 614 472 indutus
635 427 917 470 celeberrima
937 445 1017 484 per
1036 430 1133 473 loca
1154 432 1298 484 vadet,

181 498 507 552 Personamque
527 495 639 538 feret
661 511 748 538 non
767 497 1051 539 inconcinnus
1074 506 1302 555 utramque
1320 517 1329 543 :

90 567 150 609 30
178 566 307 609 Alter
328 565 472 608 Mileti
493 571 656 606 textam
677 579 783 606 cane
804 565 931 621 pejus
953 573 998 607 et
1019 581 1163 622 angue

179 635 351 678 Vitabit
371 633 666 688 chlamydem;
699 634 908 675 morietur
929 633 1107 689 frigore,
1130 635 1166 676 si
1186 650 1274 677 non

176 702 400 745 Retuleris
421 716 636 758 pannum:
669 701 800 752 refer,
823 708 866 744 et
889 702 980 744 sine
1001 703 1116 744 vivat
1137 703 1327 758 ineptus.

177 771 270 814 Res
290 784 445 826 gerere
466 776 510 812 et
530 776 683 825 captos
706 770 940 812 ostendere
964 771 1131 813 civibus
1154 771 1319 823 hostes,

176 837 370 894 Attingit
389 837 544 880 solium
563 837 594 879 J
597 838 702 888 ovis,
726 844 770 879 et
791 837 987 880 coelestia
1007 844 1148 880 tentat
1165 858 1175 890 3

86 907 145 950 35
174 906 454 962 Principibus
474 905 692 962 placuisse
713 906 830 957 viris,
854 921 942 948 non
963 906 1112 949 ultima
1131 906 1226 950 laus
1248 916 1330 952 est.

173 973 281 1018 Non
301 975 435 1018 cuivis
456 974 620 1016 homini
641 975 855 1031 contingit
875 976 997 1017 adire
1021 976 1294 1020 Corinthum.

134 1052 136 1054 '
177 1043 315 1095 Sedit,
336 1044 412 1099 qui
432 1043 588 1093 timuit,
611 1058 665 1085 ne
686 1059 774 1085 non
797 1044 1081 1097 succederet3
1114 1052 1234 1088 esto:

175 1111 326 1160 Quid?
358 1112 434 1167 qui
453 1111 666 1167 pervenit,
689 1110 848 1153 fecitne
870 1112 1083 1155 viriliter?

1144 1112 1287 1169 Atqui

172 1179 262 1222 Hic
283 1186 364 1230 est,
387 1186 463 1221 aut
482 1193 710 1234 nusquam,
733 1180 854 1234 quod
875 1180 1133 1235 quaerimus:
1166 1181 1238 1224 hic
1260 1197 1371 1224 onus
1393 1182 1559 1236 horret,

84 1248 143 1290 40
173 1247 238 1290 Ut
258 1248 402 1303 parvis
423 1247 573 1288 animis
595 1254 639 1288 et
660 1262 794 1302 parvo
816 1262 1000 1303 corpore
1021 1250 1161 1304 majus
1184 1265 1193 1292 :

170 1315 260 1358 Hic
283 1315 400 1357 subit
421 1322 465 1356 et
485 1314 665 1370 perfert.

726 1313 822 1356 Aut
842 1316 980 1357 virtus
1000 1331 1157 1358 nomen
1177 1318 1305 1360 inane
1327 1326 1410 1370 est,

168 1382 265 1426 Aut
285 1383 420 1425 decus
441 1389 487 1424 et
506 1383 696 1438 pretium
716 1389 835 1424 recte
857 1384 968 1438 petit
989 1386 1222 1439 experiens
1243 1387 1322 1428 vir.

169 1451 331 1494 Coram
350 1465 455 1506 rege
480 1465 559 1492 sua
580 1450 636 1492 de
656 1457 918 1506 paupertate
940 1458 1134 1494 tacentes

170 1518 277 1561 Plus
297 1526 507 1574 poscente
528 1517 668 1560 ferent
686 1534 694 1559 :
729 1518 877 1568 distat,
901 1534 1102 1562 sumasne
1122 1521 1357 1576 pudenter,

96 1624 153 1656 25.
177 1622 309 1663 Duplici
324 1632 427 1662 panno
439 1634 448 1652 .·
471 1631 593 1662 pannus
607 1621 716 1660 duple:
734 1618 800 1662 (δι’.-

53 1667 150 1703 πλαξ
159 1666 245 1708 apud
254 1665 385 1696 Homer.
394 1663 610 1698 Iliad.iii,126
619 1662 802 1706 (δίμιτον);

52 1720 73 1742 ο
95 1714 257 1752 ponuntur
271 1706 445 1745 ἁπλοΐόες.
490 1706 665 1746 Boettiger.
682 1707 804 1738 Vasen.

87 1763 152 1785 em.
165 1753 204 1784 T.
218 1751 242 1790 i,
258 1751 296 1787 ii,
314 1753 348 1787 3,
365 1762 398 1793 p.
414 1749 488 1791 39),
504 1749 650 1787 crassior,
665 1748 802 1785 densior,

52 1801 92 1828 ut
106 1797 274 1828 anniculum
288 1795 400 1835 duplex
415 1794 501 1836 apud
518 1793 615 1824 Corn.
633 1793 717 1834 Nep.
734 1793 804 1823 Da-

51 1843 130 1871 tam.
152 1849 183 1871 c.
206 1839 250 1876 33
275 1837 331 1869 alii
351 1839 503 1878 duplicem
526 1847 663 1876 pannum
686 1834 804 1876 accipi-

51 1887 113 1914 unt
125 1882 166 1914 de
181 1881 294 1931 pallio,
309 1880 396 1923 quod
418 1890 514 1922 super
536 1879 668 1910 alterum
693 1879 804 1909 hume-

51 1934 124 1956 rum
147 1930 298 1967 rejectum
321 1922 415 1965 quasi
439 1922 643 1964 duplicetur-3
666 1922 721 1952 sed
749 1921 804 1952 ad-

49 1967 137 2011 jecta
155 1978 216 2000 vox
240 1968 392 2008 patientia
413 1965 492 1997 satis
513 1964 662 2001 ostendit,
686 1975 801 1996 sermo-

52 2021 126 2043 nem
141 2021 210 2044 esse
224 2010 264 2042 de
278 2010 378 2053 pallio
393 2008 516 2052 corpori
530 2008 700 2040 admodum
714 2007 800 2049 gravi

51 2060 151 2098 atque
165 2054 312 2086 molesto.

97 2098 152 2130 26.
177 2097 254 2129 Vitae
273 2099 322 2128 υὶα
345 2106 498 2130 conversa.
518 2099 640 2126 mutata
662 2094 800 2130 fortuna,

53 2146 176 2172 mutata
189 2141 264 2172 vitae
277 2139 367 2171 ratio.

95 2185 238 2215 27-32,
261 2184 351 2214 Alter
371 2192 576 2223 purpureum,
602 2186 679 2212 cett.
725 2179 798 2210 Ari-

46 2226 189 2270 stippus,
196 2227 254 2258 iter
261 2226 415 2262 facturus,
423 2235 487 2255 non
497 2223 689 2255 desiderabit
700 2222 798 2253 amic-

50 2275 119 2303 tum
141 2268 353 2313 splendidum,
374 2267 431 2299 sed
451 2267 596 2310 qualibet
613 2267 661 2298 vel
684 2266 800 2297 vilissi-

14 2339 21 2345 .,
50 2322 105 2345 ma
126 2319 215 2345 veste
237 2311 371 2344 indutus
391 2311 461 2342 loca
483 2309 688 2342 celeberrima
710 2319 799 2351 pera-

14 2363 18 2370 *
47 2355 166 2399 glubit,
188 2361 222 2388 et
244 2355 279 2387 in
297 2360 433 2397 utraque
456 2358 551 2389 sorte,
574 2353 641 2385 sive
666 2353 800 2384 amictus

22 2399 183 2445 &ulcha
203 2404 237 2432 et
256 2397 365 2431 tenuis
385 2397 452 2428 sive
472 2395 545 2427 vilis
565 2402 598 2428 et
620 2406 746 2428 crassus
770 2396 799 2427 ei

31 2442 224 2485 ''wudus
235 2441 289 2479 sit,
325 2446 408 2472 artes
429 2449 503 2471 suas
517 2446 591 2482 apte
606 2439 798 2478 sustinebit3

27 2483 85 2519 {dt
111 2485 256 2528 cynicus
284 2451 487 2526 eblamydem
514 2493 531 2514 e
559 2483 635 2514 lana
663 2482 799 2525 pretiosa

6 2529 244 2585 gmntextam,
259 2533 295 2560 ut
315 2538 381 2559 rem
402 2525 606 2569 perniciosam
625 2531 657 2558 et
674 2526 797 2557 abomi-

21 2566 202 2609 ἀκδίἶεω,
217 2571 330 2613 fugiet.
376 2571 530 2601 Morietur
541 2569 682 2611 frigore,
698 2571 722 2599 si
736 2581 797 2600 non

4 2643 8 2655 ,
31 2619 126 2650 mett.
170 2615 223 2648 Ad
245 2615 332 2647 hunc
347 2613 454 2645 locum
469 2617 562 2644 vetus
584 2612 693 2643 Schol.
708 2611 799 2643 affert

9 2656 140 2693 ⁷²:500:
163 2661 253 2691 aiunt
278 2659 481 2698 Aristippum,
507 2657 638 2687 invitato
665 2655 799 2697 Diogene

109 2702 243 2738 balnea,
263 2703 376 2734 dedisse
398 2710 518 2740 operam
539 2706 576 2729 ut
593 2709 692 2729 omnes
710 2700 798 2738 prius

141 2752 282 2782 crentur,
311 2746 462 2785 ipsiusque
490 2742 622 2782 pallium
651 2743 797 2778 induisse,

47 2823 57 2832 ς
94 2789 102 2796 “
186 2798 377 2830 purpureum
409 2787 577 2826 reliquisse,
608 2787 685 2826 quod
721 2785 798 2815 Dio-

22 2835 63 2866 ⁴sf
102 2865 106 2869 ,
153 2843 221 2864 eum
237 2832 367 2863 induere
389 2831 544 2866 noluisset,
557 2838 647 2859 suum
665 2829 799 2868 repetiit.

0 2875 3 2878 ’
20 2904 24 2906 i
39 2836 331 2916 mdrim'ppus
347 2873 503 2913 increpuit
525 2871 689 2912 Cynicum,
700 2870 800 2912 samae

3 2922 16 2943 ‘¹'
42 2917 239 2955 montem,
255 2919 307 2960 qui
321 2917 425 2960 algere
440 2915 545 2946 mallet
560 2925 651 2956 quam
667 2915 799 2954 conspici

6 2964 26 2997 ξ
42 2959 91 2991 ἐκ
102 2966 364 3002 mpurpurea.
410 2959 527 2995 Mileti,
545 2957 629 2989 urbis
644 2957 678 2988 in
695 2956 798 2993 Ionia,

18 3038 22 3039 ⁷
39 3001 109 3035 -ubi
125 3001 201 3036 lana
216 3004 402 3037 nascebatur
421 3000 692 3046 praestantissima.
739 3000 799 3032 Di-

0 3053 58 3192 ξ,

849 1619 939 1651 odor.
954 1621 1020 1652 Sic.
1037 1620 1079 1658 iv,
1093 1622 1148 1653 26.
1179 1622 1265 1654 Hinc
1279 1622 1482 1655 celebrantur
1498 1625 1601 1666 στρώ-

847 1675 943 1705 ματα
956 1663 1122 1703 Μιλήσια,
1136 1664 1288 1704 τάπητες
1303 1666 1600 1706 Μιλήσιοι,ν8κ;1ς-

848 1715 954 1738 enaer.
971 1706 1009 1737 ad
1028 1707 1184 1738 Adoniaz.
1200 1719 1233 1750 p.
1251 1709 1316 1739 406
1332 1709 1371 1741 C.
1417 1710 1481 1740 Pro
1498 1721 1601 1753 angue

849 1749 956 1790 plures
995 1749 1108 1791 legunt
1140 1754 1262 1792 angui5
1295 1751 1334 1782 de
1369 1762 1434 1793 qua
1470 1753 1601 1785 ablativi

849 1791 949 1823 forma
964 1791 1027 1823 vid.
1046 1793 1153 1824 Bentl.
1169 1804 1241 1836 sup.
1257 1793 1296 1825 ad
1313 1795 1380 1826 Sat.
1396 1794 1418 1833 i,
1435 1797 1468 1830 5,
1487 1797 1541 1827 72.

892 1836 1036 1866 33—35.
1072 1836 1130 1866 Res
1154 1848 1271 1878 gerere,
1295 1836 1382 1868 domi
1410 1837 1600 1881 militiaeque

849 1878 1000 1919 praeclare
1015 1888 1062 1910 res
1078 1889 1194 1920 gerere.
1211 1879 1276 1911 sive
1292 1881 1385 1912 rebus
1406 1880 1501 1922 gestis
1518 1882 1599 1914 bene

849 1921 960 1953 mereri
987 1921 1027 1953 de
1053 1922 1238 1964 republica;
1262 1929 1291 1953 et
1317 1930 1418 1963 captos
1445 1927 1599 1957 ostendere

848 1965 964 1996 civibus
989 1965 1092 1999 hostes,
1118 1972 1149 1996 et
1177 1965 1260 1996 victo
1286 1965 1375 1996 hoste
1402 1966 1596 2009 triumphum

848 2016 963 2048 agere3
987 2007 1020 2038 in
1047 2007 1207 2050 triumpho
1237 2008 1322 2039 enim
1355 2009 1440 2051 capti
1466 2015 1497 2040 et
1523 2016 1597 2043 ante

847 2060 974 2081 currum
986 2050 1211 2092 triumphantis
1226 2051 1409 2083 incedentes
1426 2052 1532 2084 hostes
1548 2054 1595 2085 ci-

847 2093 940 2124 vibus
955 2094 1216 2125 ostendebantur.

889 2138 943 2167 34.
967 2138 1105 2178 Attingit
1126 2139 1234 2168 soli-um
1258 2137 1365 2168 Jovis:
1391 2136 1423 2168 id
1448 2137 1503 2178 (ut
1525 2149 1596 2182 sup.

846 2179 910 2211 Od.
935 2179 958 2215 i,
982 2181 1010 2218 1,
1032 2181 1053 2211 6
1076 2181 1226 2211 Horatius
1251 2179 1411 2223 loquitur)
1435 2182 1531 2213 evehit
1554 2185 1595 2214 ad

844 2228 998 2253 terrarum
1014 2225 1158 2259 dominos,
1176 2224 1265 2254 Deos.

888 2267 942 2298 35.
976 2266 1187 2306 Principibus,
1222 2266 1255 2298 in
1287 2266 1399 2298 latiore
1435 2267 1593 2308 significa-

845 2307 942 2344 tione,
958 2308 998 2340 de
1020 2309 1223 2351 primoribus,
1242 2309 1486 2352 potentioribus,
1504 2311 1594 2342 nobi-

845 2351 989 2388 lioribus,
1004 2352 1182 2384 ditioribus.

887 2396 942 2427 36.
971 2396 1041 2427 Non
1068 2398 1165 2427 cuivis
1191 2397 1304 2427 homini
1331 2398 1483 2438 contingit
1507 2399 1595 2429 adire

846 2439 1047 2470 Corinthum:
1077 2439 1233 2481 expressit
1262 2446 1372 2471 notum
1406 2439 1594 2472 Graecorum

843 2481 1054 2524 proverbium,
1068 2482 1116 2514 Οὐ
1128 2484 1264 2521 παντὸς
1275 2482 1400 2525 ἀνδρὸς
1411 2483 1457 2520 εἰς
1468 2484 1593 2524 Κόριν-
1636 2518 1643 2525 ·

842 2526 904 2556 θον
922 2524 990 2557 ἔσθ’
1010 2525 1028 2557 ὁ
1046 2527 1166 2563 πλοῦς.
1183 2536 1245 2557 non
1266 2526 1367 2557 cuivis
1388 2526 1521 2562 homini,
1538 2527 1593 2558 sed

841 2568 1009 2599 ditioribus
1032 2574 1169 2605 tantum,
1193 2569 1243 2600 vel
1266 2568 1388 2611 majora
1412 2575 1538 2601 strenue
1562 2576 1594 2602 et

842 2610 985 2652 gnaviter
1001 2612 1207 2643 tentantibus.
1253 2613 1358 2643 Nemo
1380 2612 1463 2644 enim
1482 2613 1592 2644 urbem

841 2654 928 2685 illam
953 2654 1223 2696 opulentissimam
1248 2655 1316 2686 sine
1333 2655 1458 2697 magnis
1480 2656 1592 2687 sumti-

842 2697 902 2728 bus
918 2698 1003 2728 adire
1019 2703 1051 2729 et
1066 2698 1266 2739 frequentare
1283 2704 1415 2741 poterat.

886 2741 940 2776 37,
960 2742 1016 2772 38.
1038 2741 1136 2776 Sedit,
1157 2743 1209 2782 qui
1235 2743 1351 2779 timuit,
1375 2747 1449 2773 cett.
1471 2741 1526 2783 qui
1552 2741 1591 2773 de

842 2793 994 2815 successu
1011 2783 1108 2825 hujus
1123 2783 1244 2816 itineris
1260 2785 1374 2816 anxius
1390 2791 1486 2826 atque
1503 2785 1591 2815 solli-

843 2826 927 2857 citus
952 2826 1023 2865 fuit,
1046 2827 1136 2859 deses
1162 2827 1247 2859 domi
1274 2828 1404 2859 mansit.
1451 2827 1499 2858 Sit
1524 2827 1588 2858 ita!

846 2869 932 2907 Quid
959 2871 1055 2901 vero‘!
1083 2881 1188 2902 nonne
1217 2873 1257 2908 is,
1284 2870 1340 2913 qui
1368 2881 1406 2902 eo
1436 2871 1591 2913 pervenit,

845 2913 946 2944 virum
962 2923 996 2944 se
1011 2913 1181 2956 praestitit‘!

887 2957 1027 2989 39—41.
1059 2959 1155 2998 Atqui
1181 2957 1244 2988 Hic
1274 2962 1327 2991 est,
1352 2964 1408 2987 aut
1432 2967 1591 2997 nusquam,

844 3004 922 3032 cett.
948 2999 1037 3043 atqui
1061 3010 1100 3032 ea
1122 3011 1195 3042 quae
1220 2998 1391 3042 quaerimus
1414 3005 1447 3031 et
1469 2999 1593 3040 assequi
