1904 3314
657 139 884 182 LIBER
915 139 951 191 Ι,
982 138 1025 182 4.

1532 137 1615 178 447

625 319 950 364 EPISTOLA
989 319 1071 362 IV.

515 480 587 511 AD
623 478 839 511 ALBIUM
875 478 1189 510 TIBULLUM.

197 599 333 649 ALm,
354 605 600 640 nostrorum
625 611 870 640 sermonum
891 596 1078 638 candide
1094 596 1251 651 judex,

198 667 318 715 Quid
340 681 455 709 nunc
477 674 519 708 te
541 667 682 708 dicam
704 665 848 707 facere
870 664 913 706 in
934 665 1112 719 regione
1136 663 1350 704 Pedana?

197 734 399 778 Scribere
421 735 538 791 quod
563 734 691 776 Cassi
714 733 963 775 Parmensis
984 730 1195 787 opuscula
1216 730 1391 772 vincat?

195 800 271 844 An
292 804 470 845 tacitum
492 802 619 844 silvas
640 803 753 843 inter
774 808 950 856 reptare
975 799 1188 848 salubres,

140 868 168 909 5
198 867 434 911 Curantem
454 869 663 924 quicquid
685 868 864 923 dignum
886 868 1084 923 sapiente
1107 867 1312 920 bonoque
1333 867 1433 906 est?

163 949 166 953 ·
198 935 304 978 Non
325 944 373 978 tu
394 952 554 993 corpus
576 952 673 979 eras
696 937 787 978 sine
808 943 1001 991 pectore.

1066 934 1129 976 Di
1150 934 1228 976 tibi
1251 933 1444 983 formam,

200 1003 265 1045 Di
283 1004 363 1046 tibi
383 1005 555 1047 divitias
577 1006 804 1054 dederant,
827 1012 1050 1059 artemque
1074 1003 1260 1045 fruendi.

202 1071 325 1119 Quid
346 1080 501 1114 voveat
522 1072 640 1115 dulci
660 1071 878 1114 nutricula
898 1073 1036 1127 majus
1060 1071 1249 1120 alumno,

202 1138 295 1187 Qui
315 1154 483 1195 sapere,
505 1148 549 1183 et
572 1141 652 1183 fari
672 1140 813 1196 possit
833 1155 932 1195 quae
955 1140 1126 1189 sentiat,
1149 1146 1194 1181 et
1215 1139 1285 1181 cui

120 1206 172 1248 10
203 1206 375 1257 Gratia,
397 1207 525 1258 fama,
547 1209 753 1251 valetudo
774 1208 1000 1263 contingat
1021 1209 1211 1258 abunde,

203 1273 266 1315 Et
286 1274 473 1316 mundus
495 1276 649 1326 victus,
669 1291 757 1317 non
778 1275 1010 1316 deficiente
1033 1277 1269 1317 crumena?

204 1341 325 1385 Inter
346 1357 467 1398 spem
490 1358 740 1399 curamque,
764 1343 940 1384 timores
963 1343 1076 1384 inter
1098 1350 1142 1384 et
1162 1343 1265 1392 iras,

204 1409 392 1453 Omnem
412 1413 543 1454 crede
565 1412 681 1454 diem
702 1411 781 1453 tibi
801 1409 1012 1452 diluxisse
1035 1425 1309 1466 supremum:

209 1476 350 1519 Grata
372 1480 661 1532 superveniet,
683 1494 781 1534 quae
803 1493 890 1519 non
914 1479 1176 1534 sperabitur,
1199 1478 1322 1520 hora.

93 1576 182 1619 (nos,
201 1575 500 1617 Missverstiindniss)
520 1587 575 1608 vos
593 1577 674 1609 feros
694 1582 726 1609 et
748 1576 840 1608 indo-

94 1618 190 1650 mitos
206 1617 317 1660 agitat,
338 1619 534 1661 ubicumque
553 1630 639 1652 nunc
659 1620 774 1656 vivitis,
790 1622 840 1651 in-

95 1663 184 1705 digni
199 1663 268 1693 estis
282 1673 434 1702 rumpere,
455 1663 569 1694 Graece
588 1674 655 1705 pro,
678 1663 733 1705 qui
756 1673 840 1694 rum-

94 1704 190 1748 patis,
212 1715 277 1736 non
296 1704 389 1736 decet
408 1715 464 1736 vos
485 1716 629 1747 rumpere
647 1706 765 1742 foedus,
780 1705 841 1737 sra-

94 1753 184 1779 terno
199 1757 306 1780 amore
317 1747 480 1790 junctum.
523 1749 662 1780 Intimus
671 1749 844 1780 amicorum

97 1801 184 1822 amor
198 1801 272 1822 cum
284 1791 413 1822 fratrum
431 1802 537 1823 amore
552 1792 727 1834 comparari
743 1792 841 1823 solet:

98 1832 156 1865 inf.
179 1833 286 1876 Epist.
317 1834 365 1869 10,
386 1836 418 1870 4,
439 1836 479 1865 ad
500 1841 599 1867 cetera
616 1846 699 1876 paene
721 1836 845 1878 gemelli

100 1876 129 1907 F
128 1879 263 1908 raim-nis
275 1877 400 1908 animis.

142 1920 197 1951 36.
220 1919 366 1951 Pascitur
392 1921 427 1950 in
454 1926 586 1951 vestrum
617 1921 763 1955 reditum,
795 1930 844 1950 so·

99 1961 198 2005 spites
227 1969 324 2011 atque
353 1962 540 1998 incolumes.
570 1962 676 1999 amici,
710 1962 749 1994 ad
789 1973 846 1993 nos

100 2003 247 2040 redeatis,
281 2016 331 2036 am
352 2005 392 2036 ad
411 2005 535 2037 felicem
557 2011 693 2037 vestrum
714 2006 847 2037 reditum

99 2047 247 2080 celebr-an
273 2059 326 2079 um
360 2047 500 2090 juvenca
527 2058 566 2080 ex
596 2054 669 2080 voto
697 2049 849 2091 pascitur.

101 2090 155 2122 Sic
169 2101 239 2133 sup.
255 2090 320 2122 Od.
336 2089 358 2126 i,
374 2092 429 2127 36,
443 2092 476 2126 2.
496 2102 623 2135 prosper
642 2092 672 2122 N
678 2091 794 2123 umidae
808 2102 847 2123 ex

101 2133 263 2175 Hispania
290 2133 410 2166 reditus
438 2135 532 2165 viculi
564 2137 716 2177 sanguine
750 2136 849 2166 debito

101 2176 290 2209 celebratur.

317 2263 542 2294 EPISTOLA
556 2291 560 2294 .
571 2264 634 2295 IV.

146 2303 356 2338 Familiariter
383 2311 478 2349 poeta
507 2317 546 2338 ex
569 2306 702 2338 Tibullo
726 2306 851 2347 quaerit,

103 2352 210 2380 ntmm
233 2359 318 2380 nunc
341 2355 432 2381 vacet
448 2349 623 2381 scribendis
646 2348 851 2386 carminibus,

103 2400 147 2440 an
166 2390 199 2422 in
214 2391 291 2441 villa
303 2401 363 2441 sua
377 2392 632 2441 circumvagetur
646 2399 681 2441 et
692 2392 849 2434 sapienter

104 2433 852 2551 aaedfsssauxn‘zf.“semaauffert-‘3³32

105 2530 116 2552 ι
191 2541 200 2551 .
692 2534 694 2536 ·

118 2543 128 2558 ’
154 2564 183 2594 1.
205 2563 392 2600 Sermonum,
406 2562 585 2601 satirarum,
605 2562 720 2594 humili
735 2569 767 2595 et
782 2563 852 2594 vul-

107 2604 176 2679 gazi
191 2605 333 2680 (ἑιῖῑὶοιιε
348 2606 597 2649 conscriptarum
612 2619 618 2638 :
643 2606 686 2638 cf.
701 2617 772 2649 sup.
787 2607 855 2638 Sat.

108 2659 132 2685 ι.
169 2672 180 2686 ,
215 2655 223 2664 ·
238 2671 248 2680 .

153 2692 190 2722 2.
214 2691 347 2734 Regimoe
365 2692 504 2727 Pedana,
523 2702 618 2734 prope
632 2691 770 2728 Pedum,
793 2692 854 2722 La-

110 2733 146 2767 tii
175 2743 218 2776 op
240 2733 340 2771 idum.
367 2734 448 2766 inter
478 2735 652 2770 Praeneste,
683 2734 795 2773 Tibur,
826 2739 859 2766 et

110 2778 220 2810 Tuscu
235 2787 301 2808 um.

155 2819 188 2850 3.
207 2820 291 2852 cassi
302 2821 491 2852 Parmensis.-
507 2820 548 2852 de
558 2819 672 2852 Cassio
684 2819 860 2856 Parmensi,

111 2861 336 2904 distinguendo
360 2873 379 2894 a
402 2863 514 2895 Cassio
537 2864 682 2899 Etrusco,
702 2862 767 2894 vid.
791 2873 862 2906 sup.

113 2907 155 2938 ad
170 2905 240 2938 Sat.
253 2905 278 2942 i,
297 2908 348 2944 10,
361 2907 420 2938 62.

159 2950 191 2982 4.
217 2948 368 2989 Tacitum,
386 2958 454 2983 non
477 2948 683 2986 scribentem,
706 2959 769 2982 non
791 2958 860 2981 car-

886 1576 973 1609 mina
1002 1583 1186 1609 canentem:
1221 1584 1341 1618 reptare
1372 1575 1412 1607 de
1441 1575 1493 1612 iis,
1523 1575 1576 1617 qui
1601 1575 1635 1607 iu

885 1620 969 1661 agris
1003 1631 1066 1651 non
1097 1627 1214 1652 certam
1247 1620 1330 1650 viam
1361 1625 1550 1660 sequuntur,
1578 1618 1633 1649 sed

886 1662 984 1694 animi
999 1674 1096 1694 causa
1110 1663 1204 1694 modo
1226 1662 1258 1693 in
1283 1662 1364 1693 hanc
1382 1662 1474 1693 modo
1490 1661 1521 1692 in
1538 1661 1634 1692 aliam

886 1712 1007 1748 partem
1031 1705 1194 1737 declinant
1218 1711 1313 1747 atque
1338 1709 1534 1746 evagantur3
1565 1713 1636 1740 nos,

888 1749 993 1780 umber
1009 1750 1160 1780 kriechen.

931 1793 965 1823 5.
991 1792 1157 1823 Cur-antem
1173 1792 1328 1832 quicquid,
1349 1795 1424 1821 cett.
1441 1789 1634 1831 cogitantem

887 1834 926 1866 de
943 1845 993 1871 eo,
1012 1845 1076 1877 quo
1093 1834 1187 1866 modo
1203 1834 1249 1865 vir
1259 1834 1361 1864 bonus
1369 1838 1401 1864 et
1414 1832 1543 1875 sapiens
1554 1837 1638 1863 recte

888 1877 989 1909 vivere
1003 1883 1034 1909 et
1048 1877 1176 1909 deorum
1194 1876 1376 1908 muneribus
1391 1875 1563 1918 prudenter
1578 1873 1639 1906 frui

890 1920 1014 1952 debeat.

934 1964 966 1996 6.
993 1964 1062 1995 Νοη
1080 1970 1114 1994 tu
1136 1974 1244 2003 corpus
1263 1972 1328 1992 eras
1350 1962 1414 1992 sine
1435 1967 1564 2001 pectore,
1579 1958 1639 1991 tibi

892 2012 966 2038 nato
982 2017 1043 2038 non
1065 2006 1196 2038 deerant
1215 2003 1335 2046 ingenii
1356 2003 1519 2045 animique
1537 2003 1639 2035 facul-

892 2055 985 2081 tates.

935 2093 966 2124 7.
983 2092 1046 2123 Pro
1057 2093 1216 2128 dederant,
1228 2091 1262 2121 in
1274 2090 1420 2133 pluribus
1435 2089 1538 2122 Codd.
1554 2088 1640 2138 apud

893 2135 1004 2170 Feam.
1029 2136 1199 2166 dederunt:
1227 2133 1344 2175 saepius
1363 2139 1447 2165 certe
1465 2132 1642 2174 penuluma

893 2177 926 2209 in
945 2177 1092 2220 perfectis
1113 2177 1198 2220 apud
1218 2176 1354 2220 optimos
1371 2185 1516 2218 quosque
1534 2180 1643 2218 poetas

894 2220 1080 2263 corripitur-3
1104 2221 1158 2252 sed
1174 2220 1241 2263 jam
1262 2218 1379 2251 rectius
1401 2224 1460 2254 est,
1478 2220 1640 2255 dederant,

893 2264 971 2306 quia
993 2263 1155 2306 praecedit,
1184 2264 1255 2295 Non
1286 2269 1321 2294 tu
1345 2273 1453 2302 corpus
1483 2272 1550 2293 eras
1578 2263 1643 2292 sine

894 2314 1022 2348 pectore.
1070 2308 1174 2338 Artem
1193 2306 1343 2349 fruendi,
1371 2304 1537 2337 scientiam
1564 2315 1638 2347 pru·

896 2350 1006 2382 denter
1019 2349 1157 2392 acceptis
1170 2348 1306 2381 fruendi.

937 2395 967 2424 8.
995 2393 1115 2429 Voveat,
1138 2398 1243 2435 optet:
1270 2391 1367 2423 Ovid.
1387 2392 1469 2422 Met.
1490 2390 1547 2427 xii,
1566 2391 1643 2427 200,

897 2437 998 2478 Elige,
1023 2438 1098 2477 quid
1122 2447 1246 2472 vomas,-
1273 2434 1337 2470 xiv,
1353 2436 1408 2471 35,
1437 2434 1479 2465 Ut
1500 2440 1556 2464 tua
1574 2436 1643 2470 sim,

895 2491 992 2510 voveo.
1038 2480 1183 2515 Alumno,
1199 2477 1254 2509 tali
1269 2478 1404 2515 scilicet,
1421 2476 1527 2520 qualis
1543 2483 1577 2508 tu
1597 2487 1645 2514 es,

899 2523 962 2557 Qui
977 2526 1054 2554 cett.

941 2566 983 2596 92
1003 2566 1090 2599 Fari,
1106 2563 1206 2599 effari,
1223 2563 1324 2595 verbis
1339 2573 1508 2606 exponere.

947 2609 997 2638 10.
1023 2608 1148 2642 Gratia,
1164 2607 1287 2650 passive
1299 2612 1332 2638 et
1347 2605 1463 2642 active,
1481 2613 1543 2638 tam
1561 2606 1647 2637 favor

898 2650 1122 2693 potentiorum,
1145 2660 1240 2692 quam
1263 2660 1302 2681 ea
1325 2649 1455 2681 vivendi
1482 2649 1559 2680 ratio
1583 2659 1649 2691 qua

901 2693 974 2736 quis
1003 2693 1136 2724 aliorum
1167 2692 1290 2724 animos
1318 2692 1380 2724 sibi
1405 2691 1569 2728 conciliat,
1596 2691 1648 2723 vel

902 2736 974 2768 aliis
990 2742 1098 2778 gratus
1113 2741 1209 2778 atque
1221 2735 1386 2778 jucundus
1401 2741 1460 2767 est.

950 2780 1087 2810 12—14.
1125 2779 1212 2810 Inter
1248 2790 1328 2819 spem
1363 2790 1538 2819 curamque,
1574 2782 1649 2809 cett.

902 2833 1162 2865 unumquemque
1183 2822 1281 2858 diem,
1305 2821 1371 2853 sive
1395 2821 1525 2852 meliora
1544 2830 1651 2868 speras

904 2872 937 2896 at
952 2864 1152 2908 assequenda
1172 2874 1276 2900 curam,
1293 2864 1358 2896 sive
1380 2864 1463 2894 mala
1483 2863 1651 2893 immmen-

905 2907 948 2940 tia
971 2909 1064 2940 times
1087 2914 1119 2939 et
1142 2908 1248 2939 animo
1267 2906 1474 2955 perturbaris,
1492 2905 1563 2936 vitae
1586 2911 1650 2936 tuae

906 2951 1054 2984 ultimum
1069 2950 1214 2984 illuxisse
1229 2949 1376 2983 existima
1390 2960 1399 2988 ς
1422 2954 1465 2986 et,
1482 2949 1508 2979 si
1526 2957 1589 2980 non
1605 2953 1655 2980 est
