<?xml version="1.0" encoding="UTF-8"?>
<!DOCTYPE html PUBLIC "-//W3C//DTD XHTML 1.0 Transitional//EN"
    "http://www.w3.org/TR/xhtml1/DTD/xhtml1-transitional.dtd">
<html xmlns="http://www.w3.org/1999/xhtml" xml:lang="en" lang="en">
 <head>
  <title>
</title>
<meta http-equiv="Content-Type" content="text/html;charset=utf-8" />
  <meta name='ocr-system' content='tesseract 3.04.00' />
  <meta name='ocr-capabilities' content='ocr_page ocr_carea ocr_par ocr_line ocrx_word'/>
</head>
<body>
  <div class='ocr_page' id='page_1' title='image "./operahorac00horauoft_0294.png"; bbox 0 0 1884 3288; ppageno 0'>
   <div class='ocr_carea' id='block_1_1' title="bbox 322 193 406 234">
    <p class='ocr_par' dir='ltr' id='par_1_1' title="bbox 322 193 406 234">
     <span class='ocr_line' id='line_1_1' title="bbox 322 193 406 234; baseline -0.024 0"><span class='ocrx_word' id='word_1_1' title='bbox 322 193 406 234; x_wconf 73' lang='lat'>254</span> 
     </span>
    </p>
   </div>
   <div class='ocr_carea' id='block_1_2' title="bbox 923 188 1224 230">
    <p class='ocr_par' dir='ltr' id='par_1_2' title="bbox 923 188 1224 230">
     <span class='ocr_line' id='line_1_2' title="bbox 923 188 1224 230; baseline -0.003 0"><span class='ocrx_word' id='word_1_2' title='bbox 923 188 1224 230; x_wconf 90' lang='lat' dir='ltr'>EPODON</span> 
     </span>
    </p>
   </div>
   <div class='ocr_carea' id='block_1_3' title="bbox 606 289 1404 346">
    <p class='ocr_par' dir='ltr' id='par_1_3' title="bbox 606 289 1404 346">
     <span class='ocr_line' id='line_1_3' title="bbox 606 289 1404 346; baseline -0.003 -14"><span class='ocrx_word' id='word_1_3' title='bbox 606 291 668 332; x_wconf 88' lang='lat' dir='ltr'>Ut</span> <span class='ocrx_word' id='word_1_4' title='bbox 688 305 763 332; x_wconf 82' lang='lat' dir='ltr'>ora</span> <span class='ocrx_word' id='word_1_5' title='bbox 782 296 921 332; x_wconf 82' lang='lat' dir='ltr'>vertat</span> <span class='ocrx_word' id='word_1_6' title='bbox 941 289 1027 346; x_wconf 83' lang='lat' dir='ltr'>huc</span> <span class='ocrx_word' id='word_1_7' title='bbox 1045 297 1089 332; x_wconf 89' lang='lat' dir='ltr'>et</span> <span class='ocrx_word' id='word_1_8' title='bbox 1108 290 1193 331; x_wconf 87' lang='lat' dir='ltr'>huc</span> <span class='ocrx_word' id='word_1_9' title='bbox 1214 290 1404 330; x_wconf 87' lang='lat' dir='ltr'>euntium</span> 
     </span>
    </p>
   </div>
   <div class='ocr_carea' id='block_1_4' title="bbox 528 358 579 398">
    <p class='ocr_par' dir='ltr' id='par_1_4' title="bbox 528 358 579 398">
     <span class='ocr_line' id='line_1_4' title="bbox 528 358 579 398; baseline -0.02 0"><span class='ocrx_word' id='word_1_10' title='bbox 528 358 579 398; x_wconf 88' lang='lat'>10</span> 
     </span>
    </p>
   </div>
   <div class='ocr_carea' id='block_1_5' title="bbox 777 356 1300 409">
    <p class='ocr_par' dir='ltr' id='par_1_5' title="bbox 777 356 1300 409">
     <span class='ocr_line' id='line_1_5' title="bbox 777 356 1300 409; baseline -0.002 -12"><span class='ocrx_word' id='word_1_11' title='bbox 777 357 1016 398; x_wconf 85' lang='lat' dir='ltr'>Liberrima</span> <span class='ocrx_word' id='word_1_12' title='bbox 1037 356 1300 409; x_wconf 74' lang='lat' dir='ltr'>indignatio?</span> 
     </span>
    </p>
   </div>
   <div class='ocr_carea' id='block_1_6' title="bbox 528 420 1552 1006">
    <p class='ocr_par' dir='ltr' id='par_1_6' title="bbox 609 420 1486 538">
     <span class='ocr_line' id='line_1_6' title="bbox 609 420 1486 478; baseline -0.006 -13"><span class='ocrx_word' id='word_1_13' title='bbox 609 428 636 446; x_wconf 92' lang='lat'><strong>“</strong></span> <span class='ocrx_word' id='word_1_14' title='bbox 654 425 807 465; x_wconf 88' lang='lat' dir='ltr'>Sectus</span> <span class='ocrx_word' id='word_1_15' title='bbox 829 423 1006 478; x_wconf 86' lang='lat' dir='ltr'>flagellis</span> <span class='ocrx_word' id='word_1_16' title='bbox 1026 423 1096 464; x_wconf 85' lang='lat' dir='ltr'>hic</span> <span class='ocrx_word' id='word_1_17' title='bbox 1117 422 1158 463; x_wconf 91' lang='lat' dir='ltr'>T</span> <span class='ocrx_word' id='word_1_18' title='bbox 1163 420 1486 470; x_wconf 85' lang='lat' dir='ltr'>riumviralibus,</span> 
     </span>
     <span class='ocr_line' id='line_1_7' title="bbox 776 488 1322 538; baseline -0.005 -7"><span class='ocrx_word' id='word_1_19' title='bbox 776 490 994 531; x_wconf 87' lang='lat' dir='ltr'>Praeconis</span> <span class='ocrx_word' id='word_1_20' title='bbox 1015 489 1068 530; x_wconf 91' lang='lat' dir='ltr'>ad</span> <span class='ocrx_word' id='word_1_21' title='bbox 1091 488 1322 538; x_wconf 87' lang='lat' dir='ltr'>fastidium,</span> 
     </span>
    </p>

    <p class='ocr_par' dir='ltr' id='par_1_7' title="bbox 607 547 1372 676">
     <span class='ocr_line' id='line_1_8' title="bbox 607 547 1368 608; baseline -0.003 -12"><span class='ocrx_word' id='word_1_22' title='bbox 607 555 718 597; x_wconf 87' lang='lat' dir='ltr'>Arat</span> <span class='ocrx_word' id='word_1_23' title='bbox 738 555 910 596; x_wconf 84' lang='lat' dir='ltr'>Falerni</span> <span class='ocrx_word' id='word_1_24' title='bbox 930 554 1041 595; x_wconf 87' lang='lat' dir='ltr'>mille</span> <span class='ocrx_word' id='word_1_25' title='bbox 1062 554 1184 595; x_wconf 88' lang='lat' dir='ltr'>fundi</span> <span class='ocrx_word' id='word_1_26' title='bbox 1199 547 1368 608; x_wconf 80' lang='lat' dir='ltr'>jugera,</span> 
     </span>
     <span class='ocr_line' id='line_1_9' title="bbox 779 621 1372 676; baseline -0.007 -13"><span class='ocrx_word' id='word_1_27' title='bbox 779 622 840 663; x_wconf 84' lang='lat' dir='ltr'>Et</span> <span class='ocrx_word' id='word_1_28' title='bbox 861 621 1047 676; x_wconf 90' lang='lat' dir='ltr'>Appiam</span> <span class='ocrx_word' id='word_1_29' title='bbox 1067 621 1229 661; x_wconf 86' lang='lat' dir='ltr'>mannis</span> <span class='ocrx_word' id='word_1_30' title='bbox 1250 621 1372 669; x_wconf 84' lang='lat' dir='ltr'>terit3</span> 
     </span>
    </p>

    <p class='ocr_par' dir='ltr' id='par_1_8' title="bbox 528 686 1509 742">
     <span class='ocr_line' id='line_1_10' title="bbox 528 686 1509 742; baseline -0.004 -14"><span class='ocrx_word' id='word_1_31' title='bbox 528 690 580 730; x_wconf 86' lang='lat'>15</span> <span class='ocrx_word' id='word_1_32' title='bbox 610 688 912 742; x_wconf 87' lang='lat' dir='ltr'>Sedilibusque</span> <span class='ocrx_word' id='word_1_33' title='bbox 932 700 1111 741; x_wconf 85' lang='lat' dir='ltr'>magnus</span> <span class='ocrx_word' id='word_1_34' title='bbox 1132 687 1174 726; x_wconf 91' lang='lat' dir='ltr'>in</span> <span class='ocrx_word' id='word_1_35' title='bbox 1195 686 1341 740; x_wconf 86' lang='lat' dir='ltr'>primis</span> <span class='ocrx_word' id='word_1_36' title='bbox 1363 699 1509 738; x_wconf 86' lang='lat' dir='ltr'><strong>eques,</strong></span> 
     </span>
    </p>

    <p class='ocr_par' dir='ltr' id='par_1_9' title="bbox 780 753 1358 802">
     <span class='ocr_line' id='line_1_11' title="bbox 780 753 1358 802; baseline -0.005 -7"><span class='ocrx_word' id='word_1_37' title='bbox 780 755 953 795; x_wconf 86' lang='lat' dir='ltr'>Othone</span> <span class='ocrx_word' id='word_1_38' title='bbox 976 759 1201 802; x_wconf 84' lang='lat' dir='ltr'>contemto,</span> <span class='ocrx_word' id='word_1_39' title='bbox 1226 753 1358 793; x_wconf 87' lang='lat' dir='ltr'>sedet.</span> 
     </span>
    </p>

    <p class='ocr_par' dir='ltr' id='par_1_10' title="bbox 612 817 1411 939">
     <span class='ocr_line' id='line_1_12' title="bbox 612 817 1411 872; baseline -0.005 -11"><span class='ocrx_word' id='word_1_40' title='bbox 612 820 731 867; x_wconf 84' lang='lat' dir='ltr'>Quid</span> <span class='ocrx_word' id='word_1_41' title='bbox 753 821 903 861; x_wconf 76' lang='lat' dir='ltr'>attinet</span> <span class='ocrx_word' id='word_1_42' title='bbox 925 826 988 860; x_wconf 89' lang='lat' dir='ltr'>tot</span> <span class='ocrx_word' id='word_1_43' title='bbox 1009 835 1083 860; x_wconf 88' lang='lat' dir='ltr'>ora</span> <span class='ocrx_word' id='word_1_44' title='bbox 1105 819 1272 859; x_wconf 85' lang='lat' dir='ltr'>navium</span> <span class='ocrx_word' id='word_1_45' title='bbox 1292 817 1411 872; x_wconf 86' lang='lat' dir='ltr'>gravi</span> 
     </span>
     <span class='ocr_line' id='line_1_13' title="bbox 783 885 1322 939; baseline -0.006 -11"><span class='ocrx_word' id='word_1_46' title='bbox 783 887 991 928; x_wconf 83' lang='lat' dir='ltr'>Rostrata</span> <span class='ocrx_word' id='word_1_47' title='bbox 1012 886 1111 926; x_wconf 86' lang='lat' dir='ltr'>duci</span> <span class='ocrx_word' id='word_1_48' title='bbox 1131 885 1322 939; x_wconf 88' lang='lat' dir='ltr'>pondere</span> 
     </span>
    </p>

    <p class='ocr_par' dir='ltr' id='par_1_11' title="bbox 611 950 1552 1006">
     <span class='ocr_line' id='line_1_14' title="bbox 611 950 1552 1006; baseline -0.005 -12"><span class='ocrx_word' id='word_1_49' title='bbox 611 953 773 994; x_wconf 83' lang='lat' dir='ltr'>Contra</span> <span class='ocrx_word' id='word_1_50' title='bbox 793 953 980 993; x_wconf 82' lang='lat' dir='ltr'>latrones</span> <span class='ocrx_word' id='word_1_51' title='bbox 1001 958 1129 1006; x_wconf 86' lang='lat' dir='ltr'>atque</span> <span class='ocrx_word' id='word_1_52' title='bbox 1152 950 1345 991; x_wconf 88' lang='lat' dir='ltr'>servilem</span> <span class='ocrx_word' id='word_1_53' title='bbox 1369 964 1552 999; x_wconf 85' lang='lat' dir='ltr'>manum,</span> 
     </span>
    </p>
   </div>
   <div class='ocr_carea' id='block_1_7' title="bbox 524 1020 581 1060">
    <p class='ocr_par' dir='ltr' id='par_1_12' title="bbox 524 1020 581 1060">
     <span class='ocr_line' id='line_1_15' title="bbox 524 1020 581 1060; baseline 0 0"><span class='ocrx_word' id='word_1_54' title='bbox 524 1020 581 1060; x_wconf 69' lang='lat'>20</span> 
     </span>
    </p>
   </div>
   <div class='ocr_carea' id='block_1_8' title="bbox 324 1116 1070 2958">
    <p class='ocr_par' dir='ltr' id='par_1_13' title="bbox 324 1116 1066 1493">
     <span class='ocr_line' id='line_1_16' title="bbox 324 1116 1060 1158; baseline -0.001 -11"><span class='ocrx_word' id='word_1_55' title='bbox 324 1116 410 1158; x_wconf 85' lang='lat' dir='ltr'>apud</span> <span class='ocrx_word' id='word_1_56' title='bbox 426 1116 544 1148; x_wconf 80' lang='lat' dir='ltr'>Catuli.</span> <span class='ocrx_word' id='word_1_57' title='bbox 569 1128 642 1152; x_wconf 83' lang='lat' dir='ltr'>xxv,</span> <span class='ocrx_word' id='word_1_58' title='bbox 661 1118 711 1153; x_wconf 86' lang='lat'>10,</span> <span class='ocrx_word' id='word_1_59' title='bbox 732 1118 834 1148; x_wconf 78' lang='lat' dir='ltr'>inusta</span> <span class='ocrx_word' id='word_1_60' title='bbox 846 1117 989 1158; x_wconf 81' lang='lat' dir='ltr'>flagella,</span> <span class='ocrx_word' id='word_1_61' title='bbox 1006 1116 1060 1147; x_wconf 91' lang='lat' dir='ltr'>ubi</span> 
     </span>
     <span class='ocr_line' id='line_1_17' title="bbox 326 1158 1061 1200; baseline -0.001 -11"><span class='ocrx_word' id='word_1_62' title='bbox 326 1160 369 1190; x_wconf 88' lang='lat' dir='ltr'>cf.</span> <span class='ocrx_word' id='word_1_63' title='bbox 393 1164 459 1190; x_wconf 88' lang='lat' dir='ltr'>not.</span> <span class='ocrx_word' id='word_1_64' title='bbox 488 1159 544 1190; x_wconf 82' lang='lat' dir='ltr'>inf.</span> <span class='ocrx_word' id='word_1_65' title='bbox 571 1158 674 1200; x_wconf 84' lang='lat' dir='ltr'>Epist.</span> <span class='ocrx_word' id='word_1_66' title='bbox 699 1159 721 1195; x_wconf 92' lang='lat' dir='ltr'>i,</span> <span class='ocrx_word' id='word_1_67' title='bbox 752 1161 800 1195; x_wconf 83' lang='grc'>16,</span> <span class='ocrx_word' id='word_1_68' title='bbox 830 1160 882 1194; x_wconf 84' lang='lat'>47,</span> <span class='ocrx_word' id='word_1_69' title='bbox 910 1160 979 1189; x_wconf 82' lang='lat' dir='ltr'>loris</span> <span class='ocrx_word' id='word_1_70' title='bbox 1003 1169 1061 1188; x_wconf 77' lang='lat' dir='ltr'>non</span> 
     </span>
     <span class='ocr_line' id='line_1_18' title="bbox 327 1201 1061 1242; baseline -0.001 -11"><span class='ocrx_word' id='word_1_71' title='bbox 327 1204 437 1236; x_wconf 77' lang='lat' dir='ltr'>ureris,</span> <span class='ocrx_word' id='word_1_72' title='bbox 460 1203 518 1231; x_wconf 86' lang='lat' dir='ltr'>aio.</span> <span class='ocrx_word' id='word_1_73' title='bbox 564 1201 700 1231; x_wconf 80' lang='lat' dir='ltr'>Funibus</span> <span class='ocrx_word' id='word_1_74' title='bbox 726 1201 860 1235; x_wconf 79' lang='lat' dir='ltr'>Ibericis,</span> <span class='ocrx_word' id='word_1_75' title='bbox 883 1210 922 1231; x_wconf 84' lang='lat' dir='ltr'>ex</span> <span class='ocrx_word' id='word_1_76' title='bbox 948 1206 1061 1242; x_wconf 86' lang='lat' dir='ltr'>sparto,</span> 
     </span>
     <span class='ocr_line' id='line_1_19' title="bbox 329 1242 1063 1284; baseline -0.001 -11"><span class='ocrx_word' id='word_1_77' title='bbox 329 1244 412 1283; x_wconf 90' lang='lat' dir='ltr'>quod</span> <span class='ocrx_word' id='word_1_78' title='bbox 440 1243 472 1273; x_wconf 90' lang='lat' dir='ltr'>in</span> <span class='ocrx_word' id='word_1_79' title='bbox 502 1242 605 1274; x_wconf 84' lang='lat' dir='ltr'>Iberia</span> <span class='ocrx_word' id='word_1_80' title='bbox 634 1253 660 1273; x_wconf 83' lang='lat' dir='ltr'>S.</span> <span class='ocrx_word' id='word_1_81' title='bbox 688 1242 843 1284; x_wconf 83' lang='lat' dir='ltr'>Hispania</span> <span class='ocrx_word' id='word_1_82' title='bbox 869 1243 1063 1276; x_wconf 82' lang='lat' dir='ltr'>nascebatur.</span> 
     </span>
     <span class='ocr_line' id='line_1_20' title="bbox 331 1284 1062 1320; baseline 0 -6"><span class='ocrx_word' id='word_1_83' title='bbox 331 1285 438 1316; x_wconf 87' lang='lat' dir='ltr'>tortis:</span> <span class='ocrx_word' id='word_1_84' title='bbox 462 1284 527 1317; x_wconf 92' lang='lat' dir='ltr'>vid.</span> <span class='ocrx_word' id='word_1_85' title='bbox 543 1285 635 1315; x_wconf 80' lang='lat' dir='ltr'>&#39;Plin.</span> <span class='ocrx_word' id='word_1_86' title='bbox 659 1284 724 1320; x_wconf 86' lang='lat' dir='ltr'>xix,</span> <span class='ocrx_word' id='word_1_87' title='bbox 747 1287 777 1320; x_wconf 93' lang='lat'>1,</span> <span class='ocrx_word' id='word_1_88' title='bbox 799 1296 823 1315; x_wconf 87' lang='lat' dir='ltr'>s.</span> <span class='ocrx_word' id='word_1_89' title='bbox 849 1286 881 1320; x_wconf 86' lang='lat'>2,</span> <span class='ocrx_word' id='word_1_90' title='bbox 905 1289 937 1315; x_wconf 84' lang='lat' dir='ltr'>et</span> <span class='ocrx_word' id='word_1_91' title='bbox 958 1284 999 1314; x_wconf 89' lang='lat' dir='ltr'>cf.</span> <span class='ocrx_word' id='word_1_92' title='bbox 1025 1284 1062 1314; x_wconf 87' lang='lat' dir='ltr'>ad</span> 
     </span>
     <span class='ocr_line' id='line_1_21' title="bbox 334 1326 1064 1367; baseline -0.003 -10"><span class='ocrx_word' id='word_1_93' title='bbox 334 1326 455 1357; x_wconf 83' lang='lat' dir='ltr'>Catull.</span> <span class='ocrx_word' id='word_1_94' title='bbox 486 1327 559 1362; x_wconf 85' lang='lat' dir='ltr'>lxiv,</span> <span class='ocrx_word' id='word_1_95' title='bbox 586 1327 663 1357; x_wconf 83' lang='lat'>227.</span> <span class='ocrx_word' id='word_1_96' title='bbox 711 1327 821 1363; x_wconf 77' lang='lat' dir='ltr'>Crura,</span> <span class='ocrx_word' id='word_1_97' title='bbox 852 1337 898 1357; x_wconf 89' lang='lat' dir='ltr'>sc.</span> <span class='ocrx_word' id='word_1_98' title='bbox 929 1331 1064 1367; x_wconf 87' lang='lat' dir='ltr'>peruste.</span> 
     </span>
     <span class='ocr_line' id='line_1_22' title="bbox 332 1367 1066 1415; baseline 0 -17"><span class='ocrx_word' id='word_1_99' title='bbox 332 1369 424 1398; x_wconf 83' lang='lat' dir='ltr'>Dura</span> <span class='ocrx_word' id='word_1_100' title='bbox 447 1371 591 1408; x_wconf 79' lang='lat' dir='ltr'>compede,</span> <span class='ocrx_word' id='word_1_101' title='bbox 617 1368 779 1409; x_wconf 87' lang='lat' dir='ltr'>nequiores</span> <span class='ocrx_word' id='word_1_102' title='bbox 806 1367 963 1415; x_wconf 86' lang='lat' dir='ltr'>praecipue</span> <span class='ocrx_word' id='word_1_103' title='bbox 988 1367 1066 1398; x_wconf 86' lang='lat' dir='ltr'>servi</span> 
     </span>
     <span class='ocr_line' id='line_1_23' title="bbox 332 1410 1066 1451; baseline -0.001 -11"><span class='ocrx_word' id='word_1_104' title='bbox 332 1414 394 1440; x_wconf 74' lang='lat' dir='ltr'>tam</span> <span class='ocrx_word' id='word_1_105' title='bbox 425 1411 457 1440; x_wconf 88' lang='lat' dir='ltr'>in</span> <span class='ocrx_word' id='word_1_106' title='bbox 485 1410 660 1451; x_wconf 85' lang='lat' dir='ltr'>ergastulis,</span> <span class='ocrx_word' id='word_1_107' title='bbox 686 1419 779 1450; x_wconf 84' lang='lat' dir='ltr'>quarn</span> <span class='ocrx_word' id='word_1_108' title='bbox 808 1421 840 1440; x_wconf 80' lang='lat' dir='ltr'>ln</span> <span class='ocrx_word' id='word_1_109' title='bbox 868 1420 958 1451; x_wconf 78' lang='lat' dir='ltr'>opere</span> <span class='ocrx_word' id='word_1_110' title='bbox 985 1410 1066 1439; x_wconf 81' lang='lat' dir='ltr'>foras</span> 
     </span>
     <span class='ocr_line' id='line_1_24' title="bbox 331 1451 964 1493; baseline -0.002 -11"><span class='ocrx_word' id='word_1_111' title='bbox 331 1451 487 1486; x_wconf 77' lang='lat' dir='ltr'>faciendo,</span> <span class='ocrx_word' id='word_1_112' title='bbox 504 1452 667 1493; x_wconf 88' lang='lat' dir='ltr'>compedes</span> <span class='ocrx_word' id='word_1_113' title='bbox 677 1457 796 1492; x_wconf 86' lang='lat' dir='ltr'>gestare</span> <span class='ocrx_word' id='word_1_114' title='bbox 810 1452 964 1482; x_wconf 86' lang='lat' dir='ltr'>solebant.</span> 
     </span>
    </p>

    <p class='ocr_par' dir='ltr' id='par_1_14' title="bbox 331 1494 1069 2192">
     <span class='ocr_line' id='line_1_25' title="bbox 375 1494 1066 1533; baseline -0.003 -9"><span class='ocrx_word' id='word_1_115' title='bbox 375 1495 494 1524; x_wconf 87' lang='lat'>5—10.</span> <span class='ocrx_word' id='word_1_116' title='bbox 517 1494 602 1524; x_wconf 82' lang='lat' dir='ltr'>Licet</span> <span class='ocrx_word' id='word_1_117' title='bbox 618 1495 760 1533; x_wconf 78' lang='lat' dir='ltr'>superbus</span> <span class='ocrx_word' id='word_1_118' title='bbox 779 1495 908 1524; x_wconf 79' lang='lat' dir='ltr'>ambules</span> <span class='ocrx_word' id='word_1_119' title='bbox 928 1494 1066 1532; x_wconf 71' lang='lat' dir='ltr'>pecunia,</span> 
     </span>
     <span class='ocr_line' id='line_1_26' title="bbox 332 1533 1068 1577; baseline -0.001 -12"><span class='ocrx_word' id='word_1_120' title='bbox 332 1533 408 1566; x_wconf 82' lang='lat' dir='ltr'>licet</span> <span class='ocrx_word' id='word_1_121' title='bbox 432 1536 565 1577; x_wconf 89' lang='lat' dir='ltr'>superbo</span> <span class='ocrx_word' id='word_1_122' title='bbox 584 1541 637 1566; x_wconf 87' lang='lat' dir='ltr'>tuo</span> <span class='ocrx_word' id='word_1_123' title='bbox 661 1535 785 1566; x_wconf 87' lang='lat' dir='ltr'>incessu</span> <span class='ocrx_word' id='word_1_124' title='bbox 803 1542 832 1567; x_wconf 89' lang='lat' dir='ltr'>te</span> <span class='ocrx_word' id='word_1_125' title='bbox 857 1535 982 1566; x_wconf 87' lang='lat' dir='ltr'>divitem</span> <span class='ocrx_word' id='word_1_126' title='bbox 1002 1544 1068 1565; x_wconf 86' lang='lat' dir='ltr'>esse</span> 
     </span>
     <span class='ocr_line' id='line_1_27' title="bbox 335 1577 1067 1616; baseline -0.001 -10"><span class='ocrx_word' id='word_1_127' title='bbox 335 1582 480 1609; x_wconf 85' lang='lat' dir='ltr'>ostentes.</span> <span class='ocrx_word' id='word_1_128' title='bbox 511 1578 671 1616; x_wconf 80' lang='lat' dir='ltr'>Superbus,</span> <span class='ocrx_word' id='word_1_129' title='bbox 688 1583 750 1607; x_wconf 86' lang='lat' dir='ltr'>tam</span> <span class='ocrx_word' id='word_1_130' title='bbox 767 1577 806 1607; x_wconf 82' lang='lat' dir='ltr'>ad</span> <span class='ocrx_word' id='word_1_131' title='bbox 820 1580 989 1616; x_wconf 72' lang='lat' dir='ltr'>pecuniam,</span> <span class='ocrx_word' id='word_1_132' title='bbox 1006 1585 1067 1616; x_wconf 87' lang='lat' dir='ltr'>qua</span> 
     </span>
     <span class='ocr_line' id='line_1_28' title="bbox 333 1618 1065 1660; baseline -0.004 -10"><span class='ocrx_word' id='word_1_133' title='bbox 333 1619 403 1659; x_wconf 89' lang='lat' dir='ltr'>quis</span> <span class='ocrx_word' id='word_1_134' title='bbox 425 1619 575 1660; x_wconf 83' lang='lat' dir='ltr'>superbit,</span> <span class='ocrx_word' id='word_1_135' title='bbox 598 1629 691 1660; x_wconf 82' lang='lat' dir='ltr'>quarn</span> <span class='ocrx_word' id='word_1_136' title='bbox 717 1619 755 1649; x_wconf 91' lang='lat' dir='ltr'>ad</span> <span class='ocrx_word' id='word_1_137' title='bbox 779 1621 908 1649; x_wconf 77' lang='lat' dir='ltr'>ambules</span> <span class='ocrx_word' id='word_1_138' title='bbox 933 1618 1065 1648; x_wconf 80' lang='lat' dir='ltr'>referen-</span> 
     </span>
     <span class='ocr_line' id='line_1_29' title="bbox 332 1660 1065 1696; baseline -0.003 -5"><span class='ocrx_word' id='word_1_139' title='bbox 332 1661 408 1691; x_wconf 91' lang='lat' dir='ltr'>dum</span> <span class='ocrx_word' id='word_1_140' title='bbox 424 1672 430 1690; x_wconf 91' lang='lat'>:</span> <span class='ocrx_word' id='word_1_141' title='bbox 456 1662 621 1696; x_wconf 83' lang='lat' dir='ltr'>ambulare,</span> <span class='ocrx_word' id='word_1_142' title='bbox 637 1666 671 1690; x_wconf 93' lang='lat' dir='ltr'>ut</span> <span class='ocrx_word' id='word_1_143' title='bbox 691 1662 757 1690; x_wconf 84' lang='lat' dir='ltr'>Sat.</span> <span class='ocrx_word' id='word_1_144' title='bbox 778 1661 800 1696; x_wconf 88' lang='lat' dir='ltr'>i,</span> <span class='ocrx_word' id='word_1_145' title='bbox 815 1662 847 1694; x_wconf 84' lang='lat'>2.</span> <span class='ocrx_word' id='word_1_146' title='bbox 864 1662 918 1696; x_wconf 77' lang='lat'>25,</span> <span class='ocrx_word' id='word_1_147' title='bbox 937 1660 1065 1690; x_wconf 72' lang='lat' dir='ltr'>Matthi-</span> 
     </span>
     <span class='ocr_line' id='line_1_30' title="bbox 331 1701 1066 1742; baseline -0.001 -11"><span class='ocrx_word' id='word_1_148' title='bbox 331 1714 388 1732; x_wconf 73' lang='lat' dir='ltr'>mts</span> <span class='ocrx_word' id='word_1_149' title='bbox 417 1705 527 1733; x_wconf 78' lang='lat' dir='ltr'>tunicis</span> <span class='ocrx_word' id='word_1_150' title='bbox 551 1704 682 1733; x_wconf 78' lang='lat' dir='ltr'>demissis</span> <span class='ocrx_word' id='word_1_151' title='bbox 704 1704 851 1737; x_wconf 77' lang='lat' dir='ltr'>ambulat,</span> <span class='ocrx_word' id='word_1_152' title='bbox 876 1702 915 1733; x_wconf 90' lang='lat' dir='ltr'>de</span> <span class='ocrx_word' id='word_1_153' title='bbox 942 1701 989 1736; x_wconf 84' lang='lat' dir='ltr'>iis,</span> <span class='ocrx_word' id='word_1_154' title='bbox 1013 1701 1066 1742; x_wconf 91' lang='lat' dir='ltr'>qui</span> 
     </span>
     <span class='ocr_line' id='line_1_31' title="bbox 331 1743 1066 1785; baseline -0.001 -11"><span class='ocrx_word' id='word_1_155' title='bbox 331 1743 454 1775; x_wconf 83' lang='lat' dir='ltr'>incessu</span> <span class='ocrx_word' id='word_1_156' title='bbox 490 1743 674 1784; x_wconf 87' lang='lat' dir='ltr'>dignitatem</span> <span class='ocrx_word' id='word_1_157' title='bbox 711 1744 867 1785; x_wconf 86' lang='lat' dir='ltr'>quandam</span> <span class='ocrx_word' id='word_1_158' title='bbox 906 1744 1066 1774; x_wconf 81' lang='lat' dir='ltr'>affectant.</span> 
     </span>
     <span class='ocr_line' id='line_1_32' title="bbox 335 1786 1069 1824; baseline -0.001 -8"><span class='ocrx_word' id='word_1_159' title='bbox 335 1786 471 1816; x_wconf 75' lang='lat' dir='ltr'>Fortuna</span> <span class='ocrx_word' id='word_1_160' title='bbox 497 1798 555 1816; x_wconf 75' lang='lat' dir='ltr'>non</span> <span class='ocrx_word' id='word_1_161' title='bbox 579 1792 675 1816; x_wconf 81' lang='lat' dir='ltr'>mutat</span> <span class='ocrx_word' id='word_1_162' title='bbox 700 1797 808 1824; x_wconf 78' lang='lat' dir='ltr'>genus,</span> <span class='ocrx_word' id='word_1_163' title='bbox 834 1795 941 1816; x_wconf 85' lang='lat' dir='ltr'>manes</span> <span class='ocrx_word' id='word_1_164' title='bbox 965 1792 1069 1816; x_wconf 86' lang='lat' dir='ltr'>tamen</span> 
     </span>
     <span class='ocr_line' id='line_1_33' title="bbox 333 1827 1067 1869; baseline -0.003 -10"><span class='ocrx_word' id='word_1_165' title='bbox 333 1837 454 1869; x_wconf 84' lang='lat' dir='ltr'>semper</span> <span class='ocrx_word' id='word_1_166' title='bbox 479 1828 600 1859; x_wconf 83' lang='lat' dir='ltr'>servilis</span> <span class='ocrx_word' id='word_1_167' title='bbox 623 1828 810 1859; x_wconf 82' lang='lat' dir='ltr'>conditionis</span> <span class='ocrx_word' id='word_1_168' title='bbox 835 1828 937 1858; x_wconf 88' lang='lat' dir='ltr'>bomo.</span> <span class='ocrx_word' id='word_1_169' title='bbox 986 1827 1067 1857; x_wconf 84' lang='lat' dir='ltr'>Viam</span> 
     </span>
     <span class='ocr_line' id='line_1_34' title="bbox 331 1869 1068 1910; baseline -0.001 -10"><span class='ocrx_word' id='word_1_170' title='bbox 331 1870 465 1906; x_wconf 83' lang='lat' dir='ltr'>Sacram,</span> <span class='ocrx_word' id='word_1_171' title='bbox 490 1870 571 1900; x_wconf 81' lang='lat' dir='ltr'>hanc</span> <span class='ocrx_word' id='word_1_172' title='bbox 593 1870 675 1900; x_wconf 88' lang='lat' dir='ltr'>viam</span> <span class='ocrx_word' id='word_1_173' title='bbox 699 1870 781 1900; x_wconf 91' lang='lat' dir='ltr'>enim</span> <span class='ocrx_word' id='word_1_174' title='bbox 807 1869 999 1910; x_wconf 81' lang='lat' dir='ltr'>frequentare</span> <span class='ocrx_word' id='word_1_175' title='bbox 1021 1869 1068 1899; x_wconf 86' lang='lat' dir='ltr'>in-</span> 
     </span>
     <span class='ocr_line' id='line_1_35' title="bbox 331 1911 1067 1953; baseline 0 -13"><span class='ocrx_word' id='word_1_176' title='bbox 331 1911 439 1953; x_wconf 82' lang='lat' dir='ltr'>primis</span> <span class='ocrx_word' id='word_1_177' title='bbox 461 1911 581 1942; x_wconf 82' lang='lat' dir='ltr'>solebat</span> <span class='ocrx_word' id='word_1_178' title='bbox 594 1911 754 1942; x_wconf 87' lang='lat' dir='ltr'>hominum</span> <span class='ocrx_word' id='word_1_179' title='bbox 772 1912 939 1942; x_wconf 80' lang='lat' dir='ltr'>otiosorum</span> <span class='ocrx_word' id='word_1_180' title='bbox 956 1911 1045 1941; x_wconf 88' lang='lat' dir='ltr'>turba</span> <span class='ocrx_word' id='word_1_181' title='bbox 1061 1922 1067 1940; x_wconf 77' lang='grc' dir='ltr'>ε</span> 
     </span>
     <span class='ocr_line' id='line_1_36' title="bbox 333 1953 1067 1989; baseline -0.001 -6"><span class='ocrx_word' id='word_1_182' title='bbox 333 1953 377 1983; x_wconf 82' lang='lat' dir='ltr'>cf.</span> <span class='ocrx_word' id='word_1_183' title='bbox 393 1953 450 1983; x_wconf 82' lang='lat' dir='ltr'>inf.</span> <span class='ocrx_word' id='word_1_184' title='bbox 465 1954 533 1984; x_wconf 86' lang='lat' dir='ltr'>Sat.</span> <span class='ocrx_word' id='word_1_185' title='bbox 548 1953 570 1989; x_wconf 88' lang='lat' dir='ltr'>i,</span> <span class='ocrx_word' id='word_1_186' title='bbox 587 1954 619 1988; x_wconf 88' lang='lat'>9,</span> <span class='ocrx_word' id='word_1_187' title='bbox 639 1955 666 1984; x_wconf 90' lang='lat' dir='ltr'>l.</span> <span class='ocrx_word' id='word_1_188' title='bbox 699 1954 737 1983; x_wconf 88' lang='lat' dir='ltr'>Te</span> <span class='ocrx_word' id='word_1_189' title='bbox 751 1956 886 1984; x_wconf 81' lang='lat' dir='ltr'>metiente</span> <span class='ocrx_word' id='word_1_190' title='bbox 901 1966 909 1983; x_wconf 89' lang='lat'><em>:</em></span> <span class='ocrx_word' id='word_1_191' title='bbox 933 1953 1067 1984; x_wconf 82' lang='lat' dir='ltr'>suaviter</span> 
     </span>
     <span class='ocr_line' id='line_1_37' title="bbox 331 1994 1066 2036; baseline -0.003 -11"><span class='ocrx_word' id='word_1_192' title='bbox 331 1994 396 2035; x_wconf 85' lang='lat' dir='ltr'>jam</span> <span class='ocrx_word' id='word_1_193' title='bbox 416 1997 494 2025; x_wconf 81' lang='lat' dir='ltr'>viam</span> <span class='ocrx_word' id='word_1_194' title='bbox 515 1997 625 2030; x_wconf 81' lang='lat' dir='ltr'>metiri,</span> <span class='ocrx_word' id='word_1_195' title='bbox 645 2000 679 2025; x_wconf 90' lang='lat' dir='ltr'>ut</span> <span class='ocrx_word' id='word_1_196' title='bbox 699 1996 792 2036; x_wconf 86' lang='lat' dir='ltr'>paulo</span> <span class='ocrx_word' id='word_1_197' title='bbox 811 2002 881 2026; x_wconf 89' lang='lat' dir='ltr'>ante</span> <span class='ocrx_word' id='word_1_198' title='bbox 900 1996 1066 2029; x_wconf 73' lang='lat' dir='ltr'>ambulare,</span> 
     </span>
     <span class='ocr_line' id='line_1_38' title="bbox 332 2036 1067 2078; baseline 0 -12"><span class='ocrx_word' id='word_1_199' title='bbox 332 2036 449 2067; x_wconf 87' lang='lat' dir='ltr'>dicitur</span> <span class='ocrx_word' id='word_1_200' title='bbox 469 2037 495 2067; x_wconf 83' lang='lat' dir='ltr'>is</span> <span class='ocrx_word' id='word_1_201' title='bbox 515 2037 581 2078; x_wconf 90' lang='lat' dir='ltr'>qui,</span> <span class='ocrx_word' id='word_1_202' title='bbox 598 2047 630 2068; x_wconf 88' lang='lat' dir='ltr'>se</span> <span class='ocrx_word' id='word_1_203' title='bbox 650 2048 711 2067; x_wconf 90' lang='lat' dir='ltr'>uon</span> <span class='ocrx_word' id='word_1_204' title='bbox 733 2038 890 2077; x_wconf 84' lang='lat' dir='ltr'>vulgarem</span> <span class='ocrx_word' id='word_1_205' title='bbox 913 2037 1067 2067; x_wconf 90' lang='lat' dir='ltr'>hominem</span> 
     </span>
     <span class='ocr_line' id='line_1_39' title="bbox 333 2079 1067 2119; baseline 0 -11"><span class='ocrx_word' id='word_1_206' title='bbox 333 2088 399 2109; x_wconf 86' lang='lat' dir='ltr'>esse</span> <span class='ocrx_word' id='word_1_207' title='bbox 423 2084 612 2114; x_wconf 79' lang='lat' dir='ltr'>ostensurus,</span> <span class='ocrx_word' id='word_1_208' title='bbox 628 2079 753 2110; x_wconf 87' lang='lat' dir='ltr'>incessu</span> <span class='ocrx_word' id='word_1_209' title='bbox 774 2079 957 2119; x_wconf 88' lang='lat' dir='ltr'>dignitatem</span> <span class='ocrx_word' id='word_1_210' title='bbox 979 2089 1067 2109; x_wconf 87' lang='lat' dir='ltr'>suam</span> 
     </span>
     <span class='ocr_line' id='line_1_40' title="bbox 334 2120 1068 2192; baseline 0 -42"><span class='ocrx_word' id='word_1_211' title='bbox 334 2120 461 2192; x_wconf 62' lang='lat' dir='ltr'>prodere</span> <span class='ocrx_word' id='word_1_212' title='bbox 489 2120 615 2159; x_wconf 80' lang='lat' dir='ltr'>studet3</span> <span class='ocrx_word' id='word_1_213' title='bbox 642 2120 758 2151; x_wconf 86' lang='lat' dir='ltr'>incedit</span> <span class='ocrx_word' id='word_1_214' title='bbox 784 2127 887 2152; x_wconf 84' lang='lat' dir='ltr'>autem</span> <span class='ocrx_word' id='word_1_215' title='bbox 914 2120 1068 2161; x_wconf 87' lang='lat' dir='ltr'>ejusmodi</span> 
     </span>
    </p>

    <p class='ocr_par' dir='ltr' id='par_1_15' title="bbox 332 2163 1070 2916">
     <span class='ocr_line' id='line_1_41' title="bbox 357 2163 1068 2202; baseline 0 -10"><span class='ocrx_word' id='word_1_216' title='bbox 357 2172 426 2192; x_wconf 88' lang='lat' dir='ltr'>omo</span> <span class='ocrx_word' id='word_1_217' title='bbox 442 2172 541 2193; x_wconf 87' lang='lat' dir='ltr'>vanus</span> <span class='ocrx_word' id='word_1_218' title='bbox 565 2163 620 2198; x_wconf 88' lang='lat' dir='ltr'>ita,</span> <span class='ocrx_word' id='word_1_219' title='bbox 644 2169 678 2193; x_wconf 92' lang='lat' dir='ltr'>ut</span> <span class='ocrx_word' id='word_1_220' title='bbox 700 2173 822 2202; x_wconf 86' lang='lat' dir='ltr'>gressus</span> <span class='ocrx_word' id='word_1_221' title='bbox 842 2163 881 2192; x_wconf 91' lang='lat' dir='ltr'>ad</span> <span class='ocrx_word' id='word_1_222' title='bbox 902 2173 1068 2192; x_wconf 81' lang='lat' dir='ltr'>mensuram</span> 
     </span>
     <span class='ocr_line' id='line_1_42' title="bbox 334 2204 1070 2244; baseline 0 -10"><span class='ocrx_word' id='word_1_223' title='bbox 334 2205 484 2244; x_wconf 79' lang='lat' dir='ltr'>quandam</span> <span class='ocrx_word' id='word_1_224' title='bbox 511 2204 642 2244; x_wconf 87' lang='lat' dir='ltr'>dirigere</span> <span class='ocrx_word' id='word_1_225' title='bbox 666 2204 816 2235; x_wconf 88' lang='lat' dir='ltr'>videatur.</span> <span class='ocrx_word' id='word_1_226' title='bbox 860 2205 921 2235; x_wconf 92' lang='lat' dir='ltr'>Pro</span> <span class='ocrx_word' id='word_1_227' title='bbox 950 2204 1070 2244; x_wconf 86' lang='lat' dir='ltr'>vulgari</span> 
     </span>
     <span class='ocr_line' id='line_1_43' title="bbox 334 2245 1069 2281; baseline 0 -5"><span class='ocrx_word' id='word_1_228' title='bbox 334 2246 479 2281; x_wconf 82' lang='lat' dir='ltr'>lectione,</span> <span class='ocrx_word' id='word_1_229' title='bbox 505 2248 546 2276; x_wconf 85' lang='lat' dir='ltr'>bis</span> <span class='ocrx_word' id='word_1_230' title='bbox 571 2253 616 2277; x_wconf 76' lang='lat' dir='ltr'>ter</span> <span class='ocrx_word' id='word_1_231' title='bbox 638 2247 794 2281; x_wconf 78' lang='lat' dir='ltr'>ulna-rum,</span> <span class='ocrx_word' id='word_1_232' title='bbox 818 2257 890 2277; x_wconf 90' lang='lat' dir='ltr'>cum</span> <span class='ocrx_word' id='word_1_233' title='bbox 914 2245 1069 2281; x_wconf 87' lang='lat' dir='ltr'>Bentleio,</span> 
     </span>
     <span class='ocr_line' id='line_1_44' title="bbox 332 2288 1068 2329; baseline -0.001 -11"><span class='ocrx_word' id='word_1_234' title='bbox 332 2289 479 2318; x_wconf 73' lang='lat' dir='ltr'>histriam</span> <span class='ocrx_word' id='word_1_235' title='bbox 494 2290 650 2324; x_wconf 80' lang='lat' dir='ltr'>ulnarum,</span> <span class='ocrx_word' id='word_1_236' title='bbox 667 2288 817 2319; x_wconf 84' lang='lat' dir='ltr'>latinitate</span> <span class='ocrx_word' id='word_1_237' title='bbox 834 2288 864 2318; x_wconf 89' lang='lat' dir='ltr'>id</span> <span class='ocrx_word' id='word_1_238' title='bbox 884 2288 1068 2329; x_wconf 77' lang='lat' dir='ltr'>postulante,</span> 
     </span>
     <span class='ocr_line' id='line_1_45' title="bbox 335 2329 1067 2371; baseline -0.001 -11"><span class='ocrx_word' id='word_1_239' title='bbox 335 2329 425 2362; x_wconf 88' lang='lat' dir='ltr'>dedi:</span> <span class='ocrx_word' id='word_1_240' title='bbox 451 2330 512 2360; x_wconf 89' lang='lat' dir='ltr'>vid.</span> <span class='ocrx_word' id='word_1_241' title='bbox 530 2330 636 2360; x_wconf 85' lang='lat' dir='ltr'>Bentl.</span> <span class='ocrx_word' id='word_1_242' title='bbox 680 2332 766 2371; x_wconf 87' lang='lat' dir='ltr'>Toga</span> <span class='ocrx_word' id='word_1_243' title='bbox 788 2331 858 2360; x_wconf 87' lang='lat' dir='ltr'>laxa</span> <span class='ocrx_word' id='word_1_244' title='bbox 877 2336 990 2367; x_wconf 86' lang='lat' dir='ltr'>autem,</span> <span class='ocrx_word' id='word_1_245' title='bbox 1007 2329 1067 2364; x_wconf 85' lang='lat' dir='ltr'>vel,</span> 
     </span>
     <span class='ocr_line' id='line_1_46' title="bbox 335 2372 1069 2413; baseline -0.001 -11"><span class='ocrx_word' id='word_1_246' title='bbox 335 2377 372 2402; x_wconf 92' lang='lat' dir='ltr'>ut</span> <span class='ocrx_word' id='word_1_247' title='bbox 403 2372 536 2403; x_wconf 86' lang='lat' dir='ltr'>Ovidius</span> <span class='ocrx_word' id='word_1_248' title='bbox 567 2372 658 2402; x_wconf 89' lang='lat' dir='ltr'>Rem.</span> <span class='ocrx_word' id='word_1_249' title='bbox 688 2373 797 2402; x_wconf 86' lang='lat' dir='ltr'>Amor.</span> <span class='ocrx_word' id='word_1_250' title='bbox 826 2372 888 2402; x_wconf 83' lang='lat'>680</span> <span class='ocrx_word' id='word_1_251' title='bbox 920 2372 1069 2413; x_wconf 84' lang='lat' dir='ltr'>loquitur,</span> 
     </span>
     <span class='ocr_line' id='line_1_47' title="bbox 334 2413 1070 2455; baseline 0 -12"><span class='ocrx_word' id='word_1_252' title='bbox 334 2420 403 2455; x_wconf 78' lang='lat' dir='ltr'>toga</span> <span class='ocrx_word' id='word_1_253' title='bbox 425 2415 490 2444; x_wconf 79' lang='lat' dir='ltr'>laxo</span> <span class='ocrx_word' id='word_1_254' title='bbox 508 2416 576 2444; x_wconf 78' lang='lat' dir='ltr'>sinu</span> <span class='ocrx_word' id='word_1_255' title='bbox 599 2416 815 2454; x_wconf 78' lang='grc' dir='ltr'><em>οοηερίοἱεηᾰα,</em></span> <span class='ocrx_word' id='word_1_256' title='bbox 832 2415 872 2444; x_wconf 89' lang='lat' dir='ltr'>ab</span> <span class='ocrx_word' id='word_1_257' title='bbox 892 2413 1070 2444; x_wconf 85' lang='lat' dir='ltr'>hominibus</span> 
     </span>
     <span class='ocr_line' id='line_1_48' title="bbox 334 2455 1067 2497; baseline -0.001 -11"><span class='ocrx_word' id='word_1_258' title='bbox 334 2456 493 2492; x_wconf 88' lang='lat' dir='ltr'>mollibus,</span> <span class='ocrx_word' id='word_1_259' title='bbox 508 2455 683 2491; x_wconf 85' lang='lat' dir='ltr'>luxuriosis,</span> <span class='ocrx_word' id='word_1_260' title='bbox 697 2462 728 2487; x_wconf 90' lang='lat' dir='ltr'>et</span> <span class='ocrx_word' id='word_1_261' title='bbox 743 2455 902 2490; x_wconf 88' lang='lat' dir='ltr'>divitibus,</span> <span class='ocrx_word' id='word_1_262' title='bbox 919 2461 1067 2497; x_wconf 87' lang='lat' dir='ltr'>tanquam</span> 
     </span>
     <span class='ocr_line' id='line_1_49' title="bbox 334 2497 1068 2540; baseline -0.001 -12"><span class='ocrx_word' id='word_1_263' title='bbox 334 2497 502 2540; x_wconf 84' lang='lat' dir='ltr'>opulentiae</span> <span class='ocrx_word' id='word_1_264' title='bbox 519 2498 649 2538; x_wconf 86' lang='lat' dir='ltr'>insigne,</span> <span class='ocrx_word' id='word_1_265' title='bbox 667 2499 851 2538; x_wconf 75' lang='lat' dir='ltr'>gestabatur.</span> <span class='ocrx_word' id='word_1_266' title='bbox 884 2498 967 2528; x_wconf 86' lang='lat' dir='ltr'>Hine</span> <span class='ocrx_word' id='word_1_267' title='bbox 986 2497 1068 2538; x_wconf 88' lang='lat' dir='ltr'>apud</span> 
     </span>
     <span class='ocr_line' id='line_1_50' title="bbox 334 2539 1068 2576; baseline -0.004 -4"><span class='ocrx_word' id='word_1_268' title='bbox 334 2540 518 2572; x_wconf 87' lang='lat' dir='ltr'>Ciceronem</span> <span class='ocrx_word' id='word_1_269' title='bbox 540 2539 572 2569; x_wconf 90' lang='lat' dir='ltr'>in</span> <span class='ocrx_word' id='word_1_270' title='bbox 591 2540 687 2572; x_wconf 90' lang='lat' dir='ltr'>Catil.</span> <span class='ocrx_word' id='word_1_271' title='bbox 712 2540 744 2575; x_wconf 86' lang='lat' dir='ltr'>ii,</span> <span class='ocrx_word' id='word_1_272' title='bbox 765 2541 815 2576; x_wconf 89' lang='lat'>10,</span> <span class='ocrx_word' id='word_1_273' title='bbox 835 2539 973 2570; x_wconf 88' lang='lat' dir='ltr'>homines</span> <span class='ocrx_word' id='word_1_274' title='bbox 991 2539 1068 2569; x_wconf 91' lang='lat' dir='ltr'>mol-</span> 
     </span>
     <span class='ocr_line' id='line_1_51' title="bbox 334 2581 1066 2623; baseline -0.001 -11"><span class='ocrx_word' id='word_1_275' title='bbox 334 2581 427 2614; x_wconf 87' lang='lat' dir='ltr'>liores</span> <span class='ocrx_word' id='word_1_276' title='bbox 441 2583 523 2619; x_wconf 77' lang='lat' dir='ltr'>velis,</span> <span class='ocrx_word' id='word_1_277' title='bbox 538 2593 596 2612; x_wconf 80' lang='lat' dir='ltr'>mm</span> <span class='ocrx_word' id='word_1_278' title='bbox 612 2584 686 2623; x_wconf 82' lang='lat' dir='ltr'>togis</span> <span class='ocrx_word' id='word_1_279' title='bbox 700 2584 801 2612; x_wconf 82' lang='lat' dir='ltr'>amicti</span> <span class='ocrx_word' id='word_1_280' title='bbox 818 2581 976 2612; x_wconf 84' lang='lat' dir='ltr'>dicuntur.</span> <span class='ocrx_word' id='word_1_281' title='bbox 1026 2581 1055 2611; x_wconf 94' lang='lat' dir='ltr'><em>U</em></span> <span class='ocrx_word' id='word_1_282' title='bbox 1056 2588 1066 2611; x_wconf 78' lang='lat' dir='ltr'>t</span> 
     </span>
     <span class='ocr_line' id='line_1_52' title="bbox 333 2624 1068 2655; baseline -0.001 -1"><span class='ocrx_word' id='word_1_283' title='bbox 333 2635 387 2654; x_wconf 86' lang='lat' dir='ltr'>ora</span> <span class='ocrx_word' id='word_1_284' title='bbox 409 2630 506 2655; x_wconf 82' lang='lat' dir='ltr'>vertat</span> <span class='ocrx_word' id='word_1_285' title='bbox 531 2624 590 2654; x_wconf 76' lang='lat' dir='ltr'>huo</span> <span class='ocrx_word' id='word_1_286' title='bbox 610 2630 638 2654; x_wconf 76' lang='lat' dir='ltr'>et</span> <span class='ocrx_word' id='word_1_287' title='bbox 659 2626 716 2655; x_wconf 84' lang='lat' dir='ltr'>huc</span> <span class='ocrx_word' id='word_1_288' title='bbox 739 2626 875 2654; x_wconf 77' lang='lat' dir='ltr'>euntium</span> <span class='ocrx_word' id='word_1_289' title='bbox 900 2624 1068 2654; x_wconf 76' lang='lat' dir='ltr'>Liberrimu</span> 
     </span>
     <span class='ocr_line' id='line_1_53' title="bbox 333 2665 1068 2707; baseline -0.001 -11"><span class='ocrx_word' id='word_1_290' title='bbox 333 2667 527 2707; x_wconf 72' lang='lat' dir='ltr'>indignatio?</span> <span class='ocrx_word' id='word_1_291' title='bbox 549 2671 584 2696; x_wconf 92' lang='lat' dir='ltr'>ut</span> <span class='ocrx_word' id='word_1_292' title='bbox 604 2666 637 2697; x_wconf 85' lang='lat' dir='ltr'>in</span> <span class='ocrx_word' id='word_1_293' title='bbox 653 2666 702 2696; x_wconf 88' lang='lat' dir='ltr'>via</span> <span class='ocrx_word' id='word_1_294' title='bbox 722 2667 816 2696; x_wconf 80' lang='lat' dir='ltr'>Sacra</span> <span class='ocrx_word' id='word_1_295' title='bbox 834 2671 864 2696; x_wconf 86' lang='lat' dir='ltr'>te</span> <span class='ocrx_word' id='word_1_296' title='bbox 888 2666 961 2696; x_wconf 84' lang='lat' dir='ltr'>hinc</span> <span class='ocrx_word' id='word_1_297' title='bbox 981 2665 1068 2696; x_wconf 89' lang='lat' dir='ltr'>illinc</span> 
     </span>
     <span class='ocr_line' id='line_1_54' title="bbox 334 2706 1070 2742; baseline -0.001 -3"><span class='ocrx_word' id='word_1_298' title='bbox 334 2713 541 2742; x_wconf 79' lang='lat' dir='ltr'>transeuntes,</span> <span class='ocrx_word' id='word_1_299' title='bbox 556 2717 704 2739; x_wconf 83' lang='lat' dir='ltr'>converso</span> <span class='ocrx_word' id='word_1_300' title='bbox 726 2708 764 2738; x_wconf 89' lang='lat' dir='ltr'>ad</span> <span class='ocrx_word' id='word_1_301' title='bbox 785 2713 815 2738; x_wconf 85' lang='lat' dir='ltr'>te</span> <span class='ocrx_word' id='word_1_302' title='bbox 836 2718 898 2742; x_wconf 88' lang='lat' dir='ltr'>ore,</span> <span class='ocrx_word' id='word_1_303' title='bbox 916 2706 1070 2738; x_wconf 85' lang='lat' dir='ltr'>liberrime</span> 
     </span>
     <span class='ocr_line' id='line_1_55' title="bbox 334 2749 1067 2791; baseline -0.001 -11"><span class='ocrx_word' id='word_1_304' title='bbox 334 2749 578 2790; x_wconf 79' lang='lat' dir='ltr'>indignationem</span> <span class='ocrx_word' id='word_1_305' title='bbox 595 2760 683 2780; x_wconf 88' lang='lat' dir='ltr'>suam</span> <span class='ocrx_word' id='word_1_306' title='bbox 699 2749 852 2791; x_wconf 55' lang='lat' dir='ltr'>prodant}</span> <span class='ocrx_word' id='word_1_307' title='bbox 879 2750 1067 2790; x_wconf 83' lang='lat' dir='ltr'>Sequentem</span> 
     </span>
     <span class='ocr_line' id='line_1_56' title="bbox 334 2791 1069 2834; baseline -0.001 -12"><span class='ocrx_word' id='word_1_308' title='bbox 334 2791 513 2829; x_wconf 86' lang='lat' dir='ltr'>orationem,</span> <span class='ocrx_word' id='word_1_309' title='bbox 543 2793 645 2822; x_wconf 79' lang='lat' dir='ltr'>Sectus</span> <span class='ocrx_word' id='word_1_310' title='bbox 662 2793 801 2834; x_wconf 77' lang='lat' dir='ltr'>flagellis</span> <span class='ocrx_word' id='word_1_311' title='bbox 833 2796 907 2822; x_wconf 85' lang='lat' dir='ltr'>cett.</span> <span class='ocrx_word' id='word_1_312' title='bbox 937 2797 1008 2833; x_wconf 86' lang='lat' dir='ltr'>apte</span> <span class='ocrx_word' id='word_1_313' title='bbox 1038 2797 1069 2822; x_wconf 89' lang='lat' dir='ltr'>et</span> 
     </span>
     <span class='ocr_line' id='line_1_57' title="bbox 334 2833 1068 2876; baseline -0.003 -11"><span class='ocrx_word' id='word_1_314' title='bbox 334 2833 466 2875; x_wconf 76' lang='lat' dir='ltr'>graviter</span> <span class='ocrx_word' id='word_1_315' title='bbox 491 2839 580 2876; x_wconf 80' lang='lat' dir='ltr'>poeta</span> <span class='ocrx_word' id='word_1_316' title='bbox 604 2843 720 2864; x_wconf 86' lang='lat' dir='ltr'>vanum</span> <span class='ocrx_word' id='word_1_317' title='bbox 749 2838 886 2864; x_wconf 86' lang='lat' dir='ltr'>nostrum</span> <span class='ocrx_word' id='word_1_318' title='bbox 912 2833 1068 2864; x_wconf 88' lang='lat' dir='ltr'>hominem</span> 
     </span>
     <span class='ocr_line' id='line_1_58' title="bbox 334 2875 955 2916; baseline -0.003 -10"><span class='ocrx_word' id='word_1_319' title='bbox 334 2876 366 2907; x_wconf 85' lang='lat' dir='ltr'>in</span> <span class='ocrx_word' id='word_1_320' title='bbox 384 2875 434 2907; x_wconf 79' lang='lat' dir='ltr'>via</span> <span class='ocrx_word' id='word_1_321' title='bbox 449 2876 542 2907; x_wconf 79' lang='lat' dir='ltr'>Sacra</span> <span class='ocrx_word' id='word_1_322' title='bbox 559 2875 791 2907; x_wconf 83' lang='lat' dir='ltr'>transeuntibus</span> <span class='ocrx_word' id='word_1_323' title='bbox 807 2875 955 2916; x_wconf 81' lang='lat' dir='ltr'>suggerit.</span> 
     </span>
    </p>

    <p class='ocr_par' dir='ltr' id='par_1_16' title="bbox 379 2916 1068 2958">
     <span class='ocr_line' id='line_1_59' title="bbox 379 2916 1068 2958; baseline -0.003 -10"><span class='ocrx_word' id='word_1_324' title='bbox 379 2919 394 2948; x_wconf 90' lang='lat' dir='ltr'><strong>l</strong></span> <span class='ocrx_word' id='word_1_325' title='bbox 403 2918 516 2950; x_wconf 82' lang='lat' dir='ltr'>l—lG.</span> <span class='ocrx_word' id='word_1_326' title='bbox 528 2918 674 2958; x_wconf 79' lang='lat' dir='ltr'>Flagellis</span> <span class='ocrx_word' id='word_1_327' title='bbox 681 2918 950 2948; x_wconf 75' lang='lat' dir='ltr'>Triumviralibus:</span> <span class='ocrx_word' id='word_1_328' title='bbox 967 2916 1005 2947; x_wconf 86' lang='lat' dir='ltr'>de</span> <span class='ocrx_word' id='word_1_329' title='bbox 1017 2917 1068 2947; x_wconf 84' lang='lat' dir='ltr'>tri·</span> 
     </span>
    </p>
   </div>
   <div class='ocr_carea' id='block_1_9' title="bbox 779 1016 1425 1060">
    <p class='ocr_par' dir='ltr' id='par_1_17' title="bbox 779 1016 1425 1060">
     <span class='ocr_line' id='line_1_60' title="bbox 779 1016 1425 1060; baseline -0.006 -1"><span class='ocrx_word' id='word_1_330' title='bbox 779 1019 877 1059; x_wconf 87' lang='lat' dir='ltr'>Hoc</span> <span class='ocrx_word' id='word_1_331' title='bbox 899 1018 980 1060; x_wconf 90' lang='lat' dir='ltr'>hoc</span> <span class='ocrx_word' id='word_1_332' title='bbox 1002 1019 1174 1059; x_wconf 89' lang='lat' dir='ltr'>tribuno</span> <span class='ocrx_word' id='word_1_333' title='bbox 1195 1016 1371 1057; x_wconf 85' lang='lat' dir='ltr'>militum</span> <span class='ocrx_word' id='word_1_334' title='bbox 1385 1016 1425 1056; x_wconf 73' lang='lat'>?’‘</span> 
     </span>
    </p>
   </div>
   <div class='ocr_carea' id='block_1_10' title="bbox 1103 1112 1848 2955">
    <p class='ocr_par' dir='ltr' id='par_1_18' title="bbox 1103 1112 1848 2955">
     <span class='ocr_line' id='line_1_61' title="bbox 1103 1112 1837 1160; baseline -0.003 -14"><span class='ocrx_word' id='word_1_335' title='bbox 1103 1115 1231 1146; x_wconf 90' lang='lat' dir='ltr'>umviris</span> <span class='ocrx_word' id='word_1_336' title='bbox 1254 1114 1452 1156; x_wconf 54' lang='lat' dir='ltr'>capitalibus</span> <span class='ocrx_word' id='word_1_337' title='bbox 1468 1113 1522 1156; x_wconf 89' lang='lat' dir='ltr'>qui</span> <span class='ocrx_word' id='word_1_338' title='bbox 1541 1112 1703 1160; x_wconf 83' lang='lat' dir='ltr'>suppliciis</span> <span class='ocrx_word' id='word_1_339' title='bbox 1718 1123 1735 1144; x_wconf 85' lang='lat' dir='ltr'>a</span> <span class='ocrx_word' id='word_1_340' title='bbox 1749 1113 1837 1144; x_wconf 89' lang='lat' dir='ltr'>dam-</span> 
     </span>
     <span class='ocr_line' id='line_1_62' title="bbox 1105 1155 1839 1198; baseline -0.001 -11"><span class='ocrx_word' id='word_1_341' title='bbox 1105 1158 1188 1187; x_wconf 83' lang='lat' dir='ltr'>natis</span> <span class='ocrx_word' id='word_1_342' title='bbox 1203 1157 1361 1188; x_wconf 85' lang='lat' dir='ltr'>sumendis</span> <span class='ocrx_word' id='word_1_343' title='bbox 1382 1161 1547 1198; x_wconf 85' lang='lat' dir='ltr'>praeerant,</span> <span class='ocrx_word' id='word_1_344' title='bbox 1562 1155 1626 1186; x_wconf 80' lang='lat' dir='ltr'>vul.</span> <span class='ocrx_word' id='word_1_345' title='bbox 1641 1155 1782 1197; x_wconf 89' lang='lat' dir='ltr'>Lipsium</span> <span class='ocrx_word' id='word_1_346' title='bbox 1798 1155 1839 1186; x_wconf 80' lang='lat' dir='ltr'>ad</span> 
     </span>
     <span class='ocr_line' id='line_1_63' title="bbox 1105 1197 1840 1234; baseline -0.003 -5"><span class='ocrx_word' id='word_1_347' title='bbox 1105 1199 1208 1230; x_wconf 78' lang='lat' dir='ltr'>Tacit.</span> <span class='ocrx_word' id='word_1_348' title='bbox 1223 1199 1337 1229; x_wconf 88' lang='lat' dir='ltr'>Annal.</span> <span class='ocrx_word' id='word_1_349' title='bbox 1347 1200 1454 1234; x_wconf 84' lang='lat' dir='ltr'>v,9,et</span> <span class='ocrx_word' id='word_1_350' title='bbox 1465 1199 1550 1230; x_wconf 79' lang='lat' dir='ltr'>Cort.</span> <span class='ocrx_word' id='word_1_351' title='bbox 1561 1198 1601 1228; x_wconf 82' lang='lat' dir='ltr'>ad</span> <span class='ocrx_word' id='word_1_352' title='bbox 1611 1197 1840 1229; x_wconf 84' lang='lat' dir='ltr'>Sallust.Catil.</span> 
     </span>
     <span class='ocr_line' id='line_1_64' title="bbox 1107 1238 1839 1281; baseline -0.003 -10"><span class='ocrx_word' id='word_1_353' title='bbox 1107 1243 1159 1272; x_wconf 90' lang='grc'>55.</span> <span class='ocrx_word' id='word_1_354' title='bbox 1186 1241 1315 1272; x_wconf 88' lang='lat' dir='ltr'>Eosdem</span> <span class='ocrx_word' id='word_1_355' title='bbox 1330 1241 1367 1271; x_wconf 91' lang='lat' dir='ltr'>de</span> <span class='ocrx_word' id='word_1_356' title='bbox 1381 1240 1481 1281; x_wconf 83' lang='lat' dir='ltr'>poenis</span> <span class='ocrx_word' id='word_1_357' title='bbox 1492 1239 1654 1271; x_wconf 85' lang='lat' dir='ltr'>servilibus</span> <span class='ocrx_word' id='word_1_358' title='bbox 1662 1238 1715 1280; x_wconf 87' lang='lat' dir='ltr'>jus</span> <span class='ocrx_word' id='word_1_359' title='bbox 1726 1238 1839 1270; x_wconf 84' lang='lat' dir='ltr'>dixisse</span> 
     </span>
     <span class='ocr_line' id='line_1_65' title="bbox 1106 1282 1842 1323; baseline -0.001 -11"><span class='ocrx_word' id='word_1_360' title='bbox 1106 1283 1199 1313; x_wconf 90' lang='lat' dir='ltr'>docet</span> <span class='ocrx_word' id='word_1_361' title='bbox 1218 1283 1345 1323; x_wconf 84' lang='lat' dir='ltr'>Pignor.</span> <span class='ocrx_word' id='word_1_362' title='bbox 1367 1283 1406 1313; x_wconf 88' lang='lat' dir='ltr'>de</span> <span class='ocrx_word' id='word_1_363' title='bbox 1429 1282 1530 1312; x_wconf 85' lang='lat' dir='ltr'>Servis</span> <span class='ocrx_word' id='word_1_364' title='bbox 1549 1292 1580 1322; x_wconf 89' lang='lat' dir='ltr'>p.</span> <span class='ocrx_word' id='word_1_365' title='bbox 1597 1282 1647 1311; x_wconf 88' lang='grc'>13.</span> <span class='ocrx_word' id='word_1_366' title='bbox 1692 1282 1842 1312; x_wconf 80' lang='lat' dir='ltr'>Praecom‘s</span> 
     </span>
     <span class='ocr_line' id='line_1_66' title="bbox 1107 1322 1841 1365; baseline -0.001 -11"><span class='ocrx_word' id='word_1_367' title='bbox 1107 1326 1146 1354; x_wconf 91' lang='lat' dir='ltr'>ad</span> <span class='ocrx_word' id='word_1_368' title='bbox 1159 1325 1346 1364; x_wconf 75' lang='lat' dir='ltr'>fastidium.-</span> <span class='ocrx_word' id='word_1_369' title='bbox 1370 1323 1502 1360; x_wconf 85' lang='lat' dir='ltr'>scilicet,</span> <span class='ocrx_word' id='word_1_370' title='bbox 1519 1333 1580 1364; x_wconf 91' lang='lat' dir='ltr'>quo</span> <span class='ocrx_word' id='word_1_371' title='bbox 1603 1322 1724 1362; x_wconf 86' lang='lat' dir='ltr'>gravior</span> <span class='ocrx_word' id='word_1_372' title='bbox 1745 1332 1841 1365; x_wconf 87' lang='lat' dir='ltr'>poena</span> 
     </span>
     <span class='ocr_line' id='line_1_67' title="bbox 1107 1365 1840 1400; baseline -0.001 -4"><span class='ocrx_word' id='word_1_373' title='bbox 1107 1366 1179 1396; x_wconf 87' lang='lat' dir='ltr'>olim</span> <span class='ocrx_word' id='word_1_374' title='bbox 1197 1367 1236 1396; x_wconf 86' lang='lat' dir='ltr'>ab</span> <span class='ocrx_word' id='word_1_375' title='bbox 1250 1366 1308 1396; x_wconf 89' lang='lat' dir='ltr'>isto</span> <span class='ocrx_word' id='word_1_376' title='bbox 1327 1365 1453 1396; x_wconf 85' lang='lat' dir='ltr'>homine</span> <span class='ocrx_word' id='word_1_377' title='bbox 1477 1370 1580 1395; x_wconf 86' lang='lat' dir='ltr'>sumta</span> <span class='ocrx_word' id='word_1_378' title='bbox 1599 1365 1709 1400; x_wconf 82' lang='lat' dir='ltr'>fuerat,</span> <span class='ocrx_word' id='word_1_379' title='bbox 1724 1375 1760 1395; x_wconf 90' lang='lat' dir='ltr'>eo</span> <span class='ocrx_word' id='word_1_380' title='bbox 1775 1374 1840 1395; x_wconf 83' lang='lat' dir='ltr'>ma-</span> 
     </span>
     <span class='ocr_line' id='line_1_68' title="bbox 1106 1406 1841 1448; baseline -0.003 -10"><span class='ocrx_word' id='word_1_381' title='bbox 1106 1407 1165 1448; x_wconf 80' lang='lat' dir='ltr'>jori</span> <span class='ocrx_word' id='word_1_382' title='bbox 1187 1408 1242 1438; x_wconf 84' lang='lat' dir='ltr'>illa</span> <span class='ocrx_word' id='word_1_383' title='bbox 1263 1407 1387 1438; x_wconf 77' lang='lat' dir='ltr'>fastidio</span> <span class='ocrx_word' id='word_1_384' title='bbox 1402 1414 1433 1438; x_wconf 87' lang='lat' dir='ltr'>et</span> <span class='ocrx_word' id='word_1_385' title='bbox 1447 1406 1596 1438; x_wconf 73' lang='lat' dir='ltr'>molestiae</span> <span class='ocrx_word' id='word_1_386' title='bbox 1618 1406 1678 1437; x_wconf 85' lang='lat' dir='ltr'>fuit</span> <span class='ocrx_word' id='word_1_387' title='bbox 1693 1406 1841 1448; x_wconf 81' lang='lat' dir='ltr'>praeconi,</span> 
     </span>
     <span class='ocr_line' id='line_1_69' title="bbox 1110 1450 1840 1491; baseline -0.003 -11"><span class='ocrx_word' id='word_1_388' title='bbox 1110 1450 1164 1490; x_wconf 89' lang='lat' dir='ltr'>qui</span> <span class='ocrx_word' id='word_1_389' title='bbox 1188 1456 1250 1480; x_wconf 84' lang='lat' dir='ltr'>tam</span> <span class='ocrx_word' id='word_1_390' title='bbox 1278 1460 1380 1491; x_wconf 87' lang='lat' dir='ltr'>poenae</span> <span class='ocrx_word' id='word_1_391' title='bbox 1410 1459 1548 1486; x_wconf 81' lang='lat' dir='ltr'>causam,</span> <span class='ocrx_word' id='word_1_392' title='bbox 1575 1458 1669 1489; x_wconf 80' lang='lat' dir='ltr'>quam</span> <span class='ocrx_word' id='word_1_393' title='bbox 1691 1458 1840 1487; x_wconf 87' lang='lat' dir='ltr'>magnum</span> 
     </span>
     <span class='ocr_line' id='line_1_70' title="bbox 1110 1489 1844 1533; baseline -0.003 -11"><span class='ocrx_word' id='word_1_394' title='bbox 1110 1492 1273 1533; x_wconf 86' lang='lat' dir='ltr'>plagarum</span> <span class='ocrx_word' id='word_1_395' title='bbox 1301 1501 1462 1522; x_wconf 88' lang='lat' dir='ltr'>numerum</span> <span class='ocrx_word' id='word_1_396' title='bbox 1488 1489 1616 1532; x_wconf 88' lang='lat' dir='ltr'>publice</span> <span class='ocrx_word' id='word_1_397' title='bbox 1641 1489 1844 1531; x_wconf 82' lang='lat' dir='ltr'>pronunciare</span> 
     </span>
     <span class='ocr_line' id='line_1_71' title="bbox 1110 1531 1842 1574; baseline -0.001 -11"><span class='ocrx_word' id='word_1_398' title='bbox 1110 1533 1268 1564; x_wconf 87' lang='lat' dir='ltr'>debuerat.</span> <span class='ocrx_word' id='word_1_399' title='bbox 1313 1534 1401 1568; x_wconf 81' lang='lat' dir='ltr'>Arat,</span> <span class='ocrx_word' id='word_1_400' title='bbox 1426 1532 1572 1574; x_wconf 84' lang='lat' dir='ltr'>possidet,</span> <span class='ocrx_word' id='word_1_401' title='bbox 1597 1531 1674 1562; x_wconf 85' lang='lat' dir='ltr'>nihil</span> <span class='ocrx_word' id='word_1_402' title='bbox 1695 1531 1842 1573; x_wconf 82' lang='lat' dir='ltr'>amplius,</span> 
     </span>
     <span class='ocr_line' id='line_1_72' title="bbox 1110 1573 1844 1616; baseline 0 -12"><span class='ocrx_word' id='word_1_403' title='bbox 1110 1581 1145 1604; x_wconf 89' lang='lat' dir='ltr'>ut</span> <span class='ocrx_word' id='word_1_404' title='bbox 1171 1585 1240 1616; x_wconf 88' lang='lat' dir='ltr'>sup.</span> <span class='ocrx_word' id='word_1_405' title='bbox 1267 1574 1312 1609; x_wconf 89' lang='lat' dir='ltr'>iii,</span> <span class='ocrx_word' id='word_1_406' title='bbox 1345 1577 1392 1611; x_wconf 86' lang='lat'>16,</span> <span class='ocrx_word' id='word_1_407' title='bbox 1417 1575 1472 1605; x_wconf 83' lang='lat'>26.</span> <span class='ocrx_word' id='word_1_408' title='bbox 1519 1574 1623 1604; x_wconf 80' lang='lat' dir='ltr'>Fundi</span> <span class='ocrx_word' id='word_1_409' title='bbox 1650 1573 1786 1608; x_wconf 79' lang='lat' dir='ltr'>Falerni,</span> <span class='ocrx_word' id='word_1_410' title='bbox 1809 1573 1844 1604; x_wconf 85' lang='lat' dir='ltr'>in</span> 
     </span>
     <span class='ocr_line' id='line_1_73' title="bbox 1111 1615 1845 1658; baseline 0 -12"><span class='ocrx_word' id='word_1_411' title='bbox 1111 1616 1297 1658; x_wconf 84' lang='lat' dir='ltr'>Campania,</span> <span class='ocrx_word' id='word_1_412' title='bbox 1314 1617 1370 1646; x_wconf 88' lang='lat' dir='ltr'>ubi</span> <span class='ocrx_word' id='word_1_413' title='bbox 1385 1617 1424 1647; x_wconf 91' lang='lat' dir='ltr'>ob</span> <span class='ocrx_word' id='word_1_414' title='bbox 1437 1615 1572 1656; x_wconf 81' lang='lat' dir='ltr'>regionis</span> <span class='ocrx_word' id='word_1_415' title='bbox 1592 1625 1662 1646; x_wconf 88' lang='lat' dir='ltr'>cum</span> <span class='ocrx_word' id='word_1_416' title='bbox 1679 1615 1845 1646; x_wconf 80' lang='lat' dir='ltr'>amoenita-</span> 
     </span>
     <span class='ocr_line' id='line_1_74' title="bbox 1111 1657 1844 1689; baseline 0 0"><span class='ocrx_word' id='word_1_417' title='bbox 1111 1664 1172 1689; x_wconf 84' lang='lat' dir='ltr'>tem</span> <span class='ocrx_word' id='word_1_418' title='bbox 1194 1665 1261 1689; x_wconf 88' lang='lat' dir='ltr'>tum</span> <span class='ocrx_word' id='word_1_419' title='bbox 1280 1658 1468 1689; x_wconf 79' lang='lat' dir='ltr'>fertilitatem</span> <span class='ocrx_word' id='word_1_420' title='bbox 1488 1657 1653 1688; x_wconf 80' lang='lat' dir='ltr'>latifundia</span> <span class='ocrx_word' id='word_1_421' title='bbox 1674 1667 1730 1688; x_wconf 82' lang='lat' dir='ltr'>sua</span> <span class='ocrx_word' id='word_1_422' title='bbox 1748 1657 1844 1689; x_wconf 79' lang='lat' dir='ltr'>habe-</span> 
     </span>
     <span class='ocr_line' id='line_1_75' title="bbox 1111 1699 1843 1731; baseline -0.001 -1"><span class='ocrx_word' id='word_1_423' title='bbox 1111 1701 1187 1731; x_wconf 86' lang='lat' dir='ltr'>bant</span> <span class='ocrx_word' id='word_1_424' title='bbox 1232 1701 1443 1731; x_wconf 82' lang='lat' dir='ltr'>Romanorum</span> <span class='ocrx_word' id='word_1_425' title='bbox 1485 1699 1640 1730; x_wconf 85' lang='lat' dir='ltr'>ditissimi.</span> <span class='ocrx_word' id='word_1_426' title='bbox 1699 1699 1843 1730; x_wconf 69' lang='lat' dir='ltr'>Mennis:</span> 
     </span>
     <span class='ocr_line' id='line_1_76' title="bbox 1111 1741 1845 1784; baseline 0 -12"><span class='ocrx_word' id='word_1_427' title='bbox 1111 1745 1226 1777; x_wconf 81' lang='lat' dir='ltr'>manni,</span> <span class='ocrx_word' id='word_1_428' title='bbox 1252 1742 1292 1773; x_wconf 84' lang='lat' dir='ltr'>cf.</span> <span class='ocrx_word' id='word_1_429' title='bbox 1317 1752 1388 1784; x_wconf 87' lang='lat' dir='ltr'>sup.</span> <span class='ocrx_word' id='word_1_430' title='bbox 1416 1741 1462 1778; x_wconf 85' lang='lat' dir='ltr'>iii,</span> <span class='ocrx_word' id='word_1_431' title='bbox 1489 1742 1544 1778; x_wconf 84' lang='lat'>27,</span> <span class='ocrx_word' id='word_1_432' title='bbox 1570 1742 1602 1777; x_wconf 87' lang='lat'>7,</span> <span class='ocrx_word' id='word_1_433' title='bbox 1625 1741 1700 1782; x_wconf 81' lang='lat' dir='ltr'>equi</span> <span class='ocrx_word' id='word_1_434' title='bbox 1727 1741 1845 1772; x_wconf 81' lang='lat' dir='ltr'>Gallici</span> 
     </span>
     <span class='ocr_line' id='line_1_77' title="bbox 1114 1782 1845 1826; baseline 0.001 -13"><span class='ocrx_word' id='word_1_435' title='bbox 1114 1789 1124 1821; x_wconf 96' lang='lat'>(</span> <span class='ocrx_word' id='word_1_436' title='bbox 1134 1784 1262 1823; x_wconf 72' lang='grc' dir='ltr'>ῖείιεν),</span> <span class='ocrx_word' id='word_1_437' title='bbox 1280 1786 1366 1826; x_wconf 85' lang='lat' dir='ltr'>parvi</span> <span class='ocrx_word' id='word_1_438' title='bbox 1384 1784 1523 1825; x_wconf 85' lang='lat' dir='ltr'>quidem,</span> <span class='ocrx_word' id='word_1_439' title='bbox 1538 1783 1592 1814; x_wconf 85' lang='lat' dir='ltr'>sed</span> <span class='ocrx_word' id='word_1_440' title='bbox 1608 1782 1770 1814; x_wconf 83' lang='lat' dir='ltr'>velocitate</span> <span class='ocrx_word' id='word_1_441' title='bbox 1786 1793 1845 1814; x_wconf 85' lang='lat' dir='ltr'>sua</span> 
     </span>
     <span class='ocr_line' id='line_1_78' title="bbox 1113 1825 1844 1867; baseline 0.001 -11"><span class='ocrx_word' id='word_1_442' title='bbox 1113 1826 1244 1864; x_wconf 88' lang='lat' dir='ltr'>nobiles,</span> <span class='ocrx_word' id='word_1_443' title='bbox 1258 1827 1373 1867; x_wconf 91' lang='lat' dir='ltr'>quibus</span> <span class='ocrx_word' id='word_1_444' title='bbox 1387 1825 1538 1857; x_wconf 85' lang='lat' dir='ltr'>beatiores</span> <span class='ocrx_word' id='word_1_445' title='bbox 1553 1825 1694 1867; x_wconf 88' lang='lat' dir='ltr'>inprimis</span> <span class='ocrx_word' id='word_1_446' title='bbox 1707 1825 1747 1856; x_wconf 77' lang='lat' dir='ltr'>ad</span> <span class='ocrx_word' id='word_1_447' title='bbox 1762 1825 1844 1857; x_wconf 86' lang='lat' dir='ltr'>cele-</span> 
     </span>
     <span class='ocr_line' id='line_1_79' title="bbox 1113 1867 1842 1899; baseline 0 -1"><span class='ocrx_word' id='word_1_448' title='bbox 1113 1868 1192 1899; x_wconf 86' lang='lat' dir='ltr'>riora</span> <span class='ocrx_word' id='word_1_449' title='bbox 1216 1868 1248 1898; x_wconf 91' lang='lat' dir='ltr'>in</span> <span class='ocrx_word' id='word_1_450' title='bbox 1268 1868 1358 1898; x_wconf 89' lang='lat' dir='ltr'>villas</span> <span class='ocrx_word' id='word_1_451' title='bbox 1381 1868 1526 1898; x_wconf 85' lang='lat' dir='ltr'>facienda</span> <span class='ocrx_word' id='word_1_452' title='bbox 1549 1867 1659 1898; x_wconf 76' lang='lat' dir='ltr'>itinera</span> <span class='ocrx_word' id='word_1_453' title='bbox 1679 1867 1728 1898; x_wconf 87' lang='lat' dir='ltr'>usi</span> <span class='ocrx_word' id='word_1_454' title='bbox 1747 1873 1842 1898; x_wconf 85' lang='lat' dir='ltr'>sunt:</span> 
     </span>
     <span class='ocr_line' id='line_1_80' title="bbox 1114 1910 1845 1950; baseline -0.001 -9"><span class='ocrx_word' id='word_1_455' title='bbox 1114 1911 1241 1941; x_wconf 83' lang='lat' dir='ltr'>Lucret.</span> <span class='ocrx_word' id='word_1_456' title='bbox 1266 1910 1310 1946; x_wconf 86' lang='lat' dir='ltr'>iii,</span> <span class='ocrx_word' id='word_1_457' title='bbox 1330 1910 1423 1945; x_wconf 87' lang='lat'>1076,</span> <span class='ocrx_word' id='word_1_458' title='bbox 1442 1911 1550 1940; x_wconf 84' lang='lat' dir='ltr'>Currit</span> <span class='ocrx_word' id='word_1_459' title='bbox 1567 1920 1658 1950; x_wconf 82' lang='lat' dir='ltr'>agens</span> <span class='ocrx_word' id='word_1_460' title='bbox 1672 1920 1793 1940; x_wconf 71' lang='lat' dir='ltr'>mamm</span> <span class='ocrx_word' id='word_1_461' title='bbox 1811 1911 1845 1940; x_wconf 80' lang='lat' dir='ltr'>in</span> 
     </span>
     <span class='ocr_line' id='line_1_81' title="bbox 1109 1953 1845 1993; baseline -0.001 -11"><span class='ocrx_word' id='word_1_462' title='bbox 1109 1954 1213 1982; x_wconf 79' lang='lat' dir='ltr'>villam</span> <span class='ocrx_word' id='word_1_463' title='bbox 1229 1954 1275 1983; x_wconf 78' lang='lat' dir='ltr'>hic</span> <span class='ocrx_word' id='word_1_464' title='bbox 1288 1954 1520 1992; x_wconf 71' lang='lat' dir='ltr'>prcrcipitamer.</span> <span class='ocrx_word' id='word_1_465' title='bbox 1549 1953 1676 1991; x_wconf 79' lang='lat' dir='ltr'>Appiam</span> <span class='ocrx_word' id='word_1_466' title='bbox 1693 1954 1775 1987; x_wconf 78' lang='lat' dir='ltr'>terit,</span> <span class='ocrx_word' id='word_1_467' title='bbox 1790 1961 1845 1993; x_wconf 87' lang='lat' dir='ltr'>per</span> 
     </span>
     <span class='ocr_line' id='line_1_82' title="bbox 1109 1993 1844 2036; baseline -0.001 -12"><span class='ocrx_word' id='word_1_468' title='bbox 1109 1995 1191 2024; x_wconf 89' lang='lat' dir='ltr'>viam</span> <span class='ocrx_word' id='word_1_469' title='bbox 1206 1993 1342 2036; x_wconf 88' lang='lat' dir='ltr'>Appiam</span> <span class='ocrx_word' id='word_1_470' title='bbox 1355 1994 1495 2030; x_wconf 85' lang='lat' dir='ltr'>vehitur;</span> <span class='ocrx_word' id='word_1_471' title='bbox 1518 1993 1585 2024; x_wconf 82' lang='lat' dir='ltr'>haec</span> <span class='ocrx_word' id='word_1_472' title='bbox 1598 1993 1650 2023; x_wconf 86' lang='lat' dir='ltr'>via</span> <span class='ocrx_word' id='word_1_473' title='bbox 1663 1993 1748 2024; x_wconf 88' lang='lat' dir='ltr'>euim</span> <span class='ocrx_word' id='word_1_474' title='bbox 1763 1993 1844 2024; x_wconf 87' lang='lat' dir='ltr'>cele-</span> 
     </span>
     <span class='ocr_line' id='line_1_83' title="bbox 1110 2035 1845 2076; baseline -0.001 -9"><span class='ocrx_word' id='word_1_475' title='bbox 1110 2036 1243 2067; x_wconf 81' lang='lat' dir='ltr'>berrima</span> <span class='ocrx_word' id='word_1_476' title='bbox 1264 2036 1400 2067; x_wconf 85' lang='lat' dir='ltr'>ducebat</span> <span class='ocrx_word' id='word_1_477' title='bbox 1421 2035 1454 2066; x_wconf 89' lang='lat' dir='ltr'>in</span> <span class='ocrx_word' id='word_1_478' title='bbox 1475 2035 1678 2076; x_wconf 80' lang='lat' dir='ltr'>Campaniam</span> <span class='ocrx_word' id='word_1_479' title='bbox 1695 2041 1728 2066; x_wconf 80' lang='lat' dir='ltr'>et</span> <span class='ocrx_word' id='word_1_480' title='bbox 1741 2035 1845 2066; x_wconf 78' lang='lat' dir='ltr'>Brun-</span> 
     </span>
     <span class='ocr_line' id='line_1_84' title="bbox 1111 2078 1846 2119; baseline -0.001 -11"><span class='ocrx_word' id='word_1_481' title='bbox 1111 2078 1249 2109; x_wconf 82' lang='lat' dir='ltr'>dusium.</span> <span class='ocrx_word' id='word_1_482' title='bbox 1293 2078 1497 2117; x_wconf 80' lang='lat' dir='ltr'>Sedililmsque</span> <span class='ocrx_word' id='word_1_483' title='bbox 1524 2087 1650 2119; x_wconf 71' lang='lat' dir='ltr'>magnus</span> <span class='ocrx_word' id='word_1_484' title='bbox 1679 2079 1714 2108; x_wconf 78' lang='lat' dir='ltr'>in</span> <span class='ocrx_word' id='word_1_485' title='bbox 1740 2079 1846 2117; x_wconf 80' lang='lat' dir='ltr'>primis</span> 
     </span>
     <span class='ocr_line' id='line_1_85' title="bbox 1110 2119 1845 2161; baseline 0 -11"><span class='ocrx_word' id='word_1_486' title='bbox 1110 2131 1206 2160; x_wconf 77' lang='lat' dir='ltr'>eques,</span> <span class='ocrx_word' id='word_1_487' title='bbox 1224 2120 1337 2150; x_wconf 77' lang='lat' dir='ltr'>Othone</span> <span class='ocrx_word' id='word_1_488' title='bbox 1352 2125 1507 2156; x_wconf 80' lang='lat' dir='ltr'>contemto,</span> <span class='ocrx_word' id='word_1_489' title='bbox 1520 2121 1611 2155; x_wconf 78' lang='lat' dir='ltr'>sedet,</span> <span class='ocrx_word' id='word_1_490' title='bbox 1626 2124 1659 2150; x_wconf 85' lang='lat' dir='ltr'>et</span> <span class='ocrx_word' id='word_1_491' title='bbox 1672 2119 1704 2149; x_wconf 83' lang='lat' dir='ltr'>in</span> <span class='ocrx_word' id='word_1_492' title='bbox 1721 2125 1845 2161; x_wconf 81' lang='lat' dir='ltr'>specta·</span> 
     </span>
     <span class='ocr_line' id='line_1_86' title="bbox 1110 2160 1845 2202; baseline -0.001 -10"><span class='ocrx_word' id='word_1_493' title='bbox 1110 2162 1201 2198; x_wconf 84' lang='lat' dir='ltr'>culis,</span> <span class='ocrx_word' id='word_1_494' title='bbox 1218 2162 1307 2192; x_wconf 86' lang='lat' dir='ltr'>elusa</span> <span class='ocrx_word' id='word_1_495' title='bbox 1331 2167 1362 2192; x_wconf 90' lang='lat' dir='ltr'>et</span> <span class='ocrx_word' id='word_1_496' title='bbox 1387 2171 1504 2202; x_wconf 89' lang='lat' dir='ltr'>susque</span> <span class='ocrx_word' id='word_1_497' title='bbox 1527 2161 1629 2202; x_wconf 86' lang='lat' dir='ltr'>deque</span> <span class='ocrx_word' id='word_1_498' title='bbox 1651 2160 1756 2191; x_wconf 84' lang='lat' dir='ltr'>habita</span> <span class='ocrx_word' id='word_1_499' title='bbox 1777 2161 1845 2202; x_wconf 84' lang='lat' dir='ltr'>lege</span> 
     </span>
     <span class='ocr_line' id='line_1_87' title="bbox 1113 2203 1847 2244; baseline -0.001 -10"><span class='ocrx_word' id='word_1_500' title='bbox 1113 2204 1244 2239; x_wconf 87' lang='lat' dir='ltr'>Roscia,</span> <span class='ocrx_word' id='word_1_501' title='bbox 1275 2209 1425 2244; x_wconf 84' lang='lat' dir='ltr'>tanquam</span> <span class='ocrx_word' id='word_1_502' title='bbox 1455 2212 1586 2243; x_wconf 85' lang='lat' dir='ltr'>magnus</span> <span class='ocrx_word' id='word_1_503' title='bbox 1618 2213 1714 2244; x_wconf 90' lang='lat' dir='ltr'>eques</span> <span class='ocrx_word' id='word_1_504' title='bbox 1747 2203 1847 2244; x_wconf 85' lang='lat' dir='ltr'>prima</span> 
     </span>
     <span class='ocr_line' id='line_1_88' title="bbox 1111 2244 1846 2286; baseline 0 -11"><span class='ocrx_word' id='word_1_505' title='bbox 1111 2245 1219 2276; x_wconf 86' lang='lat' dir='ltr'>sedilia</span> <span class='ocrx_word' id='word_1_506' title='bbox 1255 2250 1399 2286; x_wconf 86' lang='lat' dir='ltr'>occupat.</span> <span class='ocrx_word' id='word_1_507' title='bbox 1451 2245 1535 2284; x_wconf 88' lang='lat' dir='ltr'>Lege</span> <span class='ocrx_word' id='word_1_508' title='bbox 1570 2244 1654 2276; x_wconf 86' lang='lat' dir='ltr'>enim</span> <span class='ocrx_word' id='word_1_509' title='bbox 1691 2244 1846 2280; x_wconf 85' lang='lat' dir='ltr'>theatrali,</span> 
     </span>
     <span class='ocr_line' id='line_1_89' title="bbox 1111 2285 1845 2328; baseline -0.001 -10"><span class='ocrx_word' id='word_1_510' title='bbox 1111 2297 1206 2328; x_wconf 88' lang='lat' dir='ltr'>quam</span> <span class='ocrx_word' id='word_1_511' title='bbox 1227 2288 1265 2318; x_wconf 91' lang='lat' dir='ltr'>L.</span> <span class='ocrx_word' id='word_1_512' title='bbox 1282 2285 1417 2317; x_wconf 85' lang='lat' dir='ltr'>Roscius</span> <span class='ocrx_word' id='word_1_513' title='bbox 1435 2286 1520 2316; x_wconf 86' lang='lat' dir='ltr'>Otho</span> <span class='ocrx_word' id='word_1_514' title='bbox 1542 2286 1584 2317; x_wconf 92' lang='lat' dir='ltr'>U.</span> <span class='ocrx_word' id='word_1_515' title='bbox 1604 2286 1644 2318; x_wconf 82' lang='lat' dir='ltr'>C.</span> <span class='ocrx_word' id='word_1_516' title='bbox 1667 2297 1845 2317; x_wconf 68' lang='lat' dir='ltr'>ncnxxxvr</span> 
     </span>
     <span class='ocr_line' id='line_1_90' title="bbox 1111 2327 1847 2369; baseline -0.001 -10"><span class='ocrx_word' id='word_1_517' title='bbox 1111 2329 1196 2364; x_wconf 84' lang='lat' dir='ltr'>tulit,</span> <span class='ocrx_word' id='word_1_518' title='bbox 1213 2328 1367 2359; x_wconf 86' lang='lat' dir='ltr'>sancitum</span> <span class='ocrx_word' id='word_1_519' title='bbox 1385 2327 1453 2364; x_wconf 85' lang='lat' dir='ltr'>fuit,</span> <span class='ocrx_word' id='word_1_520' title='bbox 1470 2338 1509 2359; x_wconf 90' lang='lat' dir='ltr'>ne</span> <span class='ocrx_word' id='word_1_521' title='bbox 1524 2327 1594 2369; x_wconf 88' lang='lat' dir='ltr'>quis</span> <span class='ocrx_word' id='word_1_522' title='bbox 1610 2328 1643 2358; x_wconf 87' lang='lat' dir='ltr'>in</span> <span class='ocrx_word' id='word_1_523' title='bbox 1657 2328 1847 2369; x_wconf 80' lang='lat' dir='ltr'>quatuorde-</span> 
     </span>
     <span class='ocr_line' id='line_1_91' title="bbox 1111 2369 1847 2411; baseline -0.001 -9"><span class='ocrx_word' id='word_1_524' title='bbox 1111 2372 1171 2402; x_wconf 89' lang='lat' dir='ltr'>cim</span> <span class='ocrx_word' id='word_1_525' title='bbox 1201 2370 1347 2411; x_wconf 85' lang='lat' dir='ltr'>gradibus</span> <span class='ocrx_word' id='word_1_526' title='bbox 1378 2370 1442 2400; x_wconf 83' lang='lat' dir='ltr'>sive</span> <span class='ocrx_word' id='word_1_527' title='bbox 1471 2370 1581 2401; x_wconf 86' lang='lat' dir='ltr'>cuneis</span> <span class='ocrx_word' id='word_1_528' title='bbox 1610 2370 1785 2406; x_wconf 78' lang='lat' dir='ltr'>orchestrae,</span> <span class='ocrx_word' id='word_1_529' title='bbox 1812 2369 1847 2402; x_wconf 87' lang='lat' dir='ltr'>in</span> 
     </span>
     <span class='ocr_line' id='line_1_92' title="bbox 1112 2412 1846 2454; baseline 0.001 -12"><span class='ocrx_word' id='word_1_530' title='bbox 1112 2423 1173 2454; x_wconf 82' lang='lat' dir='ltr'>qua</span> <span class='ocrx_word' id='word_1_531' title='bbox 1190 2419 1346 2443; x_wconf 78' lang='lat' dir='ltr'>senatores</span> <span class='ocrx_word' id='word_1_532' title='bbox 1365 2412 1527 2447; x_wconf 81' lang='lat' dir='ltr'>sedebant,</span> <span class='ocrx_word' id='word_1_533' title='bbox 1542 2412 1701 2453; x_wconf 86' lang='lat' dir='ltr'>proximis,</span> <span class='ocrx_word' id='word_1_534' title='bbox 1717 2412 1846 2448; x_wconf 80' lang='lat' dir='ltr'>sederet,</span> 
     </span>
     <span class='ocr_line' id='line_1_93' title="bbox 1112 2453 1846 2495; baseline 0 -11"><span class='ocrx_word' id='word_1_535' title='bbox 1112 2454 1172 2484; x_wconf 91' lang='lat' dir='ltr'>nisi</span> <span class='ocrx_word' id='word_1_536' title='bbox 1201 2454 1254 2495; x_wconf 85' lang='lat' dir='ltr'>qui</span> <span class='ocrx_word' id='word_1_537' title='bbox 1283 2464 1377 2495; x_wconf 87' lang='lat' dir='ltr'>eques</span> <span class='ocrx_word' id='word_1_538' title='bbox 1406 2459 1437 2485; x_wconf 91' lang='lat' dir='ltr'>et</span> <span class='ocrx_word' id='word_1_539' title='bbox 1462 2453 1600 2495; x_wconf 86' lang='lat' dir='ltr'>equestri</span> <span class='ocrx_word' id='word_1_540' title='bbox 1626 2464 1723 2485; x_wconf 81' lang='lat' dir='ltr'>censu</span> <span class='ocrx_word' id='word_1_541' title='bbox 1751 2461 1846 2485; x_wconf 87' lang='lat' dir='ltr'>esset.</span> 
     </span>
     <span class='ocr_line' id='line_1_94' title="bbox 1112 2495 1845 2537; baseline -0.001 -10"><span class='ocrx_word' id='word_1_542' title='bbox 1112 2496 1174 2528; x_wconf 85' lang='lat' dir='ltr'>Sed</span> <span class='ocrx_word' id='word_1_543' title='bbox 1197 2496 1254 2527; x_wconf 88' lang='lat' dir='ltr'>iste</span> <span class='ocrx_word' id='word_1_544' title='bbox 1276 2496 1379 2532; x_wconf 84' lang='lat' dir='ltr'>homo,</span> <span class='ocrx_word' id='word_1_545' title='bbox 1394 2495 1535 2537; x_wconf 87' lang='lat' dir='ltr'>quamvis</span> <span class='ocrx_word' id='word_1_546' title='bbox 1554 2500 1591 2526; x_wconf 88' lang='lat' dir='ltr'>ut</span> <span class='ocrx_word' id='word_1_547' title='bbox 1607 2495 1750 2527; x_wconf 85' lang='lat' dir='ltr'>tribunus</span> <span class='ocrx_word' id='word_1_548' title='bbox 1763 2495 1845 2526; x_wconf 88' lang='lat' dir='ltr'>mili-</span> 
     </span>
     <span class='ocr_line' id='line_1_95' title="bbox 1111 2537 1847 2580; baseline -0.001 -11"><span class='ocrx_word' id='word_1_549' title='bbox 1111 2544 1177 2569; x_wconf 92' lang='lat' dir='ltr'>tum</span> <span class='ocrx_word' id='word_1_550' title='bbox 1193 2538 1328 2580; x_wconf 87' lang='lat' dir='ltr'>equestri</span> <span class='ocrx_word' id='word_1_551' title='bbox 1346 2538 1496 2578; x_wconf 86' lang='lat' dir='ltr'>dignitate</span> <span class='ocrx_word' id='word_1_552' title='bbox 1516 2537 1682 2578; x_wconf 77' lang='lat' dir='ltr'>gaudebat,</span> <span class='ocrx_word' id='word_1_553' title='bbox 1697 2537 1847 2569; x_wconf 75' lang='lat' dir='ltr'>hactenus</span> 
     </span>
     <span class='ocr_line' id='line_1_96' title="bbox 1110 2579 1846 2621; baseline -0.001 -10"><span class='ocrx_word' id='word_1_554' title='bbox 1110 2586 1214 2611; x_wconf 89' lang='lat' dir='ltr'>tamen</span> <span class='ocrx_word' id='word_1_555' title='bbox 1240 2581 1337 2621; x_wconf 80' lang='lat' dir='ltr'>legem</span> <span class='ocrx_word' id='word_1_556' title='bbox 1363 2580 1498 2611; x_wconf 87' lang='lat' dir='ltr'>Othonis</span> <span class='ocrx_word' id='word_1_557' title='bbox 1520 2579 1749 2615; x_wconf 76' lang='lat' dir='ltr'>contemnebat,</span> <span class='ocrx_word' id='word_1_558' title='bbox 1768 2579 1802 2610; x_wconf 88' lang='lat' dir='ltr'>h.</span> <span class='ocrx_word' id='word_1_559' title='bbox 1817 2590 1846 2611; x_wconf 90' lang='lat' dir='ltr'>e.</span> 
     </span>
     <span class='ocr_line' id='line_1_97' title="bbox 1110 2621 1848 2663; baseline -0.001 -10"><span class='ocrx_word' id='word_1_560' title='bbox 1110 2622 1269 2659; x_wconf 87' lang='lat' dir='ltr'>eludebat,</span> <span class='ocrx_word' id='word_1_561' title='bbox 1286 2622 1368 2663; x_wconf 88' lang='lat' dir='ltr'>quod</span> <span class='ocrx_word' id='word_1_562' title='bbox 1387 2632 1425 2652; x_wconf 87' lang='lat' dir='ltr'>ex</span> <span class='ocrx_word' id='word_1_563' title='bbox 1440 2626 1543 2652; x_wconf 86' lang='lat' dir='ltr'>mente</span> <span class='ocrx_word' id='word_1_564' title='bbox 1559 2621 1694 2652; x_wconf 82' lang='lat' dir='ltr'>Othonis</span> <span class='ocrx_word' id='word_1_565' title='bbox 1713 2621 1802 2663; x_wconf 84' lang='lat' dir='ltr'>plebs</span> <span class='ocrx_word' id='word_1_566' title='bbox 1816 2627 1848 2652; x_wconf 82' lang='lat' dir='ltr'>et</span> 
     </span>
     <span class='ocr_line' id='line_1_98' title="bbox 1112 2662 1847 2705; baseline -0.001 -10"><span class='ocrx_word' id='word_1_567' title='bbox 1112 2664 1230 2696; x_wconf 86' lang='lat' dir='ltr'>servilis</span> <span class='ocrx_word' id='word_1_568' title='bbox 1264 2663 1450 2695; x_wconf 80' lang='lat' dir='ltr'>conditionis</span> <span class='ocrx_word' id='word_1_569' title='bbox 1481 2662 1632 2700; x_wconf 86' lang='lat' dir='ltr'>homines,</span> <span class='ocrx_word' id='word_1_570' title='bbox 1661 2663 1762 2705; x_wconf 82' lang='lat' dir='ltr'>qualis</span> <span class='ocrx_word' id='word_1_571' title='bbox 1788 2663 1847 2694; x_wconf 77' lang='lat' dir='ltr'>iste</span> 
     </span>
     <span class='ocr_line' id='line_1_99' title="bbox 1113 2705 1725 2747; baseline -0.002 -10"><span class='ocrx_word' id='word_1_572' title='bbox 1113 2707 1184 2742; x_wconf 83' lang='lat' dir='ltr'>suit,</span> <span class='ocrx_word' id='word_1_573' title='bbox 1199 2707 1239 2737; x_wconf 84' lang='lat' dir='ltr'>ab</span> <span class='ocrx_word' id='word_1_574' title='bbox 1253 2706 1411 2747; x_wconf 85' lang='lat' dir='ltr'>equitibus</span> <span class='ocrx_word' id='word_1_575' title='bbox 1425 2705 1543 2736; x_wconf 85' lang='lat' dir='ltr'>secerni</span> <span class='ocrx_word' id='word_1_576' title='bbox 1557 2705 1725 2736; x_wconf 81' lang='lat' dir='ltr'>debebant.</span> 
     </span>
     <span class='ocr_line' id='line_1_100' title="bbox 1157 2748 1844 2784; baseline -0.003 -5"><span class='ocrx_word' id='word_1_577' title='bbox 1157 2749 1292 2779; x_wconf 85' lang='lat'>17—20.</span> <span class='ocrx_word' id='word_1_578' title='bbox 1338 2748 1419 2783; x_wconf 73' lang='lat' dir='ltr'>Quid</span> <span class='ocrx_word' id='word_1_579' title='bbox 1455 2749 1577 2784; x_wconf 75' lang='lat' dir='ltr'>attinet,</span> <span class='ocrx_word' id='word_1_580' title='bbox 1605 2751 1679 2778; x_wconf 86' lang='lat' dir='ltr'>cett.</span> <span class='ocrx_word' id='word_1_581' title='bbox 1713 2757 1821 2778; x_wconf 85' lang='lat' dir='ltr'>sensus</span> <span class='ocrx_word' id='word_1_582' title='bbox 1837 2758 1844 2776; x_wconf 76' lang='grc' dir='ltr'>ι</span> 
     </span>
     <span class='ocr_line' id='line_1_101' title="bbox 1111 2788 1846 2832; baseline -0.003 -11"><span class='ocrx_word' id='word_1_583' title='bbox 1111 2791 1187 2832; x_wconf 90' lang='lat' dir='ltr'>quid</span> <span class='ocrx_word' id='word_1_584' title='bbox 1213 2789 1340 2832; x_wconf 86' lang='lat' dir='ltr'>expedit</span> <span class='ocrx_word' id='word_1_585' title='bbox 1361 2794 1448 2821; x_wconf 79' lang='lat' dir='ltr'>tanto</span> <span class='ocrx_word' id='word_1_586' title='bbox 1474 2794 1624 2831; x_wconf 76' lang='lat' dir='ltr'>apparatu</span> <span class='ocrx_word' id='word_1_587' title='bbox 1645 2788 1774 2820; x_wconf 74' lang='lat' dir='ltr'>classem</span> <span class='ocrx_word' id='word_1_588' title='bbox 1797 2789 1846 2819; x_wconf 88' lang='lat' dir='ltr'>in·</span> 
     </span>
     <span class='ocr_line' id='line_1_102' title="bbox 1111 2829 1847 2867; baseline -0.001 -5"><span class='ocrx_word' id='word_1_589' title='bbox 1111 2841 1238 2867; x_wconf 85' lang='lat' dir='ltr'>struere.</span> <span class='ocrx_word' id='word_1_590' title='bbox 1254 2837 1289 2863; x_wconf 81' lang='lat' dir='ltr'>ut</span> <span class='ocrx_word' id='word_1_591' title='bbox 1309 2831 1442 2863; x_wconf 84' lang='lat' dir='ltr'>latrones</span> <span class='ocrx_word' id='word_1_592' title='bbox 1461 2837 1492 2862; x_wconf 82' lang='lat' dir='ltr'>et</span> <span class='ocrx_word' id='word_1_593' title='bbox 1513 2840 1618 2862; x_wconf 81' lang='lat' dir='ltr'>servos</span> <span class='ocrx_word' id='word_1_594' title='bbox 1634 2829 1804 2866; x_wconf 79' lang='lat' dir='ltr'>vincamus,</span> <span class='ocrx_word' id='word_1_595' title='bbox 1820 2831 1847 2861; x_wconf 83' lang='lat' dir='ltr'>si</span> 
     </span>
     <span class='ocr_line' id='line_1_103' title="bbox 1112 2871 1845 2916; baseline -0.004 -11"><span class='ocrx_word' id='word_1_596' title='bbox 1112 2875 1191 2909; x_wconf 83' lang='lat' dir='ltr'>servi</span> <span class='ocrx_word' id='word_1_597' title='bbox 1208 2874 1291 2916; x_wconf 87' lang='lat' dir='ltr'>apud</span> <span class='ocrx_word' id='word_1_598' title='bbox 1307 2884 1362 2905; x_wconf 84' lang='lat' dir='ltr'>nos</span> <span class='ocrx_word' id='word_1_599' title='bbox 1376 2873 1415 2904; x_wconf 90' lang='lat' dir='ltr'>ad</span> <span class='ocrx_word' id='word_1_600' title='bbox 1431 2872 1546 2904; x_wconf 87' lang='lat' dir='ltr'>tribuni</span> <span class='ocrx_word' id='word_1_601' title='bbox 1561 2871 1697 2903; x_wconf 85' lang='lat' dir='ltr'>militum</span> <span class='ocrx_word' id='word_1_602' title='bbox 1715 2872 1845 2903; x_wconf 81' lang='lat' dir='ltr'>honores</span> 
     </span>
     <span class='ocr_line' id='line_1_104' title="bbox 1112 2915 1846 2955; baseline -0.003 -7"><span class='ocrx_word' id='word_1_603' title='bbox 1112 2916 1310 2948; x_wconf 65' lang='lat' dir='ltr'>evehuntur?</span> <span class='ocrx_word' id='word_1_604' title='bbox 1356 2916 1419 2946; x_wconf 80' lang='lat' dir='ltr'>Ora</span> <span class='ocrx_word' id='word_1_605' title='bbox 1449 2917 1571 2946; x_wconf 68' lang='lat' dir='ltr'>navium</span> <span class='ocrx_word' id='word_1_606' title='bbox 1599 2916 1688 2955; x_wconf 71' lang='lat' dir='ltr'>gravi</span> <span class='ocrx_word' id='word_1_607' title='bbox 1716 2915 1846 2954; x_wconf 73' lang='lat' dir='ltr'>pondere</span> 
     </span>
    </p>
   </div>
  </div>
 </body>
</html>
