1884 3288
299 233 384 274 246

897 229 1195 270 EPODON

445 331 498 371 25
529 329 631 370 Non
651 335 698 370 ut
712 328 905 383 juvencis
924 327 1084 382 illigata
1104 327 1301 381 pluribus

699 394 857 435 Arati-a
877 393 1066 434 nitantur
1085 407 1198 433 mea:

533 461 725 502 Pecusve
747 459 939 500 Calabris
960 466 1057 500 ante
1079 459 1196 499 sidus
1217 457 1429 499 fervidum-

700 526 876 566 Lucana
895 532 1030 566 mutet
1050 539 1229 578 paseua3

529 593 627 634 Nec
647 600 695 633 ut
716 593 889 646 superni
909 591 1006 632 villa
1022 592 1208 632 candens
1229 589 1413 631 Tusculi-

445 661 501 700 30

700 658 862 699 Circaea
883 665 1030 712 tangat
1050 647 1215 698 moenia.

530 724 643 765 Satis
665 739 879 778 superque
899 738 965 764 me
987 723 1226 776 benignitas
1245 730 1318 762 tua

699 790 885 831 Ditavit:
918 790 1035 830 haud
1056 803 1274 842 paravero,

533 857 663 903 Quod
686 864 773 904 aut,
794 870 945 896 avarus
967 862 1013 896 ut
1035 855 1255 903 Chremes,
1278 861 1392 895 terra
1411 867 1611 907 premam,

700 922 948 963 Discinctus
969 930 1041 962 aut
1062 921 1239 974 perdam
1257 927 1304 961 ut
1324 934 1472 973 ηεροδ.

877 1108 1147 1151 CARMEN
1180 1108 1237 1148 Il.

592 1267 772 1307 BEATUS
793 1265 876 1314 ille,
898 1266 971 1319 qui
993 1263 1146 1319 procul
1163 1264 1359 1318 negotiis,

815 1331 876 1372 Ut
897 1332 1038 1385 prisca
1057 1346 1161 1385 gens
1182 1330 1430 1378 mortaliam,

307 1451 390 1483 tione
413 1463 478 1493 pro,
504 1453 571 1483 Non
593 1459 627 1482 ut
650 1453 751 1491 plures
771 1454 899 1492 juvenci
924 1453 1037 1482 aratris

306 1497 377 1525 meis
406 1495 524 1536 illigati
556 1496 709 1530 nitantur,
739 1494 770 1524 h.
806 1505 835 1524 e.
869 1495 1036 1528 luctentur,

304 1536 384 1566 vires
405 1535 436 1566 in
460 1543 540 1566 terra
566 1547 617 1578 per
646 1542 781 1566 aratrum
811 1535 1038 1577 proscindenda.

304 1577 480 1615 intendant,
508 1590 563 1620 pro
594 1579 691 1614 tenui,
721 1582 818 1608 arent.
863 1578 924 1607 Pro
957 1578 1038 1612 meis,

307 1620 391 1660 quod
413 1620 494 1661 plur.
516 1620 604 1651 editt.
622 1620 781 1656 exhibent,
799 1629 870 1650 cum
895 1618 1039 1649 Bentleio

305 1661 389 1696 dedi,
419 1673 493 1697 mea,
521 1662 605 1702 quod
634 1661 771 1702 postulat
800 1661 862 1691 sere
892 1660 1040 1690 orationis

306 1703 511 1734 concinnitas.
556 1704 685 1733 pecusve
709 1703 846 1732 Calabris
868 1709 938 1732 ante
958 1704 1040 1732 sidus

296 1744 456 1786 fervidum
470 1746 596 1775 Lucana
608 1750 701 1774 mutet
710 1755 842 1784 pascua5
866 1744 897 1773 in
908 1743 1040 1784 egregiis

305 1786 389 1817 enim
419 1787 574 1818 Calabriae
597 1793 628 1817 et
654 1786 804 1817 Lucaniae
832 1786 953 1827 pascuis
981 1796 1039 1816 nu-

307 1838 441 1860 merosos
462 1829 615 1860 beatiores
640 1827 778 1859 Romani
804 1838 911 1868 greges
938 1833 969 1858 et
991 1838 1038 1858 ar-

307 1877 412 1901 menta
435 1871 517 1902 alere
538 1871 692 1905 solebant,
714 1870 756 1900 ita
779 1870 918 1910 quidem,
941 1875 977 1900 ut
1002 1879 1039 1900 ea

307 1918 378 1942 ante
395 1918 495 1943 ortum
518 1912 590 1943 sirii
605 1914 690 1943 circa
709 1922 845 1942 mensem
866 1912 960 1942 ferme
981 1912 1039 1942 Ju-

309 1954 395 1984 nium
412 1964 429 1984 e
446 1954 604 1990 Calabria,
619 1953 841 1985 vehementiori
859 1953 933 1984 solis
952 1953 1041 1984 aestui

307 1995 447 2037 exposita
476 1997 578 2035 (unde
609 1996 752 2026 Calabria
778 2005 847 2036 sup.
878 1995 899 2033 i,
924 1996 976 2031 31,
1008 1997 1040 2030 5,

307 2044 429 2068 oestuosa
457 2037 602 2077 dicitur),
632 2039 664 2068 in
693 2037 861 2067 saltuosam
897 2043 928 2068 et
954 2037 1039 2076 frigi-

309 2078 425 2111 diorem
447 2080 598 2110 Lucaniae
620 2079 775 2120 regionem
799 2085 936 2118 agerent,
950 2079 1039 2109 etsie

307 2131 427 2162 pascua
450 2122 586 2152 Calabra
608 2132 680 2152 curn
705 2121 839 2151 Lucanis
861 2125 1038 2151 mutarent:

309 2163 349 2193 cf.
368 2163 422 2195 inf.
446 2163 545 2204 Epist.
565 2163 587 2198 i,
609 2165 640 2198 8,
661 2164 693 2193 6.
740 2163 803 2193 Nec
823 2169 858 2192 ut
878 2163 951 2192 villa
969 2174 1041 2193 can-

307 2207 389 2239 dens.
413 2215 470 2236 nec
495 2211 531 2236 ut
553 2205 630 2236 villa
653 2215 721 2235 mea
743 2203 872 2238 Sabina,
900 2213 939 2234 ex
965 2214 1038 2234 can-

1080 1452 1163 1492 apud
1187 1450 1397 1481 Menandrum
1420 1448 1453 1478 in
1477 1448 1626 1478 Thesauro
1647 1457 1756 1478 aurum
1780 1446 1815 1477 in

1081 1498 1280 1523 monumento
1317 1491 1452 1532 quodam
1488 1489 1642 1520 defodisse
1675 1489 1813 1530 fingitur,

1081 1535 1316 1575 intelligendum
1346 1543 1424 1567 esse.
1451 1532 1518 1573 jam
1547 1530 1746 1571 Boettigerus
1774 1530 1814 1561 ad

1082 1577 1113 1607 h.
1143 1577 1164 1606 l.
1198 1575 1329 1606 monuit.
1386 1575 1428 1604 Ut
1459 1584 1544 1613 nepos
1574 1574 1749 1608 discinctus,
1776 1577 1813 1603 ut

1083 1618 1174 1648 homo
1198 1617 1359 1657 negligens
1385 1622 1417 1647 et
1443 1615 1601 1657 prodigus,
1623 1614 1726 1656 qualis
1750 1615 1814 1645 fere

1086 1661 1288 1690 Nomentanus
1317 1658 1350 1688 in
1380 1656 1583 1689 Sermonibus
1610 1655 1812 1687 describitur:

1082 1704 1256 1738 discinctus,
1279 1700 1401 1742 proprie
1421 1701 1461 1730 de
1482 1709 1532 1736 eo,
1549 1698 1604 1740 qui
1625 1698 1706 1729 male
1727 1697 1815 1730 cinc-

1083 1750 1133 1774 tus
1148 1744 1219 1774 laxa
1235 1743 1343 1774 tunica
1360 1742 1487 1778 incedit,
1502 1741 1586 1782 quod
1603 1739 1767 1771 desidiosae
1783 1745 1815 1771 et
1864 1751 1876 1754 ‘

1083 1786 1232 1816 mollioris
1248 1785 1308 1816 fere
1331 1785 1400 1815 vitae
1420 1784 1542 1824 signum
1560 1782 1640 1821 fuit;
1661 1781 1736 1813 hinc
1751 1783 1813 1812 dis-

1082 1830 1175 1858 cincti
1201 1827 1277 1858 dicti
1300 1832 1375 1857 sunt
1401 1825 1542 1856 homines
1568 1823 1759 1864 negligentes
1783 1828 1816 1855 et

1082 1880 1191 1911 parum
1209 1879 1308 1900 rerum
1326 1878 1451 1899 suarum
1470 1866 1601 1898 curiosi:
1625 1876 1723 1906 nepos,
1747 1865 1814 1896 hel-

1083 1913 1146 1948 luo,
1172 1922 1235 1942 rem
1259 1911 1442 1941 familiarem
1471 1919 1526 1951 per
1551 1908 1660 1939 luxum
1685 1913 1717 1939 et
1742 1907 1815 1938 libi-

1083 1954 1188 1984 dinem
1217 1953 1348 1995 perdens
1378 1957 1472 1992 atque
1502 1949 1698 1992 dilapidans3
1730 1949 1815 1980 haud

1084 1995 1179 2026 dubie
1196 1995 1281 2030 inde,
1300 1993 1396 2036 quod,
1416 1993 1472 2034 qui
1489 1993 1530 2023 ab
1547 1993 1614 2023 avis
1633 1990 1816 2028 educantur,

1082 2038 1130 2068 vel
1148 2037 1328 2068 mollissimo
1343 2045 1468 2067 avorum
1488 2044 1612 2066 suorum
1633 2043 1737 2065 amore
1750 2033 1815 2064 fru-

1083 2086 1188 2115 untur,
1206 2080 1288 2109 haud
1304 2089 1370 2109 raro
1390 2076 1508 2107 blanda
1521 2086 1628 2107 eorum
1646 2074 1814 2116 indulgen-

1083 2121 1127 2152 tia
1149 2126 1399 2162 corrumpuntur.
1444 2118 1506 2150 Sed
1525 2119 1639 2149 Festus
1658 2117 1717 2148 sub
1739 2127 1816 2149 voce

1084 2175 1188 2203 nepos.-
1213 2164 1369 2193 luxuriose
1391 2162 1458 2192 vitae
1477 2162 1605 2191 homines
1626 2165 1741 2199 nepotes
1758 2171 1814 2199 ap-

1081 2207 1249 2244 pellantur.
1281 2205 1358 2244 quod
1392 2214 1450 2232 non
1481 2203 1576 2244 magis
1605 2202 1649 2232 Ιιὶι
1681 2203 1726 2232 ren·
1755 2212 1815 2232 suae

309 2245 402 2278 dente
431 2257 593 2283 marmore,
625 2252 659 2277 ut
686 2246 770 2277 villae
797 2246 955 2281 ditiorum,
985 2256 1038 2275 ex-
1073 2247 1247 2288 familiaris
1268 2257 1343 2276 cara
1361 2250 1414 2279 ese,
1435 2255 1524 2284 quam
1547 2245 1583 2274 iis
1604 2243 1711 2284 quibus
1726 2249 1815 2283 pater

308 2294 445 2328 structa3
470 2295 587 2329 tangat,
607 2294 670 2318 tam
694 2288 784 2328 longe
804 2287 989 2318 extendatur
1011 2293 1042 2318 et
1083 2299 1211 2328 avusque
1225 2289 1344 2318 vivunt.

331 2331 492 2372 orrigatur,
525 2336 558 2361 ut
594 2331 738 2369 attingat.
792 2331 905 2359 Circaea
934 2331 1042 2359 moenia

309 2341 445 2410 Ilus-cuti,
462 2372 492 2402 h.
509 2383 538 2403 e.
557 2372 731 2403 Tusculum
746 2373 848 2408 (nunc
868 2371 1037 2410 Frascati),

306 2414 398 2456 cujus
423 2414 563 2446 conditor
593 2414 699 2445 Circes
726 2413 820 2447 filius,
850 2413 1037 2453 Telegonus.

307 2456 401 2487 fuisse
430 2456 577 2487 traditur:
608 2456 648 2487 cf.
676 2466 745 2496 sup.
775 2454 815 2485 ad
845 2455 892 2489 iii,
924 2456 977 2492 29,
1007 2457 1038 2486 Β.

308 2499 451 2538 Summi.
466 2509 558 2540 super
574 2498 662 2540 jugo,
681 2497 735 2528 ubi
753 2496 831 2527 illud
853 2497 946 2527 situm
966 2497 1036 2532 fuit,

309 2540 529 2582 prominentis:
564 2540 622 2570 nisi
646 2539 715 2581 quis
740 2550 794 2580 pro
819 2541 940 2578 superni
966 2549 1039 2569 cum

309 2581 465 2618 Bentleio,
495 2584 597 2621 supini
628 2582 727 2621 legere
757 2580 866 2616 malm
899 2580 1040 2611 similiter

308 2630 404 2660 certe,
425 2635 495 2667 sup.
515 2624 561 2660 iii,
583 2626 614 2660 4,
634 2625 687 2659 23,
710 2624 804 2654 Tibur
826 2624 968 2662 supinum
987 2633 1039 2653 vo-

307 2673 408 2698 catur.

351 2710 487 2740 31-34.
520 2709 599 2738 Satis
626 2718 769 2748 superque
799 2718 842 2737 me
871 2707 1039 2746 benignitas

307 2758 361 2782 rua
386 2751 518 2782 Dicam}-
561 2749 712 2780 Sabinum
734 2748 816 2780 enim
843 2758 933 2778 suum
958 2749 1038 2778 Mae-

306 2793 425 2824 canatis
441 2791 619 2824 liberalitati
632 2795 792 2838 acceptum
809 2790 955 2820 referebat
973 2791 1038 2820 Ho-

308 2834 421 2872 ratius;
447 2834 517 2865 hinc
536 2834 591 2864 ille
609 2843 679 2874 sup.
700 2832 733 2868 i1,
759 2834 808 2867 18,
830 2833 880 2867 12,
900 2842 953 2861 *nec
975 2832 1038 2862 lar-

305 2878 393 2918 giora
407 2877 534 2918 flagito,
561 2878 633 2906 sutis
658 2877 760 2906 beatus
785 2875 882 2904 unicis
909 2874 1039 2904 Sabinis.

309 2921 428 2950 Avarus
449 2925 483 2949 ut
509 2919 657 2951 Chremes,
676 2927 738 2947 non
763 2916 955 2947 Chremetem
980 2916 1038 2946 Te-

306 2960 494 2997 rentianum,
514 2960 573 2993 sed:
587 2969 694 2992 senem
711 2958 801 2989 illum
824 2967 964 2994 avarum,
983 2957 1040 2998 qui

1313 2369 1512 2402 CARMEN
1537 2369 1586 2400 11.

1125 2412 1276 2443 Homines
1296 2411 1474 2442 divitiarum
1494 2409 1740 2452 colligendarum
1758 2420 1816 2442 cu·

1082 2455 1211 2497 piditate
1241 2455 1415 2496 praepediri,
1443 2463 1506 2494 quo
1536 2453 1640 2483 minus
1667 2451 1816 2484 felicioris

1082 2497 1152 2528 vitae
1179 2495 1433 2538 jucunditatibus
1461 2495 1670 2537 perfruantur,
1697 2493 1818 2536 Alphii,

1082 2539 1276 2570 foenemtoris
1294 2537 1472 2579 cujusdam.
1489 2536 1631 2580 exemplo
1649 2536 1817 2578 proposito,

1083 2581 1231 2612 declarat.
1285 2580 1437 2622 Alphium
1475 2579 1571 2617 enim,
1606 2587 1751 2611 curarum
1785 2583 1817 2609 et

1083 2623 1154 2654 vitae
1184 2634 1247 2653 suae
1279 2621 1465 2653 molestioris
1493 2626 1670 2664 pertaesum,
1699 2619 1743 2651 ita
1776 2620 1816 2651 de

1083 2666 1155 2696 vitae
1179 2665 1316 2700 rusticae,
1342 2663 1395 2694 cui
1421 2674 1454 2694 se
1475 2667 1720 2694 consecraturus
1737 2667 1817 2698 erat,

1083 2706 1232 2738 felicitate
1258 2711 1290 2737 et
1312 2705 1509 2747 jucunditate
1534 2704 1572 2737 in
1592 2704 1658 2735 hoc·
1679 2703 1816 2736 carmine

1084 2749 1261 2790 loquentem
1280 2747 1414 2782 inducit,
1435 2746 1574 2778 utillum
1593 2745 1683 2776 omni
1697 2746 1817 2777 soenore

1084 2801 1167 2822 nunc
1194 2790 1288 2832 plane
1314 2789 1449 2821 solutum
1476 2787 1630 2830 reliquam
1658 2787 1755 2818 vitam
1781 2786 1815 2817 in

1083 2832 1164 2873 agris
1186 2837 1411 2863 transacturum
1438 2829 1531 2861 fuisse
1555 2835 1705 2872 putasses.
1749 2829 1816 2860 Ve-

1082 2885 1151 2905 rum
1177 2874 1260 2905 enim
1286 2883 1357 2904 vero
1384 2873 1485 2904 bonus
1512 2871 1652 2914 Alphius
1680 2880 1815 2912 quoque,

1082 2917 1137 2958 qui
1161 2915 1340 2947 divitiarum
1368 2913 1616 2956 colligendarum
1643 2912 1816 2955 eupiditate

1082 2969 1115 2990 se
1137 2963 1343 2990 transversum
1366 2956 1416 2998 agi
1439 2960 1606 2998 pateretur,
1629 2954 1722 2987 homo
1743 2953 1814 2985 suit.
