1884 3288
234 199 284 239 14

796 197 1190 239 CARMINUM

485 298 711 347 Conamur,
733 304 883 339 tenues
905 299 1108 352 grandia:
1141 299 1241 339 dum
1263 298 1403 352 pudor

405 366 456 407 10
485 365 758 419 Imbellisque
777 365 880 419 lyrae
901 365 1033 405 Musa
1051 371 1203 418 potens
1223 372 1337 406 vetat

488 432 662 474 Laudes
683 431 846 486 egregii
867 431 1047 472 Caesaris
1069 438 1112 472 et
1133 439 1226 472 tuas

545 498 683 553 Culpa
703 498 899 539 deterere
919 497 1076 551 ingeni.

490 566 602 613 Quis
622 564 808 606 Martem
827 565 971 605 tunica
990 570 1150 604 tectum
1170 562 1440 603 adamantina

489 632 636 686 Digne
658 631 904 685 scripserit?
927 636 1001 670 aut
1019 628 1195 682 pulvere
1216 628 1351 669 Troio

410 699 461 738 15
491 698 677 752 Nigrum
698 697 966 738 Merionem?
997 702 1070 735 aut
1089 709 1169 748 ope
1191 693 1379 735 Palladis

547 763 750 817 Tydiden
771 762 938 816 superis
958 763 1132 815 parem?

493 829 589 870 Nos
611 829 815 876 convivia,
837 842 913 868 nos
935 825 1087 880 proelia
1107 826 1316 880 virginum

494 896 663 937 Strictis
683 896 728 935 in
744 895 924 948 juvenes
944 893 1162 947 unguibus
1183 892 1342 932 acrium

495 961 742 1009 cantamus,
763 960 899 1009 vacui,
922 960 1009 999 sive
1030 958 1134 1012 quid
1157 958 1332 1007 urimur,

409 1028 465 1069 20

240 1164 301 1196 sibi
317 1165 356 1195 ab
371 1174 407 1195 eo
424 1162 595 1195 Briseidem
613 1162 737 1194 cederet
747 1175 756 1202 5
778 1161 987 1198 inexorabilis,

243 1205 425 1249 pervicacis.

287 1251 318 1279 7.
343 1249 454 1279 Cursus
479 1247 590 1284 Ulixei,
614 1257 729 1277 errores
751 1246 889 1288 Ulyssis,
910 1256 989 1287 quos

243 1290 359 1322 cecinit
376 1291 530 1320 Homerus
547 1289 579 1319 in
595 1289 749 1330 Odyssea.
798 1289 922 1319 Ulizeus
938 1299 989 1319 ve-

243 1339 296 1364 tus
324 1333 421 1363 forma
449 1342 514 1373 pro,
541 1331 683 1372 Ulysses‚
707 1336 741 1360 ut
770 1330 826 1361 inf.
857 1332 906 1366 15,
934 1331 987 1361 34.

244 1374 399 1406 Achilleus
426 1384 492 1414 pro,
521 1373 677 1403 Achilles.
722 1373 875 1412 Duplicis.
919 1372 988 1402 Du-

242 1418 310 1456 plex
337 1415 513 1454 (διπλοῦς)
540 1414 595 1455 qui
623 1414 801 1445 simulando
830 1419 861 1445 et
884 1414 988 1444 fictam

244 1457 381 1500 speciem
397 1468 460 1499 prae
483 1467 515 1488 se
538 1456 662 1487 serendo
683 1456 773 1492 fallit,
789 1456 885 1491 vafer,
900 1456 987 1486 dolo-

246 1510 311 1536 sus,
321 1499 494 1546 versipellis
506 1499 774 1540 (πολὺτροπος),
789 1498 905 1528 homini
920 1500 987 1528 sim—

242 1543 328 1582 plici,
346 1543 360 1580 (
388 1552 420 1572 ui
439 1540 559 1572 Graecis
581 1548 629 1571 est
649 1539 799 1580 ἁπλοῦς)
817 1540 848 1572 h.
863 1550 892 1571 e.
914 1549 989 1570 cau-

247 1584 321 1615 dido
335 1594 372 1615 ve
400 1583 521 1614 sincero
537 1583 714 1624 opponitur.

291 1627 322 1662 8,
346 1627 378 1656 9.
401 1626 464 1655 Nec
488 1636 591 1655 saevam
620 1626 736 1663 Pelopis
757 1625 885 1659 domum,
910 1623 941 1654 h.
963 1634 991 1655 e.

248 1678 305 1699 nec
332 1677 431 1698 saevas
458 1677 477 1697 a
502 1666 630 1708 Pelopis
657 1665 777 1696 familia
806 1671 994 1707 perpetratas

247 1709 360 1744 caedes,
376 1719 448 1750 quae
465 1708 612 1749 Sophocli
635 1707 775 1750 inprimis
790 1707 994 1747 largissimam

247 1751 287 1782 ad
300 1750 470 1792 tragoedias
485 1749 665 1780 scribendas
679 1749 918 1791 suppeditarunt
929 1759 994 1780 ma-

247 1793 366 1824 teriem.
411 1793 585 1823 OEnomaus
599 1791 683 1823 enim
699 1802 716 1822 a
733 1802 845 1832 genero
866 1791 994 1833 Pelope,

248 1836 397 1877 Thyestae
411 1834 499 1865 liberi
516 1835 555 1864 ab
569 1834 639 1875 ejus
652 1834 745 1864 fratre
758 1833 865 1868 Atreo,
881 1835 995 1864 Atreus

248 1878 288 1908 ab
305 1877 464 1918 AEgistho,
479 1876 695 1916 Agamemnon
711 1885 729 1905 a
745 1875 995 1916 Clytaemnestra,

248 1919 316 1950 haec
347 1924 379 1949 et
409 1917 575 1958 AEgisthus
608 1918 647 1947 ab
676 1918 787 1948 Oreste
815 1917 902 1948 illius
932 1918 995 1948 filio

249 1961 347 1992 occisi
376 1965 460 1995 sunt,
486 1960 612 1990 Orestes
641 1959 706 2000 ipse
734 1958 822 1989 furiis
851 1959 994 1999 agitatus.

251 2002 364 2033 Tenues
379 2002 458 2033 refer
478 2001 517 2031 ad
533 2013 594 2038 nos,
608 2002 743 2043 grandia
766 2000 805 2031 ad
823 2001 995 2041 grandioris

250 2044 376 2086 spiritus
390 2043 539 2075 carmina.

297 2088 349 2121 10.
373 2087 560 2126 Imbellisque
581 2086 653 2126 lyrae
675 2085 766 2115 Musa
786 2091 897 2124 potens,
922 2083 952 2115 h.
967 2095 995 2116 e.

252 2134 284 2160 et
298 2128 459 2169 ingenium
473 2138 535 2158 non
548 2127 655 2168 epiciS,
669 2127 723 2157 sed
734 2126 852 2167 jocosis
864 2132 896 2157 et
909 2136 995 2156 ama-

250 2171 336 2202 toriis
351 2169 543 2201 carminibus
558 2168 708 2200 canendis
724 2175 842 2211 aptum.
888 2169 996 2200 Potens

251 2214 383 2252 alicujus
397 2214 441 2242 rei
462 2211 588 2248 dicitur,
603 2210 658 2252 qui
679 2210 721 2241 rei
744 2211 839 2241 alicui
861 2210 995 2252 suscipi-

252 2254 354 2291 eudae,
375 2253 559 2289 tractandae,
582 2259 613 2283 et
634 2252 831 2283 moderandae
880 2262 913 2282 ar
939 2257 997 2287 est,

253 2295 308 2337 qui
332 2296 430 2338 pollet
451 2295 572 2336 aliquid
595 2294 627 2325 in
647 2294 755 2335 aliqua
770 2305 812 2325 re.
876 2295 999 2332 mbellis,

253 2338 286 2369 h.
302 2348 330 2369 e.
348 2348 367 2368 a
379 2338 470 2368 rebus
493 2337 617 2368 bellicis
638 2336 842 2371 abhorrentis,
857 2335 998 2372 ludicrae,

249 2380 380 2421 jocosae.

298 2421 434 2452 13—16.
479 2419 609 2450 Martem
643 2421 747 2451 tunica
778 2426 889 2451 tectum
921 2421 994 2450 ada-

253 2465 402 2495 mantino.
452 2462 559 2493 Ducta
587 2462 654 2493 haec
687 2461 799 2492 Martis
827 2462 929 2503 imago
957 2463 996 2493 ab

255 2507 404 2543 Homero,
442 2503 497 2535 ubi
532 2503 584 2535 ille
620 2503 732 2535 dicitur
768 2505 996 2546 χαλκοχίτων,

550 1026 654 1068 Non
674 1034 832 1080 praeter
854 1024 1025 1066 solitum
1045 1024 1174 1065 leves.

1033 1162 1280 1203 χαλκεοθώρηξ,
1293 1159 1558 1204 χάλκεος”Αρης.
1581 1160 1634 1193 Cl.
1643 1159 1775 1193 Mitsch.

1032 1209 1192 1245 comparat
1215 1203 1330 1235 Claud.
1350 1202 1383 1234 in
1406 1204 1502 1236 Cons.
1517 1203 1612 1235 Prob.
1627 1209 1659 1235 et
1676 1203 1776 1246 Olyb-

1032 1247 1086 1281 99,
1115 1246 1238 1276 Mavors
1267 1248 1427 1277 adamante
1457 1251 1600 1276 cmccat.
1643 1246 1776 1277 Adamas

1033 1287 1072 1318 de
1113 1287 1190 1318 ferro
1232 1287 1397 1318 durissimo
1445 1287 1774 1329 prestantissimoque.

1032 1330 1166 1370 Nigrum
1188 1328 1399 1370 significanter
1419 1339 1485 1371 pro,
1500 1329 1684 1366 obductum.
1699 1339 1775 1360 con-

1031 1382 1184 1413 spersum.
1228 1372 1390 1402 Mer-ionem
1428 1371 1654 1402 nobilissimum
1689 1371 1776 1412 apud

1032 1413 1202 1444 Homerum
1237 1413 1398 1444 Idomenei
1433 1413 1585 1454 aurigam.
1639 1411 1778 1454 Tydiden

1033 1455 1230 1491 Diomedem,
1247 1455 1345 1496 Tydei
1360 1455 1471 1487 filium.

1077 1498 1129 1528 18.
1157 1498 1218 1528 Pro
1249 1497 1368 1537 vulgari
1397 1498 1541 1534 lectione,
1567 1498 1664 1533 sectis.
1693 1495 1777 1534 dedi,

1032 1541 1156 1574 strictis,
1172 1540 1255 1580 quod
1273 1539 1430 1580 eleganter
1444 1539 1582 1582 reposuit
1599 1538 1777 1577 Bendeius,

1033 1581 1088 1622 qui
1117 1581 1319 1618 locutionem,
1345 1592 1460 1622 ungues
1483 1581 1531 1612 vel
1554 1592 1660 1612 manu-s
1684 1582 1778 1612 urin-

1031 1634 1114 1663 gere,
1143 1622 1264 1655 idoneis
1293 1623 1443 1666 exemplis
1473 1623 1652 1659 illustravit.
1683 1622 1778 1656 ovid.

1038 1665 1113 1695 Am.
1135 1664 1157 1701 i,
1175 1666 1205 1695 6.
1224 1667 1272 1702 14,
1290 1667 1368 1696 Stat.
1383 1665 1486 1696 Theb.
1510 1665 1558 1701 iii,
1573 1665 1648 1696 536.
1693 1666 1780 1697 Nam

1033 1706 1170 1747 primum
1194 1707 1245 1738 vix
1271 1707 1334 1738 dici
1355 1713 1605 1750 potestsnngues
1624 1718 1723 1739 secare
1745 1709 1780 1739 in

1038 1748 1180 1789 (contra)
1210 1750 1336 1790 aliquem
1350 1761 1362 1786 ,-
1390 1749 1503 1781 deinde
1526 1749 1693 1781 ridiculum
1719 1749 1782 1781 fere

1038 1796 1096 1825 est,
1111 1790 1137 1821 si
1153 1791 1289 1831 virgines
1308 1803 1400 1827 acres,
1415 1791 1447 1822 h.
1461 1802 1491 1823 e.
1511 1791 1611 1828 iram,
1626 1793 1780 1833 unguibus

1035 1834 1130 1870 sectis,
1153 1838 1301 1873 tanquam
1325 1834 1430 1870 armis,
1451 1835 1484 1865 in
1497 1835 1625 1874 juvenes
1643 1844 1710 1865 usae
1732 1833 1780 1864 di-

1037 1881 1161 1905 cuntur.
1206 1875 1287 1912 Quis
1305 1875 1388 1906 enim
1409 1875 1537 1907 accedat
1550 1875 1782 1918 interpretibus,

1038 1916 1090 1957 qui
1133 1916 1173 1947 ad
1214 1917 1441 1948 defendendam
1485 1917 1650 1949 lectionem
1685 1919 1782 1955 meis,

1038 1957 1174 1989 addunt:
1199 1962 1220 1977 “
1238 1969 1276 1990 ne
1300 1959 1393 1990 nimis
1414 1959 1567 1990 laedantur
1588 1959 1637 1990 vel
1660 1959 1782 1991 soeden-

1038 2005 1088 2030 tur
1115 2010 1168 2030 ora
1196 2001 1346 2042 juvenum
1359 2001 1391 2030 T’
1435 2002 1581 2032 Ceterum
1614 2001 1782 2032 adumbra-

1038 2047 1101 2072 tam
1115 2042 1281 2083 virginum,
1297 2042 1455 2083 unguibus
1469 2054 1532 2085 prae
1554 2042 1598 2074 ira
1615 2043 1648 2074 in
1663 2049 1783 2075 amato-

1038 2094 1104 2114 rum
1127 2085 1249 2116 vultum
1272 2085 1491 2123 involantium,
1508 2085 1678 2126 imaginem
1699 2085 1784 2117 haud

1039 2126 1255 2158 Romanorum
1291 2127 1499 2158 urbanitatem
1536 2127 1712 2166 offendisse,
1743 2137 1784 2159 ex

1038 2168 1146 2199 multis
1159 2169 1230 2199 aliis
1246 2175 1417 2211 poetarum,
1431 2169 1486 2211 qui
1501 2169 1655 2211 ejusmodi
1669 2169 1784 2212 proelia

1039 2211 1187 2241 amatoria
1202 2206 1394 2247 describunt,
1411 2211 1488 2242 locis
1501 2211 1577 2243 satis
1590 2217 1728 2254 apparet.

1086 2253 1137 2287 19,
1165 2254 1219 2284 20.
1245 2253 1349 2292 Vacui,
1372 2255 1432 2284 sive
1457 2255 1531 2294 quid
1555 2255 1695 2284 urimur.-
1718 2252 1784 2285 sive

1041 2293 1131 2325 liberi
1158 2305 1264 2326 sumus
1293 2296 1333 2326 ab
1362 2305 1476 2331 amore.
1502 2295 1567 2326 sive
1595 2295 1709 2338 puellae
1733 2295 1784 2327 vel

1042 2335 1129 2378 pueri
1153 2336 1318 2378 cujusdam
1340 2347 1443 2368 amore
1463 2337 1599 2368 urimur:
1622 2339 1694 2374 sive,
1717 2347 1784 2379 pro,

1038 2378 1087 2409 vel
1111 2378 1148 2416 si,
1164 2384 1199 2409 ut
1221 2378 1277 2410 inf.
1301 2380 1367 2410 Sat.
1391 2379 1423 2417 ii,
1439 2381 1470 2414 5,
1490 2380 1541 2409 11.
1586 2379 1655 2410 Nou
1675 2385 1786 2419 preter

1037 2421 1170 2455 solitum,
1187 2420 1272 2451 haud
1302 2427 1414 2463 praeter
1434 2420 1690 2453 consuetudinem
1713 2430 1786 2452 nos-

1038 2467 1129 2498 tram,
1158 2472 1197 2493 ex
1227 2473 1310 2494 more
1339 2462 1428 2494 nobis
1457 2462 1599 2504 proprio:
1629 2463 1714 2501 leves,
1743 2462 1784 2494 ad

1040 2503 1195 2536 levitatem
1212 2510 1244 2537 et
1258 2505 1487 2547 protervitatem
1503 2505 1665 2547 proclives-
