1884 3288
699 205 1009 250 CARMEN
1043 207 1084 247 3.

1578 205 1659 246 251

407 310 574 353 Videre
595 307 735 350 fessos
753 319 971 348 vomerem
990 305 1211 346 inversum
1230 305 1365 347 boves

582 367 711 418 Collo
728 373 953 417 trahentes
973 372 1209 427 languido!

322 448 379 489 65
410 445 671 499 Positosque
694 457 864 492 vernas,
886 441 990 484 ditis
1010 455 1195 482 examen
1216 440 1388 491 domus,

582 511 757 553 Circum
777 510 1028 552 renidentes
1053 508 1192 550 Lares
1210 511 1220 550 !

409 579 522 623 Haec
542 580 619 621 ubi
638 578 848 634 loquutus
870 578 1111 620 foenerator
1132 575 1342 632 Alphius,

581 647 768 703 Jamjam
790 646 964 688 futurus
984 645 1191 695 rusticus,

409 716 602 758 Omnem
615 715 789 770 redegit
810 714 963 756 Idibus
985 714 1229 769 pecuniam,

323 785 381 827 70

583 784 756 832 Quaerit
778 782 985 825 Calendis
1007 796 1186 838 ponere.

696 987 972 1030 CARMEN
1007 987 1091 1028 ΙΙΙ.

593 1144 674 1175 ΑΙ)
727 1142 1197 1175 MAECENATEM.

413 1261 652 1304 PARENTIS
674 1261 773 1304 olim
795 1262 831 1303 si
852 1263 949 1317 quis
971 1262 1101 1316 impia
1124 1275 1253 1303 manu

582 1329 728 1371 Senile
750 1337 903 1385 guttur
925 1329 1118 1384 fregerit,

121 1417 235 1460 epulas
257 1423 395 1460 agrestes
419 1417 470 1450 vel
497 1418 606 1449 ovium
630 1424 792 1466 pastarum
815 1417 872 1449 do-

121 1471 209 1492 mum
226 1461 472 1504 properantium,
485 1461 536 1493 vel
551 1462 646 1492 boum
661 1472 732 1492 cum
750 1471 873 1493 inverso

121 1513 245 1542 vomere
267 1504 308 1535 ad
330 1505 493 1536 stabulum
510 1503 722 1541 redeuntium,
738 1504 787 1535 vel
803 1515 872 1535 ver-

123 1556 235 1578 narum
265 1547 351 1579 circa
379 1548 476 1578 Lares
504 1548 681 1578 sedentium
717 1547 870 1598 adspectu

123 1589 278 1621 afficitur!
329 1590 541 1632 Viderefessos
557 1601 700 1622 vomerem
721 1592 872 1622 inversum

123 1633 208 1665 boues
222 1633 306 1665 Collo
322 1634 475 1664 trahentes
489 1634 658 1675 languido
681 1633 722 1664 cf.
738 1643 809 1675 sup.
826 1633 872 1669 iii,

123 1676 157 1713 6,
181 1676 236 1712 41,
255 1681 300 1713 et,
322 1687 418 1725 quem
436 1675 547 1707 laudat
570 1676 622 1708 Cl.
646 1676 780 1707 Mitsch.
802 1677 870 1718 Op-

123 1719 211 1761 pian.
225 1719 350 1762 Cyneg.
366 1718 390 1755 i,
410 1720 470 1750 138
487 1730 558 1761 sqq.
606 1719 871 1750 Vomereminvm-

121 1772 191 1793 sum
216 1762 302 1793 cotto
325 1763 489 1800 trahentes,
512 1762 546 1793 h.
570 1772 599 1793 e.
622 1768 724 1793 aratra
750 1772 873 1794 vomere

121 1803 249 1836 inverso
274 1805 354 1846 jugo
381 1815 538 1847 suspensa
566 1804 748 1836 trahentes:
782 1804 874 1845 Virg.

125 1846 199 1879 Ecl.
212 1847 248 1886 ii,
266 1848 322 1884 66,
342 1849 482 1889 Adspice,
504 1854 613 1878 aratra
626 1850 711 1889 jugo
720 1847 873 1896 'referant

125 1901 266 1932 suspensa
272 1902 415 1932 Juverwr
454 1891 651 1926 Βεηὶάεηιεε,
662 1890 745 1932 iguis
759 1901 792 1921 in
805 1890 875 1922 foco

124 1933 254 1966 accensi
276 1934 443 1977 splendore
465 1933 678 1975 refulgentes:
705 1934 803 1964 Mart.
826 1933 872 1968 iii,

126 1977 182 2013 58,
197 1977 254 2013 22,
267 1976 407 2020 Cingunt
419 1977 874 2016 serenum(1ucentem)tactez

115 1999 228 2061 sociam
242 2030 352 2056 vernoe,
369 2021 412 2051 Et
425 2021 512 2062 larga
519 2019 617 2061 festos
629 2021 709 2051 Iacet
725 2021 766 2050 ad
780 2019 815 2049 L
808 2031 874 2051 ares

123 2063 212 2094 silva.
255 2062 329 2094 Nisi
352 2062 427 2112 quis
451 2065 622 2098 renidentes
644 2062 738 2093 malit
762 2063 874 2094 referre

125 2104 302 2142 adver-nas,
322 2110 358 2137 ut
375 2106 427 2142 sit,
448 2105 598 2141 ridentes,
614 2106 722 2136 laetum
743 2111 774 2136 et
791 2105 872 2136 hila-

124 2157 191 2180 rem
203 2149 346 2180 animum
358 2147 489 2180 ridendo
501 2149 723 2191 exprimentes.
753 2148 875 2180 Catull.

125 2189 236 2230 xxxix,
261 2193 292 2230 1,
317 2191 484 2234 Egnatius,
509 2194 589 2233 quad
615 2193 759 2223 candidos
786 2192 874 2222 habet

125 2235 241 2271 dentes,
253 2235 386 2267 Renidet
396 2245 616 2284 usquequaque,
631 2240 662 2266 et
674 2234 719 2266 sic
731 2236 874 2265 renidens

124 2286 194 2352 m
206 2277 314 2310 ridens
328 2278 412 2326 apud
427 2277 763 2326 Liv.xerv,49.1n
779 2276 874 2308 simili

204 2330 238 2353 re
258 2332 357 2353 verme
378 2320 437 2353 inf.
461 2321 530 2352 Sat.
555 2320 589 2359 ii,
606 2321 638 2358 6,
661 2321 704 2351 66
723 2320 874 2352 dicuntur

67 2387 74 2395 2
122 2372 280 2405 procaces:
318 2365 400 2395 Ante
430 2364 543 2395 Larem
573 2365 734 2405 proprium
762 2375 873 2400 vescor,

87 2434 90 2435 γ
124 2416 299 2448 meque
316 2417 455 2447 proeaees
484 2407 578 2439 Pasco
602 2408 704 2438 libatis
733 2408 874 2447 dapibus.

65 2453 71 2456 “
91 2478 95 2483 «
122 2446 203 2483 Hoc
213 2451 266 2483 aba·

72 2487 95 2546 Ἢ,
111 2491 293 2563 mr
314 2494 458 2535 Alphms,
477 2494 539 2525 haec
559 2494 690 2528 locutus,
711 2494 775 2528 ubi,
790 2495 875 2533 jam-

281 2451 434 2492 loquutus,
443 2455 520 2482 cett.
539 2449 758 2482 Nihilominus
768 2455 873 2481 tamen

254 2547 332 2568 urus
347 2539 493 2573 rusticas,
512 2547 625 2567 omnem
642 2538 802 2575 pecuniam
818 2535 877 2575 (ad

217 2579 283 2611 'um
312 2579 374 2612 sibi
400 2579 588 2619 emendum)
614 2579 722 2610 Idibus
744 2581 876 2619 redegit,

30 2622 59 2650 ‘..3··-
70 2626 113 2677 Qj.
119 2620 261 2656 .11418111
277 2628 399 2655 mutato
413 2621 549 2654 consilio
565 2621 716 2665 proximis
735 2622 878 2652 Calendis

214 2666 239 2698 t
257 2677 368 2707 ponere
386 2666 509 2708 (denuo
524 2665 640 2697 foenori
654 2664 760 2702 dare).
806 2664 877 2695 Sci-

219 2708 360 2741 catenae
371 2714 405 2741 et
419 2709 496 2740 Idus
508 2708 572 2739 duo
585 2707 631 2738 illi
649 2707 735 2749 apud
755 2707 878 2739 Roma—

87 2755 122 2791 ,ζμ
128 2758 190 2785 m
217 2751 375 2800 euJusque
405 2751 524 2783 mensis
545 2751 614 2782 dies
637 2750 736 2786 fuere,
761 2750 879 2792 quibus

30 2791 293 2879 {Effluit
293 2795 345 2827 vel
373 2794 487 2826 steuori
515 2794 657 2829 daretur,
686 2793 735 2824 vel
765 2793 880 2825 foenori

35 2837 80 2859 ιητ

126 2836 458 2925 redigeretur(
461 2837 503 2870 de
525 2837 700 2872 locutione,
721 2838 883 2876 pecuniam

274 2902 284 2916 ,
313 2881 415 2912 multa
442 2880 590 2923 exempla
615 2878 706 2911 dedit
732 2878 879 2919 Bentl.;)

35 2914 77 2934 *²³
74 2876 292 2962 ᾊῖψποιι
313 2923 454 2956 Calendoe
475 2929 600 2956 tantum
621 2921 828 2958 debitoribus,
845 2927 883 2954 ut

40 2954 83 3003 ⁹⁶,
127 2954 354 3000 muniat.
363 2968 430 2999 Sat.
441 2966 464 3003 i,
477 2968 510 3004 3,
523 2968 564 2998 87
575 2965 665 3004 dicit,
675 2967 775 2996 tristes
784 2964 882 3003 fuere,

135 3003 304 3046 &utun
317 3009 404 3049 Idus,
419 3015 457 3042 ut
471 3008 636 3048 Catilium,
651 3007 704 3041 cui
720 3007 857 3041 Cicero
850 3019 883 3040 in

918 1419 1011 1450 Orat.
1035 1417 1058 1454 i,
1075 1418 1108 1449 in
1126 1417 1225 1450 Catil.
1243 1427 1271 1448 c.
1289 1418 1538 1466 &fortunarum
1560 1419 1671 1450 ruinas

915 1463 1060 1502 proximis
1082 1462 1190 1493 Idibus
1209 1463 1382 1501 impendere
1401 1460 1455 1491 ait.
1506 1461 1670 1492 Pecuniam

917 1516 1026 1545 ponere
1049 1515 1116 1547 pro,
1142 1503 1256 1535 foenori
1285 1504 1380 1536 dare:
1412 1503 1459 1535 sic
1483 1503 1541 1535 inf.
1569 1504 1668 1554 Epist.

915 1548 955 1598 ad
983 1547 1048 1579 Pis.
1069 1559 1099 1579 v.
1122 1548 1198 1584 421,
1219 1547 1312 1578 Dives
1337 1548 1435 1589 agris,
1462 1549 1544 1578 dives
1567 1549 1672 1586 positis

915 1678 1079 1714 societates,
1092 1648 1176 1707 unde1
1185 1682 1251 1707 erat
1265 1677 1429 1711 attributa,
1446 1677 1525 1706 binis
1540 1678 1668 1707 centesi-

916 1721 971 1749 mis
981 1720 1153 1760 soeneratus
1168 1726 1224 1750 est.
1265 1718 1318 1749 Sic
1332 1718 1417 1760 apud
1431 1719 1564 1750 Graecos
1576 1717 1667 1758 βάλ-

916 1764 1003 1798 λειν,
1035 1761 1286 1803 καταβάλλειν,
1317 1760 1456 1798 τιθέναι,
1484 1761 1523 1792 de
1550 1761 1668 1802 quibus

917 1805 1002 1840 vide,
1026 1815 1120 1847 quem
1146 1804 1199 1836 Cl.
1229 1804 1360 1836 Mitscb.
1389 1803 1509 1842 laudat,
1539 1803 1671 1846 Taylor.

920 1848 960 1879 ad
977 1849 1055 1890 Lys.
1074 1859 1106 1890 p.
1121 1848 1196 1879 580.

1146 1933 1352 1965 CARMEN
1377 1933 1445 1964 ΙΙΙ.

963 1977 1138 2018 Postquam
1150 1978 1261 2007 allium
1276 1975 1427 2007 Horatius
1438 1975 1521 2006 inter
1531 1975 1669 2015 medios,

917 2019 1034 2060 quibus
1050 2029 1084 2050 se
1102 2019 1216 2051 misere
1238 2018 1294 2049 illo
1316 2024 1422 2049 sumto
1441 2018 1540 2059 affligi
1560 2020 1669 2061 queri-

918 2068 980 2098 tur,
997 2062 1156 2093 cruciatus
1170 2067 1325 2104 tanquam
1341 2061 1483 2096 herbam,
1499 2071 1564 2103 qua
1580 2063 1671 2093 nulla

918 2115 1061 2146 unquam
1083 2115 1102 2136 a
1117 2105 1265 2136 veneficis
1288 2110 1422 2136 tractata
1439 2104 1481 2135 sit
1499 2105 1670 2146 potentior,

919 2148 1056 2189 graviter
1084 2148 1118 2178 in
1148 2148 1207 2179 hoc
1235 2147 1375 2179 carmine
1399 2153 1582 2178 exsecratus
1609 2154 1670 2185 est,

919 2192 1145 2227 Maecenatem,
1173 2202 1214 2222 ue
1239 2190 1364 2233 puellas
1389 2190 1467 2222 forte
1490 2190 1576 2232 gravi
1598 2191 1671 2233 ejus

917 2234 1031 2265 foetore
1053 2234 1094 2264 ab
1117 2234 1316 2282 amplexibus
1338 2233 1404 2264 suis
1429 2233 1600 2271 dimoveat,
1624 2235 1670 2266 le-

917 2277 991 2320 pide
1005 2276 1082 2308 allio
1098 2278 1257 2309 abstinere
1274 2277 1380 2318 jubet.
1423 2278 1541 2309 Jocum
1560 2276 1671 2319 utique

918 2320 1069 2362 aliquem,
1098 2331 1162 2362 quo
1187 2319 1357 2351 Horatium
1384 2330 1478 2351 suum
1507 2320 1672 2352 Maecenas

919 2363 1022 2395 facete
1049 2363 1178 2400 luserat,
1210 2363 1287 2394 huic
1311 2362 1450 2394 carmini
1469 2363 1671 2395 occasionem

919 2405 1054 2442 dedisse,
1082 2417 1121 2438 ex
1143 2406 1289 2455 epitheto
1309 2407 1439 2444 jocosus,
1463 2405 1554 2448 quod
1574 2417 1604 2437 v.
1628 2407 1671 2437 20

918 2449 1095 2480 Maecenati
1114 2449 1226 2481 tribuit
1237 2454 1346 2498 poeta,
1370 2450 1448 2480 satis
1465 2448 1674 2498 probabiliter

919 2492 1027 2539 colligi
1043 2503 1132 2535 posse
1152 2492 1311 2524 existimo.
1357 2492 1482 2530 Quods¹
1500 2498 1599 2533 igitur
1617 2503 1672 2523 su-

921 2536 1285 2571 mimus,1i1aecenatem
1306 2535 1436 2567 Horatio
1454 2535 1495 2566 ad
1510 2545 1544 2567 se
1560 2542 1673 2566 vocato

922 2577 1004 2609 inter
1021 2578 1100 2609 alias
1115 2579 1226 2621 epulas
1245 2578 1398 2610 rusticum
1417 2578 1577 2620 quoddam
1594 2579 1673 2609 edu-

921 2621 1000 2652 lium
1024 2621 1089 2652 sive
1115 2627 1283 2658 moretum,
1309 2632 1350 2654 ex
1377 2622 1453 2652 allio
1478 2621 1674 2659 consectum,

921 2664 1008 2705 quod
1031 2664 1167 2713 maxime
1184 2675 1258 2696 eum
1275 2646 1427 2696 ’detestari
1443 2664 1548 2700 sciret,
1573 2674 1673 2706 appo-

922 2707 1033 2742 suisse,
1060 2714 1093 2739 et
1120 2707 1165 2739 sic
1193 2707 1324 2739 illusum
1353 2708 1490 2739 suaviter
1519 2707 1673 2743 derisisse,

923 2760 1053 2781 causam
1078 2757 1175 2787 certe,
1199 2762 1273 2793 quae
1300 2757 1424 2793 poetam
1453 2751 1494 2782 ad
1518 2750 1578 2781 hoc
1604 2761 1674 2782 car-

924 2804 998 2824 men
1015 2792 1219 2826 scribendum
1236 2793 1410 2836 impulerit,
1426 2793 1503 2825 satis
1525 2792 1672 2825 idoneam

926 2836 1085 2880 ponimus.
1568 2856 1575 2861 -

970 2881 1067 2911 1—4.
1093 2879 1236 2910 Parentis
1251 2880 1323 2911 olim
1338 2881 1364 2910 si
1383 2881 1461 2927 quis,
1481 2884 1558 2911 cett.
1606 2879 1674 2909 Ho-

925 2922 1004 2954 mini
1028 2922 1080 2954 isti
1106 2922 1250 2953 omnium
1276 2921 1508 2957 scelestissimo,
1538 2921 1593 2963 qui
1617 2921 1676 2951 ali-

924 2965 1055 3014 quando
1078 2965 1112 2997 in
1137 2964 1307 3008 parricidio
1331 2965 1549 3011 deprehensus
1570 2963 1676 2999 fuerit,

927 3008 1119 3052 supplicium
1134 3007 1322 3041 decei'natur
1337 3008 1382 3045 id,
1400 3015 1432 3039 ut
1445 3007 1556 3038 allium
1571 3005 1679 3038 cicuta
