1904 3314
358 200 442 241 774

302 300 307 306 '
361 296 384 332 i,
400 298 432 334 3,
446 299 499 329 33.
542 307 605 329 non
626 308 715 328 vanae
738 298 842 330 redeat
863 299 989 338 sanguis
1011 298 1089 329 ima-

364 339 430 379 gini
454 340 518 371 Od.
544 340 565 376 i,
589 342 642 374 24,
669 342 718 371 15.
761 341 886 381 placare
906 340 995 370 vituli
1018 351 1088 371 san-

363 381 458 421 guine
487 383 572 412 Deos
598 381 660 412 Od.
682 381 704 416 i,
723 383 775 418 36,
795 384 826 412 2.
870 383 989 423 placavi
1019 392 1090 412 san-

363 422 458 462 guine
474 423 571 454 Divos
586 425 651 453 Sat.
668 423 702 458 ii,
719 426 749 458 3,
765 425 841 458 206.
885 433 977 464 quam
999 423 1091 454 verris

363 465 515 504 sanguine
545 465 654 495 donem
680 466 742 495 Od.
766 465 809 498 iii,
835 466 889 500 22,
914 468 946 495 8.
987 465 1089 496 devoti

363 506 521 546 sanguinis
537 513 612 537 aetas
629 507 726 548 Epod.
744 508 794 544 16,
805 508 837 538 9.
882 509 914 542 2,
929 509 1066 546 prosapia
1079 521 1089 538 .-

366 548 538 588 Pompilius
563 550 622 590 Ep.
642 548 680 579 ad
704 549 770 579 Pis.
787 550 861 579 292.
904 549 1004 588 regius
1027 549 1090 580 Od.

362 588 406 625 iii,
431 591 484 626 27,
505 591 559 621 65.
604 590 705 620 clarus
727 589 875 621 Anchisae
899 591 1091 631 Venerisque

364 631 470 661 Carm.
493 633 573 662 Saec.
594 633 647 662 50.
690 633 827 662 Deorum
847 632 908 663 Od.
930 632 972 667 iv,
990 633 1022 668 2,
1042 634 1091 664 14.

363 682 532 714 pauperum
549 679 710 715 parentum
728 674 789 704 Od.
806 673 838 709 ii,
856 675 909 709 20,
925 675 956 704 6.

403 717 510 746 sanies.
554 721 658 746 manet
675 725 724 746 ore
746 715 886 756 trilingui
901 716 963 746 Od.
979 715 1023 752 iii,
1040 717 1092 753 11,

403 809 502 829 sanus.
550 801 577 834 l,
593 799 619 829 si
636 798 720 829 noles
735 809 840 833 sanuS,
857 809 960 830 curres
977 799 1088 840 hydro-

362 838 451 880 picus
467 841 527 881 Ep.
545 840 566 877 i,
582 842 614 876 2,
632 842 685 871 34.
729 850 823 870 sanus
844 841 982 882 utrisque
1006 841 1089 871 auri-

361 881 419 911 bus
436 882 502 912 Sat.
517 881 551 916 ii,
568 884 599 918 3,
617 883 691 912 284.
735 882 760 911 si
777 888 807 912 te
823 882 957 923 populus
979 892 1090 912 sanum

361 928 505 964 recteque
527 924 681 954 valentem
703 923 824 954 dictitet
846 925 906 964 Ep.
926 923 948 959 i,
967 926 1016 961 16,
1035 925 1089 955 21.

362 965 472 995 mentis
505 965 583 996 bene
619 975 703 996 sanae
734 964 852 1000 Sani,
881 966 912 1000 9,
945 967 998 996 44.
1057 968 1088 1002 2,

361 1017 434 1036 sana
458 1014 570 1038 mente.-
604 1007 643 1038 ad
667 1017 758 1037 sanos
785 1007 876 1038 abeat
899 1007 994 1038 tutela
1019 1018 1090 1048 pro-

361 1047 494 1089 pinquos
525 1050 590 1079 Sat.
625 1048 659 1083 ii,
689 1051 720 1084 3,
750 1049 826 1078 218.
886 1054 971 1078 arcta
1003 1049 1092 1079 decet

360 1099 470 1120 sanum
495 1090 637 1120 comitem
661 1096 733 1130 toga
755 1091 814 1130 Ep.
835 1090 857 1124 i,
879 1091 930 1124 18,
951 1091 984 1120 3.
1029 1091 1090 1120 La-

362 1131 459 1162 beone
482 1132 618 1162 insanior
641 1131 718 1162 iuter
738 1141 830 1161 sanos
845 1131 966 1161 dicatur
985 1132 1050 1162 Sat.
1067 1132 1089 1167 i,

360 1174 392 1208 3,
409 1175 462 1203 82.
506 1174 632 1204 demens
651 1173 771 1214 judicio
793 1172 889 1213 vulgi,
913 1182 1006 1203 sanus
1029 1173 1090 1204 for-

361 1219 441 1245 tasse
468 1221 520 1245 tuo
547 1216 612 1245 Sat.
641 1216 662 1250 i,
689 1216 720 1250 6,
748 1216 802 1245 98.
858 1214 884 1244 si
915 1215 996 1245 male
1025 1225 1089 1246 rem

360 1266 464 1296 gerere
479 1257 579 1287 insani
592 1264 649 1292 est,
667 1262 774 1287 contra
787 1257 878 1291 bene,
893 1257 960 1286 sani
975 1258 1040 1287 Sat.
1057 1257 1088 1294 ii,

361 1299 392 1332 3,
416 1300 467 1329 74.
509 1299 577 1329 tun’
598 1301 715 1329 sanus’.
739 1298 814 1328 ibid.
834 1299 903 1329 128.
946 1299 1089 1339 quisnam

360 1339 454 1379 igitur
479 1342 595 1370 sanus?
631 1340 708 1371 ibid.
740 1341 810 1371 158.
876 1339 939 1381 qui
961 1340 1088 1371 sanior‘!

359 1381 435 1412 ibid.
453 1384 527 1417 241,
540 1384 612 1413 275.
657 1381 727 1412 sani
742 1388 778 1412 ut
790 1386 884 1417 creta,
901 1392 941 1412 an
957 1383 1090 1414 carbone

361 1423 510 1454 notandi?
544 1424 620 1455 ibid.
645 1425 720 1454 246.
779 1433 852 1453 nam
880 1423 984 1454 videor
1014 1424 1089 1454 mihi

360 1475 456 1496 sanus
473 1465 549 1496 ibid.
569 1467 645 1496 302.
690 1465 845 1507 praecipue
868 1475 962 1495 sanus
987 1466 1046 1506 Ep.
1067 1466 1087 1502 i,

362 1508 389 1544 1,
408 1509 479 1538 108.
525 1508 602 1538 bene
618 1517 714 1538 sanus
729 1517 765 1537 ac
781 1517 843 1537 non
861 1506 1007 1538 incautus
1021 1509 1088 1538 Sat.

358 1548 380 1583 i,
411 1549 442 1584 3,
472 1550 526 1579 61.
573 1549 617 1579 nil
647 1559 704 1588 ego
734 1548 917 1579 contulerim
946 1549 1088 1590 jucundo

359 1599 454 1621 sanus
469 1590 569 1622 amico
585 1592 652 1621 Sat.
669 1591 691 1627 i,
706 1592 737 1626 5,
755 1591 806 1620 44.
850 1590 891 1620 nil
914 1601 963 1622 me
985 1591 1087 1631 poeni-

358 1638 422 1662 teat
449 1642 560 1663 sanum
590 1633 686 1674 patris
713 1632 806 1673 hujus
830 1632 896 1663 Sat.
921 1632 943 1666 i,
973 1633 1005 1668 6,
1035 1634 1088 1664 89.

357 1683 429 1714 quae
445 1674 470 1704 si
486 1675 558 1716 quis
580 1684 674 1705 sanus
697 1674 780 1709 fecit,
794 1683 887 1704 sanus
910 1673 986 1704 sacis
1004 1679 1036 1705 et
1054 1680 1088 1705 tu

357 1717 425 1746 Sat.
442 1716 475 1751 ii,
493 1718 524 1750 3.
541 1717 614 1747 322.
658 1716 744 1747 solve
763 1721 973 1746 senescentem
993 1726 1088 1747 sanus

358 1759 631 1841 {iissufflffihi'isss'
644 1759 760 1835 34.?
783 1757 914 1832 2²53?
933 1759 1089 1831 εὲξίἓῗυὲἷῗ

357 1851 450 1872 sanos
468 1842 618 1874 Helicone
635 1847 742 1883 poetas
755 1842 883 1881 (poetico
903 1842 1012 1880 spiritu
1030 1853 1086 1872 non

357 1884 532 1923 concitatos)
561 1885 620 1926 Ep.
644 1883 683 1914 ad
707 1883 773 1914 Pis.
798 1883 873 1914 296.
917 1883 998 1914 male
1020 1883 1087 1914 sani

358 1931 455 1966 poetae
483 1927 543 1967 Ep.
567 1926 589 1961 i,
618 1927 667 1962 19,
693 1927 724 1956 3.
767 1924 858 1955 nimis
881 1934 989 1966 aspera
1011 1935 1088 1956 sano

357 1967 473 1998 levabit
487 1968 575 1998 cultu
591 1969 650 2009 ΕΡ.
668 1967 700 2003 ii,
716 1969 748 2003 2,
767 1968 840 1997 122.

397 2019 509 2048 sapere.
551 2019 658 2052 sapere
679 2016 726 2040 est
750 2008 879 2050 abjectis
899 2007 974 2039 utile
996 2008 1087 2049 nugis

359 2051 418 2092 Ep.
433 2051 466 2087 ii,
481 2052 513 2087 2,
533 2053 602 2082 141.
646 2051 800 2082 scribendi
822 2056 904 2082 recte
919 2060 1025 2091 sapere
1041 2057 1088 2081 est

357 2093 545 2135 principium
581 2099 612 2124 et
647 2093 716 2123 fons
752 2094 811 2134 Ep.
848 2092 886 2123 ad
916 2093 983 2123 Pis.
1012 2093 1086 2124 309.

356 2145 462 2176 sapere
487 2135 567 2166 aude
593 2136 652 2175 ΕΡ.
676 2134 698 2170 i,
721 2135 753 2171 2,
772 2135 824 2164 40.
867 2133 964 2164 veluti
990 2140 1088 2165 mater

357 2177 429 2217 plus
451 2187 542 2218 quam
565 2187 597 2207 se
620 2186 725 2217 sapere
748 2175 887 2216 (filium)
906 2176 970 2206 vult
987 2176 1047 2217 Ep.
1061 2176 1084 2213 i,

361 2220 410 2253 18,
434 2220 488 2249 27.
534 2219 588 2260 qui
615 2228 724 2260 sapere
752 2223 784 2248 et
807 2217 864 2247 fari
892 2217 989 2258 possit
1014 2228 1084 2258 quae

356 2260 468 2291 sentiat
483 2261 542 2302 Ep.
557 2260 579 2298 i,
592 2262 623 2296 4,
639 2262 670 2291 9.
713 2269 768 2290 vos
789 2269 896 2300 sapere
917 2258 966 2288 aio
989 2260 1048 2300 Ep.
1063 2259 1084 2295 i,

360 2304 410 2338 15,
437 2304 488 2333 45.
529 2312 637 2344 sapere
661 2307 692 2333 et
714 2301 794 2342 ringi
816 2302 876 2341 Ep.
899 2299 932 2336 ii,
955 2301 988 2336 2,
1014 2302 1084 2332 128.

357 2354 412 2384 per
433 2350 463 2375 te
488 2344 572 2386 sapis
597 2345 656 2385 Ep.
681 2343 719 2374 ad
745 2343 811 2374 Pis.
834 2343 908 2373 367.
951 2348 983 2372 et
1005 2342 1086 2384 sapit

357 2386 416 2426 Ep.
435 2385 470 2421 ii,
502 2387 530 2422 1,
553 2387 606 2416 61.
649 2384 751 2427 sapias
775 2384 838 2415 Od.
862 2383 885 2420 i,
913 2384 962 2418 11,
986 2384 1016 2414 6.
1059 2385 1084 2415 si

356 2427 458 2469 sapiat
478 2428 544 2458 Sat.
564 2427 587 2462 i,
609 2428 641 2460 9.
666 2428 721 2457 34.
765 2426 876 2457 timent
898 2424 1084 2466 fugiuntque

356 2475 491 2510 poetam,
515 2469 569 2510 qui
596 2468 722 2510 sapiunt
750 2469 809 2510 Ep.
841 2467 880 2498 ad
907 2467 974 2497 Pis.
1007 2469 1082 2498 456.

355 2511 499 2542 indoctus
533 2510 608 2552 quid
645 2515 765 2552 saperet
798 2509 875 2540 ibid.
908 2509 983 2540 212.
1039 2510 1084 2540 nil

355 2563 484 2594 parvum
500 2553 602 2595 sapias
618 2553 680 2593 Ep.
697 2553 718 2588 i,
737 2553 787 2586 12,
808 2553 855 2582 15.

396 2597 522 2634 sapiens.
580 2597 605 2631 1,
625 2594 670 2624 sie
698 2601 732 2625 tu
756 2594 879 2635 sapiens
907 2592 993 2623 finire
1019 2603 1083 2624 me·

355 2643 459 2668 mento
477 2636 632 2667 tristitiam
647 2636 709 2667 Od.
724 2636 746 2671 i,
764 2637 795 2670 7,
815 2637 863 2666 17.
905 2635 968 2665 illis
989 2634 1084 2666 utitur

356 2685 426 2710 ante
449 2679 587 2720 quaesitis
611 2679 734 2719 sapiens
758 2678 824 2708 Sat.
842 2678 864 2712 i,
885 2678 913 2712 1,
934 2678 987 2708 38.
1031 2677 1083 2708 ille

353 2722 456 2752 clarus
477 2721 546 2756 erit,
566 2719 886 2760 fortis—Sapiensne‘!
909 2719 974 2750 Sat.
995 2718 1028 2753 ii,
1049 2720 1081 2755 3,

352 2764 406 2794 97.
449 2763 583 2804 populus
598 2762 720 2803 sapiens
734 2767 766 2792 et
777 2761 883 2802 justus
898 2761 930 2791 in
946 2770 1009 2790 uno
1022 2762 1083 2801 Ep.

351 2805 386 2842 ii,
406 2807 435 2841 1,
454 2805 504 2835 18.
546 2814 619 2835 vasa
636 2808 783 2845 praetereo
797 2802 920 2843 sapiens
937 2808 1083 2842 argentea

892 215 937 242 IN
945 215 1034 243 DEX
1064 215 1320 245 VERB'ORUM.

1133 300 1244 340 (genus
1273 298 1427 339 stultitia.)
1458 299 1554 330 nihilo
1583 299 1753 342 sapientius
1782 299 1860 332 ibid.
1902 327 1904 330 .

1132 342 1186 372 56.
1244 341 1270 371 si
1306 341 1392 372 dives
1421 342 1476 381 qui
1512 342 1635 383 sapiens
1668 348 1715 373 est
1742 343 1808 373 Sat.
1837 341 1860 379 i,

1133 383 1165 418 3,
1198 384 1270 413 124.
1321 382 1422 413 insani
1464 383 1587 425 sapiens
1630 393 1741 415 nomen
1784 384 1862 414 ferat

1134 425 1193 465 Ep.
1213 424 1234 460 i,
1250 426 1281 460 6,
1299 426 1349 455 15.
1393 425 1546 466 quicquid
1568 424 1697 466 dignum
1720 426 1860 467 sapiente

1133 466 1276 506 bonoque
1303 471 1350 497 est
1378 467 1437 508 Ep.
1465 466 1487 501 i,
1518 468 1550 503 4,
1579 469 1612 498 5.
1666 477 1742 498 neve
1770 472 1861 515 putes

1133 507 1227 538 aliurn
1243 507 1382 549 sapiente
1397 509 1541 548 bonoque
1555 509 1682 540 beatum
1695 509 1756 550 Ep.
1769 519 1792 545 i,
1810 509 1862 544 16,

1132 550 1187 580 20.
1232 549 1276 580 vir
1299 551 1399 580 bonus
1421 555 1452 580 et
1473 549 1597 591 sapiens
1618 551 1681 591 Ep.
1704 550 1727 586 i,
1751 551 1859 589 7,22;

1134 591 1192 631 Ep.
1222 590 1244 626 i,
1280 593 1330 626 16,
1361 593 1412 622 73.
1469 602 1565 632 quum
1598 591 1712 633 pateris
1738 591 1860 633 sapiens

1133 632 1378 674 emendatusque
1398 633 1501 663 vocari
1525 633 1602 664 ibid.
1621 634 1675 664 30.
1717 633 1862 664 Lucilius

1133 675 1197 705 Sat.
1213 674 1246 710 ii,
1265 676 1292 710 1,
1309 677 1357 705 17.
1402 675 1620 706 Nomentanus
1634 675 1700 706 Sat.
1715 673 1748 711 ii,
1762 676 1794 713 8,
1809 676 1862 706 60.

1135 715 1255 745 Ennius
1276 721 1308 747 et
1329 716 1451 757 sapiens
1472 722 1504 747 et
1524 716 1612 747 fortis
1630 717 1690 758 Ep.
1708 716 1743 752 ii,
1759 718 1789 752 l,
1805 718 1860 748 50.

1134 757 1269 798 sapiens,
1289 757 1346 788 sibi
1361 758 1415 799 qui
1432 758 1612 799 imperiosus
1628 758 1694 789 Sat.
1708 757 1742 793 ii,
1757 758 1790 793 7,
1808 759 1861 790 83.

1133 798 1257 839 sapiens
1270 809 1332 829 uno
1348 799 1447 830 minor
1458 805 1506 830 est
1515 801 1609 837 Jove;
1632 799 1717 832 dives
1727 801 1788 841 Ep.
1799 799 1820 834 i,
1831 802 1861 838 1,

1138 841 1208 870 106.
1248 841 1314 872 haec
1331 851 1458 881 magnos
1473 842 1606 872 formula
1620 851 1716 882 reges.
1730 846 1865 883 excepto

1134 881 1284 922 sapiente,
1301 888 1384 913 tenet
1398 884 1464 913 Sat.
1476 883 1510 918 ii,
1525 885 1556 921 3,
1572 885 1625 914 46.

1134 925 1256 964 sapiens
1271 930 1373 955 utetur
1388 926 1455 955 sat.
1472 924 1505 960 ii,
1518 926 1550 960 2,
1566 926 1619 956 63.

1135 970 1170 994 ut
1191 965 1314 1006 sapiens
1337 965 1448 1006 aptarit
1469 966 1580 998 idonea
1597 967 1679 998 bello
1694 966 1771 998 ibid.
1790 969 1864 998 111.

1134 1015 1183 1036 me
1206 1007 1323 1037 solatus
1342 1007 1436 1048 jussit
1458 1007 1627 1049 sapientem
1649 1019 1776 1050 pascere
1790 1009 1861 1039 bar-

1134 1047 1205 1077 bam
1223 1049 1288 1078 Sat.
1304 1048 1337 1082 ii,
1353 1050 1386 1084 3,
1397 1050 1449 1079 35.
1493 1049 1628 1091 sapiens,
1643 1050 1754 1082 vitiatu
1767 1050 1860 1092 quid-

1133 1098 1195 1160 9Ὶῖ
1219 1090 1317 1161 ‘siim
1332 1090 1525 1164 2233*ssss
1541 1093 1862 1165 ssffitssbfffffffssss

1133 1152 1218 1210 fecii,
1241 1153 1326 1203 sutor
1348 1142 1454 1204 tziinen
1477 1143 1669 1222 estpsapiens
1693 1145 1804 1212 Sahqi,
1827 1177 1859 1212 3,

1137 1214 1208 1249 127,
1235 1216 1306 1245 128.
1357 1215 1481 1262 sapiens
1502 1225 1603 1258 opens
1626 1216 1670 1247 sic
1693 1216 1792 1248 omnis
1815 1223 1863 1249 est

1132 1255 1237 1296 opifex
1258 1257 1344 1287 solus
1357 1257 1433 1288 ibid.
1450 1258 1522 1288 132.
1564 1257 1750 1300 sapientium
1770 1268 1862 1290 curas

1133 1297 1243 1338 retegis
1266 1299 1360 1338 Lyaeo
1377 1299 1438 1329 Od.
1458 1299 1502 1334 iii,
1517 1300 1573 1335 21,
1593 1302 1643 1331 14.
1685 1300 1860 1342 sapientum

1132 1345 1260 1370 octavus
1287 1341 1354 1370 Sat.
1380 1340 1416 1376 ii,
1443 1341 1476 1376 3,
1502 1342 1576 1372 296.
1625 1342 1782 1373 abnormis
1809 1352 1860 1374 sa-

1131 1380 1220 1421 piens
1242 1382 1309 1412 Sat.
1332 1381 1365 1418 ii,
1385 1383 1417 1418 2,
1432 1383 1465 1413 3.
1508 1383 1541 1418 2.
1557 1384 1623 1414 boni
1644 1386 1755 1423 saporis
1773 1386 1860 1424 probe

1129 1432 1266 1461 gnaras.-
1290 1423 1402 1464 leporis
1423 1423 1548 1466 sapiens
1572 1425 1742 1457 sectabitur
1760 1435 1860 1458 armos

1133 1464 1198 1494 Sat.
1215 1464 1248 1500 ii,
1264 1466 1295 1502 4,
1310 1467 1362 1496 44.

1173 1508 1336 1545 sapienter.
1387 1507 1433 1538 uti
1463 1508 1644 1540 muneribus
1667 1509 1731 1541 Od.
1755 1509 1800 1546 iv,
1824 1511 1857 1546 9,

1132 1547 1183 1577 48.
1227 1548 1381 1589 sapienter
1405 1549 1486 1580 idem
1511 1550 1674 1582 contrahes
1695 1556 1786 1583 vento
1811 1562 1860 1583 se-

1132 1589 1234 1620 cundo
1252 1590 1376 1630 turgida
1390 1591 1460 1622 vela
1476 1592 1540 1623 Od.
1557 1591 1592 1628 ii,
1611 1593 1662 1628 10,
1677 1593 1734 1624 22.
1775 1593 1860 1625 vives

1131 1630 1284 1671 sapienter
1299 1633 1359 1674 Ep.
1374 1632 1395 1669 i,
1414 1634 1467 1672 10,
1483 1635 1536 1665 44.

1173 1674 1332 1713 snpientia.
1377 1674 1457 1705 mitis
1486 1675 1564 1706 Laeli
1595 1677 1662 1707 Sat.
1689 1675 1723 1712 ἰὶ,
1751 1677 1780 1713 l,
1806 1678 1861 1709 72.

1131 1724 1193 1754 quo
1225 1721 1255 1746 te
1283 1715 1418 1747 coelestis
1453 1717 1604 1759 sapientia
1634 1718 1772 1755 duceret,
1799 1717 1860 1750 ires

1131 1757 1190 1797 Ep.
1214 1756 1237 1792 i,
1261 1758 1292 1794 3,
1319 1759 1372 1788 27.
1426 1758 1553 1790 munitae
1580 1759 1693 1791 adhibe
1717 1759 1779 1791 vim
1809 1770 1859 1791 sa-

1130 1797 1256 1838 pientiae
1271 1799 1335 1830 Od.
1353 1799 1398 1837 iii,
1413 1801 1512 1836 28,,4.
1549 1801 1610 1832 fuit
1623 1801 1690 1833 haec
1707 1801 1860 1844 sapientia

1130 1840 1286 1880 quondam
1321 1843 1380 1889 Ep.
1417 1842 1455 1872 ad
1490 1842 1556 1874 Pis.
1583 1843 1658 1874 396.
1709 1843 1859 1885 sapientia

1130 1881 1229 1922 prima
1244 1883 1377 1914 stultitia
1392 1883 1527 1915 caruisse
1541 1885 1602 1927 Ep.
1614 1884 1636 1923 i,
1650 1886 1680 1920 1,
1693 1886 1746 1916 41.
1782 1886 1859 1927 quid

1131 1923 1224 1954 virtus
1238 1930 1270 1954 et
1284 1925 1359 1966 quid
1374 1925 1525 1966 sapientia
1540 1926 1636 1968 possit
1651 1927 1712 1970 Ep.
1722 1927 1745 1964 i,
1761 1928 1793 1964 2,
1810 1929 1860 1960 17.

1132 1964 1291 1997 insaniens
1304 1967 1456 2008 sapientia
1471 1968 1534 1999 Od.
1550 1968 1572 2005 i,
1587 1970 1641 2005 34,
1658 1970 1690 2001 2.

1177 2018 1274 2047 sapar.
1325 2009 1450 2040 dulcem
1485 2010 1684 2042 elaborarunt
1717 2019 1858 2053 saporem

1130 2048 1192 2079 Od.
1208 2049 1251 2086 iii,
1268 2051 1296 2086 l,
1312 2052 1360 2082 19.
1403 2051 1557 2092 integrum
1573 2053 1706 2095 perdunt
1718 2063 1856 2095 saporem

1130 2091 1195 2121 Sat.
1210 2090 1243 2127 ii,
1258 2093 1288 2127 4,
1305 2094 1360 2123 54.
1403 2099 1515 2124 exacta
1530 2094 1617 2126 tenui
1634 2094 1752 2126 ratione
1767 2105 1858 2137 sapo-

1129 2142 1197 2163 rum
1213 2133 1289 2165 ibid.
1307 2136 1359 2166 36.

1169 2178 1299 2207 sarcina.
1341 2176 1441 2217 gravis
1456 2177 1514 2218 Ep.
1529 2176 1552 2212 i,
1569 2178 1620 2214 13,
1635 2178 1668 2210 6.

1128 2218 1318 2288 Odsarculus.
1361 2219 1475 2260 patrior
1489 2219 1604 2250 findere
1626 2220 1749 2252 sarculo
1761 2221 1858 2261 “agros

1182 2280 1189 2287 .
1205 2257 1227 2293 i,
1246 2261 1274 2295 l,
1295 2260 1345 2290 11.

1169 2307 1279 2332 sav-tus.
1322 2301 1404 2332 male
1422 2309 1503 2333 sarta
1525 2301 1624 2343 gratia
1645 2302 1856 2345 nequicquam

1127 2340 1190 2371 coit
1206 2342 1265 2383 Ep.
1281 2341 1302 2378 i,
1320 2343 1350 2378 3,
1366 2344 1419 2373 31.

1168 2389 1226 2414 sat.
1271 2383 1333 2415 Od.
1348 2383 1381 2419 ii,
1401 2386 1451 2420 19,
1469 2385 1522 2416 26.

1167 2426 1295 2456 satelles.
1340 2435 1448 2456 aurum
1480 2437 1534 2468 per
1562 2426 1679 2458 medios
1707 2427 1856 2460 satellites

1126 2465 1170 2496 ire
1188 2472 1271 2497 amat
1286 2466 1348 2498 od.
1370 2467 1414 2503 iii,
1433 2469 1483 2502 16,
1505 2470 1537 2500 9.
1582 2469 1657 2500 Orci
1673 2469 1855 2510 (Cerberus)

1128 2506 1189 2538 Od.
1206 2508 1239 2543 ii,
1257 2510 1307 2547 18,
1321 2510 1374 2540 34.
1419 2510 1544 2541 virtutis
1559 2515 1662 2542 custos
1676 2510 1856 2554 rigidusque

1126 2550 1249 2581 satelles
1264 2551 1324 2593 Ep.
1340 2550 1362 2586 i,
1380 2552 1410 2586 1,
1427 2552 1475 2582 17.

1166 2595 1288 2623 satiare.
1332 2592 1412 2624 heu!
1437 2593 1529 2624 nimis
1543 2593 1636 2636 longo
1653 2594 1762 2626 satiate
1777 2594 1854 2627 ludo

1127 2632 1190 2664 Od.
1204 2633 1226 2671 i,
1244 2636 1275 2671 2,
1291 2635 1346 2666 37.

1168 2678 1276 2707 satira.
1322 2681 1407 2712 sunt,
1432 2675 1546 2718 quibus
1570 2677 1604 2708 in
1631 2677 1724 2708 satira
1752 2677 1856 2710 videor

1127 2717 1219 2749 nimis
1235 2728 1305 2749 acer
1320 2719 1386 2749 Sat.
1401 2718 1433 2754 ii,
1453 2720 1480 2754 1,
1501 2720 1530 2749 l.
1575 2719 1651 2760 quid
1666 2719 1750 2761 prius
1764 2719 1854 2751 illus·

1126 2765 1202 2790 trem
1218 2759 1319 2791 satiris
1333 2762 1398 2791 Sat.
1412 2760 1446 2796 ii,
1463 2761 1494 2795 6,
1513 2761 1563 2791 17.

1167 2804 1239 2832 satis
1254 2803 1288 2842 (c
1311 2802 1413 2849 gem).
1457 2801 1537 2832 nivis
1557 2806 1652 2843 atque
1665 2801 1740 2834 dirae
1762 2813 1837 2844 gran

1670 883 1757 925 quali
1776 883 1861 915 victu

1662 925 1716 966 qui
1735 925 1766 956 in
1783 935 1862 967 pace

353 2848 418 2878 Sat.
442 2847 476 2883 ii,
499 2847 529 2882 7,
551 2847 604 2877 73.
648 2844 745 2876 nihilo
770 2850 806 2875 ut
830 2843 998 2886 sapientior
1027 2844 1079 2875 ille
1122 2843 1206 2874 dinis
1228 2844 1290 2874 Od.
1313 2854 1335 2879 t,
1359 2845 1392 2880 2,
1413 2845 1441 2874 1.
1485 2852 1650 2885 poenarum
1676 2844 1782 2886 Epod.
1808 2822 1852 2877 17·

352 2891 484 2920 caudam
502 2888 605 2919 trahat
619 2889 685 2919 Sat.
698 2887 731 2924 ii,
745 2887 777 2924 3,
791 2887 844 2917 52.
885 2888 998 2917 servies
1016 2896 1078 2916 non

1125 2886 1174 2916 19.
1216 2897 1242 2916 c.
1258 2887 1364 2926 insin..-
1388 2895 1549 2927 personam
1569 2885 1646 2916 satis
1667 2892 1716 2917 est
1736 2886 1852 2918 evitare

352 2933 446 2974 paulo
467 2931 634 2973 sapientior
651 2930 716 2961 Sat.
731 2927 767 2966 ii,
782 2929 813 2966 3,
829 2929 904 2960 265.
947 2927 1077 2960 alteium
1121 2928 1185 2959 Sat.
1200 2927 1221 2966 i,
1237 2929 1268 2964 2,
1285 2929 1338 2960 60.
1379 2937 1442 2959 non
1464 2927 1540 2959 satis
1561 2931 1609 2960 est
1627 2927 1712 2970 prius
1729 2938 1850 2964 versum
