1884 3288
324 230 395 270 viii
909 218 1262 262 PRAEFATIO.

324 340 454 381 editio
486 337 717 384 Indicibus,
750 334 793 374 in
825 332 981 386 quibus
1015 345 1084 371 res
1118 329 1350 378 historicae,
1381 329 1692 386 mythologicae,
1724 345 1826 386 geo·
1872 346 1876 354 ’

327 415 544 470 graphicae
565 418 759 455 accurate
781 416 824 450 et
853 407 1080 462 diligenter
1102 412 1370 455 enarrantur,
1398 407 1720 460 copiosissimis;
1753 409 1828 451 sed

328 493 454 547 pauci
483 491 664 531 lectores
692 489 735 528 in
762 501 908 527 eorum
930 483 1121 525 subsidio
1143 483 1428 536 acquiescent,
1450 498 1528 525 nec
1549 491 1633 526 tam
1653 499 1708 526 ex
1729 486 1828 527 sub-

322 570 438 622 jecta
470 567 662 608 lectionis
698 564 914 610 varietate,
951 575 1077 614 quam
1111 575 1166 600 ex
1199 560 1438 614 praepositis
1471 551 1622 616 cuique
1654 562 1828 603 carmini

329 642 621 697 Argumentis,
642 638 819 679 multum
839 636 1079 691 proficient.
1140 635 1189 675 In
1211 636 1444 690 probandis
1460 638 1570 678 enim
1589 637 1656 679 vel
1674 638 1828 693 impro-

326 718 478 760 bandis
499 716 753 758 lectionibus
774 712 1013 754 Wetzelius
1036 713 1090 752 ad
1111 712 1212 752 Jani
1237 712 1448 766 judicium
1467 719 1510 754 et
1535 715 1829 756 auctoritatem

327 796 388 836 ita
409 809 452 835 se
474 792 781 847 attemperavit,
804 798 853 831 ut
873 789 978 830 nihil
998 789 1087 830 fere
1108 804 1163 830 ex
1186 804 1230 830 se
1250 790 1345 844 ipso
1366 790 1591 844 proferret,
1612 797 1656 832 et
1677 791 1829 833 ducem

329 885 452 911 suum
486 877 614 923 atque
649 869 896 922 magistrum
932 867 975 907 in
1012 867 1250 908 deridendo
1285 874 1447 909 tantum
1486 875 1529 910 et
1567 867 1827 923 petulantius

327 947 549 988 tractando
589 946 753 1000 Magno
794 944 990 985 Bentlcio
1031 951 1267 998 superaret.
1333 945 1430 986 Nec
1466 943 1733 1000 Argumenta
1770 946 1830 988 ita

328 1030 568 1077 comparata
590 1029 701 1071 sunt,
724 1028 772 1062 ut
793 1020 975 1062 lectores
992 1021 1092 1062 inde
1114 1021 1167 1062 de
1189 1022 1397 1076 cujusque
1414 1022 1610 1064 carminis
1630 1024 1768 1078 pretio
1783 1030 1828 1066 et

326 1101 556 1142 virtutibus
579 1106 695 1140 recte
712 1099 908 1153 judicare
930 1099 1111 1139 discant.

384 1178 494 1224 Quae
530 1177 583 1217 de
617 1175 790 1217 Horatii
821 1175 954 1216 MSS.
985 1183 1029 1216 et
1063 1176 1203 1216 Editt.
1233 1182 1333 1218 cett.
1366 1191 1421 1218 ex
1447 1175 1538 1218 aliis
1569 1178 1827 1219 editionibus

328 1254 527 1308 cognosci
548 1260 743 1308 possunt,
766 1259 808 1294 et
830 1267 926 1293 raro
946 1252 1030 1306 legi
1052 1251 1203 1302 solent,
1224 1253 1274 1294 iis
1294 1253 1405 1294 hanc
1425 1254 1652 1295 editionem
1672 1270 1830 1310 augere

327 1339 371 1373 et
391 1345 566 1371 onerare
588 1330 716 1371 nolui.
777 1329 929 1383 Itaque
950 1329 1009 1370 nil
1028 1330 1108 1370 nisi
1135 1330 1281 1372 Vitam
1309 1331 1482 1372 Horatii
1505 1338 1549 1372 et
1578 1331 1830 1374 Doctrinam

327 1409 380 1450 de
411 1408 555 1448 metris
586 1407 836 1447 Horatianis
867 1407 1208 1460 praemittendam
1238 1409 1395 1450 curavi.
1455 1409 1566 1450 Rem
1597 1409 1755 1452 scilicet
1775 1411 1830 1452 de

327 1485 473 1526 metris
505 1484 750 1525 Horatianis
782 1498 891 1524 novo
921 1484 1065 1524 studio
1088 1491 1290 1539 tantaque
1313 1486 1544 1540 diligentia,
1567 1485 1766 1537 sollertia,
1787 1494 1832 1529 et

327 1563 481 1616 peritia
501 1560 690 1603 excussit
706 1567 749 1600 et
766 1560 821 1600 ad
838 1560 1047 1615 ejusmodi
1070 1560 1245 1602 formam
1262 1562 1430 1616 redegit
1446 1561 1527 1604 Vir
1543 1562 1829 1604 Doctissimus

329 1647 372 1680 et
389 1638 530 1680 multis
552 1637 791 1678 nominibus
812 1636 915 1677 mihi
929 1637 1184 1678 Carissimus
1204 1637 1418 1692 Sparrius,
1432 1645 1480 1680 ut
1495 1641 1827 1691 communicatis,

328 1731 424 1771 quae
454 1714 751 1756 humanissime
781 1713 850 1755 ille
880 1729 1044 1756 mecum
1074 1715 1128 1756 de
1155 1716 1299 1757 metris
1333 1715 1582 1758 Horatianis
1602 1718 1830 1759 communi-

329 1794 452 1842 cavit,
468 1807 567 1833 cum
587 1791 760 1832 Horatii
780 1790 1030 1842 lectoribus,
1052 1791 1171 1833 haud
1192 1793 1389 1848 exiguam
1407 1795 1522 1849 apud
1542 1794 1744 1850 plurimos
1763 1809 1830 1836 me

330 1870 507 1924 gratiam
528 1869 728 1908 initurum
750 1882 845 1908 esse
867 1883 962 1908 cum
982 1869 1140 1910 fiducia
1160 1871 1344 1924 quadam
1366 1886 1538 1926 sperare
1557 1857 1743 1927 possem.

386 1947 543 1986 Restat
575 1951 623 1984 ut
656 1943 918 1986 Doctissimo
955 1945 1284 2001 Clarissimoque
1322 1948 1615 2005 Philosophiae
1649 1951 1831 1993 Doctori

333 2022 487 2063 Carolo
509 2021 751 2062 Christiano
774 2022 1028 2070 Wendlero,
1050 2024 1171 2078 cujus
1193 2026 1507 2068 accuratissima
1535 2034 1726 2069 veterum
1753 2027 1832 2070 lin-

330 2114 507 2153 guarum
529 2099 770 2153 cognitione
792 2114 914 2153 aeque
935 2114 983 2141 ac
1006 2115 1166 2142 summa
1195 2103 1472 2156 perspicacia,
1493 2117 1547 2144 ne
1567 2104 1678 2146 vitiis
1707 2112 1830 2161 typo-

330 2176 543 2231 graphicis
579 2176 872 2229 inquinaretur
905 2177 998 2218 haec
1031 2184 1178 2219 nostra
1208 2180 1353 2230 editio,
1389 2181 1561 2235 egregie
1587 2189 1757 2223 cautum
1785 2190 1829 2224 et

328 2260 603 2306 prospectum
625 2260 704 2302 est,
726 2254 896 2308 publice
913 2256 1142 2309 gratissimi
1162 2257 1289 2297 animi
1310 2271 1480 2299 sensum
1495 2259 1694 2313 aperiam.
1727 2260 1828 2307 Quo

330 2330 465 2370 mihus
487 2337 627 2371 autem
656 2331 737 2372 Vir
757 2331 825 2372 ille
856 2332 1127 2374 Venerabilis
1157 2333 1342 2388 publicae
1367 2334 1505 2376 laudis
1526 2343 1570 2378 et
1597 2335 1743 2392 gloriae
1763 2345 1830 2380 est

331 2415 552 2461 appetens,
573 2409 615 2448 in
636 2423 687 2450 eo
708 2410 866 2464 majore
882 2411 998 2465 apud
1020 2426 1179 2462 omneS,
1198 2413 1272 2467 qui
1291 2427 1386 2454 eum
1402 2421 1572 2463 norunt,
1587 2422 1655 2456 est
1673 2417 1825 2470 pretio.

388 2562 554 2603 Dabam
577 2563 749 2614 Gothae,
773 2580 810 2606 a.
828 2566 870 2606 d.
894 2566 933 2606 vi
955 2566 1020 2608 Id.
1045 2567 1150 2609 Mai.

669 2654 880 2684 MDcccm.

1400 2799 1711 2842 DOERING.
