<?xml version="1.0" encoding="UTF-8"?>
<!DOCTYPE html PUBLIC "-//W3C//DTD XHTML 1.0 Transitional//EN"
    "http://www.w3.org/TR/xhtml1/DTD/xhtml1-transitional.dtd">
<html xmlns="http://www.w3.org/1999/xhtml" xml:lang="en" lang="en">
 <head>
  <title>
</title>
<meta http-equiv="Content-Type" content="text/html;charset=utf-8" />
  <meta name='ocr-system' content='tesseract 3.04.00' />
  <meta name='ocr-capabilities' content='ocr_page ocr_carea ocr_par ocr_line ocrx_word'/>
</head>
<body>
  <div class='ocr_page' id='page_1' title='image "./operahorac00horauoft_0461.png"; bbox 0 0 1904 3314; ppageno 0'>
   <div class='ocr_carea' id='block_1_1' title="bbox 14 2371 51 2626">
    <p class='ocr_par' dir='ltr' id='par_1_1' title="bbox 14 2371 53 2626">
     <span class='ocr_line' id='line_1_1' title="bbox 14 2371 51 2626; textangle 90"><span class='ocrx_word' id='word_1_1' title='bbox 42 2619 51 2626; x_wconf 58' lang='lat'><strong>,</strong></span> <span class='ocrx_word' id='word_1_2' title='bbox 14 2603 47 2612; x_wconf 27' lang='lat' dir='ltr'><strong>-v</strong></span> <span class='ocrx_word' id='word_1_3' title='bbox 19 2371 49 2596; x_wconf 39' lang='lat' dir='ltr'><strong>{WW5&#39;*⁸W¹⁴⁴²</strong></span> 
     </span>
    </p>
   </div>
   <div class='ocr_carea' id='block_1_2' title="bbox 686 177 1075 228">
    <p class='ocr_par' dir='ltr' id='par_1_2' title="bbox 686 177 1075 228">
     <span class='ocr_line' id='line_1_2' title="bbox 686 177 1075 228; baseline -0.005 -8"><span class='ocrx_word' id='word_1_4' title='bbox 686 177 911 220; x_wconf 88' lang='lat' dir='ltr'>LIBER</span> <span class='ocrx_word' id='word_1_5' title='bbox 942 177 1002 228; x_wconf 87' lang='grc' dir='ltr'><strong>ΙΙ,</strong></span> <span class='ocrx_word' id='word_1_6' title='bbox 1034 179 1075 219; x_wconf 87' lang='grc'><strong>7.</strong></span> 
     </span>
    </p>
   </div>
   <div class='ocr_carea' id='block_1_3' title="bbox 1563 183 1643 224">
    <p class='ocr_par' dir='ltr' id='par_1_3' title="bbox 1563 183 1643 224">
     <span class='ocr_line' id='line_1_3' title="bbox 1563 183 1643 224; baseline 0 -1"><span class='ocrx_word' id='word_1_7' title='bbox 1563 183 1643 224; x_wconf 74' lang='grc'><strong>421</strong></span> 
     </span>
    </p>
   </div>
   <div class='ocr_carea' id='block_1_4' title="bbox 131 280 1644 814">
    <p class='ocr_par' dir='ltr' id='par_1_4' title="bbox 131 280 1644 814">
     <span class='ocr_line' id='line_1_4' title="bbox 131 280 1381 335; baseline -0.002 -9"><span class='ocrx_word' id='word_1_8' title='bbox 131 284 190 326; x_wconf 88' lang='grc'><strong>65</strong></span> <span class='ocrx_word' id='word_1_9' title='bbox 221 284 371 333; x_wconf 84' lang='lat' dir='ltr'><strong>Quum</strong></span> <span class='ocrx_word' id='word_1_10' title='bbox 393 291 436 328; x_wconf 87' lang='lat' dir='ltr'><strong>te</strong></span> <span class='ocrx_word' id='word_1_11' title='bbox 456 283 662 327; x_wconf 82' lang='lat' dir='ltr'><strong>formidet</strong></span> <span class='ocrx_word' id='word_1_12' title='bbox 681 280 850 332; x_wconf 90' lang='lat' dir='ltr'><strong>mulier,</strong></span> <span class='ocrx_word' id='word_1_13' title='bbox 871 294 1014 335; x_wconf 91' lang='lat' dir='ltr'><strong>neque</strong></span> <span class='ocrx_word' id='word_1_14' title='bbox 1035 280 1188 322; x_wconf 86' lang='lat' dir='ltr'><strong>credat</strong></span> <span class='ocrx_word' id='word_1_15' title='bbox 1208 282 1381 323; x_wconf 81' lang='lat' dir='ltr'><strong>amanti.</strong></span> 
     </span>
     <span class='ocr_line' id='line_1_5' title="bbox 219 347 1328 406; baseline -0.006 -10"><span class='ocrx_word' id='word_1_16' title='bbox 219 352 312 395; x_wconf 86' lang='lat' dir='ltr'><strong>Ibis</strong></span> <span class='ocrx_word' id='word_1_17' title='bbox 335 353 417 396; x_wconf 87' lang='lat' dir='ltr'><strong>sub</strong></span> <span class='ocrx_word' id='word_1_18' title='bbox 438 352 605 395; x_wconf 86' lang='lat' dir='ltr'><strong>furcam</strong></span> <span class='ocrx_word' id='word_1_19' title='bbox 624 349 847 406; x_wconf 85' lang='lat' dir='ltr'><strong>prudens;</strong></span> <span class='ocrx_word' id='word_1_20' title='bbox 879 349 1143 403; x_wconf 89' lang='lat' dir='ltr'><strong>dominoque</strong></span> <span class='ocrx_word' id='word_1_21' title='bbox 1165 347 1328 390; x_wconf 88' lang='lat' dir='ltr'><strong>furenti</strong></span> 
     </span>
     <span class='ocr_line' id='line_1_6' title="bbox 219 417 1602 472; baseline -0.003 -8"><span class='ocrx_word' id='word_1_22' title='bbox 219 421 474 464; x_wconf 81' lang='lat' dir='ltr'><strong>committes</strong></span> <span class='ocrx_word' id='word_1_23' title='bbox 495 434 586 462; x_wconf 87' lang='lat' dir='ltr'><strong>rem</strong></span> <span class='ocrx_word' id='word_1_24' title='bbox 606 433 790 468; x_wconf 91' lang='lat' dir='ltr'><strong>omnem,</strong></span> <span class='ocrx_word' id='word_1_25' title='bbox 813 423 857 460; x_wconf 90' lang='lat' dir='ltr'><strong>et</strong></span> <span class='ocrx_word' id='word_1_26' title='bbox 878 417 1022 467; x_wconf 83' lang='lat' dir='ltr'><strong>vitam,</strong></span> <span class='ocrx_word' id='word_1_27' title='bbox 1044 423 1088 458; x_wconf 88' lang='lat' dir='ltr'><strong>et</strong></span> <span class='ocrx_word' id='word_1_28' title='bbox 1109 431 1207 458; x_wconf 89' lang='lat' dir='ltr'><strong>cum</strong></span> <span class='ocrx_word' id='word_1_29' title='bbox 1227 431 1412 472; x_wconf 87' lang='lat' dir='ltr'><strong>corpore</strong></span> <span class='ocrx_word' id='word_1_30' title='bbox 1433 417 1602 461; x_wconf 85' lang='lat' dir='ltr'><strong>famam.</strong></span> 
     </span>
     <span class='ocr_line' id='line_1_7' title="bbox 220 485 1267 540; baseline -0.006 -8"><span class='ocrx_word' id='word_1_31' title='bbox 220 489 410 532; x_wconf 75' lang='lat' dir='ltr'><strong>Evasti?</strong></span> <span class='ocrx_word' id='word_1_32' title='bbox 437 488 586 538; x_wconf 83' lang='lat' dir='ltr'><strong>credo,</strong></span> <span class='ocrx_word' id='word_1_33' title='bbox 606 493 791 536; x_wconf 82' lang='lat' dir='ltr'><strong>metueS,</strong></span> <span class='ocrx_word' id='word_1_34' title='bbox 814 486 1058 540; x_wconf 86' lang='lat' dir='ltr'><strong>doctusque</strong></span> <span class='ocrx_word' id='word_1_35' title='bbox 1080 485 1267 527; x_wconf 83' lang='lat' dir='ltr'><strong>cavebis.</strong></span> 
     </span>
     <span class='ocr_line' id='line_1_8' title="bbox 219 554 1425 612; baseline -0.005 -12"><span class='ocrx_word' id='word_1_36' title='bbox 219 557 421 608; x_wconf 78' lang='lat' dir='ltr'><strong>Quaeres,</strong></span> <span class='ocrx_word' id='word_1_37' title='bbox 443 555 620 612; x_wconf 83' lang='lat' dir='ltr'><strong>quando</strong></span> <span class='ocrx_word' id='word_1_38' title='bbox 641 555 799 597; x_wconf 90' lang='lat' dir='ltr'><strong>iterum</strong></span> <span class='ocrx_word' id='word_1_39' title='bbox 819 568 995 610; x_wconf 87' lang='lat' dir='ltr'><strong>paveas,</strong></span> <span class='ocrx_word' id='word_1_40' title='bbox 1015 554 1260 608; x_wconf 85' lang='lat' dir='ltr'><strong>iterumque</strong></span> <span class='ocrx_word' id='word_1_41' title='bbox 1281 554 1425 608; x_wconf 87' lang='lat' dir='ltr'><strong>perire</strong></span> 
     </span>
     <span class='ocr_line' id='line_1_9' title="bbox 131 620 1256 677; baseline -0.005 -9"><span class='ocrx_word' id='word_1_42' title='bbox 131 625 191 668; x_wconf 87' lang='lat'><strong>70</strong></span> <span class='ocrx_word' id='word_1_43' title='bbox 218 625 383 676; x_wconf 87' lang='lat' dir='ltr'><strong>Possis,</strong></span> <span class='ocrx_word' id='word_1_44' title='bbox 405 639 431 666; x_wconf 92' lang='lat' dir='ltr'><strong>o</strong></span> <span class='ocrx_word' id='word_1_45' title='bbox 452 624 582 666; x_wconf 83' lang='lat' dir='ltr'><strong>toties</strong></span> <span class='ocrx_word' id='word_1_46' title='bbox 605 624 780 665; x_wconf 86' lang='lat' dir='ltr'><strong>servus!</strong></span> <span class='ocrx_word' id='word_1_47' title='bbox 813 637 912 677; x_wconf 87' lang='lat' dir='ltr'><strong>quae</strong></span> <span class='ocrx_word' id='word_1_48' title='bbox 932 620 1075 664; x_wconf 83' lang='lat' dir='ltr'>bellua</span> <span class='ocrx_word' id='word_1_49' title='bbox 1099 621 1256 677; x_wconf 88' lang='lat' dir='ltr'><strong>ruptis,</strong></span> 
     </span>
     <span class='ocr_line' id='line_1_10' title="bbox 217 690 1327 747; baseline -0.004 -12"><span class='ocrx_word' id='word_1_50' title='bbox 217 693 368 742; x_wconf 84' lang='lat' dir='ltr'><strong>Quum</strong></span> <span class='ocrx_word' id='word_1_51' title='bbox 389 690 521 734; x_wconf 84' lang='lat' dir='ltr'><strong>semel</strong></span> <span class='ocrx_word' id='word_1_52' title='bbox 541 691 711 747; x_wconf 83' lang='lat' dir='ltr'><strong>effugit,</strong></span> <span class='ocrx_word' id='word_1_53' title='bbox 735 691 883 732; x_wconf 88' lang='lat' dir='ltr'><strong>reddit</strong></span> <span class='ocrx_word' id='word_1_54' title='bbox 905 705 950 732; x_wconf 86' lang='lat' dir='ltr'><strong>se</strong></span> <span class='ocrx_word' id='word_1_55' title='bbox 972 705 1108 746; x_wconf 87' lang='lat' dir='ltr'><strong>prava</strong></span> <span class='ocrx_word' id='word_1_56' title='bbox 1128 690 1292 732; x_wconf 83' lang='lat' dir='ltr'><strong>catenis</strong></span> <span class='ocrx_word' id='word_1_57' title='bbox 1310 692 1327 731; x_wconf 67' lang='grc' dir='ltr'><em>ἲ</em></span> 
     </span>
     <span class='ocr_line' id='line_1_11' title="bbox 214 756 1644 814; baseline -0.001 -11"><span class='ocrx_word' id='word_1_58' title='bbox 214 760 323 804; x_wconf 84' lang='grc' dir='ltr'>Νοῐι</span> <span class='ocrx_word' id='word_1_59' title='bbox 343 775 439 802; x_wconf 84' lang='lat' dir='ltr'><strong>sum</strong></span> <span class='ocrx_word' id='word_1_60' title='bbox 457 759 670 810; x_wconf 88' lang='lat' dir='ltr'><strong>moechus,</strong></span> <span class='ocrx_word' id='word_1_61' title='bbox 693 759 770 801; x_wconf 81' lang='lat' dir='ltr'><strong>ais.</strong></span> <span class='ocrx_word' id='word_1_62' title='bbox 818 758 980 814; x_wconf 89' lang='lat' dir='ltr'><strong>Neque</strong></span> <span class='ocrx_word' id='word_1_63' title='bbox 1002 773 1099 813; x_wconf 89' lang='lat' dir='ltr'><strong>ego,</strong></span> <span class='ocrx_word' id='word_1_64' title='bbox 1121 757 1313 809; x_wconf 88' lang='lat' dir='ltr'><strong>hercule,</strong></span> <span class='ocrx_word' id='word_1_65' title='bbox 1337 756 1422 809; x_wconf 83' lang='lat' dir='ltr'><strong>fur,</strong></span> <span class='ocrx_word' id='word_1_66' title='bbox 1445 759 1520 801; x_wconf 92' lang='lat' dir='ltr'><strong>ubi</strong></span> <span class='ocrx_word' id='word_1_67' title='bbox 1541 774 1644 802; x_wconf 86' lang='lat' dir='ltr'><strong>vasa</strong></span> 
     </span>
    </p>
   </div>
   <div class='ocr_carea' id='block_1_5' title="bbox 215 828 879 884">
    <p class='ocr_par' dir='ltr' id='par_1_5' title="bbox 215 828 879 884">
     <span class='ocr_line' id='line_1_12' title="bbox 215 828 879 884; baseline -0.005 -13"><span class='ocrx_word' id='word_1_68' title='bbox 215 828 439 871; x_wconf 85' lang='lat' dir='ltr'><strong>Praetereo</strong></span> <span class='ocrx_word' id='word_1_69' title='bbox 461 828 634 884; x_wconf 86' lang='lat' dir='ltr'><strong>sapiens</strong></span> <span class='ocrx_word' id='word_1_70' title='bbox 656 833 879 883; x_wconf 85' lang='lat' dir='ltr'><strong>argentea.</strong></span> 
     </span>
    </p>
   </div>
   <div class='ocr_carea' id='block_1_6' title="bbox 941 825 1329 882">
    <p class='ocr_par' dir='ltr' id='par_1_6' title="bbox 941 825 1329 882">
     <span class='ocr_line' id='line_1_13' title="bbox 941 825 1329 882; baseline 0 -14"><span class='ocrx_word' id='word_1_71' title='bbox 941 825 1071 868; x_wconf 91' lang='lat' dir='ltr'><strong>Tolle</strong></span> <span class='ocrx_word' id='word_1_72' title='bbox 1092 825 1303 882; x_wconf 89' lang='lat' dir='ltr'><strong>periclum</strong></span> <span class='ocrx_word' id='word_1_73' title='bbox 1320 843 1329 868; x_wconf 89' lang='lat'>:</span> 
     </span>
    </p>
   </div>
   <div class='ocr_carea' id='block_1_7' title="bbox 129 895 1462 1293">
    <p class='ocr_par' dir='ltr' id='par_1_7' title="bbox 216 895 1206 953">
     <span class='ocr_line' id='line_1_14' title="bbox 216 895 1206 953; baseline -0.003 -14"><span class='ocrx_word' id='word_1_74' title='bbox 216 895 316 939; x_wconf 81' lang='lat' dir='ltr'><strong>Jam</strong></span> <span class='ocrx_word' id='word_1_75' title='bbox 335 912 445 953; x_wconf 84' lang='lat' dir='ltr'><strong>vaga</strong></span> <span class='ocrx_word' id='word_1_76' title='bbox 465 895 662 952; x_wconf 85' lang='lat' dir='ltr'><strong>prosiliet</strong></span> <span class='ocrx_word' id='word_1_77' title='bbox 683 895 817 938; x_wconf 89' lang='lat' dir='ltr'><strong>frenis</strong></span> <span class='ocrx_word' id='word_1_78' title='bbox 838 902 995 938; x_wconf 84' lang='lat' dir='ltr'><strong>natura</strong></span> <span class='ocrx_word' id='word_1_79' title='bbox 1015 896 1206 938; x_wconf 84' lang='lat' dir='ltr'><strong>remotis.</strong></span> 
     </span>
    </p>

    <p class='ocr_par' dir='ltr' id='par_1_8' title="bbox 129 963 1462 1293">
     <span class='ocr_line' id='line_1_15' title="bbox 129 963 1452 1019; baseline -0.001 -12"><span class='ocrx_word' id='word_1_80' title='bbox 129 964 185 1007; x_wconf 80' lang='lat'><strong>75</strong></span> <span class='ocrx_word' id='word_1_81' title='bbox 214 963 346 1007; x_wconf 76' lang='lat' dir='ltr'><strong>Tune</strong></span> <span class='ocrx_word' id='word_1_82' title='bbox 365 964 472 1006; x_wconf 91' lang='lat' dir='ltr'><strong>mihi</strong></span> <span class='ocrx_word' id='word_1_83' title='bbox 491 965 707 1014; x_wconf 88' lang='lat' dir='ltr'><strong>dominus,</strong></span> <span class='ocrx_word' id='word_1_84' title='bbox 730 978 875 1005; x_wconf 90' lang='lat' dir='ltr'><strong>rerum</strong></span> <span class='ocrx_word' id='word_1_85' title='bbox 896 964 1103 1019; x_wconf 83' lang='lat' dir='ltr'><strong>imperiiS,</strong></span> <span class='ocrx_word' id='word_1_86' title='bbox 1126 963 1452 1019; x_wconf 89' lang='lat' dir='ltr'><strong>hominumque,</strong></span> 
     </span>
     <span class='ocr_line' id='line_1_16' title="bbox 215 1032 1462 1088; baseline -0.001 -13"><span class='ocrx_word' id='word_1_87' title='bbox 215 1032 307 1075; x_wconf 90' lang='lat' dir='ltr'><strong>Tot</strong></span> <span class='ocrx_word' id='word_1_88' title='bbox 327 1033 546 1088; x_wconf 86' lang='lat' dir='ltr'><strong>tantisque</strong></span> <span class='ocrx_word' id='word_1_89' title='bbox 566 1033 736 1074; x_wconf 73' lang='lat' dir='ltr'><strong>minor?</strong></span> <span class='ocrx_word' id='word_1_90' title='bbox 768 1047 896 1087; x_wconf 92' lang='lat' dir='ltr'><strong>quem</strong></span> <span class='ocrx_word' id='word_1_91' title='bbox 918 1038 986 1073; x_wconf 84' lang='lat' dir='ltr'><strong>ter</strong></span> <span class='ocrx_word' id='word_1_92' title='bbox 1006 1032 1198 1074; x_wconf 87' lang='lat' dir='ltr'><strong>vindicta</strong></span> <span class='ocrx_word' id='word_1_93' title='bbox 1220 1039 1462 1088; x_wconf 83' lang='lat' dir='ltr'><strong>quaterque</strong></span> 
     </span>
     <span class='ocr_line' id='line_1_17' title="bbox 217 1099 1397 1157; baseline -0.002 -14"><span class='ocrx_word' id='word_1_94' title='bbox 217 1101 426 1157; x_wconf 86' lang='lat' dir='ltr'><strong>Imposita</strong></span> <span class='ocrx_word' id='word_1_95' title='bbox 445 1101 565 1143; x_wconf 88' lang='lat' dir='ltr'><strong>haud</strong></span> <span class='ocrx_word' id='word_1_96' title='bbox 586 1115 778 1156; x_wconf 88' lang='lat' dir='ltr'><strong>unquam</strong></span> <span class='ocrx_word' id='word_1_97' title='bbox 799 1101 955 1142; x_wconf 84' lang='lat' dir='ltr'><strong>misera</strong></span> <span class='ocrx_word' id='word_1_98' title='bbox 976 1099 1204 1142; x_wconf 86' lang='lat' dir='ltr'><strong>formidine</strong></span> <span class='ocrx_word' id='word_1_99' title='bbox 1227 1101 1397 1156; x_wconf 68' lang='lat' dir='ltr'><strong>privet?</strong></span> 
     </span>
     <span class='ocr_line' id='line_1_18' title="bbox 214 1168 1412 1225; baseline -0.002 -13"><span class='ocrx_word' id='word_1_100' title='bbox 214 1168 355 1212; x_wconf 62' lang='lat' dir='ltr'><strong>Adde*</strong></span> <span class='ocrx_word' id='word_1_101' title='bbox 371 1184 504 1225; x_wconf 89' lang='lat' dir='ltr'><strong>super</strong></span> <span class='ocrx_word' id='word_1_102' title='bbox 525 1170 670 1220; x_wconf 87' lang='lat' dir='ltr'><strong>dictis,</strong></span> <span class='ocrx_word' id='word_1_103' title='bbox 693 1170 813 1224; x_wconf 89' lang='lat' dir='ltr'><strong>quod</strong></span> <span class='ocrx_word' id='word_1_104' title='bbox 835 1184 922 1211; x_wconf 93' lang='lat' dir='ltr'><strong>non</strong></span> <span class='ocrx_word' id='word_1_105' title='bbox 941 1168 1078 1210; x_wconf 87' lang='lat' dir='ltr'><strong>levius</strong></span> <span class='ocrx_word' id='word_1_106' title='bbox 1099 1168 1266 1211; x_wconf 84' lang='lat' dir='ltr'><strong>valeat:</strong></span> <span class='ocrx_word' id='word_1_107' title='bbox 1299 1184 1412 1220; x_wconf 88' lang='lat' dir='ltr'><strong>nam,</strong></span> 
     </span>
     <span class='ocr_line' id='line_1_19' title="bbox 213 1237 1231 1293; baseline -0.002 -13"><span class='ocrx_word' id='word_1_108' title='bbox 213 1238 314 1280; x_wconf 88' lang='lat' dir='ltr'><strong>Sive</strong></span> <span class='ocrx_word' id='word_1_109' title='bbox 335 1237 522 1280; x_wconf 82' lang='lat' dir='ltr'><strong>vicarius</strong></span> <span class='ocrx_word' id='word_1_110' title='bbox 543 1244 624 1288; x_wconf 89' lang='lat' dir='ltr'><strong>est,</strong></span> <span class='ocrx_word' id='word_1_111' title='bbox 646 1238 723 1292; x_wconf 92' lang='lat' dir='ltr'><strong>qui</strong></span> <span class='ocrx_word' id='word_1_112' title='bbox 744 1252 869 1279; x_wconf 88' lang='lat' dir='ltr'><strong>servo</strong></span> <span class='ocrx_word' id='word_1_113' title='bbox 892 1244 1017 1293; x_wconf 82' lang='lat' dir='ltr'><strong>paret</strong></span> <span class='ocrx_word' id='word_1_114' title='bbox 1039 1237 1120 1291; x_wconf 88' lang='lat' dir='ltr'><strong>(uti</strong></span> <span class='ocrx_word' id='word_1_115' title='bbox 1141 1252 1231 1279; x_wconf 88' lang='lat' dir='ltr'><strong>mos</strong></span> 
     </span>
    </p>
   </div>
   <div class='ocr_carea' id='block_1_8' title="bbox 94 1360 850 2658">
    <p class='ocr_par' dir='ltr' id='par_1_9' title="bbox 94 1360 847 1404">
     <span class='ocr_line' id='line_1_20' title="bbox 94 1360 847 1404; baseline -0.004 -11"><span class='ocrx_word' id='word_1_116' title='bbox 94 1360 420 1404; x_wconf 62' lang='lat' dir='ltr'><strong>gladiatoresldmnino</strong></span> <span class='ocrx_word' id='word_1_117' title='bbox 439 1371 564 1400; x_wconf 80' lang='lat' dir='ltr'><strong>corpora</strong></span> <span class='ocrx_word' id='word_1_118' title='bbox 583 1362 758 1401; x_wconf 81' lang='lat' dir='ltr'><strong>animasque</strong></span> <span class='ocrx_word' id='word_1_119' title='bbox 772 1361 847 1390; x_wconf 83' lang='lat' dir='ltr'><strong>reli-</strong></span> 
     </span>
    </p>

    <p class='ocr_par' dir='ltr' id='par_1_10' title="bbox 97 1402 848 1488">
     <span class='ocr_line' id='line_1_21' title="bbox 123 1402 848 1436; baseline -0.004 0"><span class='ocrx_word' id='word_1_120' title='bbox 123 1405 131 1413; x_wconf 80' lang='grc'><strong>”</strong></span> <span class='ocrx_word' id='word_1_121' title='bbox 167 1406 261 1436; x_wconf 67' lang='lat' dir='ltr'><strong>&#39;ssime</strong></span> <span class='ocrx_word' id='word_1_122' title='bbox 290 1405 480 1436; x_wconf 71' lang='lat' dir='ltr'><strong>addicimus.-</strong></span> <span class='ocrx_word' id='word_1_123' title='bbox 504 1403 546 1434; x_wconf 92' lang='lat' dir='ltr'><strong>cf.</strong></span> <span class='ocrx_word' id='word_1_124' title='bbox 575 1402 670 1434; x_wconf 88' lang='lat' dir='ltr'><strong>amici</strong></span> <span class='ocrx_word' id='word_1_125' title='bbox 700 1403 763 1435; x_wconf 86' lang='lat' dir='ltr'><strong>mei</strong></span> <span class='ocrx_word' id='word_1_126' title='bbox 790 1404 848 1434; x_wconf 84' lang='lat' dir='ltr'><strong>Ja-</strong></span> 
     </span>
     <span class='ocr_line' id='line_1_22' title="bbox 97 1447 623 1488; baseline -0.004 -8"><span class='ocrx_word' id='word_1_127' title='bbox 97 1447 199 1480; x_wconf 76' lang='lat' dir='ltr'><strong>cobsii</strong></span> <span class='ocrx_word' id='word_1_128' title='bbox 213 1448 318 1480; x_wconf 76' lang='lat' dir='ltr'><strong>Lectt.</strong></span> <span class='ocrx_word' id='word_1_129' title='bbox 334 1447 483 1478; x_wconf 88' lang='lat' dir='ltr'><strong>Stobens.</strong></span> <span class='ocrx_word' id='word_1_130' title='bbox 498 1457 531 1488; x_wconf 88' lang='lat' dir='ltr'><strong>p.</strong></span> <span class='ocrx_word' id='word_1_131' title='bbox 551 1447 623 1478; x_wconf 81' lang='lat'>148.</span> 
     </span>
    </p>

    <p class='ocr_par' dir='ltr' id='par_1_11' title="bbox 99 1488 850 1576">
     <span class='ocr_line' id='line_1_23' title="bbox 141 1488 850 1529; baseline -0.003 -7"><span class='ocrx_word' id='word_1_132' title='bbox 141 1491 196 1522; x_wconf 83' lang='lat'><strong>60.</strong></span> <span class='ocrx_word' id='word_1_133' title='bbox 218 1490 346 1522; x_wconf 73' lang='lat' dir='ltr'><strong>conscia</strong></span> <span class='ocrx_word' id='word_1_134' title='bbox 371 1491 488 1529; x_wconf 75' lang='lat' dir='ltr'><strong>peccati</strong></span> <span class='ocrx_word' id='word_1_135' title='bbox 514 1490 630 1526; x_wconf 81' lang='lat' dir='ltr'><strong>herilis,</strong></span> <span class='ocrx_word' id='word_1_136' title='bbox 657 1488 788 1526; x_wconf 87' lang='lat' dir='ltr'><strong>ancilla.</strong></span> <span class='ocrx_word' id='word_1_137' title='bbox 814 1494 850 1521; x_wconf 89' lang='lat' dir='ltr'><strong>ut</strong></span> 
     </span>
     <span class='ocr_line' id='line_1_24' title="bbox 99 1532 438 1576; baseline -0.006 -11"><span class='ocrx_word' id='word_1_138' title='bbox 99 1543 173 1576; x_wconf 82' lang='lat' dir='ltr'><strong>sup.</strong></span> <span class='ocrx_word' id='word_1_139' title='bbox 188 1534 257 1566; x_wconf 83' lang='lat' dir='ltr'><strong>Sat.</strong></span> <span class='ocrx_word' id='word_1_140' title='bbox 271 1532 296 1569; x_wconf 82' lang='lat' dir='ltr'><strong>i,</strong></span> <span class='ocrx_word' id='word_1_141' title='bbox 312 1534 345 1569; x_wconf 85' lang='lat'><strong>2,</strong></span> <span class='ocrx_word' id='word_1_142' title='bbox 365 1533 438 1564; x_wconf 87' lang='grc'><strong>130.</strong></span> 
     </span>
    </p>

    <p class='ocr_par' dir='ltr' id='par_1_12' title="bbox 141 1575 845 1618">
     <span class='ocr_line' id='line_1_25' title="bbox 141 1575 845 1618; baseline -0.006 -10"><span class='ocrx_word' id='word_1_143' title='bbox 141 1577 198 1608; x_wconf 84' lang='lat'><strong>61.</strong></span> <span class='ocrx_word' id='word_1_144' title='bbox 222 1576 423 1608; x_wconf 75' lang='lat' dir='ltr'><strong>contractum</strong></span> <span class='ocrx_word' id='word_1_145' title='bbox 442 1576 569 1618; x_wconf 82' lang='lat' dir='ltr'><strong>genibus</strong></span> <span class='ocrx_word' id='word_1_146' title='bbox 593 1582 704 1617; x_wconf 78' lang='lat' dir='ltr'><strong>tangas</strong></span> <span class='ocrx_word' id='word_1_147' title='bbox 729 1575 845 1614; x_wconf 83' lang='lat' dir='ltr'><strong>caput?</strong></span> 
     </span>
    </p>

    <p class='ocr_par' dir='ltr' id='par_1_13' title="bbox 97 1618 849 1791">
     <span class='ocr_line' id='line_1_26' title="bbox 138 1618 847 1661; baseline -0.006 -10"><span class='ocrx_word' id='word_1_148' title='bbox 138 1618 233 1651; x_wconf 82' lang='lat' dir='ltr'><strong>nibus</strong></span> <span class='ocrx_word' id='word_1_149' title='bbox 263 1618 432 1659; x_wconf 80' lang='lat' dir='ltr'><strong>contingas</strong></span> <span class='ocrx_word' id='word_1_150' title='bbox 462 1623 559 1661; x_wconf 84' lang='lat' dir='ltr'><strong>eaput</strong></span> <span class='ocrx_word' id='word_1_151' title='bbox 589 1622 786 1650; x_wconf 71' lang='lat' dir='ltr'><strong>contractum</strong></span> <span class='ocrx_word' id='word_1_152' title='bbox 816 1622 847 1648; x_wconf 89' lang='lat' dir='ltr'><strong>et</strong></span> 
     </span>
     <span class='ocr_line' id='line_1_27' title="bbox 97 1629 848 1705; baseline -0.005 -11"><span class='ocrx_word' id='word_1_153' title='bbox 97 1629 278 1694; x_wconf 56' lang='lat' dir='ltr'><strong>ffiflexumt</strong></span> <span class='ocrx_word' id='word_1_154' title='bbox 301 1666 399 1705; x_wconf 84' lang='lat' dir='ltr'><strong>caput</strong></span> <span class='ocrx_word' id='word_1_155' title='bbox 412 1661 497 1692; x_wconf 89' lang='lat' dir='ltr'><strong>enim</strong></span> <span class='ocrx_word' id='word_1_156' title='bbox 514 1671 624 1692; x_wconf 88' lang='lat' dir='ltr'><strong>eorum</strong></span> <span class='ocrx_word' id='word_1_157' title='bbox 639 1659 695 1703; x_wconf 91' lang='lat' dir='ltr'><strong>qui</strong></span> <span class='ocrx_word' id='word_1_158' title='bbox 717 1660 750 1691; x_wconf 89' lang='lat' dir='ltr'><strong>in</strong></span> <span class='ocrx_word' id='word_1_159' title='bbox 773 1670 848 1691; x_wconf 86' lang='lat' dir='ltr'><strong>arca</strong></span> 
     </span>
     <span class='ocr_line' id='line_1_28' title="bbox 97 1703 849 1748; baseline -0.007 -10"><span class='ocrx_word' id='word_1_160' title='bbox 97 1705 208 1748; x_wconf 75' lang='lat' dir='ltr'><strong>aliqua</strong></span> <span class='ocrx_word' id='word_1_161' title='bbox 225 1705 479 1741; x_wconf 74' lang='lat' dir='ltr'><strong>absconduntur,</strong></span> <span class='ocrx_word' id='word_1_162' title='bbox 496 1703 537 1735; x_wconf 84' lang='lat' dir='ltr'><strong>ad</strong></span> <span class='ocrx_word' id='word_1_163' title='bbox 554 1714 658 1745; x_wconf 86' lang='lat' dir='ltr'><strong>genua</strong></span> <span class='ocrx_word' id='word_1_164' title='bbox 677 1703 802 1734; x_wconf 86' lang='lat' dir='ltr'><strong>deflecti</strong></span> <span class='ocrx_word' id='word_1_165' title='bbox 817 1708 849 1734; x_wconf 90' lang='lat' dir='ltr'><strong>et</strong></span> 
     </span>
     <span class='ocr_line' id='line_1_29' title="bbox 98 1747 759 1791; baseline -0.006 -10"><span class='ocrx_word' id='word_1_166' title='bbox 98 1747 279 1791; x_wconf 73' lang='lat' dir='ltr'><strong>detorqueri</strong></span> <span class='ocrx_word' id='word_1_167' title='bbox 293 1748 399 1780; x_wconf 82' lang='lat' dir='ltr'><strong>debet.</strong></span> <span class='ocrx_word' id='word_1_168' title='bbox 444 1747 551 1786; x_wconf 80' lang='lat' dir='ltr'><strong>Estne,</strong></span> <span class='ocrx_word' id='word_1_169' title='bbox 565 1757 671 1778; x_wconf 81' lang='lat' dir='ltr'><strong>nonne</strong></span> <span class='ocrx_word' id='word_1_170' title='bbox 686 1752 735 1778; x_wconf 87' lang='lat' dir='ltr'><strong>est</strong></span> <span class='ocrx_word' id='word_1_171' title='bbox 747 1748 759 1777; x_wconf 67' lang='grc' dir='ltr'><strong>Ἰ.</strong></span> 
     </span>
    </p>

    <p class='ocr_par' dir='ltr' id='par_1_14' title="bbox 96 1787 848 2392">
     <span class='ocr_line' id='line_1_30' title="bbox 139 1787 848 1826; baseline -0.006 -3"><span class='ocrx_word' id='word_1_172' title='bbox 139 1792 284 1824; x_wconf 77' lang='lat'><strong>62—64.</strong></span> <span class='ocrx_word' id='word_1_173' title='bbox 309 1791 346 1822; x_wconf 81' lang='lat' dir='ltr'><strong>ln</strong></span> <span class='ocrx_word' id='word_1_174' title='bbox 371 1792 467 1826; x_wconf 85' lang='lat' dir='ltr'><strong>ambo,</strong></span> <span class='ocrx_word' id='word_1_175' title='bbox 493 1790 527 1820; x_wconf 90' lang='lat' dir='ltr'><strong>in</strong></span> <span class='ocrx_word' id='word_1_176' title='bbox 553 1790 731 1821; x_wconf 81' lang='lat' dir='ltr'><strong>adulterum</strong></span> <span class='ocrx_word' id='word_1_177' title='bbox 757 1794 790 1820; x_wconf 85' lang='lat' dir='ltr'><strong>et</strong></span> <span class='ocrx_word' id='word_1_178' title='bbox 815 1787 848 1819; x_wconf 91' lang='lat' dir='ltr'><strong>in</strong></span> 
     </span>
     <span class='ocr_line' id='line_1_31' title="bbox 97 1834 847 1875; baseline -0.007 -8"><span class='ocrx_word' id='word_1_179' title='bbox 97 1834 288 1867; x_wconf 72' lang='lat' dir='ltr'><strong>adulteram.</strong></span> <span class='ocrx_word' id='word_1_180' title='bbox 331 1834 424 1866; x_wconf 68' lang='lat' dir='ltr'><strong>Juxta</strong></span> <span class='ocrx_word' id='word_1_181' title='bbox 442 1840 581 1875; x_wconf 76' lang='lat' dir='ltr'><strong>potestas.</strong></span> <span class='ocrx_word' id='word_1_182' title='bbox 627 1834 702 1864; x_wconf 91' lang='lat' dir='ltr'><strong>Non</strong></span> <span class='ocrx_word' id='word_1_183' title='bbox 722 1837 847 1863; x_wconf 78' lang='lat' dir='ltr'><strong>tantum</strong></span> 
     </span>
     <span class='ocr_line' id='line_1_32' title="bbox 98 1875 846 1921; baseline -0.007 -11"><span class='ocrx_word' id='word_1_184' title='bbox 98 1877 185 1921; x_wconf 78' lang='lat' dir='ltr'><strong>apud</strong></span> <span class='ocrx_word' id='word_1_185' title='bbox 210 1876 435 1913; x_wconf 82' lang='lat' dir='ltr'><strong>Athenienses,</strong></span> <span class='ocrx_word' id='word_1_186' title='bbox 463 1877 518 1908; x_wconf 86' lang='lat' dir='ltr'><strong>sed</strong></span> <span class='ocrx_word' id='word_1_187' title='bbox 543 1876 638 1908; x_wconf 84' lang='lat' dir='ltr'><strong>etiam</strong></span> <span class='ocrx_word' id='word_1_188' title='bbox 668 1875 846 1917; x_wconf 82' lang='lat' dir='ltr'><strong>antiquiore</strong></span> 
     </span>
     <span class='ocr_line' id='line_1_33' title="bbox 97 1918 846 1964; baseline -0.005 -11"><span class='ocrx_word' id='word_1_189' title='bbox 97 1926 238 1964; x_wconf 82' lang='lat' dir='ltr'><strong>tempore</strong></span> <span class='ocrx_word' id='word_1_190' title='bbox 252 1920 338 1962; x_wconf 85' lang='lat' dir='ltr'><strong>apud</strong></span> <span class='ocrx_word' id='word_1_191' title='bbox 350 1920 527 1954; x_wconf 84' lang='lat' dir='ltr'><strong>Romanos,</strong></span> <span class='ocrx_word' id='word_1_192' title='bbox 539 1919 660 1950; x_wconf 90' lang='lat' dir='ltr'><strong>maritis</strong></span> <span class='ocrx_word' id='word_1_193' title='bbox 671 1918 846 1960; x_wconf 86' lang='lat' dir='ltr'><strong>deprehen-</strong></span> 
     </span>
     <span class='ocr_line' id='line_1_34' title="bbox 96 1961 846 1996; baseline -0.005 0"><span class='ocrx_word' id='word_1_194' title='bbox 96 1973 149 1996; x_wconf 72' lang='lat' dir='ltr'><strong>sos</strong></span> <span class='ocrx_word' id='word_1_195' title='bbox 170 1963 330 1995; x_wconf 79' lang='lat' dir='ltr'><strong>adulteros</strong></span> <span class='ocrx_word' id='word_1_196' title='bbox 350 1962 495 1995; x_wconf 84' lang='lat' dir='ltr'><strong>occidere</strong></span> <span class='ocrx_word' id='word_1_197' title='bbox 517 1962 652 1994; x_wconf 81' lang='lat' dir='ltr'><strong>licebat:</strong></span> <span class='ocrx_word' id='word_1_198' title='bbox 677 1962 741 1994; x_wconf 89' lang='lat' dir='ltr'><strong>vid.</strong></span> <span class='ocrx_word' id='word_1_199' title='bbox 759 1961 846 1993; x_wconf 87' lang='lat' dir='ltr'><strong>Gell.</strong></span> 
     </span>
     <span class='ocr_line' id='line_1_35' title="bbox 98 2005 847 2047; baseline -0.005 -8"><span class='ocrx_word' id='word_1_200' title='bbox 98 2018 132 2046; x_wconf 89' lang='lat' dir='ltr'><strong>x,</strong></span> <span class='ocrx_word' id='word_1_201' title='bbox 155 2008 212 2038; x_wconf 77' lang='lat'><strong>23.</strong></span> <span class='ocrx_word' id='word_1_202' title='bbox 257 2006 320 2038; x_wconf 89' lang='lat' dir='ltr'><strong>Sed</strong></span> <span class='ocrx_word' id='word_1_203' title='bbox 346 2005 380 2037; x_wconf 88' lang='lat' dir='ltr'><strong>in</strong></span> <span class='ocrx_word' id='word_1_204' title='bbox 407 2007 471 2047; x_wconf 80' lang='lat' dir='ltr'><strong>lege</strong></span> <span class='ocrx_word' id='word_1_205' title='bbox 487 2006 585 2037; x_wconf 79' lang='lat' dir='ltr'><strong>-Jutia</strong></span> <span class='ocrx_word' id='word_1_206' title='bbox 611 2007 648 2036; x_wconf 82' lang='lat' dir='ltr'><strong>de</strong></span> <span class='ocrx_word' id='word_1_207' title='bbox 671 2006 847 2042; x_wconf 76' lang='lat' dir='ltr'><strong>adulteriis,</strong></span> 
     </span>
     <span class='ocr_line' id='line_1_36' title="bbox 98 2048 846 2093; baseline -0.004 -12"><span class='ocrx_word' id='word_1_208' title='bbox 98 2059 216 2093; x_wconf 78' lang='lat' dir='ltr'><strong>poenae,</strong></span> <span class='ocrx_word' id='word_1_209' title='bbox 229 2059 328 2092; x_wconf 79' lang='lat' dir='ltr'><strong>quam</strong></span> <span class='ocrx_word' id='word_1_210' title='bbox 340 2049 445 2080; x_wconf 84' lang='lat' dir='ltr'><strong>mariti</strong></span> <span class='ocrx_word' id='word_1_211' title='bbox 458 2049 499 2080; x_wconf 84' lang='lat' dir='ltr'><strong>ab</strong></span> <span class='ocrx_word' id='word_1_212' title='bbox 511 2048 662 2080; x_wconf 86' lang='lat' dir='ltr'><strong>adulteris</strong></span> <span class='ocrx_word' id='word_1_213' title='bbox 676 2053 846 2086; x_wconf 84' lang='lat' dir='ltr'><strong>sumerent,</strong></span> 
     </span>
     <span class='ocr_line' id='line_1_37' title="bbox 98 2091 847 2136; baseline -0.004 -12"><span class='ocrx_word' id='word_1_214' title='bbox 98 2093 212 2125; x_wconf 79' lang='lat' dir='ltr'><strong>modus</strong></span> <span class='ocrx_word' id='word_1_215' title='bbox 226 2092 426 2136; x_wconf 54' lang='lat' dir='ltr'><strong>proscriptus</strong></span> <span class='ocrx_word' id='word_1_216' title='bbox 440 2098 501 2124; x_wconf 83' lang='lat' dir='ltr'><strong>est.</strong></span> <span class='ocrx_word' id='word_1_217' title='bbox 535 2091 632 2123; x_wconf 87' lang='lat' dir='ltr'><strong>Posui</strong></span> <span class='ocrx_word' id='word_1_218' title='bbox 648 2097 719 2134; x_wconf 90' lang='lat' dir='ltr'><strong>post</strong></span> <span class='ocrx_word' id='word_1_219' title='bbox 726 2093 847 2132; x_wconf 83' lang='lat' dir='ltr'><strong>justior</strong></span> 
     </span>
     <span class='ocr_line' id='line_1_38' title="bbox 97 2133 848 2178; baseline -0.005 -10"><span class='ocrx_word' id='word_1_220' title='bbox 97 2135 226 2178; x_wconf 75' lang='lat' dir='ltr'><strong>signum</strong></span> <span class='ocrx_word' id='word_1_221' title='bbox 248 2135 512 2178; x_wconf 77' lang='lat' dir='ltr'><strong>interrogationis,</strong></span> <span class='ocrx_word' id='word_1_222' title='bbox 531 2139 568 2166; x_wconf 86' lang='lat' dir='ltr'><strong>ut</strong></span> <span class='ocrx_word' id='word_1_223' title='bbox 587 2135 694 2171; x_wconf 89' lang='lat' dir='ltr'><strong>verba,</strong></span> <span class='ocrx_word' id='word_1_224' title='bbox 720 2133 760 2165; x_wconf 80' lang='lat' dir='ltr'><strong>In</strong></span> <span class='ocrx_word' id='word_1_225' title='bbox 782 2145 848 2165; x_wconf 85' lang='lat' dir='ltr'><strong>cor-</strong></span> 
     </span>
     <span class='ocr_line' id='line_1_39' title="bbox 97 2176 848 2220; baseline -0.004 -9"><span class='ocrx_word' id='word_1_226' title='bbox 97 2185 253 2220; x_wconf 71' lang='lat' dir='ltr'><strong>ruptorem</strong></span> <span class='ocrx_word' id='word_1_227' title='bbox 281 2179 329 2210; x_wconf 80' lang='lat' dir='ltr'><strong>vel</strong></span> <span class='ocrx_word' id='word_1_228' title='bbox 343 2181 463 2220; x_wconf 72' lang='lat' dir='ltr'><strong>justior</strong></span> <span class='ocrx_word' id='word_1_229' title='bbox 492 2188 564 2210; x_wconf 91' lang='lat' dir='ltr'><strong>cum</strong></span> <span class='ocrx_word' id='word_1_230' title='bbox 594 2176 848 2220; x_wconf 85' lang='lat' dir='ltr'><strong>praecedentibus</strong></span> 
     </span>
     <span class='ocr_line' id='line_1_40' title="bbox 97 2221 844 2261; baseline -0.003 -7"><span class='ocrx_word' id='word_1_231' title='bbox 97 2222 280 2254; x_wconf 65' lang='lat' dir='ltr'><strong>cohereant</strong></span> <span class='ocrx_word' id='word_1_232' title='bbox 300 2221 367 2254; x_wconf 86' lang='lat' dir='ltr'><strong>sic:</strong></span> <span class='ocrx_word' id='word_1_233' title='bbox 395 2222 503 2253; x_wconf 82' lang='lat' dir='ltr'><strong>Nonne</strong></span> <span class='ocrx_word' id='word_1_234' title='bbox 523 2223 675 2261; x_wconf 82' lang='lat' dir='ltr'><strong>peccantis</strong></span> <span class='ocrx_word' id='word_1_235' title='bbox 699 2227 844 2252; x_wconf 77' lang='lat' dir='ltr'><strong>matronae</strong></span> 
     </span>
     <span class='ocr_line' id='line_1_41' title="bbox 97 2263 844 2306; baseline -0.004 -9"><span class='ocrx_word' id='word_1_236' title='bbox 97 2267 211 2297; x_wconf 72' lang='lat' dir='ltr'><strong>marito</strong></span> <span class='ocrx_word' id='word_1_237' title='bbox 222 2266 257 2296; x_wconf 74' lang='lat' dir='ltr'><strong>in</strong></span> <span class='ocrx_word' id='word_1_238' title='bbox 275 2266 361 2296; x_wconf 79' lang='lat' dir='ltr'><strong>ambo</strong></span> <span class='ocrx_word' id='word_1_239' title='bbox 369 2267 473 2306; x_wconf 75' lang='lat' dir='ltr'><strong>justa,</strong></span> <span class='ocrx_word' id='word_1_240' title='bbox 480 2266 599 2305; x_wconf 76' lang='lat' dir='ltr'><strong>justior</strong></span> <span class='ocrx_word' id='word_1_241' title='bbox 615 2265 661 2295; x_wconf 85' lang='lat' dir='ltr'><strong>vel</strong></span> <span class='ocrx_word' id='word_1_242' title='bbox 677 2263 792 2306; x_wconf 84' lang='lat' dir='ltr'><strong>(adeo)</strong></span> <span class='ocrx_word' id='word_1_243' title='bbox 811 2264 844 2294; x_wconf 83' lang='lat' dir='ltr'><strong>in</strong></span> 
     </span>
     <span class='ocr_line' id='line_1_42' title="bbox 96 2306 844 2351; baseline -0.005 -10"><span class='ocrx_word' id='word_1_244' title='bbox 96 2314 303 2350; x_wconf 73' lang='lat' dir='ltr'><strong>eor-ruptorem</strong></span> <span class='ocrx_word' id='word_1_245' title='bbox 348 2306 564 2351; x_wconf 82' lang='lat' dir='ltr'><strong>(adulterum)</strong></span> <span class='ocrx_word' id='word_1_246' title='bbox 608 2313 735 2347; x_wconf 75' lang='lat' dir='ltr'><strong>potestas</strong></span> <span class='ocrx_word' id='word_1_247' title='bbox 780 2308 844 2338; x_wconf 86' lang='lat' dir='ltr'><strong>est?</strong></span> 
     </span>
     <span class='ocr_line' id='line_1_43' title="bbox 96 2350 843 2392; baseline -0.003 -10"><span class='ocrx_word' id='word_1_248' title='bbox 96 2350 162 2384; x_wconf 78' lang='lat' dir='ltr'><strong>Illa</strong></span> <span class='ocrx_word' id='word_1_249' title='bbox 181 2357 295 2387; x_wconf 73' lang='lat' dir='ltr'><strong>tamen,</strong></span> <span class='ocrx_word' id='word_1_250' title='bbox 311 2355 387 2383; x_wconf 83' lang='lat' dir='ltr'><strong>cett.</strong></span> <span class='ocrx_word' id='word_1_251' title='bbox 407 2350 484 2383; x_wconf 84' lang='lat' dir='ltr'><strong>licet</strong></span> <span class='ocrx_word' id='word_1_252' title='bbox 499 2351 586 2382; x_wconf 85' lang='lat' dir='ltr'><strong>enim</strong></span> <span class='ocrx_word' id='word_1_253' title='bbox 605 2355 748 2381; x_wconf 84' lang='lat' dir='ltr'><strong>matrona</strong></span> <span class='ocrx_word' id='word_1_254' title='bbox 763 2360 843 2392; x_wconf 89' lang='lat' dir='ltr'><strong>quo-</strong></span> 
     </span>
    </p>

    <p class='ocr_par' dir='ltr' id='par_1_15' title="bbox 96 2394 848 2611">
     <span class='ocr_line' id='line_1_44' title="bbox 121 2394 845 2438; baseline -0.006 -10"><span class='ocrx_word' id='word_1_255' title='bbox 121 2404 163 2428; x_wconf 73' lang='lat' dir='ltr'><strong>ue</strong></span> <span class='ocrx_word' id='word_1_256' title='bbox 178 2398 302 2438; x_wconf 64' lang='lat' dir='ltr'><strong>poem,</strong></span> <span class='ocrx_word' id='word_1_257' title='bbox 313 2395 375 2426; x_wconf 76' lang='lat' dir='ltr'><strong>illa</strong></span> <span class='ocrx_word' id='word_1_258' title='bbox 387 2400 489 2425; x_wconf 78' lang='lat' dir='ltr'><strong>tamen</strong></span> <span class='ocrx_word' id='word_1_259' title='bbox 505 2404 534 2425; x_wconf 84' lang='lat' dir='ltr'><strong>se</strong></span> <span class='ocrx_word' id='word_1_260' title='bbox 548 2405 606 2424; x_wconf 83' lang='lat' dir='ltr'><strong>non</strong></span> <span class='ocrx_word' id='word_1_261' title='bbox 623 2399 724 2425; x_wconf 81' lang='lat' dir='ltr'><strong>mutat</strong></span> <span class='ocrx_word' id='word_1_262' title='bbox 738 2394 845 2424; x_wconf 76' lang='lat' dir='ltr'><strong>habitu</strong></span> 
     </span>
     <span class='ocr_line' id='line_1_45' title="bbox 118 2436 846 2480; baseline -0.005 -10"><span class='ocrx_word' id='word_1_263' title='bbox 118 2446 192 2477; x_wconf 80' lang='lat' dir='ltr'><strong>non,</strong></span> <span class='ocrx_word' id='word_1_264' title='bbox 216 2437 302 2470; x_wconf 73' lang='lat' dir='ltr'><strong>sicut</strong></span> <span class='ocrx_word' id='word_1_265' title='bbox 326 2443 374 2475; x_wconf 87' lang='lat' dir='ltr'><strong>tu,</strong></span> <span class='ocrx_word' id='word_1_266' title='bbox 398 2442 497 2480; x_wconf 86' lang='lat' dir='ltr'><strong>caput</strong></span> <span class='ocrx_word' id='word_1_267' title='bbox 520 2437 649 2468; x_wconf 85' lang='lat' dir='ltr'><strong>lacerna</strong></span> <span class='ocrx_word' id='word_1_268' title='bbox 675 2436 846 2475; x_wconf 83' lang='lat' dir='ltr'><strong>obvolvit),</strong></span> 
     </span>
     <span class='ocr_line' id='line_1_46' title="bbox 96 2479 847 2523; baseline -0.003 -11"><span class='ocrx_word' id='word_1_269' title='bbox 96 2486 233 2513; x_wconf 69' lang='lat' dir='ltr'><strong>nutam</strong></span> <span class='ocrx_word' id='word_1_270' title='bbox 247 2481 309 2513; x_wconf 75' lang='lat'><em>100⁰</em></span> <span class='ocrx_word' id='word_1_271' title='bbox 321 2481 444 2523; x_wconf 88' lang='lat' dir='ltr'><strong>(neque</strong></span> <span class='ocrx_word' id='word_1_272' title='bbox 466 2491 484 2512; x_wconf 87' lang='lat' dir='ltr'><strong>e</strong></span> <span class='ocrx_word' id='word_1_273' title='bbox 505 2479 599 2511; x_wconf 87' lang='lat' dir='ltr'><strong>domo</strong></span> <span class='ocrx_word' id='word_1_274' title='bbox 621 2489 680 2510; x_wconf 86' lang='lat' dir='ltr'><strong>sua</strong></span> <span class='ocrx_word' id='word_1_275' title='bbox 702 2479 737 2510; x_wconf 92' lang='lat' dir='ltr'><strong>in</strong></span> <span class='ocrx_word' id='word_1_276' title='bbox 758 2484 847 2510; x_wconf 85' lang='lat' dir='ltr'><strong>tuam</strong></span> 
     </span>
     <span class='ocr_line' id='line_1_47' title="bbox 97 2523 848 2565; baseline -0.004 -9"><span class='ocrx_word' id='word_1_277' title='bbox 97 2532 135 2556; x_wconf 73' lang='lat' dir='ltr'><strong>ne</strong></span> <span class='ocrx_word' id='word_1_278' title='bbox 161 2523 315 2565; x_wconf 80' lang='lat' dir='ltr'><strong>confert),</strong></span> <span class='ocrx_word' id='word_1_279' title='bbox 340 2529 479 2564; x_wconf 79' lang='lat' dir='ltr'><strong>peccatve</strong></span> <span class='ocrx_word' id='word_1_280' title='bbox 508 2533 637 2563; x_wconf 79' lang='lat' dir='ltr'><strong>superne</strong></span> <span class='ocrx_word' id='word_1_281' title='bbox 662 2523 783 2565; x_wconf 81' lang='lat' dir='ltr'><strong>(neque</strong></span> <span class='ocrx_word' id='word_1_282' title='bbox 811 2532 848 2554; x_wconf 90' lang='lat' dir='ltr'><strong>eo</strong></span> 
     </span>
     <span class='ocr_line' id='line_1_48' title="bbox 99 2565 711 2611; baseline -0.007 -11"><span class='ocrx_word' id='word_1_283' title='bbox 99 2565 193 2600; x_wconf 75' lang='lat' dir='ltr'><strong>nodo</strong></span> <span class='ocrx_word' id='word_1_284' title='bbox 207 2571 332 2611; x_wconf 78' lang='lat' dir='ltr'><strong>peccat,</strong></span> <span class='ocrx_word' id='word_1_285' title='bbox 347 2577 412 2608; x_wconf 90' lang='lat' dir='ltr'><strong>quo</strong></span> <span class='ocrx_word' id='word_1_286' title='bbox 427 2576 527 2597; x_wconf 70' lang='lat' dir='ltr'><strong>marae</strong></span> <span class='ocrx_word' id='word_1_287' title='bbox 542 2565 711 2608; x_wconf 85' lang='lat' dir='ltr'><strong>peccant).</strong></span> 
     </span>
    </p>

    <p class='ocr_par' dir='ltr' id='par_1_16' title="bbox 140 2609 848 2658">
     <span class='ocr_line' id='line_1_49' title="bbox 140 2609 848 2658; baseline -0.006 -15"><span class='ocrx_word' id='word_1_288' title='bbox 140 2609 196 2643; x_wconf 81' lang='lat'><strong>65.</strong></span> <span class='ocrx_word' id='word_1_289' title='bbox 229 2610 333 2646; x_wconf 80' lang='lat' dir='ltr'><strong>Quum</strong></span> <span class='ocrx_word' id='word_1_290' title='bbox 364 2617 392 2641; x_wconf 80' lang='lat' dir='ltr'><strong>te</strong></span> <span class='ocrx_word' id='word_1_291' title='bbox 411 2609 577 2658; x_wconf 71' lang='lat' dir='ltr'><strong>formidet,</strong></span> <span class='ocrx_word' id='word_1_292' title='bbox 607 2613 683 2640; x_wconf 86' lang='lat' dir='ltr'><strong>cett.</strong></span> <span class='ocrx_word' id='word_1_293' title='bbox 713 2618 786 2639; x_wconf 88' lang='lat' dir='ltr'><strong>cum</strong></span> <span class='ocrx_word' id='word_1_294' title='bbox 818 2613 848 2640; x_wconf 90' lang='lat' dir='ltr'><strong>te</strong></span> 
     </span>
    </p>
   </div>
   <div class='ocr_carea' id='block_1_9' title="bbox 16 2651 848 2696">
    <p class='ocr_par' dir='ltr' id='par_1_17' title="bbox 16 2639 848 2696">
     <span class='ocr_line' id='line_1_50' title="bbox 16 2651 848 2696; baseline -0.005 -10"><span class='ocrx_word' id='word_1_295' title='bbox 16 2663 18 2665; x_wconf 85' lang='lat'>·</span> <span class='ocrx_word' id='word_1_296' title='bbox 97 2651 210 2686; x_wconf 74' lang='lat' dir='ltr'><strong>timore</strong></span> <span class='ocrx_word' id='word_1_297' title='bbox 231 2652 342 2696; x_wconf 76' lang='lat' dir='ltr'><strong>aliquo</strong></span> <span class='ocrx_word' id='word_1_298' title='bbox 356 2653 505 2695; x_wconf 74' lang='lat' dir='ltr'><strong>refugiat,</strong></span> <span class='ocrx_word' id='word_1_299' title='bbox 520 2662 580 2684; x_wconf 90' lang='lat' dir='ltr'><strong>nec</strong></span> <span class='ocrx_word' id='word_1_300' title='bbox 601 2651 671 2683; x_wconf 80' lang='lat' dir='ltr'><strong>sine</strong></span> <span class='ocrx_word' id='word_1_301' title='bbox 694 2661 770 2683; x_wconf 85' lang='lat' dir='ltr'><strong>cura</strong></span> <span class='ocrx_word' id='word_1_302' title='bbox 791 2651 848 2682; x_wconf 83' lang='lat' dir='ltr'><strong>tibi</strong></span> 
     </span>
    </p>
   </div>
   <div class='ocr_carea' id='block_1_10' title="bbox 101 2695 400 2729">
    <p class='ocr_par' dir='ltr' id='par_1_18' title="bbox 101 2695 400 2729">
     <span class='ocr_line' id='line_1_51' title="bbox 101 2695 400 2729; baseline -0.003 0"><span class='ocrx_word' id='word_1_303' title='bbox 101 2697 222 2729; x_wconf 62' lang='lat' dir='ltr'><strong>munti</strong></span> <span class='ocrx_word' id='word_1_304' title='bbox 236 2705 270 2728; x_wconf 70' lang='lat' dir='ltr'><strong>se</strong></span> <span class='ocrx_word' id='word_1_305' title='bbox 284 2695 400 2728; x_wconf 78' lang='lat' dir='ltr'><strong>tradat.</strong></span> 
     </span>
    </p>
   </div>
   <div class='ocr_carea' id='block_1_11' title="bbox 37 2729 848 2782">
    <p class='ocr_par' dir='ltr' id='par_1_19' title="bbox 37 2729 848 2782">
     <span class='ocr_line' id='line_1_52' title="bbox 37 2729 848 2782; baseline -0.006 -10"><span class='ocrx_word' id='word_1_306' title='bbox 37 2729 46 2747; x_wconf 53' lang='lat'><strong>²</strong></span> <span class='ocrx_word' id='word_1_307' title='bbox 82 2763 86 2766; x_wconf 51' lang='lat'><strong>&lt;</strong></span> <span class='ocrx_word' id='word_1_308' title='bbox 142 2739 198 2772; x_wconf 80' lang='lat'><strong>66.</strong></span> <span class='ocrx_word' id='word_1_309' title='bbox 219 2739 282 2771; x_wconf 76' lang='lat' dir='ltr'><strong>Ibis</strong></span> <span class='ocrx_word' id='word_1_310' title='bbox 295 2742 350 2771; x_wconf 74' lang='lat' dir='ltr'><strong>sub</strong></span> <span class='ocrx_word' id='word_1_311' title='bbox 359 2739 492 2782; x_wconf 76' lang='lat' dir='ltr'><strong>furcam</strong></span> <span class='ocrx_word' id='word_1_312' title='bbox 503 2739 663 2780; x_wconf 76' lang='lat' dir='ltr'><strong>prudens.-</strong></span> <span class='ocrx_word' id='word_1_313' title='bbox 687 2736 764 2768; x_wconf 85' lang='lat' dir='ltr'><strong>dum</strong></span> <span class='ocrx_word' id='word_1_314' title='bbox 780 2747 848 2768; x_wconf 87' lang='lat' dir='ltr'><strong>ma-</strong></span> 
     </span>
    </p>
   </div>
   <div class='ocr_carea' id='block_1_12' title="bbox 98 2779 848 2831">
    <p class='ocr_par' dir='ltr' id='par_1_20' title="bbox 18 2775 848 2831">
     <span class='ocr_line' id='line_1_53' title="bbox 98 2779 848 2831; baseline -0.002 -17.193"><span class='ocrx_word' id='word_1_315' title='bbox 98 2786 207 2815; x_wconf 69' lang='lat' dir='ltr'><strong>nom</strong></span> <span class='ocrx_word' id='word_1_316' title='bbox 233 2782 365 2815; x_wconf 70' lang='lat' dir='ltr'><strong>sectaris</strong></span> <span class='ocrx_word' id='word_1_317' title='bbox 386 2781 574 2831; x_wconf 78' lang='lat' dir='ltr'><strong>(prudens),</strong></span> <span class='ocrx_word' id='word_1_318' title='bbox 598 2780 702 2812; x_wconf 85' lang='lat' dir='ltr'><strong>sciens</strong></span> <span class='ocrx_word' id='word_1_319' title='bbox 724 2779 848 2812; x_wconf 89' lang='lat' dir='ltr'><strong>volens-</strong></span> 
     </span>
    </p>
   </div>
   <div class='ocr_carea' id='block_1_13' title="bbox 19 2822 850 2898">
    <p class='ocr_par' dir='ltr' id='par_1_21' title="bbox 19 2822 850 2898">
     <span class='ocr_line' id='line_1_54' title="bbox 19 2822 850 2898; baseline 0.014 -56"><span class='ocrx_word' id='word_1_320' title='bbox 19 2822 58 2853; x_wconf 57' lang='grc' dir='ltr'><strong>»ξ</strong></span> <span class='ocrx_word' id='word_1_321' title='bbox 98 2831 176 2871; x_wconf 58' lang='lat' dir='ltr'><strong>que,</strong></span> <span class='ocrx_word' id='word_1_322' title='bbox 190 2825 284 2863; x_wconf 61' lang='lat' dir='ltr'><strong>servi,</strong></span> <span class='ocrx_word' id='word_1_323' title='bbox 296 2825 466 2858; x_wconf 77' lang='lat' dir='ltr'><strong>servilibus</strong></span> <span class='ocrx_word' id='word_1_324' title='bbox 479 2824 586 2872; x_wconf 81' lang='lat' dir='ltr'><strong>poenis</strong></span> <span class='ocrx_word' id='word_1_325' title='bbox 602 2824 735 2898; x_wconf 49' lang='grc' dir='ltr'><strong>ἕξω-σω,</strong></span> <span class='ocrx_word' id='word_1_326' title='bbox 750 2823 792 2855; x_wconf 82' lang='lat' dir='ltr'><strong>cf.</strong></span> <span class='ocrx_word' id='word_1_327' title='bbox 809 2824 850 2855; x_wconf 88' lang='lat' dir='ltr'><strong>ad</strong></span> 
     </span>
    </p>
   </div>
   <div class='ocr_carea' id='block_1_14' title="bbox 42 2867 848 2912">
    <p class='ocr_par' dir='ltr' id='par_1_22' title="bbox 31 2861 848 2912">
     <span class='ocr_line' id='line_1_55' title="bbox 42 2867 848 2912; baseline -0.005 -11.054"><span class='ocrx_word' id='word_1_328' title='bbox 42 2878 59 2891; x_wconf 43' lang='grc' dir='ltr'><strong>’τ</strong></span> <span class='ocrx_word' id='word_1_329' title='bbox 98 2869 207 2911; x_wconf 59' lang='lat' dir='ltr'><strong>mm)</strong></span> <span class='ocrx_word' id='word_1_330' title='bbox 221 2869 364 2906; x_wconf 87' lang='lat' dir='ltr'><strong>obnoxii,</strong></span> <span class='ocrx_word' id='word_1_331' title='bbox 379 2878 546 2912; x_wconf 78' lang='lat' dir='ltr'><strong>personam</strong></span> <span class='ocrx_word' id='word_1_332' title='bbox 571 2878 604 2898; x_wconf 79' lang='lat' dir='ltr'><strong>in</strong></span> <span class='ocrx_word' id='word_1_333' title='bbox 630 2877 696 2898; x_wconf 83' lang='lat' dir='ltr'><strong>ues.</strong></span> <span class='ocrx_word' id='word_1_334' title='bbox 744 2867 848 2898; x_wconf 85' lang='lat' dir='ltr'><strong>Domi·</strong></span> 
     </span>
    </p>
   </div>
   <div class='ocr_carea' id='block_1_15' title="bbox 17 2904 850 2955">
    <p class='ocr_par' dir='ltr' id='par_1_23' title="bbox 17 2904 850 2955">
     <span class='ocr_line' id='line_1_56' title="bbox 17 2904 850 2955; baseline -0.004 -11"><span class='ocrx_word' id='word_1_335' title='bbox 17 2904 22 2914; x_wconf 52' lang='lat'><strong><em>¹</em></strong></span> <span class='ocrx_word' id='word_1_336' title='bbox 47 2923 59 2955; x_wconf 58' lang='grc' dir='ltr'><strong>ἐ,</strong></span> <span class='ocrx_word' id='word_1_337' title='bbox 99 2911 350 2954; x_wconf 44' lang='lat' dir='ltr'><strong>noque-furenti.-</strong></span> <span class='ocrx_word' id='word_1_338' title='bbox 373 2911 514 2954; x_wconf 82' lang='lat' dir='ltr'><strong>apposite</strong></span> <span class='ocrx_word' id='word_1_339' title='bbox 526 2910 566 2942; x_wconf 85' lang='lat' dir='ltr'><strong>ad</strong></span> <span class='ocrx_word' id='word_1_340' title='bbox 578 2910 725 2942; x_wconf 89' lang='lat' dir='ltr'><strong>servilem</strong></span> <span class='ocrx_word' id='word_1_341' title='bbox 740 2910 850 2942; x_wconf 87' lang='lat' dir='ltr'><strong>condi-</strong></span> 
     </span>
    </p>
   </div>
   <div class='ocr_carea' id='block_1_16' title="bbox 26 2953 851 3051">
    <p class='ocr_par' dir='ltr' id='par_1_24' title="bbox 18 2947 851 3051">
     <span class='ocr_line' id='line_1_57' title="bbox 101 2953 851 3003; baseline -0.006 -14.498"><span class='ocrx_word' id='word_1_342' title='bbox 101 2953 222 3003; x_wconf 67' lang='lat' dir='ltr'><strong>tionem</strong></span> <span class='ocrx_word' id='word_1_343' title='bbox 240 2965 336 2998; x_wconf 78' lang='lat' dir='ltr'><strong>quam</strong></span> <span class='ocrx_word' id='word_1_344' title='bbox 363 2954 450 2986; x_wconf 84' lang='lat' dir='ltr'><strong>subit</strong></span> <span class='ocrx_word' id='word_1_345' title='bbox 472 2953 674 2990; x_wconf 83' lang='lat' dir='ltr'><strong>libidinosus,</strong></span> <span class='ocrx_word' id='word_1_346' title='bbox 698 2959 851 2985; x_wconf 87' lang='lat' dir='ltr'><strong>matronae</strong></span> 
     </span>
     <span class='ocr_line' id='line_1_58' title="bbox 26 2999 651 3051; baseline -0.005 -20"><span class='ocrx_word' id='word_1_347' title='bbox 26 3012 51 3051; x_wconf 28' lang='grc' dir='ltr'><strong>τί,</strong></span> <span class='ocrx_word' id='word_1_348' title='bbox 104 3001 237 3030; x_wconf 72' lang='lat' dir='ltr'><strong>mantus</strong></span> <span class='ocrx_word' id='word_1_349' title='bbox 251 3008 338 3030; x_wconf 82' lang='lat' dir='ltr'><strong>nunc</strong></span> <span class='ocrx_word' id='word_1_350' title='bbox 353 2999 492 3030; x_wconf 78' lang='lat' dir='ltr'><strong>dominus</strong></span> <span class='ocrx_word' id='word_1_351' title='bbox 509 3002 651 3029; x_wconf 85' lang='lat' dir='ltr'><strong>vocatur.</strong></span> 
     </span>
    </p>
   </div>
   <div class='ocr_carea' id='block_1_17' title="bbox 13 2587 88 3314">
    <p class='ocr_par' dir='ltr' id='par_1_25' title="bbox 13 2587 88 3314">
     <span class='ocr_line' id='line_1_59' title="bbox 13 2587 88 3314; baseline 0 0"><span class='ocrx_word' id='word_1_352' title='bbox 13 2587 88 3314; x_wconf 95' lang='lat' dir='ltr'><strong> </strong></span> 
     </span>
    </p>
   </div>
   <div class='ocr_carea' id='block_1_18' title="bbox 887 1358 1646 3038">
    <p class='ocr_par' dir='ltr' id='par_1_26' title="bbox 894 1358 1641 1477">
     <span class='ocr_line' id='line_1_60' title="bbox 937 1358 1641 1401; baseline 0.001 -11"><span class='ocrx_word' id='word_1_353' title='bbox 937 1360 992 1390; x_wconf 88' lang='lat'><strong>67.</strong></span> <span class='ocrx_word' id='word_1_354' title='bbox 1017 1360 1094 1390; x_wconf 77' lang='lat' dir='ltr'><strong>Cum</strong></span> <span class='ocrx_word' id='word_1_355' title='bbox 1122 1371 1262 1400; x_wconf 83' lang='lat' dir='ltr'><strong>corpore:</strong></span> <span class='ocrx_word' id='word_1_356' title='bbox 1287 1370 1362 1401; x_wconf 88' lang='lat' dir='ltr'><strong>sup.</strong></span> <span class='ocrx_word' id='word_1_357' title='bbox 1390 1359 1458 1391; x_wconf 82' lang='lat' dir='ltr'><strong>Sat.</strong></span> <span class='ocrx_word' id='word_1_358' title='bbox 1483 1358 1506 1397; x_wconf 88' lang='lat' dir='ltr'><strong>i,</strong></span> <span class='ocrx_word' id='word_1_359' title='bbox 1529 1361 1562 1398; x_wconf 85' lang='lat'><strong>2,</strong></span> <span class='ocrx_word' id='word_1_360' title='bbox 1587 1361 1641 1398; x_wconf 84' lang='lat'><strong>43,</strong></span> 
     </span>
     <span class='ocr_line' id='line_1_61' title="bbox 895 1402 1641 1443; baseline 0.003 -10"><span class='ocrx_word' id='word_1_361' title='bbox 895 1402 991 1433; x_wconf 84' lang='lat' dir='ltr'><strong>Dedit</strong></span> <span class='ocrx_word' id='word_1_362' title='bbox 1014 1403 1062 1433; x_wconf 82' lang='lat' dir='ltr'><strong>hic</strong></span> <span class='ocrx_word' id='word_1_363' title='bbox 1086 1414 1143 1443; x_wconf 87' lang='lat' dir='ltr'><strong>pro</strong></span> <span class='ocrx_word' id='word_1_364' title='bbox 1169 1413 1291 1443; x_wconf 82' lang='lat' dir='ltr'><strong>corpore</strong></span> <span class='ocrx_word' id='word_1_365' title='bbox 1313 1413 1467 1433; x_wconf 82' lang='lat' dir='ltr'><strong>nummos:</strong></span> <span class='ocrx_word' id='word_1_366' title='bbox 1492 1403 1536 1434; x_wconf 86' lang='lat' dir='ltr'><strong>cf.</strong></span> <span class='ocrx_word' id='word_1_367' title='bbox 1560 1402 1641 1435; x_wconf 90' lang='lat' dir='ltr'><strong>ibid.</strong></span> 
     </span>
     <span class='ocr_line' id='line_1_62' title="bbox 894 1446 998 1477; baseline 0.01 -2"><span class='ocrx_word' id='word_1_368' title='bbox 894 1456 926 1476; x_wconf 90' lang='lat' dir='ltr'><strong>v.</strong></span> <span class='ocrx_word' id='word_1_369' title='bbox 943 1446 998 1477; x_wconf 87' lang='lat'><strong>45.</strong></span> 
     </span>
    </p>

    <p class='ocr_par' dir='ltr' id='par_1_27' title="bbox 889 1488 1644 2166">
     <span class='ocr_line' id='line_1_63' title="bbox 937 1488 1644 1530; baseline 0.001 -11"><span class='ocrx_word' id='word_1_370' title='bbox 937 1489 1079 1520; x_wconf 87' lang='lat'>68—71.</span> <span class='ocrx_word' id='word_1_371' title='bbox 1109 1489 1238 1519; x_wconf 77' lang='lat' dir='ltr'><strong>Evasti?</strong></span> <span class='ocrx_word' id='word_1_372' title='bbox 1261 1499 1302 1520; x_wconf 88' lang='lat' dir='ltr'><strong>an</strong></span> <span class='ocrx_word' id='word_1_373' title='bbox 1327 1489 1405 1521; x_wconf 77' lang='lat' dir='ltr'><strong>forte</strong></span> <span class='ocrx_word' id='word_1_374' title='bbox 1427 1488 1486 1520; x_wconf 76' lang='lat' dir='ltr'><strong>tibi</strong></span> <span class='ocrx_word' id='word_1_375' title='bbox 1508 1489 1644 1530; x_wconf 78' lang='lat' dir='ltr'><strong>contigit</strong></span> 
     </span>
     <span class='ocr_line' id='line_1_64' title="bbox 891 1531 1642 1574; baseline 0.003 -12"><span class='ocrx_word' id='word_1_376' title='bbox 891 1531 1067 1574; x_wconf 87' lang='lat' dir='ltr'><strong>periculum</strong></span> <span class='ocrx_word' id='word_1_377' title='bbox 1083 1532 1239 1563; x_wconf 58' lang='lat' dir='ltr'><strong>evadere&#39;.</strong></span> <span class='ocrx_word' id='word_1_378' title='bbox 1287 1533 1396 1567; x_wconf 85' lang='lat' dir='ltr'><strong>Credo,</strong></span> <span class='ocrx_word' id='word_1_379' title='bbox 1415 1539 1537 1568; x_wconf 83' lang='lat' dir='ltr'><strong>metues,</strong></span> <span class='ocrx_word' id='word_1_380' title='bbox 1554 1538 1642 1569; x_wconf 71' lang='lat' dir='ltr'><strong>cett„</strong></span> 
     </span>
     <span class='ocr_line' id='line_1_65' title="bbox 891 1574 1641 1618; baseline 0.003 -13"><span class='ocrx_word' id='word_1_381' title='bbox 891 1580 1012 1606; x_wconf 87' lang='lat' dir='ltr'><strong>metues</strong></span> <span class='ocrx_word' id='word_1_382' title='bbox 1034 1574 1143 1616; x_wconf 85' lang='lat' dir='ltr'><strong>igitur,</strong></span> <span class='ocrx_word' id='word_1_383' title='bbox 1171 1580 1261 1617; x_wconf 84' lang='lat' dir='ltr'><strong>puto,</strong></span> <span class='ocrx_word' id='word_1_384' title='bbox 1290 1575 1324 1606; x_wconf 88' lang='lat' dir='ltr'><strong>in</strong></span> <span class='ocrx_word' id='word_1_385' title='bbox 1354 1582 1527 1617; x_wconf 89' lang='lat' dir='ltr'><strong>posterum,</strong></span> <span class='ocrx_word' id='word_1_386' title='bbox 1555 1576 1641 1618; x_wconf 91' lang='lat' dir='ltr'><strong>quod</strong></span> 
     </span>
     <span class='ocr_line' id='line_1_66' title="bbox 890 1617 1642 1660; baseline 0.001 -11"><span class='ocrx_word' id='word_1_387' title='bbox 890 1617 1041 1658; x_wconf 82' lang='lat' dir='ltr'><strong>effugisti,</strong></span> <span class='ocrx_word' id='word_1_388' title='bbox 1067 1617 1256 1660; x_wconf 86' lang='lat' dir='ltr'><strong>periculum,</strong></span> <span class='ocrx_word' id='word_1_389' title='bbox 1277 1623 1309 1649; x_wconf 88' lang='lat' dir='ltr'><strong>et</strong></span> <span class='ocrx_word' id='word_1_390' title='bbox 1332 1619 1517 1660; x_wconf 84' lang='lat' dir='ltr'><strong>prudentior</strong></span> <span class='ocrx_word' id='word_1_391' title='bbox 1539 1619 1642 1651; x_wconf 81' lang='lat' dir='ltr'><strong>factus</strong></span> 
     </span>
     <span class='ocr_line' id='line_1_67' title="bbox 892 1660 1641 1702; baseline 0.001 -10"><span class='ocrx_word' id='word_1_392' title='bbox 892 1660 1047 1693; x_wconf 84' lang='lat' dir='ltr'><strong>evitabis!</strong></span> <span class='ocrx_word' id='word_1_393' title='bbox 1099 1661 1233 1696; x_wconf 78' lang='lat' dir='ltr'><strong>Qnaeres,</strong></span> <span class='ocrx_word' id='word_1_394' title='bbox 1271 1663 1403 1702; x_wconf 82' lang='lat' dir='ltr'><strong>quando,</strong></span> <span class='ocrx_word' id='word_1_395' title='bbox 1441 1667 1518 1693; x_wconf 86' lang='lat' dir='ltr'><strong>cett.</strong></span> <span class='ocrx_word' id='word_1_396' title='bbox 1563 1662 1641 1693; x_wconf 91' lang='lat' dir='ltr'><strong>Non</strong></span> 
     </span>
     <span class='ocr_line' id='line_1_68' title="bbox 892 1702 1642 1751; baseline 0.004 -18"><span class='ocrx_word' id='word_1_397' title='bbox 892 1702 957 1742; x_wconf 79' lang='lat' dir='ltr'><strong>ita3</strong></span> <span class='ocrx_word' id='word_1_398' title='bbox 973 1703 1078 1751; x_wconf 29' lang='lat' dir='ltr'><strong>,immo</strong></span> <span class='ocrx_word' id='word_1_399' title='bbox 1100 1710 1313 1745; x_wconf 90' lang='lat' dir='ltr'><strong>opportunum</strong></span> <span class='ocrx_word' id='word_1_400' title='bbox 1330 1709 1453 1747; x_wconf 86' lang='lat' dir='ltr'><strong>tempus</strong></span> <span class='ocrx_word' id='word_1_401' title='bbox 1469 1705 1642 1745; x_wconf 83' lang='lat' dir='ltr'><strong>(quando),</strong></span> 
     </span>
     <span class='ocr_line' id='line_1_69' title="bbox 892 1746 1642 1787; baseline 0.005 -11"><span class='ocrx_word' id='word_1_402' title='bbox 892 1757 956 1787; x_wconf 92' lang='lat' dir='ltr'><strong>quo</strong></span> <span class='ocrx_word' id='word_1_403' title='bbox 971 1752 1084 1777; x_wconf 79' lang='lat' dir='ltr'><strong>iterum</strong></span> <span class='ocrx_word' id='word_1_404' title='bbox 1105 1746 1342 1783; x_wconf 83' lang='lat' dir='ltr'><strong>contremiscas,</strong></span> <span class='ocrx_word' id='word_1_405' title='bbox 1359 1752 1391 1778; x_wconf 89' lang='lat' dir='ltr'><strong>et</strong></span> <span class='ocrx_word' id='word_1_406' title='bbox 1406 1747 1519 1778; x_wconf 88' lang='lat' dir='ltr'><strong>iterum</strong></span> <span class='ocrx_word' id='word_1_407' title='bbox 1535 1752 1566 1779; x_wconf 86' lang='lat' dir='ltr'><strong>te</strong></span> <span class='ocrx_word' id='word_1_408' title='bbox 1580 1749 1642 1780; x_wconf 87' lang='lat' dir='ltr'><strong>mi-</strong></span> 
     </span>
     <span class='ocr_line' id='line_1_70' title="bbox 892 1789 1640 1831; baseline 0.004 -11"><span class='ocrx_word' id='word_1_409' title='bbox 892 1799 996 1820; x_wconf 85' lang='lat' dir='ltr'><strong>serum</strong></span> <span class='ocrx_word' id='word_1_410' title='bbox 1015 1789 1143 1820; x_wconf 87' lang='lat' dir='ltr'><strong>reddere</strong></span> <span class='ocrx_word' id='word_1_411' title='bbox 1166 1790 1276 1831; x_wconf 82' lang='lat' dir='ltr'><strong>possis,</strong></span> <span class='ocrx_word' id='word_1_412' title='bbox 1294 1789 1436 1831; x_wconf 77' lang='lat' dir='ltr'><strong>quaeres!</strong></span> <span class='ocrx_word' id='word_1_413' title='bbox 1486 1791 1560 1826; x_wconf 72' lang='lat' dir='ltr'><strong>Qua:</strong></span> <span class='ocrx_word' id='word_1_414' title='bbox 1578 1793 1640 1823; x_wconf 84' lang='lat' dir='ltr'><strong>bel-</strong></span> 
     </span>
     <span class='ocr_line' id='line_1_71' title="bbox 893 1831 1641 1875; baseline 0.005 -13"><span class='ocrx_word' id='word_1_415' title='bbox 893 1833 959 1869; x_wconf 79' lang='lat' dir='ltr'><strong>lua,</strong></span> <span class='ocrx_word' id='word_1_416' title='bbox 983 1838 1057 1863; x_wconf 87' lang='lat' dir='ltr'><strong>cett.</strong></span> <span class='ocrx_word' id='word_1_417' title='bbox 1080 1831 1253 1874; x_wconf 88' lang='lat' dir='ltr'><strong>explicant,</strong></span> <span class='ocrx_word' id='word_1_418' title='bbox 1278 1843 1351 1875; x_wconf 87' lang='lat' dir='ltr'><strong>quae</strong></span> <span class='ocrx_word' id='word_1_419' title='bbox 1376 1833 1484 1864; x_wconf 90' lang='lat' dir='ltr'><strong>bellua</strong></span> <span class='ocrx_word' id='word_1_420' title='bbox 1505 1840 1554 1865; x_wconf 81' lang='lat' dir='ltr'><strong>est</strong></span> <span class='ocrx_word' id='word_1_421' title='bbox 1575 1840 1641 1866; x_wconf 85' lang='lat' dir='ltr'><strong>tam</strong></span> 
     </span>
     <span class='ocr_line' id='line_1_72' title="bbox 890 1874 1641 1919; baseline 0.004 -13"><span class='ocrx_word' id='word_1_422' title='bbox 890 1874 1022 1917; x_wconf 74' lang='lat' dir='ltr'><strong>(prava)</strong></span> <span class='ocrx_word' id='word_1_423' title='bbox 1052 1875 1180 1913; x_wconf 86' lang='lat' dir='ltr'><strong>stolida,</strong></span> <span class='ocrx_word' id='word_1_424' title='bbox 1211 1881 1255 1910; x_wconf 87' lang='lat' dir='ltr'><strong>ut,</strong></span> <span class='ocrx_word' id='word_1_425' title='bbox 1286 1886 1359 1906; x_wconf 91' lang='lat' dir='ltr'><strong>cum</strong></span> <span class='ocrx_word' id='word_1_426' title='bbox 1390 1876 1488 1908; x_wconf 86' lang='lat' dir='ltr'><strong>semel</strong></span> <span class='ocrx_word' id='word_1_427' title='bbox 1517 1877 1641 1919; x_wconf 83' lang='lat' dir='ltr'><strong>effugit,</strong></span> 
     </span>
     <span class='ocr_line' id='line_1_73' title="bbox 890 1917 1641 1960; baseline 0.004 -11"><span class='ocrx_word' id='word_1_428' title='bbox 890 1918 991 1960; x_wconf 88' lang='lat' dir='ltr'><strong>ruptis</strong></span> <span class='ocrx_word' id='word_1_429' title='bbox 1010 1917 1131 1950; x_wconf 85' lang='lat' dir='ltr'><strong>catenis</strong></span> <span class='ocrx_word' id='word_1_430' title='bbox 1151 1928 1185 1950; x_wconf 85' lang='lat' dir='ltr'><strong>se</strong></span> <span class='ocrx_word' id='word_1_431' title='bbox 1201 1917 1335 1950; x_wconf 63' lang='lat' dir='ltr'><strong>reddat?</strong></span> <span class='ocrx_word' id='word_1_432' title='bbox 1382 1918 1444 1950; x_wconf 88' lang='lat' dir='ltr'><strong>Sed</strong></span> <span class='ocrx_word' id='word_1_433' title='bbox 1461 1920 1512 1950; x_wconf 89' lang='lat' dir='ltr'><strong>vix</strong></span> <span class='ocrx_word' id='word_1_434' title='bbox 1525 1931 1641 1960; x_wconf 79' lang='lat' dir='ltr'><strong>pravus</strong></span> 
     </span>
     <span class='ocr_line' id='line_1_74' title="bbox 889 1961 1641 2006; baseline 0.004 -14"><span class='ocrx_word' id='word_1_435' title='bbox 889 1961 923 1992; x_wconf 92' lang='lat' dir='ltr'><strong>in</strong></span> <span class='ocrx_word' id='word_1_436' title='bbox 939 1961 998 1993; x_wconf 75' lang='lat' dir='ltr'><strong>hac</strong></span> <span class='ocrx_word' id='word_1_437' title='bbox 1014 1961 1244 2002; x_wconf 84' lang='lat' dir='ltr'><strong>significatione</strong></span> <span class='ocrx_word' id='word_1_438' title='bbox 1260 1962 1345 2003; x_wconf 86' lang='lat' dir='ltr'><strong>apud</strong></span> <span class='ocrx_word' id='word_1_439' title='bbox 1358 1962 1458 1993; x_wconf 87' lang='lat' dir='ltr'><strong>bonos</strong></span> <span class='ocrx_word' id='word_1_440' title='bbox 1473 1962 1641 2006; x_wconf 85' lang='lat' dir='ltr'><strong>scriptores</strong></span> 
     </span>
     <span class='ocr_line' id='line_1_75' title="bbox 890 2004 1640 2048; baseline 0.003 -12"><span class='ocrx_word' id='word_1_441' title='bbox 890 2004 1047 2036; x_wconf 84' lang='lat' dir='ltr'><strong>occurrit:</strong></span> <span class='ocrx_word' id='word_1_442' title='bbox 1082 2004 1229 2046; x_wconf 86' lang='lat' dir='ltr'><strong>equidem</strong></span> <span class='ocrx_word' id='word_1_443' title='bbox 1259 2004 1368 2035; x_wconf 88' lang='lat' dir='ltr'><strong>malim</strong></span> <span class='ocrx_word' id='word_1_444' title='bbox 1395 2004 1543 2047; x_wconf 86' lang='lat' dir='ltr'><strong>jungere,</strong></span> <span class='ocrx_word' id='word_1_445' title='bbox 1575 2019 1640 2048; x_wconf 82' lang='lat' dir='ltr'><strong>quae</strong></span> 
     </span>
     <span class='ocr_line' id='line_1_76' title="bbox 889 2047 1639 2090; baseline 0.004 -12"><span class='ocrx_word' id='word_1_446' title='bbox 889 2059 987 2088; x_wconf 83' lang='lat' dir='ltr'><strong>prava</strong></span> <span class='ocrx_word' id='word_1_447' title='bbox 1011 2047 1108 2089; x_wconf 87' lang='lat' dir='ltr'><strong>(fera,</strong></span> <span class='ocrx_word' id='word_1_448' title='bbox 1129 2058 1224 2084; x_wconf 85' lang='lat' dir='ltr'><strong>saeva,</strong></span> <span class='ocrx_word' id='word_1_449' title='bbox 1242 2048 1282 2078; x_wconf 92' lang='lat' dir='ltr'><strong>ob</strong></span> <span class='ocrx_word' id='word_1_450' title='bbox 1305 2047 1492 2090; x_wconf 79' lang='lat' dir='ltr'><strong>pravitatem</strong></span> <span class='ocrx_word' id='word_1_451' title='bbox 1513 2054 1544 2081; x_wconf 89' lang='lat' dir='ltr'><strong>et</strong></span> <span class='ocrx_word' id='word_1_452' title='bbox 1565 2050 1639 2082; x_wconf 83' lang='lat' dir='ltr'><strong>feri-</strong></span> 
     </span>
     <span class='ocr_line' id='line_1_77' title="bbox 892 2091 1639 2133; baseline 0.004 -11"><span class='ocrx_word' id='word_1_453' title='bbox 892 2097 988 2122; x_wconf 86' lang='lat' dir='ltr'><strong>tatem</strong></span> <span class='ocrx_word' id='word_1_454' title='bbox 1007 2091 1132 2132; x_wconf 79' lang='lat' dir='ltr'><strong>vincta)</strong></span> <span class='ocrx_word' id='word_1_455' title='bbox 1150 2092 1326 2122; x_wconf 84' lang='lat' dir='ltr'><strong>bellua—se</strong></span> <span class='ocrx_word' id='word_1_456' title='bbox 1344 2093 1446 2122; x_wconf 82' lang='lat' dir='ltr'><strong>reddit</strong></span> <span class='ocrx_word' id='word_1_457' title='bbox 1467 2095 1569 2133; x_wconf 79' lang='lat' dir='ltr'><strong>rupeis</strong></span> <span class='ocrx_word' id='word_1_458' title='bbox 1587 2105 1639 2125; x_wconf 81' lang='lat' dir='ltr'><strong>ca-</strong></span> 
     </span>
     <span class='ocr_line' id='line_1_78' title="bbox 893 2135 992 2166; baseline 0 -2"><span class='ocrx_word' id='word_1_459' title='bbox 893 2135 992 2166; x_wconf 72' lang='lat' dir='ltr'><strong>terris?</strong></span> 
     </span>
    </p>

    <p class='ocr_par' dir='ltr' id='par_1_28' title="bbox 887 2177 1643 2434">
     <span class='ocr_line' id='line_1_79' title="bbox 935 2177 1639 2213; baseline 0.003 -5"><span class='ocrx_word' id='word_1_460' title='bbox 935 2178 989 2208; x_wconf 81' lang='lat'><strong>72.</strong></span> <span class='ocrx_word' id='word_1_461' title='bbox 1013 2177 1083 2208; x_wconf 83' lang='lat' dir='ltr'><strong>Non</strong></span> <span class='ocrx_word' id='word_1_462' title='bbox 1098 2188 1165 2208; x_wconf 79' lang='lat' dir='ltr'><strong>sum</strong></span> <span class='ocrx_word' id='word_1_463' title='bbox 1179 2177 1320 2213; x_wconf 77' lang='lat' dir='ltr'><strong>moechus,</strong></span> <span class='ocrx_word' id='word_1_464' title='bbox 1331 2179 1388 2208; x_wconf 84' lang='lat' dir='ltr'><strong>ais.</strong></span> <span class='ocrx_word' id='word_1_465' title='bbox 1412 2178 1524 2209; x_wconf 85' lang='lat' dir='ltr'><strong>Davus</strong></span> <span class='ocrx_word' id='word_1_466' title='bbox 1540 2178 1639 2210; x_wconf 86' lang='lat' dir='ltr'><strong>alium</strong></span> 
     </span>
     <span class='ocr_line' id='line_1_80' title="bbox 887 2219 1643 2263; baseline 0.005 -13"><span class='ocrx_word' id='word_1_467' title='bbox 887 2219 921 2251; x_wconf 86' lang='lat' dir='ltr'><strong>iu</strong></span> <span class='ocrx_word' id='word_1_468' title='bbox 936 2220 1090 2262; x_wconf 83' lang='lat' dir='ltr'><strong>singulari</strong></span> <span class='ocrx_word' id='word_1_469' title='bbox 1113 2219 1298 2263; x_wconf 86' lang='lat' dir='ltr'><strong>alloquitur,</strong></span> <span class='ocrx_word' id='word_1_470' title='bbox 1314 2231 1370 2263; x_wconf 88' lang='lat' dir='ltr'><strong>per</strong></span> <span class='ocrx_word' id='word_1_471' title='bbox 1384 2231 1480 2262; x_wconf 89' lang='lat' dir='ltr'><strong>quem</strong></span> <span class='ocrx_word' id='word_1_472' title='bbox 1496 2221 1643 2263; x_wconf 84' lang='lat' dir='ltr'><strong>designat</strong></span> 
     </span>
     <span class='ocr_line' id='line_1_81' title="bbox 888 2263 1641 2306; baseline 0.004 -12"><span class='ocrx_word' id='word_1_473' title='bbox 888 2273 999 2295; x_wconf 87' lang='lat' dir='ltr'><strong>omnes</strong></span> <span class='ocrx_word' id='word_1_474' title='bbox 1026 2263 1094 2306; x_wconf 91' lang='lat' dir='ltr'><strong>qui,</strong></span> <span class='ocrx_word' id='word_1_475' title='bbox 1123 2273 1188 2294; x_wconf 90' lang='lat' dir='ltr'><strong>non</strong></span> <span class='ocrx_word' id='word_1_476' title='bbox 1217 2263 1346 2300; x_wconf 82' lang='lat' dir='ltr'><strong>virtute,</strong></span> <span class='ocrx_word' id='word_1_477' title='bbox 1374 2263 1430 2295; x_wconf 85' lang='lat' dir='ltr'><strong>sed</strong></span> <span class='ocrx_word' id='word_1_478' title='bbox 1460 2274 1566 2306; x_wconf 87' lang='lat' dir='ltr'><strong>poenae</strong></span> <span class='ocrx_word' id='word_1_479' title='bbox 1590 2265 1641 2297; x_wconf 90' lang='lat' dir='ltr'><strong>vel</strong></span> 
     </span>
     <span class='ocr_line' id='line_1_82' title="bbox 889 2305 1640 2349; baseline 0.003 -12"><span class='ocrx_word' id='word_1_480' title='bbox 889 2305 1022 2349; x_wconf 87' lang='lat' dir='ltr'><strong>periculi</strong></span> <span class='ocrx_word' id='word_1_481' title='bbox 1058 2312 1144 2338; x_wconf 88' lang='lat' dir='ltr'><strong>metu</strong></span> <span class='ocrx_word' id='word_1_482' title='bbox 1186 2317 1206 2337; x_wconf 87' lang='lat' dir='ltr'><strong>a</strong></span> <span class='ocrx_word' id='word_1_483' title='bbox 1242 2306 1371 2348; x_wconf 87' lang='lat' dir='ltr'><strong>flagitiis</strong></span> <span class='ocrx_word' id='word_1_484' title='bbox 1412 2307 1640 2340; x_wconf 81' lang='lat' dir='ltr'><strong>absterrentur.</strong></span> 
     </span>
     <span class='ocr_line' id='line_1_83' title="bbox 891 2349 1640 2393; baseline 0.003 -11"><span class='ocrx_word' id='word_1_485' title='bbox 891 2349 1030 2392; x_wconf 85' lang='lat' dir='ltr'><strong>Egregia</strong></span> <span class='ocrx_word' id='word_1_486' title='bbox 1059 2359 1148 2387; x_wconf 84' lang='lat' dir='ltr'><strong>sane,</strong></span> <span class='ocrx_word' id='word_1_487' title='bbox 1173 2360 1270 2391; x_wconf 88' lang='lat' dir='ltr'><strong>quam</strong></span> <span class='ocrx_word' id='word_1_488' title='bbox 1298 2350 1466 2393; x_wconf 86' lang='lat' dir='ltr'><strong>Crispinus</strong></span> <span class='ocrx_word' id='word_1_489' title='bbox 1494 2350 1640 2384; x_wconf 85' lang='lat' dir='ltr'><strong>docuisse</strong></span> 
     </span>
     <span class='ocr_line' id='line_1_84' title="bbox 888 2392 1220 2434; baseline -0.003 -10"><span class='ocrx_word' id='word_1_490' title='bbox 888 2393 1028 2434; x_wconf 87' lang='lat' dir='ltr'><strong>fingitur,</strong></span> <span class='ocrx_word' id='word_1_491' title='bbox 1043 2392 1201 2425; x_wconf 80' lang='lat' dir='ltr'><strong>sententia</strong></span> <span class='ocrx_word' id='word_1_492' title='bbox 1214 2393 1220 2423; x_wconf 74' lang='grc' dir='ltr'>ἱ</span> 
     </span>
    </p>

    <p class='ocr_par' dir='ltr' id='par_1_29' title="bbox 934 2437 1440 2478">
     <span class='ocr_line' id='line_1_85' title="bbox 934 2437 1440 2478; baseline 0.002 -12"><span class='ocrx_word' id='word_1_493' title='bbox 934 2437 986 2467; x_wconf 84' lang='grc'><strong>73.</strong></span> <span class='ocrx_word' id='word_1_494' title='bbox 1010 2437 1147 2476; x_wconf 82' lang='lat' dir='ltr'><strong>Sapiens,</strong></span> <span class='ocrx_word' id='word_1_495' title='bbox 1162 2446 1202 2468; x_wconf 87' lang='lat' dir='ltr'><strong>ex</strong></span> <span class='ocrx_word' id='word_1_496' title='bbox 1218 2446 1324 2478; x_wconf 82' lang='lat' dir='ltr'><strong>poenae</strong></span> <span class='ocrx_word' id='word_1_497' title='bbox 1340 2441 1440 2468; x_wconf 89' lang='lat' dir='ltr'><strong>metu.</strong></span> 
     </span>
    </p>

    <p class='ocr_par' dir='ltr' id='par_1_30' title="bbox 892 2480 1646 3038">
     <span class='ocr_line' id='line_1_86' title="bbox 934 2480 1640 2516; baseline 0.003 -6"><span class='ocrx_word' id='word_1_498' title='bbox 934 2480 1076 2511; x_wconf 85' lang='lat'>75—77.</span> <span class='ocrx_word' id='word_1_499' title='bbox 1100 2480 1186 2510; x_wconf 80' lang='lat' dir='ltr'><strong>Tune</strong></span> <span class='ocrx_word' id='word_1_500' title='bbox 1208 2480 1284 2510; x_wconf 75' lang='lat' dir='ltr'><strong><em>mihi</em></strong></span> <span class='ocrx_word' id='word_1_501' title='bbox 1304 2481 1454 2516; x_wconf 83' lang='lat' dir='ltr'><strong>domin-us,</strong></span> <span class='ocrx_word' id='word_1_502' title='bbox 1473 2485 1548 2512; x_wconf 86' lang='lat' dir='ltr'><strong>cett.</strong></span> <span class='ocrx_word' id='word_1_503' title='bbox 1569 2490 1640 2512; x_wconf 90' lang='lat' dir='ltr'><strong>sen-</strong></span> 
     </span>
     <span class='ocr_line' id='line_1_87' title="bbox 892 2522 1643 2565; baseline 0.003 -12"><span class='ocrx_word' id='word_1_504' title='bbox 892 2533 946 2553; x_wconf 90' lang='lat' dir='ltr'><strong>sus</strong></span> <span class='ocrx_word' id='word_1_505' title='bbox 961 2535 967 2552; x_wconf 90' lang='lat'><strong>:</strong></span> <span class='ocrx_word' id='word_1_506' title='bbox 994 2527 1084 2558; x_wconf 82' lang='lat' dir='ltr'><strong>tune,</strong></span> <span class='ocrx_word' id='word_1_507' title='bbox 1100 2522 1156 2564; x_wconf 90' lang='lat' dir='ltr'><strong>qui</strong></span> <span class='ocrx_word' id='word_1_508' title='bbox 1178 2522 1245 2565; x_wconf 86' lang='lat' dir='ltr'><strong>ipse</strong></span> <span class='ocrx_word' id='word_1_509' title='bbox 1262 2522 1399 2563; x_wconf 83' lang='lat' dir='ltr'><strong>(minor)</strong></span> <span class='ocrx_word' id='word_1_510' title='bbox 1416 2523 1581 2565; x_wconf 84' lang='lat' dir='ltr'><strong>subjectus</strong></span> <span class='ocrx_word' id='word_1_511' title='bbox 1600 2524 1643 2556; x_wconf 86' lang='lat' dir='ltr'><strong>sis</strong></span> 
     </span>
     <span class='ocr_line' id='line_1_88' title="bbox 892 2565 1643 2609; baseline 0.003 -13"><span class='ocrx_word' id='word_1_512' title='bbox 892 2571 939 2596; x_wconf 90' lang='lat' dir='ltr'><strong>tot</strong></span> <span class='ocrx_word' id='word_1_513' title='bbox 954 2565 1115 2607; x_wconf 81' lang='lat' dir='ltr'><strong>tantisque</strong></span> <span class='ocrx_word' id='word_1_514' title='bbox 1130 2566 1226 2596; x_wconf 89' lang='lat' dir='ltr'><strong>rebus</strong></span> <span class='ocrx_word' id='word_1_515' title='bbox 1241 2570 1338 2608; x_wconf 85' lang='lat' dir='ltr'><strong>atque</strong></span> <span class='ocrx_word' id='word_1_516' title='bbox 1353 2565 1546 2604; x_wconf 86' lang='lat' dir='ltr'><strong>hominibus,</strong></span> <span class='ocrx_word' id='word_1_517' title='bbox 1563 2578 1643 2609; x_wconf 93' lang='lat' dir='ltr'><strong>quo-</strong></span> 
     </span>
     <span class='ocr_line' id='line_1_89' title="bbox 893 2608 1644 2651; baseline 0.003 -11"><span class='ocrx_word' id='word_1_518' title='bbox 893 2619 961 2640; x_wconf 82' lang='lat' dir='ltr'><strong>rum</strong></span> <span class='ocrx_word' id='word_1_519' title='bbox 979 2608 1112 2651; x_wconf 87' lang='lat' dir='ltr'><strong>imperio</strong></span> <span class='ocrx_word' id='word_1_520' title='bbox 1135 2608 1287 2640; x_wconf 86' lang='lat' dir='ltr'><strong>serviliter</strong></span> <span class='ocrx_word' id='word_1_521' title='bbox 1306 2619 1408 2651; x_wconf 80' lang='lat' dir='ltr'><strong>pareS,</strong></span> <span class='ocrx_word' id='word_1_522' title='bbox 1424 2609 1492 2651; x_wconf 90' lang='lat' dir='ltr'><strong>qui,</strong></span> <span class='ocrx_word' id='word_1_523' title='bbox 1508 2610 1584 2642; x_wconf 90' lang='lat' dir='ltr'><strong>licet</strong></span> <span class='ocrx_word' id='word_1_524' title='bbox 1599 2616 1644 2642; x_wconf 89' lang='lat' dir='ltr'><strong>ter</strong></span> 
     </span>
     <span class='ocr_line' id='line_1_90' title="bbox 894 2651 1645 2725; baseline 0.004 -43"><span class='ocrx_word' id='word_1_525' title='bbox 894 2657 1068 2725; x_wconf 49' lang='lat' dir='ltr'><strong>quaterque</strong></span> <span class='ocrx_word' id='word_1_526' title='bbox 1084 2652 1296 2683; x_wconf 83' lang='lat' dir='ltr'><strong>manumissus</strong></span> <span class='ocrx_word' id='word_1_527' title='bbox 1306 2651 1361 2689; x_wconf 89' lang='lat' dir='ltr'><strong>sis,</strong></span> <span class='ocrx_word' id='word_1_528' title='bbox 1374 2658 1480 2683; x_wconf 86' lang='lat' dir='ltr'><strong>tamen</strong></span> <span class='ocrx_word' id='word_1_529' title='bbox 1496 2663 1515 2684; x_wconf 88' lang='lat' dir='ltr'><strong>a</strong></span> <span class='ocrx_word' id='word_1_530' title='bbox 1531 2653 1645 2686; x_wconf 85' lang='lat' dir='ltr'><strong>misera</strong></span> 
     </span>
     <span class='ocr_line' id='line_1_91' title="bbox 907 2695 1643 2730; baseline 0.003 -4"><span class='ocrx_word' id='word_1_531' title='bbox 907 2695 1074 2730; x_wconf 89' lang='lat' dir='ltr'><strong>ormidine,</strong></span> <span class='ocrx_word' id='word_1_532' title='bbox 1087 2695 1120 2726; x_wconf 85' lang='lat' dir='ltr'><strong>h.</strong></span> <span class='ocrx_word' id='word_1_533' title='bbox 1132 2705 1161 2726; x_wconf 86' lang='lat' dir='ltr'><strong>e.</strong></span> <span class='ocrx_word' id='word_1_534' title='bbox 1176 2695 1282 2726; x_wconf 85' lang='lat' dir='ltr'><strong>servili</strong></span> <span class='ocrx_word' id='word_1_535' title='bbox 1299 2695 1482 2727; x_wconf 89' lang='lat' dir='ltr'><strong>conditione</strong></span> <span class='ocrx_word' id='word_1_536' title='bbox 1498 2701 1529 2728; x_wconf 88' lang='lat' dir='ltr'><strong>et</strong></span> <span class='ocrx_word' id='word_1_537' title='bbox 1545 2697 1643 2728; x_wconf 89' lang='lat' dir='ltr'><strong>senti-</strong></span> 
     </span>
     <span class='ocr_line' id='line_1_92' title="bbox 893 2737 1644 2780; baseline 0.001 -10"><span class='ocrx_word' id='word_1_538' title='bbox 893 2737 968 2770; x_wconf 86' lang='lat' dir='ltr'><strong>endi</strong></span> <span class='ocrx_word' id='word_1_539' title='bbox 990 2738 1112 2770; x_wconf 88' lang='lat' dir='ltr'><strong>ratione</strong></span> <span class='ocrx_word' id='word_1_540' title='bbox 1134 2748 1298 2780; x_wconf 88' lang='lat' dir='ltr'><strong>nunquam</strong></span> <span class='ocrx_word' id='word_1_541' title='bbox 1321 2738 1475 2775; x_wconf 86' lang='lat' dir='ltr'><strong>libereris,</strong></span> <span class='ocrx_word' id='word_1_542' title='bbox 1489 2745 1577 2778; x_wconf 85' lang='lat' dir='ltr'><strong>tune,</strong></span> <span class='ocrx_word' id='word_1_543' title='bbox 1594 2741 1644 2771; x_wconf 86' lang='lat' dir='ltr'><strong>in-</strong></span> 
     </span>
     <span class='ocr_line' id='line_1_93' title="bbox 894 2780 1644 2824; baseline 0.003 -12"><span class='ocrx_word' id='word_1_544' title='bbox 894 2791 1004 2824; x_wconf 87' lang='lat' dir='ltr'><strong>quam,</strong></span> <span class='ocrx_word' id='word_1_545' title='bbox 1029 2780 1106 2812; x_wconf 82' lang='lat' dir='ltr'><strong>mihi</strong></span> <span class='ocrx_word' id='word_1_546' title='bbox 1135 2781 1286 2813; x_wconf 86' lang='lat' dir='ltr'><strong>dominus</strong></span> <span class='ocrx_word' id='word_1_547' title='bbox 1311 2792 1380 2813; x_wconf 86' lang='lat' dir='ltr'><strong>esse</strong></span> <span class='ocrx_word' id='word_1_548' title='bbox 1406 2784 1520 2824; x_wconf 64' lang='lat' dir='ltr'><strong>potes?</strong></span> <span class='ocrx_word' id='word_1_549' title='bbox 1569 2783 1644 2814; x_wconf 84' lang='lat' dir='ltr'><strong>Vin-</strong></span> 
     </span>
     <span class='ocr_line' id='line_1_94' title="bbox 893 2824 1645 2868; baseline 0.001 -12"><span class='ocrx_word' id='word_1_550' title='bbox 893 2827 998 2856; x_wconf 82' lang='lat' dir='ltr'><strong>dicta:</strong></span> <span class='ocrx_word' id='word_1_551' title='bbox 1024 2824 1134 2856; x_wconf 88' lang='lat' dir='ltr'><strong>Schol.</strong></span> <span class='ocrx_word' id='word_1_552' title='bbox 1159 2825 1272 2867; x_wconf 72' lang='lat' dir='ltr'><strong>Cruq„</strong></span> <span class='ocrx_word' id='word_1_553' title='bbox 1297 2827 1385 2868; x_wconf 81' lang='lat' dir='ltr'><strong>virga</strong></span> <span class='ocrx_word' id='word_1_554' title='bbox 1412 2827 1561 2864; x_wconf 84' lang='lat' dir='ltr'><strong>praetoris,</strong></span> <span class='ocrx_word' id='word_1_555' title='bbox 1585 2838 1645 2867; x_wconf 80' lang='lat' dir='ltr'><strong>qua</strong></span> 
     </span>
     <span class='ocr_line' id='line_1_95' title="bbox 892 2869 1644 2910; baseline 0.001 -11"><span class='ocrx_word' id='word_1_556' title='bbox 892 2869 1149 2909; x_wconf 74' lang='lat' dir='ltr'><strong>percutiebantur</strong></span> <span class='ocrx_word' id='word_1_557' title='bbox 1180 2870 1258 2899; x_wconf 75' lang='lat' dir='ltr'><strong>servi</strong></span> <span class='ocrx_word' id='word_1_558' title='bbox 1291 2871 1365 2900; x_wconf 84' lang='lat' dir='ltr'><strong>dum</strong></span> <span class='ocrx_word' id='word_1_559' title='bbox 1398 2869 1486 2899; x_wconf 81' lang='lat' dir='ltr'><strong>liberi</strong></span> <span class='ocrx_word' id='word_1_560' title='bbox 1509 2869 1644 2910; x_wconf 80' lang='lat' dir='ltr'><strong>fiebant,</strong></span> 
     </span>
     <span class='ocr_line' id='line_1_96' title="bbox 894 2912 1646 2952; baseline 0.001 -10"><span class='ocrx_word' id='word_1_561' title='bbox 894 2912 1250 2952; x_wconf 80' lang='lat' dir='ltr'><strong>manumittebanturque</strong></span> <span class='ocrx_word' id='word_1_562' title='bbox 1279 2913 1375 2952; x_wconf 81' lang='lat' dir='ltr'><strong>capiti</strong></span> <span class='ocrx_word' id='word_1_563' title='bbox 1401 2913 1564 2951; x_wconf 76' lang='lat' dir='ltr'><strong>imposita;</strong></span> <span class='ocrx_word' id='word_1_564' title='bbox 1589 2915 1646 2943; x_wconf 81' lang='lat' dir='ltr'><strong>tri-</strong></span> 
     </span>
     <span class='ocr_line' id='line_1_97' title="bbox 896 2954 1644 2996; baseline 0.001 -11"><span class='ocrx_word' id='word_1_565' title='bbox 896 2956 951 2985; x_wconf 82' lang='lat' dir='ltr'><strong>bus</strong></span> <span class='ocrx_word' id='word_1_566' title='bbox 966 2965 1095 2995; x_wconf 81' lang='lat' dir='ltr'><strong>namque</strong></span> <span class='ocrx_word' id='word_1_567' title='bbox 1107 2955 1248 2996; x_wconf 77' lang='lat' dir='ltr'><strong>rebusfit</strong></span> <span class='ocrx_word' id='word_1_568' title='bbox 1261 2955 1466 2990; x_wconf 79' lang='lat' dir='ltr'><strong>manumissio,</strong></span> <span class='ocrx_word' id='word_1_569' title='bbox 1488 2954 1644 2992; x_wconf 76' lang='lat' dir='ltr'><strong>Vindicta,</strong></span> 
     </span>
     <span class='ocr_line' id='line_1_98' title="bbox 900 2996 1645 3038; baseline 0.001 -10"><span class='ocrx_word' id='word_1_570' title='bbox 900 2998 1012 3035; x_wconf 82' lang='lat' dir='ltr'><strong>Censu,</strong></span> <span class='ocrx_word' id='word_1_571' title='bbox 1038 2997 1235 3030; x_wconf 79' lang='lat' dir='ltr'><strong>Testamento.</strong></span> <span class='ocrx_word' id='word_1_572' title='bbox 1283 2998 1402 3033; x_wconf 80' lang='lat' dir='ltr'><strong>Privet,</strong></span> <span class='ocrx_word' id='word_1_573' title='bbox 1426 2996 1552 3028; x_wconf 76' lang='lat' dir='ltr'><strong>liberet:</strong></span> <span class='ocrx_word' id='word_1_574' title='bbox 1576 3001 1645 3038; x_wconf 80' lang='lat' dir='ltr'><strong>pri-</strong></span> 
     </span>
    </p>
   </div>
  </div>
 </body>
</html>
