1884 3288
629 202 858 246 LIBER
894 201 979 252 111,
1010 203 1078 243 24.

1564 203 1646 244 179

394 307 575 356 Vivant,
597 311 642 347 et
662 304 792 360 rigidi
814 303 970 346 Getae:

448 373 675 416 Immetata
695 370 856 427 quibus
872 373 1033 427 jugera
1051 370 1211 413 liberas

389 442 558 496 Fruges
581 447 624 482 et
647 440 852 498 Cererem
873 440 1034 490 ferunt,

446 509 546 552 Nec
568 509 740 551 cultura
760 507 906 564 placet
925 507 1096 564 longior
1117 522 1281 558 annua3

306 580 359 622 15
390 578 748 632 Defunctumque
770 576 995 618 laboribus

445 645 628 701 AEquali
649 651 818 687 recreat·
840 651 958 686 sorte
979 644 1179 685 vicarius.

388 714 482 757 Illic
503 721 640 756 matre
663 713 913 755 carentibus

451 783 668 838 Privignis
690 781 843 823 mulier
865 787 1079 836 temperat
1101 780 1330 821 innocens:

394 852 494 894 Nec
516 851 667 893 dotata
687 850 800 905 regit
821 849 959 890 virum

301 921 359 963 20
447 919 637 975 Conjux,
659 932 738 959 nec
759 917 897 958 nitido
917 916 1016 957 fidit
1036 914 1261 957 adultero:

391 988 488 1030 Dos
509 994 576 1029 est
596 1001 752 1042 magna
772 985 1019 1041 parentium

444 1055 618 1104 Virtus,
639 1063 684 1096 et
704 1061 903 1096 metuens
926 1052 1104 1095 alterius
1126 1053 1206 1094 viri

389 1124 524 1166 Certo
546 1123 713 1166 foedere
734 1123 928 1171 castitas,

448 1192 509 1234 Et
530 1206 715 1247 peccare
736 1190 875 1242 nefas,
898 1196 973 1232 aut
994 1190 1182 1245 pretium
1203 1191 1351 1232 emori.

97 1307 155 1329 vos
169 1296 203 1329 in
219 1306 326 1330 eorum
343 1295 514 1328 verticibus
529 1295 667 1338 figendo.
712 1295 849 1327 Locutio

97 1341 198 1372 elavos
213 1340 317 1383 figere
339 1339 492 1371 translata
516 1345 566 1370 est
591 1340 632 1370 ab
658 1338 698 1370 iis
721 1338 778 1380 qui
805 1338 849 1369 rei

98 1382 198 1415 alicui
213 1382 455 1425 compescendae
470 1381 698 1423 firmandaeque
715 1382 778 1412 vim
789 1381 848 1412 ad-

96 1426 218 1458 hibent.
262 1427 503 1457 Adamantinos:
528 1434 576 1456 res
598 1424 750 1456 dicuntur
773 1426 849 1455 ada-

96 1471 255 1504 mantinae,
268 1479 341 1511 quae
353 1474 430 1500 sunt
440 1467 700 1510 inexpugnabilis
713 1467 845 1498 firmita-

98 1512 162 1552 tis;
187 1518 223 1544 ut
237 1522 308 1555 sup.
323 1512 347 1549 i,
373 1513 406 1548 6,
431 1512 484 1548 13,
503 1515 609 1542 tunica
631 1512 846 1542 adamantina.

98 1556 230 1588 Summis
258 1556 442 1587 verticibus:
481 1565 614 1585 summus
645 1559 694 1585 est
725 1553 846 1596 epithe-

98 1603 153 1630 ton
184 1608 313 1636 ornans,
342 1597 424 1629 nihil
453 1596 604 1639 amplius.
664 1597 766 1635 Metu,
802 1606 850 1628 sc.

97 1641 218 1674 mortis.

141 1685 265 1717 9—16.
287 1683 397 1716 Multo
413 1682 587 1715 feliciorem
611 1682 644 1714 in
667 1681 788 1724 campis
802 1682 850 1713 vi-

99 1732 164 1760 tam
187 1727 299 1760 vivunt
325 1726 454 1769 Scythae
480 1732 512 1757 et
538 1727 644 1761 Getae,
662 1725 738 1756 dum
761 1736 848 1756 com-

98 1770 188 1803 muni
211 1780 356 1813 agrorum
382 1769 470 1801 cultu
495 1769 635 1800 contenti
657 1768 742 1799 haud
764 1768 850 1799 curis

97 1814 164 1846 illis
180 1820 213 1846 et
228 1811 469 1856 cupiditatibus,
486 1812 604 1855 quibus
627 1811 754 1846 divites,
780 1811 847 1852 agi-

98 1862 217 1889 tantur.
262 1857 390 1892 Melius.
415 1855 448 1887 h.
463 1866 494 1887 e.
509 1854 698 1898 sapientius,
721 1860 757 1885 ut
779 1865 849 1897 sup.

98 1899 122 1937 i,
141 1901 194 1939 10,
213 1901 241 1937 1,
262 1901 378 1931 rectius
391 1900 501 1930 vivere.
547 1899 686 1934 Quorum
706 1899 850 1937 plaustra

99 1954 193 1987 vngax
215 1945 278 1975 rite
300 1942 430 1974 trahunt
445 1943 562 1972 domos.-
586 1941 707 1973 Justin.
722 1940 756 1976 ii,
776 1941 791 1970 1
809 1941 849 1972 de

100 1985 241 2029 Scythis,
262 1985 373 2017 Uxores
387 1985 551 2025 liberosque
564 1994 664 2015 secum
688 1986 720 2014 in
741 1984 848 2023 plaus-

97 2031 156 2062 tris
169 2030 295 2065 vehunt,
308 2029 428 2070 quibus,
438 2029 528 2059 coriis
538 2028 679 2058 imbrium
689 2027 849 2067 hiemisque

98 2083 192 2104 causa
218 2073 315 2108 tectis,
340 2082 395 2112 pro
418 2071 555 2102 domibus
579 2076 716 2101 utuntur
729 2081 740 2107 ;
764 2069 848 2101 unde

96 2115 147 2147 illi
163 2114 287 2148 Grecis
308 2113 385 2146 dicti
408 2119 484 2145 sunt
498 2112 694 2156 ’ἁμάὲοικοι,
719 2111 847 2155 ἁμαξό·

97 2157 182 2200 βωι.
237 2158 321 2194 Rite.
347 2161 384 2188 ut
408 2156 467 2188 fert
487 2167 597 2188 eorum
623 2166 691 2187 mos
716 2162 747 2187 et
774 2155 847 2187 vitae

98 2202 192 2234 ratio.
235 2201 360 2244 Rigidi,
375 2199 494 2231 duriori
505 2201 576 2231 vitae
587 2198 723 2234 adsueti,
739 2204 775 2229 ut
791 2199 847 2230 inf.

101 2244 207 2288 Epist.
222 2243 257 2282 ii,
278 2246 307 2282 1,
327 2245 383 2280 25,
407 2244 506 2286 rigidi
532 2243 652 2274 Sabini.
698 2243 848 2273 Ceterum

99 2288 141 2320 de
161 2288 318 2320 Getarum
339 2286 413 2318 vitae
434 2285 638 2328 simplicitate
663 2290 695 2317 et
717 2285 849 2326 frugali-

101 2335 166 2364 tate
181 2330 315 2363 laudant
331 2330 436 2362 strab.
451 2329 506 2366 vii,
521 2340 554 2372 p.
570 2330 648 2360 302.
684 2328 848 2362 Immetata

89 2376 224 2418 jugem,
241 2373 391 2406 vivebant
404 2372 502 2414 igitur
515 2372 644 2414 Scythae
656 2377 688 2402 et
705 2371 800 2403 Getae
813 2377 848 2402 ut

90 2417 245 2450 homines
259 2426 363 2448 aureae
377 2415 492 2452 aetatis,
508 2425 585 2458 qua,
598 2420 634 2446 ut
650 2414 772 2446 Tibull.
786 2414 806 2452 i,
816 2415 849 2452 3,

101 2460 144 2492 43
169 2459 321 2504 loquitur,
345 2458 456 2492 nullus
479 2459 583 2491 adhuc
607 2457 689 2500 lapis
709 2459 741 2488 in
766 2457 849 2499 agris

28 2501 46 2533 *1
101 2503 184 2535 fixus
193 2502 266 2540 fuit.
277 2501 335 2552 qui
346 2503 436 2535 certis
437 2502 559 2544 finibus
571 2512 647 2532 arva
656 2507 788 2541 regeret:
806 2500 849 2532 cf.

102 2545 198 2588 Virg.
209 2546 294 2578 Geo.
303 2556 326 2583 1,
340 2545 417 2580 126.
429 2550 462 2576 et
473 2544 517 2576 ibi
534 2545 738 2586 interpretes.
785 2544 850 2575 Nec

32 2587 50 2625 'f'
100 2590 230 2623 cultura
249 2590 350 2630 placet
375 2590 495 2630 longior
509 2599 638 2624 annua3
662 2597 737 2627 agro
750 2586 848 2624 enim,

101 2642 197 2676 quem
211 2642 270 2675 per
283 2642 383 2664 unum
397 2641 518 2662 annum
532 2629 710 2664 coluerant,
727 2629 850 2667 relicto,

101 2684 201 2718 ngas
215 2675 326 2707 domos
341 2684 416 2706 suas
430 2674 465 2705 in
488 2673 586 2705 alium
610 2672 853 2705 transferebant.

106 2717 355 2762 Dfimctumque
392 2718 546 2748 laboribus
575 2716 705 2757 AEquali
736 2723 854 2748 recreat

104 2767 183 2794 corta
196 2762 344 2796 vicarius,
360 2765 393 2792 et
407 2765 445 2792 ut
459 2759 499 2796 is,
517 2758 575 2802 qui
597 2758 713 2790 annuis
735 2758 853 2790 labori-

104 2803 167 2842 bus
180 2803 366 2848 perfunctus
379 2809 438 2840 est,
453 2813 487 2834 se
504 2812 644 2835 recreare
659 2800 772 2844 possit,
782 2801 855 2844 ejus

107 2844 192 2890 §10⁶⁸
205 2857 298 2890 equo
320 2847 393 2890 jure
413 2845 496 2878 alius
517 2844 664 2887 suscipit.
712 2846 854 2876 Vicarius

105 2889 215 2939 quali
228 2895 319 2927 sorte,
334 2890 420 2922 vices
435 2888 578 2925 alterius,
598 2894 632 2918 ut
654 2898 721 2919 sors
745 2898 853 2930 aequa·

105 2930 149 2964 ln
169 2933 323 2977 postulat,
348 2931 540 2975 suscipiens.
585 2931 670 2963 Cum
694 2930 754 2962 hoc
778 2932 856 2973 Scy-

107 2973 233 3007 tharum
247 2975 469 3018 Getarumque
483 2973 609 3007 vivendi
630 2984 717 3006 more
732 2975 857 3015 egregie

109 3017 305 3050 conveniunt
323 3029 398 3061 quae
426 3018 549 3054 Caesar,
572 3018 614 3049 B.
637 3017 682 3049 G.
701 3016 744 3054 iv,
767 3018 796 3054 l,
817 3017 857 3048 de

895 1295 1010 1327 Suevis
1038 1301 1162 1326 narrat:
1201 1295 1329 1326 Centum
1348 1303 1440 1335 pagos
1463 1293 1569 1324 habere
1592 1292 1642 1323 di-

893 1345 1022 1374 cuntur,
1045 1350 1060 1369 e
1076 1340 1185 1379 quibus
1209 1338 1374 1378 quotannis
1397 1336 1524 1377 singula
1541 1335 1642 1365 millia

894 1388 1082 1412 armatorum
1097 1382 1234 1411 bellandi
1248 1391 1342 1412 causa
1357 1381 1506 1410 oducunt.
1554 1378 1642 1409 Reli-

895 1425 960 1464 qui,
990 1426 1043 1465 qui
1073 1425 1154 1454 domi
1185 1426 1364 1459 manserint,
1394 1434 1422 1453 se
1450 1428 1542 1462 utque
1574 1421 1644 1452 illos

889 1467 993 1499 alunt.
1040 1467 1086 1498 Hi
1102 1477 1211 1497 rursus
1227 1478 1308 1497 anno
1319 1473 1384 1506 post
1401 1467 1434 1496 in
1450 1467 1543 1495 armis
1559 1470 1643 1502 sunt,

890 1511 940 1541 illi
954 1512 1033 1541 domi
1050 1517 1220 1541 remanant.
1266 1510 1317 1540 Sic
1332 1520 1427 1551 neque
1442 1509 1644 1550 agricultura

890 1564 945 1584 nec
975 1556 1056 1584 ratio
1078 1561 1169 1594 atque
1194 1563 1268 1584 usus
1295 1553 1368 1583 belli
1399 1553 1641 1582 intermittitur:

891 1598 942 1627 secl
966 1598 1083 1636 priuati
1106 1607 1142 1627 ac
1167 1597 1302 1636 separati
1318 1597 1390 1638 agri
1402 1596 1485 1635 apud
1500 1605 1546 1625 eos
1561 1594 1642 1624 nihil

892 1647 946 1675 est,
969 1651 1064 1680 neque
1087 1640 1207 1679 longius
1232 1650 1314 1669 anno
1338 1648 1494 1669 remanere
1517 1649 1579 1668 uno
1609 1639 1643 1667 in

894 1683 956 1713 loco
970 1684 1122 1713 incolendi
1138 1693 1229 1712 causa
1243 1683 1327 1712 licet.

940 1726 1079 1756 17—24.
1103 1725 1234 1756 Morum
1247 1723 1451 1755 sanctitatem
1461 1728 1493 1754 et
1504 1722 1578 1753 vitae
1591 1720 1642 1752 iu·

895 1767 1084 1809 tegritatem,
1109 1778 1207 1809 quam
1230 1767 1315 1808 apud
1338 1766 1476 1808 Scythas
1490 1771 1522 1798 et
1544 1766 1644 1796 Getas

892 1811 996 1851 vigere
1012 1812 1069 1846 ait,
1091 1811 1157 1852 jam
1174 1811 1322 1841 consulto
1342 1808 1506 1852 perversis,
1523 1808 1643 1850 quibus

895 1854 1035 1884 Romani
1049 1864 1082 1884 se
1097 1853 1255 1895 corrumpi
1277 1853 1362 1895 passi
1384 1852 1519 1888 fuerant,
1544 1861 1645 1894 oppo-

894 1897 942 1927 nit
957 1897 1108 1928 moribus.
1154 1896 1227 1927 Illic
1250 1903 1347 1927 matre
1369 1897 1544 1926 carentibus
1570 1895 1644 1924 Pri·

894 1941 995 1981 vignis
1010 1941 1122 1970 mulier
1132 1945 1278 1979 temperat
1292 1941 1452 1970 innocens:
1467 1938 1641 1981 explicant.

894 1982 979 2024 apud
997 1992 1050 2014 eas
1066 1988 1177 2023 gentes
1194 1992 1327 2013 noverca
1351 1981 1505 2024 privignis
1527 1981 1644 2023 pocula

894 2026 1006 2057 miscet
1020 2026 1089 2057 sine
1106 2036 1198 2063 noxa,
1215 2026 1246 2056 h.
1263 2035 1292 2056 e.
1309 2036 1373 2056 nou
1397 2035 1519 2056 veneno
1542 2023 1643 2054 inficit

893 2070 1034 2112 pocula3
1062 2068 1118 2100 sed
1143 2075 1311 2109 temperare
1333 2069 1430 2099 alicui
1457 2066 1645 2110 simpliciter

893 2123 959 2155 pro,
987 2113 1105 2155 pocula
1130 2112 1229 2144 alicui
1251 2111 1396 2148 miscere,
1418 2110 1470 2142 vix
1492 2121 1569 2142 usus
1593 2110 1640 2141 Io-

891 2155 1010 2198 quendi
1027 2155 1099 2191 fert,
1116 2165 1174 2186 nec
1192 2154 1363 2197 quisquam
1378 2154 1423 2185 ita
1440 2153 1567 2186 locutus
1576 2159 1643 2192 est;

893 2205 928 2230 ut
952 2198 1031 2230 nihil
1053 2199 1093 2231 de
1137 2208 1194 2229 oce
1219 2201 1360 2229 innocens
1383 2208 1451 2240 pro,
1476 2197 1544 2228 sine
1561 2207 1644 2228 noxa

894 2243 943 2274 vel
953 2209 1209 2287 damnmlcyi.
1229 2242 1345 2282 Itaque
1355 2251 1420 2271 non
1432 2240 1643 2282 dubito,quin

895 2293 1062 2324 temperare
1085 2285 1238 2328 privignis
1261 2284 1329 2326 jam
1355 2284 1408 2320 sit.
1435 2289 1647 2326 temperanter

891 2333 923 2360 et
946 2328 1060 2360 leniter
1091 2334 1224 2359 tractare
1260 2327 1436 2370 privignos,
1468 2327 1575 2358 mitem
1609 2337 1644 2359 se

893 2372 1032 2414 praebere
1054 2370 1220 2414 privignis,
1236 2370 1275 2401 iis
1297 2381 1425 2413 parcere
1436 2383 1445 2410 3
1468 2375 1500 2402 et
1516 2370 1562 2402 sic
1580 2370 1643 2402 fere

894 2414 1008 2446 Cicero
1034 2424 1090 2457 pro
1118 2414 1223 2445 Balbo
1252 2416 1308 2451 27,
1336 2421 1504 2455 temperare
1528 2415 1645 2451 amicis,

895 2458 988 2490 Verr.
1012 2457 1048 2489 ii.
1076 2459 1109 2493 2,
1136 2458 1279 2493 hostibus,
1309 2458 1402 2490 Verr.
1433 2457 1455 2496 i,
1479 2458 1534 2495 59,
1558 2459 1646 2489 sociis

893 2500 986 2532 dixit.
1032 2500 1098 2532 Nec
1110 2502 1215 2532 dotata
1229 2502 1310 2542 regit
1321 2502 1443 2532 virum.-
1461 2500 1597 2532 laudant
1609 2500 1645 2532 in

893 2543 977 2575 hanc
1005 2543 1194 2575 sententiam
1218 2544 1329 2575 Plaut.
1354 2544 1448 2575 Men.
1470 2554 1503 2579 v,
1527 2544 1561 2581 2,
1591 2544 1644 2580 16,

897 2586 948 2618 Ita
975 2589 1039 2618 istae
1068 2588 1164 2618 solent
1193 2599 1258 2628 quae
1287 2589 1366 2618 viros
1394 2589 1562 2618 subservire
1590 2589 1647 2618 sibi

893 2631 1063 2670 postulant,
1079 2632 1147 2661 dote
1159 2630 1274 2678 freter.-
1299 2630 1343 2662 cf.
1357 2629 1495 2662 eundem
1512 2629 1606 2661 Asin.
1625 2630 1648 2666 i,

902 2675 929 2709 l,
947 2674 1010 2712 74;
1034 2673 1112 2705 Aul.
1134 2673 1182 2709 iii,
1207 2675 1239 2709 5,
1264 2674 1318 2705 60.
1363 2673 1575 2704 Notissimum
1598 2679 1650 2704 est

897 2716 930 2746 in
954 2716 1038 2758 hanc
1062 2716 1254 2748 sententiam
1275 2715 1359 2747 illud
1385 2715 1566 2753 Juvenalis,
1590 2717 1646 2748 In-

899 2760 1091 2791 tolerabilius
1116 2760 1197 2791 nihil
1221 2766 1264 2791 est
1288 2771 1380 2801 quam
1396 2760 1520 2801 femina
1553 2761 1648 2791 dives.

902 2802 1023 2840 Nitida,
1037 2802 1070 2833 h.
1087 2812 1115 2834 e.
1142 2801 1288 2844 pulchro,
1314 2802 1395 2833 nihil
1421 2802 1577 2845 amplius;
1601 2802 1648 2833 sic

899 2847 1006 2876 nitida:
1032 2847 1167 2888 virgines
1197 2857 1267 2888 sup.
1300 2845 1410 2877 Carm.
1442 2846 1475 2884 ii,
1512 2847 1564 2880 12,
1598 2846 1650 2876 19.

899 2888 1000 2924 Fidit,
1031 2889 1167 2920 fidenter
1197 2894 1230 2920 et
1261 2894 1377 2920 temere
1408 2899 1441 2920 se
1471 2887 1653 2919 committit.

905 2930 1023 2967 Virtus,
1039 2932 1081 2963 ad
1094 2942 1192 2974 quam
1208 2931 1292 2963 filios
1310 2942 1384 2962 suos
1399 2942 1418 2962 a
1442 2931 1557 2962 teneris
1573 2941 1649 2961 con-

902 2973 1037 3006 formare
1059 2974 1192 3007 student
1214 2980 1379 3017 parentes;
1404 2973 1459 3004 alii
1475 2974 1515 3005 de
1538 2983 1650 3015 paren-

901 3021 968 3048 tum
982 3017 1014 3048 in
1028 3017 1144 3050 liberos
1156 3025 1329 3060 propagata
1341 3017 1455 3047 virtute
1467 3015 1650 3058 accipiunt:

853 3061 912 3092 >12
