1884 3288
711 204 937 248 LIBER
967 203 1050 256 1V,
1083 206 1123 247 7.

1606 207 1693 247 219

314 308 372 351 35
402 308 612 351 Lesbium
633 314 803 350 servate
823 308 995 363 pedem,
1017 307 1188 363 meique

746 373 924 417 Pollicis
945 376 1095 425 ictum,

400 444 504 486 Rite
527 442 711 486 Latonae
731 458 916 499 puerum
938 452 1161 496 canentes,

398 513 504 555 Rite
525 519 795 554 crescentem
815 511 910 555 face
930 512 1224 563 Noctilucam,

399 579 665 636 Prosperam
686 580 875 636 frugum,
898 580 1171 636 celeremque
1190 595 1352 636 pronos

310 649 368 690 40

742 648 934 691 Volvere
954 663 1140 690 menses,

397 716 554 772 Nupta
567 717 659 772 jam
679 716 798 759 dices
816 733 824 759 :
860 716 960 772 Ego
982 716 1068 758 Dis
1090 716 1289 766 amicum,

396 783 568 826 Saeculo
590 784 724 827 festas
747 785 963 828 referente
980 783 1118 836 luces,

397 851 596 895 Reddidi
615 868 804 904 carmen,
826 853 978 896 docilis
999 854 1229 896 modorum

746 922 874 965 Vatis
896 921 1071 964 Horati.

699 1085 978 1129 CARMEN
1011 1086 1118 1129 VII.

589 1227 675 1258 AD
734 1225 1233 1262 TORQUATUM.

250 1332 526 1375 Dmrucmss
546 1333 666 1375 nives
684 1349 693 1374 :
725 1333 912 1375 redeunt
927 1334 1019 1388 jam
1039 1334 1235 1389 gramina
1256 1335 1434 1390 campis,

305 1399 645 1456 Arboribusque
667 1416 802 1443 comae
820 1418 828 1442 :

131 1501 174 1533 ad
207 1502 339 1536 chorum
373 1504 549 1546 puellarum
583 1513 816 1546 puerorumque
850 1513 884 1534 se

131 1546 298 1584 convertit,
322 1557 414 1589 quos.
441 1553 478 1578 ut
507 1547 618 1578 modos
648 1547 810 1582 carminis,
843 1546 884 1577 ad

131 1589 216 1630 quod
233 1589 363 1632 publice
383 1590 417 1621 in
431 1590 516 1621 ludis
537 1589 745 1621 saecularibus
765 1589 882 1621 decan-

131 1632 265 1663 tandum
281 1643 299 1664 e
315 1633 522 1664 nobilissimis
537 1633 686 1673 gentibus
702 1633 795 1664 electi
813 1632 882 1664 fue·

131 1681 214 1712 rant,
229 1687 264 1708 se
304 1676 508 1708 raecineutem
530 1676 673 1709 audiant,
685 1675 751 1717 jam
768 1682 883 1718 praesto

131 1717 241 1750 adesse
295 1720 384 1762 ugit:
418 1722 522 1762 χοροῦ
553 1718 758 1750 διδασκάλου
788 1719 883 1760 igitur

130 1771 218 1794 nunc
233 1769 339 1806 partes
359 1763 436 1804 agit,
452 1769 494 1798 et,
511 1773 585 1804 quae
607 1762 702 1793 choro
722 1763 883 1804 praecipue

129 1805 328 1837 observanda
354 1806 429 1840 sint.
459 1805 614 1849 praecipit.
662 1806 757 1836 Deliae
784 1807 883 1836 tutela

131 1848 216 1885 Dee,
233 1859 300 1886 vos,
316 1849 371 1891 qui
386 1849 463 1881 estis
481 1848 571 1891 pueri
593 1848 785 1890 puellaeque‚
801 1859 882 1890 quos

131 1891 242 1923 Diana
263 1893 392 1934 Sospita
406 1892 507 1924 tutela
527 1902 586 1923 sua
601 1892 684 1923 fovet
698 1898 794 1933 atque
809 1902 882 1922 cus-

130 1934 222 1967 todit.
282 1935 467 1971 Cohibentis,
499 1935 645 1967 facientis
674 1945 714 1966 ne
745 1935 882 1976 amplius

130 1977 266 2019 fugiant,
297 1977 330 2010 h.
361 1989 391 2010 e.
426 1978 552 2020 figentis
582 1984 615 2010 et
644 1978 881 2020 prosternentis.

129 2020 253 2053 Eodem
282 2021 378 2064 plane
404 2022 498 2053 modo
527 2021 613 2063 apud
643 2021 767 2052 Livium
797 2021 820 2056 i.
848 2023 879 2058 4,

117 2063 212 2105 feras
232 2066 402 2101 subsistere,
418 2065 450 2096 h.
464 2076 494 2098 e.
504 2065 619 2096 'faeere
634 2070 671 2096 ut
691 2063 880 2101 subsistant,

130 2117 198 2149 pro,
226 2108 320 2149 figere
344 2108 472 2140 dicitur.
518 2108 659 2139 Lesbium
687 2114 804 2139 servate
829 2119 879 2147 pe-

129 2151 207 2190 dem,
221 2151 263 2183 ad
285 2151 437 2184 carminis
460 2151 611 2194 Sapphici
627 2160 776 2182 numeros
801 2151 880 2182 bene

128 2194 350 2238 exprimendos
370 2195 525 2227 attendite
541 2207 549 2234 ;
572 2200 620 2225 est
640 2194 725 2226 enim
742 2194 881 2226 Carmen

129 2237 290 2270 Seculare
304 2237 474 2281 Sapphicis
490 2237 630 2269 numeris
645 2237 856 2279 compositum
870 2250 878 2277 ;

129 2283 244 2323 meique
263 2282 383 2322 pollicis
405 2284 521 2318 ictumj
535 2287 567 2312 et
590 2281 630 2312 ad
654 2280 776 2316 modos,
799 2291 879 2322 quos

127 2333 188 2366 ogo
202 2323 290 2356 vobis
312 2325 351 2356 ad
373 2325 472 2367 lyram
495 2324 613 2367 pollice
628 2334 698 2355 meo
719 2324 879 2366 pulsatam

151 2377 244 2399 τεοῦ.
288 2368 362 2399 Rite
399 2368 523 2399 Latonae
558 2378 689 2408 puerum
726 2374 879 2404 canentes,

161 2412 203 2443 ise
215 2418 394 2443 crescentem
398 2411 476 2454 face
490 2411 683 2443 Noctilucam
693 2422 705 2448 5
730 2411 763 2442 iu
781 2410 880 2453 Apol-

126 2452 203 2486 linis
229 2455 315 2487 enim
346 2460 379 2486 et
410 2455 527 2486 Dianae
558 2454 706 2486 laudibus
739 2460 882 2485 versatur

126 2497 267 2529 maxime
283 2497 443 2530 Carminis
458 2497 630 2529 Saecularis
645 2504 880 2539 argumentum.

129 2539 412 2584 Crescentemjizce‚
425 2540 458 2573 h.
469 2552 500 2572 e.
515 2541 636 2572 lumine
650 2553 658 2578 3
683 2540 757 2572 hinc
774 2541 880 2571 Diana

126 2581 278 2627 Lucifera
298 2585 399 2616 facem
420 2585 452 2616 in
471 2593 567 2615 manu
586 2590 697 2616 tenens
714 2584 882 2615 exhibetur

126 2625 162 2658 iu
192 2633 269 2660 vett.
300 2629 520 2660 Monumentt.
575 2628 789 2659 Noctilucam.-
822 2627 879 2659 hoc

124 2670 285 2719 proprium
313 2671 423 2702 Dianae
449 2672 603 2702 Palatina:
625 2680 802 2711 cognomen
826 2670 876 2701 fu-

125 2722 189 2745 isse
198 2713 324 2746 videtur
339 2726 347 2751 ;
371 2713 508 2746 laudant
520 2715 552 2745 in
565 2714 647 2746 hanc
662 2724 726 2745 rem
743 2715 878 2746 Varron.

127 2756 167 2788 1..
198 2757 236 2790 L.
266 2757 311 2795 ἰν,
337 2759 392 2794 20,
422 2758 516 2789 Luna
541 2759 625 2789 dicta
656 2757 819 2789 Noctiluca
847 2760 879 2788 in

128 2798 276 2838 hiano,-
308 2813 380 2832 nam
409 2802 460 2832 illi
487 2807 578 2832 noctu
612 2802 692 2831 lucet
723 2801 879 2840 templum.

128 2841 254 2876 Grecis
267 2854 396 2887 quoque
414 2845 506 2875 Luna
523 2843 589 2875 sive
608 2844 714 2874 Diana
727 2843 877 2886 Lucifera

128 2885 264 2918 diciturz
289 2886 775 2931 Νυκτιφαής,“Νυκτιλαμπὴς.
800 2887 878 2917 Ρτο-

127 2937 243 2970 uper-am
260 2930 412 2974 frugum,
441 2931 526 2973 quod
553 2930 666 2962 attinet
696 2931 736 2960 ad
764 2929 878 2970 fruges,

129 2970 164 3006 h.
189 2982 221 3006 e.
241 2983 335 3016 agros
357 2974 480 3016 frugum
505 2974 668 3005 fertilitate
690 2982 879 3016 prosperan-

129 3020 205 3053 tem,
225 3015 453 3060 φερέκαρπον.
498 3017 621 3049 catull.
647 3016 757 3053 xxxiv,
783 3017 818 3048 19
841 3016 881 3049 de

930 1502 1050 1539 Diana,
1074 1504 1200 1536 Rustica
1223 1506 1365 1547 agricolae
1389 1507 1472 1536 bonis
1496 1504 1585 1536 Tecta
1598 1506 1679 1546 sru-

924 1548 1016 1587 gilms
1045 1549 1155 1588 captes.
1202 1549 1394 1589 Celeremque
1419 1560 1528 1589 pronos
1558 1549 1680 1580 Vulnere

927 1601 1049 1626 menses,
1067 1592 1194 1626 Graece,
1217 1603 1283 1634 pro,
1305 1592 1440 1623 celerem
1464 1591 1497 1622 in
1515 1591 1680 1623 volvendis

927 1635 1112 1673 mensibus;
1137 1641 1171 1666 ut
1187 1645 1261 1677 sup.
1278 1635 1300 1670 i,
1318 1636 1367 1670 16,
1387 1636 1435 1671 18,
1451 1642 1479 1666 et
1495 1636 1619 1666 celerem
1636 1646 1679 1666 se-

926 1678 978 1716 qui
1010 1679 1144 1717 Ajacem,
1182 1678 1227 1716 iii,
1262 1679 1312 1713 12,
1350 1679 1400 1715 12,
1433 1679 1512 1708 celer
1546 1681 1680 1718 excipere

926 1730 1045 1758 aprum.
1095 1721 1219 1758 Prouos,
1234 1731 1333 1763 prono
1355 1721 1496 1762 adeoque
1518 1721 1681 1763 praecipite

927 1772 1021 1794 cursu
1038 1763 1189 1794 labentes.

971 1807 1111 1837 41—44.
1138 1807 1246 1846 Nupta
1256 1809 1326 1847 jam
1347 1808 1438 1842 dices,
1461 1812 1536 1837 cett.
1583 1806 1679 1844 Quod

925 1848 1014 1879 addit
1041 1849 1206 1885 Horatius.
1232 1849 1368 1892 puellas,
1394 1849 1420 1880 si
1445 1849 1573 1891 quando
1599 1860 1677 1880 con-

921 1891 1018 1933 juges
1032 1900 1064 1923 et
1078 1900 1193 1923 matres
1207 1893 1318 1924 futurae
1333 1893 1410 1929 sint,
1422 1892 1462 1924 de
1477 1893 1593 1924 honore
1609 1893 1677 1929 illo,

924 1945 988 1976 quo
1003 1935 1079 1966 olim
1096 1935 1129 1966 in
1143 1935 1228 1966 ludis
1241 1935 1451 1967 saecularibus
1465 1945 1594 1966 carmen
1609 1937 1678 1966 Ho-

925 1978 1080 2009 ratianum
1098 1979 1228 2020 publice
1243 1978 1492 2014 decantaverint,
1505 1978 1677 2020 jucundis-

925 2021 1005 2052 sima
1031 2021 1129 2052 animi
1151 2022 1366 2053 recordatione
1390 2029 1568 2052 narraturus
1591 2033 1675 2058 esse,

925 2063 957 2095 id
982 2064 1105 2101 iisdem,
1122 2072 1158 2096 ut
1179 2072 1285 2108 partes
1306 2074 1383 2096 suas
1406 2075 1491 2096 nunc
1517 2065 1598 2096 bene
1621 2076 1677 2096 ex-

925 2108 1060 2148 plerent,
1078 2108 1162 2139 haud
1177 2108 1328 2150 exiguum
1350 2108 1592 2139 incitamentum
1609 2119 1678 2140 esse

925 2150 1048 2182 debuit.
1096 2152 1233 2183 Reddidi
1266 2163 1400 2187 carmen,
1431 2151 1576 2194 apposite
1609 2163 1676 2194 pro,

924 2194 1092 2226 decantavi
1107 2206 1115 2232 3
1140 2197 1246 2236 χοροῦ
1263 2194 1468 2233 διδάσκαλος
1481 2195 1565 2226 enim
1581 2195 1678 2226 choro

923 2247 1061 2275 carmen,
1084 2237 1161 2269 dum
1187 2238 1269 2269 illud
1292 2238 1396 2274 docet,
1422 2240 1534 2274 trudit,
1560 2239 1677 2270 chorus

921 2287 1028 2313 autem
1044 2291 1185 2318 carmen,
1202 2281 1278 2313 dum
1295 2281 1375 2313 illud
1390 2282 1488 2320 canit,
1502 2284 1617 2313 reddit.

1141 2368 1346 2400 CARMEN
1376 2368 1458 2400 VII.

969 2454 1027 2485 Est
1058 2454 1116 2486 hoc
1146 2464 1275 2486 carmen
1305 2454 1441 2485 carmini
1467 2459 1579 2497 quarto
1605 2454 1678 2486 libri

924 2497 1017 2539 primi
1033 2497 1244 2528 simillimum.
1290 2498 1330 2528 Iu
1348 2503 1480 2540 utroque
1499 2498 1583 2530 enim
1605 2509 1676 2529 car-

925 2541 1009 2572 mine
1034 2547 1129 2583 poeta
1151 2541 1270 2572 amicos
1293 2551 1381 2577 suos,
1406 2541 1439 2572 in
1463 2541 1523 2573 hoc
1546 2540 1676 2583 quidem

924 2585 1133 2626 Torquatum,
1150 2583 1183 2615 in
1199 2584 1255 2615 illo
1271 2584 1427 2620 Sextium,
1439 2585 1518 2616 dum
1531 2585 1612 2616 veris
1628 2595 1676 2616 re-

924 2626 1025 2659 ditum
1041 2627 1080 2658 iis
1095 2633 1170 2659 ante
1185 2628 1295 2659 oculos
1312 2627 1412 2670 ponit,
1425 2628 1465 2659 ad
1483 2628 1555 2659 vitae
1571 2627 1675 2659 brevi-

923 2676 1018 2702 tatem
1046 2677 1076 2702 et
1104 2670 1255 2702 moriendi
1282 2672 1502 2703 necessitatem
1533 2672 1676 2702 animum

923 2713 1097 2750 advertere,
1108 2720 1140 2745 et
1153 2713 1226 2745 hinc
1238 2715 1407 2756 sapienter,
1419 2715 1495 2746 dum
1506 2714 1592 2751 licet,
1602 2714 1675 2746 vitae

925 2757 1016 2788 bonis
1040 2764 1073 2789 et
1090 2757 1295 2799 jucunditate
1317 2757 1448 2800 perfrui,
1465 2758 1570 2800 jubet.
1614 2759 1676 2789 Per

929 2801 1129 2842 Torquatum.
1151 2801 1237 2832 haud
1259 2800 1356 2832 dubie
1381 2801 1608 2843 intelligendus
1629 2806 1677 2832 est

921 2843 1003 2875 idem
1027 2844 1067 2875 ad
1087 2854 1183 2886 quem
1206 2844 1286 2875 infra
1308 2845 1454 2887 Epistola
1475 2844 1588 2885 quinta
1606 2844 1678 2874 libri

922 2886 1015 2930 primi
1032 2887 1150 2929 scripta
1164 2894 1222 2923 est,
1241 2898 1355 2930 nempe
1379 2889 1418 2919 L.
1436 2887 1583 2918 Manlius
1599 2888 1673 2917 Tor-

923 2937 1051 2972 quatus,
1069 2930 1223 2966 consulis,
1239 2932 1299 2962 sub
1321 2942 1384 2972 quo
1410 2930 1560 2961 Horatius
1583 2935 1676 2960 natus

924 2979 984 3010 est,
1002 2984 1111 3016 nepos.
1157 2975 1306 3005 Ceterum
1327 2975 1358 3004 in
1374 2974 1563 3005 sententiam
1581 2972 1677 3013 hu'jus

926 3017 1077 3049 carminis
1094 3016 1160 3049 vid.
1182 3027 1252 3060 sup.
1275 3028 1398 3058 argum.
1422 3016 1461 3047 ad
1484 3015 1516 3051 ii,
1532 3017 1551 3046 9
1568 3020 1599 3047 et
1617 3017 1674 3045 14:
