1884 3288
293 205 382 242 xxvi
804 204 1041 242 HORATII
1077 202 1284 241 METRA.
1324 184 1326 186 ’

802 298 895 311 ..νυ
927 300 933 352 l
967 297 1027 311 —u

770 353 927 390 Terruit
944 352 1086 389 urbem.

399 414 469 452 Est
488 415 528 451 in
545 420 666 451 metro
682 413 732 450 vi.

293 474 354 512 14.
385 475 530 512 Versus
554 473 810 511 Archilochius
835 473 969 515 minor,
989 485 1018 508 s.
1045 471 1204 509 dimeter
1229 471 1565 521 hypercatalectus,
1584 486 1613 511 s.
1634 474 1794 524 penthe-

397 536 563 574 mimeris
582 535 853 584 (πενθημιμερῖς)
876 532 1071 581 dactylica.

633 597 726 609 -υυ
796 593 979 643 -ΗΗΙῌ

1862 375 1884 411 ¹!

1875 413 1884 451 ἓ

1879 494 1884 538 ὲ

599 651 737 689 Pulvis
756 657 794 687 et
812 649 944 685 umbra
963 660 1103 687 sumus.
1156 648 1209 695 iv,
1229 648 1265 693 7,
1286 648 1345 686 16.

393 713 575 750 Horatius
593 712 766 762 spondeis
785 724 857 748 non
878 710 1013 747 utitur.

392 774 461 811 Est
479 775 518 811 in
535 780 656 811 metro
674 774 713 809 ix
731 785 740 809 z
769 773 819 809 cf.
840 784 944 808 num.
965 770 1017 807 20
1036 776 1074 807 et
1091 770 1156 816 21,
1177 777 1215 808 et
1233 785 1315 821 quae
1329 772 1382 810 ibi
1401 773 1589 823 praemissa
1606 781 1708 812 sunt.

294 836 355 873 15.
387 836 532 874 Versus
551 835 759 884 dactylicus
777 840 995 871 tetrameter
1013 831 1230 877 catalectus,
1250 846 1279 871 s.
1298 838 1515 872 tetrameter
1532 834 1712 874 heroicus.

622 896 701 908 -υυ
771 893 849 906 -νυ
1070 892 1122 906 —M-

919 891 1000 906 -υυ

599 1016 776 1053 Carmine
789 1020 973 1063 perpetuo
993 1013 1199 1052 celebrare.
1252 1015 1280 1060 i,
1300 1013 1336 1059 7,
1356 1015 1395 1055 6.

599 1077 772 1124 Ofortes
785 1077 996 1125 pejoraque
1010 1077 1130 1123 passi.
1185 1077 1212 1122 i,
1232 1076 1269 1120 7,
1289 1077 1352 1114 30.

591 1138 808 1175 Memorem
831 1135 1017 1186 cohilbent
1042 1137 1241 1188 Arlchysta.
1296 1138 1324 1184 i,
1343 1137 1408 1184 28,
1434 1137 1473 1183 2,
1492 1137 1558 1188 qui
1580 1138 1788 1177 rarissimus

1507 1206 1578 1237 est.

383 1260 566 1298 Horatius
592 1273 768 1297 caesuram
797 1260 995 1298 constituit
1022 1266 1106 1309 post
1133 1259 1292 1308 primam
1324 1259 1505 1309 syllabam
1533 1267 1599 1299 aut
1630 1261 1786 1300 secundi

381 1328 448 1358 aut
466 1322 569 1358 tertii
588 1321 718 1370 pedis;
749 1322 919 1371 exceptis
937 1327 995 1358 ter
1014 1321 1182 1358 versibus
1201 1320 1296 1358 Odae
1314 1320 1365 1358 28
1382 1321 1447 1359 lib.
1465 1322 1490 1358 i.

383 1382 452 1419 Est
471 1382 510 1418 in
529 1389 647 1419 metro
666 1383 746 1419 xiii.

276 1444 336 1481 16.
366 1443 511 1480 Versus
531 1443 766 1488 Alcmauius,
788 1444 853 1494 qui
871 1450 928 1482 est
949 1443 1155 1494 dactylicus
1174 1449 1393 1483 tetrameter
1411 1444 1652 1483 acatalectus.

499 1504 577 1517 -νν
645 1506 723 1519 -νν
791 1505 869 1518 —UU
939 1506 1016 1518 -υυ

377 1628 425 1664 cf.
444 1640 549 1664 num.
572 1627 631 1664 19.

277 1687 336 1731 17.
366 1688 511 1726 Versus
530 1690 749 1726 hexameter
768 1687 985 1737 (heroicus),
1004 1689 1070 1739 qui
1088 1694 1146 1726 est
1164 1687 1377 1726 catalectus.

741 1755 759 1761 .-
846 1750 896 1764 uu
967 1750 1045 1763 —UU
1115 1749 1194 1763 -υν
1267 1750 1319 1764 -M

492 1873 563 1908 Vos
600 1872 732 1922 quibus
769 1877 826 1908 est
866 1872 988 1908 virtus
1024 1871 1237 1908 muliebrem
1276 1872 1399 1909 tollite
1436 1873 1592 1912 luctum.

1382 1933 1507 1982 Epod.
1530 1934 1591 1978 16,
1610 1934 1674 1973 39.

373 1993 569 2031 Interdum
596 1993 783 2042 spondeus
810 2000 867 2030 est
894 1993 934 2030 in
959 1993 1047 2031 sede
1071 1994 1217 2043 quinta,
1243 1993 1270 2037 i,
1291 1993 1354 2037 28,
1383 1993 1456 2038 21;
1487 1995 1608 2044 Epod.
1635 1996 1697 2043 13,
1725 1996 1774 2041 9;

376 2055 441 2101 16,
462 2054 522 2098 17.
579 2054 796 2104 Aliquoties
814 2067 952 2091 caesura
973 2067 1047 2091 non
1075 2055 1114 2091 in
1136 2055 1246 2091 initio
1268 2055 1373 2104 pedis
1399 2056 1505 2092 tertii
1532 2056 1599 2093 sed
1622 2057 1778 2095 secundi

371 2124 410 2154 et
428 2116 553 2166 quarti
571 2115 683 2152 simul
702 2115 959 2161 constituitur,
979 2116 1004 2159 i,
1026 2115 1061 2159 7,
1080 2115 1153 2158 293
1173 2115 1248 2161 28,
1267 2116 1304 2153 5.
1362 2116 1481 2166 Epod.
1509 2117 1567 2162 16,
1586 2118 1650 2157 21.
1703 2119 1776 2157 Ter

371 2191 419 2215 ne
438 2178 498 2215 hic
516 2177 669 2227 quidem
687 2177 918 2220 observatur,
938 2177 963 2220 i,
983 2176 1046 2220 28,
1068 2177 1114 2213 15
1135 2184 1173 2214 et
1191 2177 1242 2214 29
1255 2191 1267 2221 5
1298 2177 1417 2227 Epod.
1437 2177 1499 2225 15,
1518 2179 1556 2216 9.

373 2238 442 2275 Est
460 2238 500 2275 in
518 2246 638 2276 metro
657 2238 709 2282 ix,
730 2251 767 2284 x,
789 2238 869 2281 xiii,
890 2238 964 2279 xvi,
984 2238 1073 2274 xvii.

439 1750 522 1764 -νυ
591 1751 672 1764 -υυ

884 2357 917 2381 e.
953 2342 1093 2380 Versus
1112 2343 1319 2392 loyaoedici.

372 2429 436 2466 Sic
459 2429 491 2481 ii⁸
513 2428 692 2466 dicuntur
718 2441 860 2471 versus,
889 2428 928 2464 in
955 2428 1092 2478 quibus
1118 2427 1254 2465 seriem
1281 2427 1504 2477 dactylicam
1531 2428 1773 2479 subsequitur

265 2492 379 2530 series
396 2490 592 2528 trochaica.
631 2490 672 2526 N
674 2502 783 2527 omen
797 2489 1085 2539 logaoedicorum
1104 2489 1193 2526 inde
1207 2495 1446 2538 acceperunt,
1458 2489 1558 2539 quod
1571 2490 1771 2539 rhythmus

264 2553 470 2602 dactylicus
488 2555 596 2603 ἀοιδῇ,
617 2551 824 2588 trochaicus
842 2551 928 2599 λόγῳ
948 2550 1254 2588 accommodatior
1272 2557 1341 2587 est.

265 2614 325 2652 18.
356 2614 501 2651 Versus
520 2612 691 2649 Alcaicus
714 2611 984 2660 decasyllabus,
1005 2618 1177 2648 constans
1203 2623 1224 2648 e
1248 2610 1393 2648 duobus
1414 2610 1572 2661 dactylis
1592 2611 1767 2650 totidem-

365 2687 439 2724 que
458 2673 638 2711 trochaeis.

604 2723 685 2736 -υυ
717 2721 723 2773 Ι
756 2721 835 2735 -UU
866 2719 873 2770 1
904 2722 950 2735 -υ
977 2721 1029 2735 -M

573 2778 768 2828 Purpurea*
787 2783 956 2816 metuunt
977 2777 1151 2827 tyranni.
1201 2777 1227 2823 i,
1247 2777 1311 2822 35,
1333 2777 1391 2814 12.

365 2841 438 2880 Est
457 2841 497 2878 in
514 2846 634 2878 metro
651 2840 729 2878 viii.
