1884 3288
564 216 566 219 ’
622 209 851 253 LIBER
882 208 964 260 IV,
1002 210 1067 251 14.

1534 210 1620 251 239

279 313 336 354 25
366 313 438 355 Sic
459 312 722 355 tauriformis
743 311 928 353 volvitur
948 310 1157 362 Aufidus,

368 381 458 429 Qui
479 395 614 436 regna
635 380 785 421 Dauni
805 379 998 435 praefluit
1019 378 1204 434 Appuli,

423 447 572 495 Quum
594 447 730 497 saevit,
751 446 1104 501 horrendamque
1126 446 1254 488 cultis

482 513 702 555 Diluviem
723 514 960 556 meditatur
981 514 1122 569 agris:

365 582 429 624 Ut
449 582 738 624 barbarorum
759 581 970 623 Claudius
991 582 1162 636 agmina

278 651 336 692 30
365 650 546 693 Feri-ata
567 657 689 691 vasto
711 650 846 691 diruit
866 650 1048 705 impetu,

422 718 681 773 Primosque
703 725 746 760 et
766 725 986 760 extremos
1008 718 1212 760 metendo

479 787 644 829 Stravit
662 786 855 836 humum,
879 787 971 827 sine
993 785 1117 828 clade
1141 787 1303 836 vict0r;

364 855 434 897 Te
455 855 617 911 copias,
641 861 684 896 te
700 853 929 896 consilium
952 862 996 896 et
1018 861 1117 895 tuos

365 923 599 966 Praebente
621 922 776 964 Divos.

277 991 335 1033 35

839 922 970 971 Nam,
994 923 1075 964 tibi
1096 937 1184 977 quo
1206 922 1276 963 die

423 991 585 1033 Portus
606 989 890 1033 Alexandrea
911 990 1102 1046 supplex

482 1059 545 1100 Et
566 1073 744 1100 vacuam
765 1058 972 1114 patefecit
992 1057 1148 1108 aulam,

366 1125 564 1168 Fortuna
580 1125 721 1168 lustro
743 1141 957 1182 prospera
979 1126 1109 1168 tertio

366 1194 480 1236 Belli
500 1195 718 1236 secundos
740 1195 934 1236 reddidit
955 1195 1115 1244 exitus,

425 1262 711 1317 Laudemque
733 1269 777 1304 et
799 1270 997 1318 optatum
1019 1263 1209 1317 peractis

172 1359 191 1374 2
278 1330 336 1371 40

76 1471 182 1499 tutem
213 1465 382 1498 Pleiadum
408 1471 495 1498 ortus
521 1466 555 1498 in
581 1477 610 1498 a.
634 1467 667 1498 d.
694 1468 723 1498 X
753 1467 826 1499 Cal.

75 1509 160 1542 Mai.
189 1509 332 1558 adeoque
360 1509 394 1541 in
419 1515 543 1552 tempus
570 1521 633 1552 quo
659 1515 826 1541 ventorum

75 1551 155 1585 flatu
189 1558 343 1584 serenitas
378 1553 486 1584 reduci
523 1553 614 1584 solet.
669 1553 827 1585 Praeclare

76 1594 174 1637 igitur
193 1595 352 1632 Tiberius,
376 1596 509 1638 populos
535 1595 706 1627 indomitos
737 1606 824 1627 com·

75 1648 222 1681 pescem.
252 1649 326 1670 eum
360 1639 487 1674 Austro,
518 1649 603 1670 mare
637 1638 827 1670 indomitum

77 1686 298 1724 compescente
336 1687 370 1713 et
408 1681 609 1713 serenitatem
645 1682 827 1718 reducente,

59 1730 290 1766 ‚compari-itur.
335 1725 451 1755 Medios
472 1735 526 1764 per·
548 1727 644 1766 ignes,
665 1725 721 1755 ubi
745 1735 826 1766 pug-

78 1768 186 1799 nantis
200 1767 266 1799 vita
286 1767 320 1798 in
345 1778 503 1798 summum
530 1767 700 1798 discrimen
726 1767 827 1798 addu-

78 1810 180 1842 citur:
197 1810 256 1842 Sil.
270 1810 345 1842 Ital.
360 1821 413 1846 xv,
428 1812 482 1846 41,
502 1811 559 1841 Per
573 1812 685 1841 medius
703 1811 830 1841 volitare

77 1855 167 1890 acies,
182 1855 348 1895 mediosque
369 1864 424 1894 per
443 1856 548 1894 ignes;
574 1853 619 1884 sic
642 1852 694 1884 διὰ
720 1855 830 1895 πυρὸς

78 1897 164 1940 apud
177 1897 331 1939 Graecos:
351 1896 415 1927 vid.
428 1896 540 1939 Eurip.
555 1895 673 1928 Electr.
686 1907 714 1927 v.
733 1897 828 1933 1182,

81 1944 115 1971 et
128 1939 174 1971 ibi
191 1940 326 1972 Barnea.

122 1983 265 2015 25-34.
308 1983 358 2014 Sic
384 1982 576 2024 tauriformis
602 1982 736 2012 volvitur
761 1981 827 2012 Au-

68 2026 172 2066 fidus,
185 2031 260 2058 cett.
305 2025 408 2057 Ducis
424 2025 524 2061 fortis,
541 2025 574 2056 in
590 2024 709 2055 medios
725 2024 828 2055 hostes

79 2078 112 2100 se
137 2068 300 2100 inserentis
318 2073 350 2100 et
365 2077 511 2110 magnam
527 2073 661 2108 stragem
681 2067 762 2098 inter
777 2077 830 2098 eos

78 2111 212 2147 edentis.
227 2122 302 2144 cum
316 2111 424 2153 rapido
446 2110 597 2143 concitati
613 2110 754 2141 fluminis
769 2109 828 2140 im-

79 2159 155 2197 petu
179 2153 374 2198 comparatio
384 2154 451 2196 jam
475 2155 560 2197 apud
585 2154 713 2184 Homer.
735 2152 830 2184 Iliad.

82 2208 114 2232 v.
146 2199 190 2230 86
220 2203 253 2230 et
281 2199 323 2229 87
350 2197 464 2228 obvia:
494 2198 537 2228 cf.
565 2197 658 2238 Virg.
688 2197 767 2227 AEn.
798 2208 830 2235 x,

79 2241 156 2272 603.
200 2241 343 2283 Aufidus,
361 2240 423 2276 Qui
446 2251 542 2281 regna
565 2240 673 2270 Dauni
694 2240 830 2282 prfffluit

81 2284 210 2325 Appuli,
245 2282 399 2325 Apuliam
438 2283 670 2324 praeterfluens:
704 2283 746 2313 cf.
784 2282 830 2321 iii,

27 2325 32 2330 ’
80 2327 137 2362 30,
165 2327 217 2358 10.
259 2327 312 2358 De
337 2336 417 2358 voce
439 2327 599 2369 pmfluere
625 2325 668 2357 cf.
692 2336 763 2367 sup.
788 2325 830 2364 iv,

78 2370 114 2406 8.
132 2371 182 2402 lo.
226 2369 356 2402 Dicitur
376 2369 511 2400 Aufidus
534 2370 738 2409 tauriformis,
754 2369 832 2410 quia

81 2412 164 2444 tauri
198 2422 331 2448 cornua,
362 2412 412 2444 vel
445 2423 463 2444 a
496 2411 704 2443 similitudine
735 2422 830 2453 quam

10 2483 14 2488 .
80 2454 234 2488 fluctuum
250 2455 374 2487 sonitus
393 2465 467 2487 cum
485 2455 567 2486 tauri
581 2455 706 2495 mugitu
723 2455 830 2490 habet,

81 2498 230 2542 (Homer.
256 2498 353 2530 Iliad.
379 2498 444 2535 xxi,
470 2499 548 2534 257,
571 2497 725 2541 μεμυκὼς
750 2498 830 2536 ἠΰτε

19 2549 22 2551 ’
80 2543 206 2584 ταῦρος
227 2540 268 2573 de
289 2542 516 2578 Scamandro,)
534 2542 582 2572 vel
608 2541 649 2572 ab
673 2541 829 2583 inexpug-

81 2585 183 2617 nubili
196 2585 318 2622 robore,
333 2585 419 2626 quod
439 2584 553 2626 passim
576 2594 729 2622 cornuum
749 2585 829 2614 ima-

82 2626 155 2669 gine
193 2627 389 2669 designatur,
428 2628 595 2658 fluviorum
634 2626 696 2657 diis
735 2626 830 2657 tribui

80 2669 200 2703 solent:
225 2671 267 2702 ef.
283 2670 336 2703 Cl.
353 2670 490 2711 Boettig.
506 2675 538 2701 et
554 2669 689 2700 Mitsch.
725 2670 829 2706 Saevit,

12 2715 26 2757 ᾗ
81 2712 165 2753 Mu,
187 2719 315 2750 estuat,
335 2713 536 2746 extumescit.
583 2713 833 2753 Horrendamque

24 2781 34 2787 .
81 2757 175 2789 ultis
198 2757 354 2788 Diluviem
380 2758 550 2788 meditatur
577 2757 672 2797 agris,
699 2760 732 2786 et
760 2755 832 2786 hor-

82 2799 182 2831 rendo
194 2798 317 2831 diluvio
333 2799 428 2831 cultis
450 2798 533 2840 agris
549 2798 757 2830 vastationem
774 2798 832 2829 mi-

84 2848 198 2875 antur:
229 2844 399 2874 meditatur
426 2843 585 2878 diluviem,
613 2841 654 2872 ad
681 2840 834 2872 diluviem

81 2883 311 2917 immittendam
340 2895 374 2916 se
404 2890 506 2927 parat,
533 2884 686 2915 diluviem
716 2885 834 2914 immis-

88 2934 159 2959 tm
179 2926 225 2965 it;
243 2927 388 2960 similiter
411 2938 483 2970 sup.
510 2928 559 2963 iii,
587 2928 643 2962 22,
670 2927 701 2962 7,
727 2938 838 2966 verres,

89 2968 131 3002 td
151 2969 235 3003 ictus
257 2970 447 3013 infligendos
475 2978 616 3013 paratus,
640 2972 718 3001 ictus
745 2972 838 3000 rnedi-

89 3014 153 3044 ωτι·
170 3012 298 3047 dieitur.
342 3014 486 3052 Fer-rata,
501 3013 582 3046 ferro
602 3012 739 3051 munita,
762 3013 838 3044 sub-

482 1330 681 1385 Imperiis
704 1331 839 1371 decus
862 1331 1095 1385 arrogavit.

871 1466 977 1497 limius
1001 1477 1068 1508 pro,
1093 1471 1226 1497 armata.
1277 1466 1449 1506 Primosque
1473 1473 1501 1497 et
1526 1474 1624 1498 eatre-

870 1521 930 1540 mos
952 1511 1108 1540 metendo.-
1134 1509 1224 1550 Virg.
1251 1510 1330 1540 AEn.
1354 1519 1385 1544 x,
1410 1510 1474 1540 513
1498 1509 1538 1540 de
1564 1511 1623 1540 ΑΞ-

872 1563 941 1590 nea,
972 1554 1115 1583 Proaima
1145 1563 1266 1593 quaeque
1299 1554 1383 1582 metit
1411 1553 1539 1593 gladi0;
1567 1552 1623 1582 ubi

871 1596 910 1626 de
937 1596 1100 1627 locutione
1119 1605 1136 1626 a
1154 1606 1252 1627 messe
1273 1596 1314 1626 ad
1335 1594 1454 1626 caedem
1472 1595 1626 1626 translata

870 1638 972 1669 multa
987 1638 1134 1680 exempla
1149 1649 1188 1669 ex
1205 1645 1340 1679 utraque
1363 1638 1474 1678 lingua
1495 1638 1627 1679 collegit

873 1681 995 1712 Cerda:
1022 1681 1063 1712 cf.
1081 1682 1243 1712 Drakenb.
1260 1681 1300 1711 ad
1323 1680 1380 1711 Sil.
1401 1681 1472 1711 ltal.
1499 1691 1530 1716 x,
1553 1682 1625 1711 147.

871 1724 946 1754 Jam
980 1725 1132 1758 Homero.
1163 1723 1258 1754 Iliad.
1294 1723 1337 1758 xi,
1371 1724 1424 1759 67,
1456 1723 1563 1754 Graeci
1592 1730 1625 1754 et

870 1766 998 1807 'l'rojani
1015 1777 1164 1807 magnam
1180 1772 1315 1806 stragem
1334 1766 1374 1796 ab
1386 1771 1521 1807 utraque
1536 1773 1626 1807 parte

874 1809 1002 1840 edentes
1025 1809 1200 1851 ἀμητῆρες
1219 1808 1299 1840 dicti
1318 1815 1404 1839 sunt.
1447 1809 1520 1839 Sine
1539 1810 1626 1840 clade

874 1854 982 1887 victor,
998 1852 1042 1883 ita
1059 1859 1095 1883 ut
1111 1852 1143 1882 in
1161 1852 1250 1882 nullo
1265 1851 1378 1894 proelio
1394 1861 1535 1892 unquam
1557 1851 1626 1883 cla-

874 1894 946 1926 dem
969 1895 1173 1937 experiretur,
1196 1894 1250 1925 sed
1277 1891 1401 1936 se‘mper
1427 1895 1532 1925 hostes
1557 1896 1626 1926 vin-

873 1944 970 1969 ceret.
1017 1938 1101 1969 Hinc
1120 1937 1206 1969 Vell.
1227 1937 1260 1972 ii,
1280 1939 1334 1975 95,
1356 1937 1490 1977 Uterque
1507 1938 1627 1969 Rhaaeos

878 1982 1262 2022 Vi71delirosque—majore
1286 1992 1355 2011 cum
1375 1981 1512 2020 periculo
1535 1992 1625 2021 quain

872 2025 981 2054 damno
1006 2024 1138 2054 Romam·
1158 2026 1316 2058 exercitus,
1331 2024 1466 2063 plurimo
1486 2035 1556 2054 cum
1580 2035 1628 2054 eo-

871 2078 942 2098 rum
973 2069 1135 2107 sanguine,
1162 2068 1412 2106 perdomuerunt.
1458 2067 1625 2098 Horatium

873 2110 1014 2141 imitatus
1030 2117 1075 2140 est
1091 2109 1186 2141 Ovid.
1202 2110 1298 2140 Trist.
1319 2109 1353 2145 ii,
1373 2110 1446 2146 173,
1465 2111 1526 2140 Per
1541 2121 1626 2150 quem

874 2154 952 2184 bella
979 2155 1074 2195 geris,
1104 2155 1194 2194 cujus
1223 2164 1307 2184 nunc
1341 2163 1463 2191 corpore
1491 2163 1626 2194 pugnas,

874 2197 1054 2235 Auspicium
1084 2198 1135 2227 cui
1162 2197 1216 2226 dus
1240 2196 1362 2237 grande
1391 2195 1525 2236 Deosque
1552 2203 1628 2228 euos.

874 2239 1006 2271 Scilicet
1031 2249 1103 2270 cum
1134 2249 1230 2281 penes
1256 2238 1440 2280 Augustum
1467 2248 1627 2270 summum

873 2287 957 2313 esset
979 2282 1156 2324 imperium,
1181 2292 1218 2312 ea
1241 2292 1370 2324 quoque
1394 2281 1490 2316 bella,
1514 2282 1629 2323 quibus

876 2325 940 2367 ipse
956 2336 1014 2356 nec
1038 2325 1159 2356 adesset
1175 2335 1233 2356 nec
1254 2330 1412 2368 praeesset,
1427 2324 1499 2366 ejus
1523 2325 1629 2367 auspi-

875 2367 932 2399 ciis
947 2368 1148 2409 gerebantur.

918 2413 1060 2443 34—40.
1087 2411 1180 2449 Nam,
1197 2412 1252 2442 tibi
1268 2422 1325 2452 quo
1341 2413 1401 2445 die,
1419 2415 1495 2441 cett.
1541 2410 1625 2440 Nam

875 2453 917 2485 ab
941 2465 979 2486 eo
1004 2454 1078 2486 inde
1101 2453 1165 2491 die,
1185 2465 1249 2496 quo
1269 2455 1370 2485 victor
1393 2452 1630 2484 Alexandream

874 2496 1030 2538 ingressus
1048 2508 1095 2533 es,
1113 2507 1168 2539 per
1182 2496 1366 2539 quindecim
1388 2496 1506 2528 abhinc
1530 2506 1631 2526 annos

875 2540 1099 2582 prosperrimus
1122 2540 1277 2578 omnium;
1299 2550 1373 2581 quae
1401 2538 1538 2581 gessisti,
1561 2539 1629 2569 bel-

875 2583 978 2614 lorum
1002 2589 1132 2614 eventus
1152 2593 1267 2614 novum
1290 2593 1412 2625 semper
1436 2581 1544 2622 gloriae
1567 2588 1630 2612 tuae

874 2626 1074 2668 splendorem
1095 2626 1230 2657 addidit.
1277 2627 1470 2657 Alexand-rea
1486 2626 1607 2664 supplem
1622 2638 1630 2655 .-

875 2669 958 2710 flnge
978 2669 1035 2700 tibi
1054 2669 1266 2700 Alexandreae
1288 2675 1466 2709 patronam,
1485 2667 1630 2710 ejusdem

876 2713 1013 2743 nominis
1039 2712 1143 2748 deam,
1171 2712 1250 2743 oleae
1276 2711 1372 2742 ramis
1396 2711 1533 2743 velatam
1560 2712 1630 2741 Au-

876 2762 969 2796 gusto
998 2766 1030 2786 se
1061 2755 1187 2786 obviam
1219 2754 1345 2790 tulisse,
1374 2760 1406 2786 et
1437 2753 1478 2784 ad
1504 2753 1632 2784 victoris

878 2808 983 2839 genua
997 2803 1184 2841 prostratam
1199 2798 1310 2829 urbem
1328 2797 1357 2828 ei
1372 2796 1547 2828 tradidisse.
1578 2796 1631 2827 Sic

879 2841 997 2883 passim
1023 2841 1057 2872 in
1081 2840 1219 2872 nummis
1244 2840 1385 2882 antiquis
1413 2839 1541 2870 Urbium
1570 2839 1632 2868 Pa-

881 2893 974 2915 tronae
1002 2883 1261 2926 conspiciuntur:
1291 2883 1374 2918 vide,
1402 2893 1496 2924 quem
1523 2881 1634 2912 laudat

883 2927 1036 2968 Boettig„
1053 2927 1177 2958 Rasch.
1198 2927 1230 2957 in
1248 2925 1357 2957 Lexic.
1376 2925 1535 2956 Numism.
1556 2925 1595 2954 Ἰ’.
1612 2923 1633 2961 i,

883 2981 916 3012 p.
947 2971 1023 3002 319.
1071 2971 1203 3001 Portam.-
1235 2969 1275 3000 de
1302 2975 1394 3011 portu
1422 2965 1633 2998 Alexandreae

884 3012 1061 3055 antiquitus
1090 3012 1299 3048 nobilissimo,
1330 3011 1394 3042 vid.
1424 3010 1528 3041 Strab.
1558 3008 1633 3045 xvii,
