1904 3314
351 173 434 213 562

667 173 1028 216 EPISTOLA
1067 174 1164 216 AD
1205 175 1525 219 PISONES.

469 273 663 328 Fingeris
685 276 740 316 ad
760 283 937 326 rectum,
959 283 1002 317 et
1022 291 1100 331 per
1119 284 1162 319 te
1184 277 1311 332 sapiS,
1332 278 1414 320 hoc
1437 279 1513 320 tibi
1533 278 1695 321 dictum

467 340 593 382 Tolle
613 356 796 382 memor:
829 343 956 383 certis
977 343 1159 384 medium
1180 351 1223 385 et
1244 344 1464 386 tolerabile
1486 346 1616 387 rebus

469 406 608 448 Recte
629 409 807 449 concedi
825 425 832 449 :
866 409 1086 450 consultus
1101 410 1212 464 juris
1233 417 1277 451 et
1297 418 1415 452 actor

353 473 438 513 370
468 472 703 515 Causarum
723 475 946 516 mediocris
969 477 1090 516 abest
1111 477 1267 517 virtute
1289 477 1438 518 diserti

468 539 681 590 Messalae,
702 555 780 582 nec
803 543 880 583 scit
901 550 1106 596 quantum
1127 543 1360 584 Cascellius
1382 543 1521 585 Aulus
1539 561 1549 594 3

468 605 556 646 Sed
577 614 717 648 tamen
737 609 780 648 in
799 610 937 662 pretio
958 617 1044 650 est:
1078 610 1362 651 mediocribus
1384 625 1480 651 esse
1499 611 1638 664 poetis

468 670 571 713 Non
590 673 796 723 homines,
819 689 902 715 non
924 674 999 724 Di,
1022 690 1106 716 non
1128 689 1377 717 concessere
1398 676 1616 717 columnae.

470 738 532 780 Ut
553 747 695 794 gratas
716 742 827 781 inter
847 756 1013 782 mensas
1037 742 1287 796 symphonia
1307 742 1485 792 discors,

354 804 439 844 375
469 804 529 845 Et
550 821 739 847 crassum
759 815 1038 861 unguentum,
1061 816 1103 849 et
1126 809 1263 850 Sardo
1285 816 1380 850 'cum
1399 809 1521 850 melle
1541 822 1729 863 papaver

470 871 723 923 Offendunt,
746 881 913 928 poterat
934 875 1033 915 duci
1055 876 1154 928 quia
1175 889 1296 916 coena
1318 877 1406 916 sine
1427 877 1518 916 istis
1537 891 1547 916 ε

470 937 541 979 Sic
562 940 708 980 animis
730 948 874 980 natum
895 941 1197 994 inventumque
1217 956 1369 995 poema
1384 942 1599 994 juvandis,

471 1004 517 1044 Si
537 1005 724 1058 paullum
745 1021 770 1046 a
789 1021 950 1046 summo
973 1007 1170 1055 decessit,
1192 1008 1330 1060 vergit
1351 1007 1405 1047 ad
1426 1008 1567 1048 imum.

469 1069 643 1112 Ludere
665 1073 738 1124 qui
759 1073 906 1121 nescit,
929 1073 1237 1126 campestribus
1259 1073 1444 1114 abstinet
1464 1074 1604 1122 armis,

355 1136 439 1177 380
469 1135 762 1191 Indoctusque
784 1138 881 1192 pilae
903 1139 1060 1179 discive
1082 1139 1272 1180 trochive
1293 1140 1486 1194 quiescit,

467 1202 539 1243 Ne
562 1204 712 1257 spissae
732 1205 863 1245 risum
884 1205 1033 1246 tollant
1053 1206 1224 1259 impune
1246 1219 1438 1247 coronae:

354 1323 470 1361 quidem
488 1328 580 1361 potest
594 1329 622 1353 et
639 1325 732 1354 locum
755 1325 840 1354 habet
862 1326 894 1354 in
914 1326 1002 1355 certis
1018 1327 1084 1364 qui-

354 1365 475 1395 busdam
488 1366 657 1403 disciplinis
669 1368 864 1403 mediocritas,
876 1368 999 1406 exempli
1012 1378 1083 1397 cou—

355 1416 387 1436 sa
414 1407 446 1435 in
462 1408 734 1446 jurisprudentia,-
757 1414 847 1446 potest
870 1411 948 1438 enim
975 1410 1085 1449 aliquis

355 1458 412 1478 esse
425 1448 515 1478 bonus
530 1454 558 1478 et
573 1450 969 1488 laudatusjur·isconsullus,
982 1462 1083 1490 quam-

355 1491 399 1519 vis
414 1491 446 1520 in
455 1491 542 1527 juris
558 1492 683 1521 scientia
700 1492 781 1521 haud
799 1493 934 1527 excellat,
950 1499 978 1522 er
993 1494 1087 1523 multo

356 1531 486 1572 inferior
507 1533 546 1562 sit
569 1533 606 1562 iis
623 1537 674 1572 qui
696 1544 808 1564 sauma
831 1535 919 1564 laude
939 1535 970 1563 in
983 1537 1085 1574 juris-

354 1575 517 1612 prudentia
529 1575 788 1613 exsplendescunt:
812 1586 869 1605 non
884 1578 924 1605 ila
940 1578 971 1606 iu
986 1579 1085 1614 poesi,-

355 1616 550 1645 mediocribus
561 1627 617 1646 esse
628 1620 718 1655 poetis
730 1617 795 1647 Non
808 1618 946 1651 homines,
960 1629 1018 1648 non
1031 1619 1085 1653 Di,

356 1667 415 1687 non
431 1667 592 1688 concessere
611 1658 763 1688 columnie.
811 1659 869 1689 His
884 1661 919 1690 (le
933 1661 1086 1690 mediocri-

356 1704 429 1733 tate,
445 1701 476 1729 in
493 1701 570 1738 poesi
586 1700 822 1741 haudferenda,
836 1703 1003 1740 promissis,
1022 1702 1085 1732 Ho-

357 1743 457 1771 ratius
485 1741 599 1771 Pisouis
618 1743 723 1782 filium
754 1750 829 1772 natu
857 1746 1008 1782 majorem,
1036 1745 1087 1784 qui

356 1784 468 1813 minari
478 1785 636 1813 videbatur
647 1786 795 1817 carmina,
808 1787 866 1815 ima
880 1791 975 1815 mente
984 1796 1085 1816 recon-

357 1826 427 1855 dere
444 1827 534 1865 jubet
561 1826 638 1856 haec:
663 1832 696 1856 ut
719 1827 798 1856 nihil
824 1828 907 1858 dicat
925 1827 1088 1868 faciatque

357 1867 454 1896 invita
472 1867 627 1897 Minerva:
651 1876 698 1903 ut,
715 1870 740 1898 si
755 1870 873 1908 quaudo
894 1871 933 1899 ad
952 1871 1087 1901 carmina

358 1910 511 1939 scribenda
532 1911 662 1939 animum
685 1912 848 1949 appulerit,
867 1921 896 1941 se
915 1913 1087 1942 scribentem

358 1955 387 1979 et
405 1950 509 1989 Tarpae
522 1956 550 1979 et
569 1951 689 1981 Horatii
704 1953 835 1983 consiliis
848 1954 911 1993 regi
927 1956 1085 1992 potiatur:

358 1997 392 2021 ut
406 1994 552 2027 carmina,
564 2004 626 2032 quae
636 1995 721 2023 semel
733 1996 832 2024 emissa
846 1997 978 2025 revocari
990 2002 1016 2026 et
1031 1997 1084 2026 im-

360 2035 472 2063 mutari
488 2042 645 2073 nequeant,
663 2036 695 2065 in
712 2037 822 2066 scrinio
837 2038 963 2075 reposita
985 2038 1017 2068 in
1033 2049 1085 2068 no-

358 2085 431 2104 num
446 2087 558 2105 annum
575 2085 698 2114 premat.

402 2117 477 2152 367,
500 2117 573 2148 368.
600 2118 659 2148 Per
681 2124 708 2148 te
731 2121 820 2157 sapis,
845 2118 910 2160 ipse
934 2119 1089 2160 sapienter

356 2157 492 2199 judicas.
528 2159 589 2190 Hoc
605 2161 659 2190 tibi
675 2161 786 2190 dictum
805 2161 884 2190 Tolle
899 2172 1014 2196 memor,
1029 2161 1088 2193 hoc

359 2209 377 2230 a
393 2210 441 2231 me
455 2200 511 2231 tibi
526 2200 643 2231 dictum
665 2201 772 2243 accipe
792 2208 823 2232 et
839 2203 963 2232 memori
984 2203 1088 2234 animo

358 2251 456 2272 serva.
502 2243 635 2273 Medium
652 2250 679 2273 et
695 2245 856 2279 tolerabile,
874 2244 1040 2275 mediocria
1057 2251 1089 2276 et

359 2289 483 2325 propter
492 2283 656 2315 utilitatem
671 2285 831 2316 toleranda
843 2290 874 2316 et
889 2286 1089 2317 admittenda.

402 2326 477 2361 369,
494 2326 568 2357 370.
593 2327 752 2357 Consulens
762 2329 848 2366 juris
863 2333 890 2358 et
905 2335 988 2358 actor
1006 2329 1086 2359 Can-

358 2378 477 2398 sarum:
494 2378 566 2399 cum
574 2367 817 2409 jurisconsultus
830 2379 846 2399 a
860 2379 1022 2400 causarum
1034 2380 1086 2401 ac-

359 2414 423 2440 tore
443 2419 504 2440 uon
522 2409 684 2452 discrepet.
701 2417 729 2441 et
749 2421 802 2452 pro
819 2410 970 2452 particula
988 2412 1086 2453 expli-

359 2450 463 2482 cativa
479 2453 533 2490 (ut
555 2461 624 2493 sup.
649 2453 712 2483 230
733 2455 823 2484 nubes
846 2460 873 2483 et
892 2453 1013 2492 inania)
1031 2455 1086 2485 ha-

358 2492 460 2524 benda
474 2499 529 2523 est.
1042 2513 1044 2515 -

401 2534 475 2565 371.
500 2535 650 2566 Messalas.-
673 2537 711 2567 de
733 2537 782 2566 M.
802 2535 928 2567 Valerio
952 2537 1086 2568 Corvino

360 2577 499 2608 Messala
529 2577 570 2607 cf.
599 2588 668 2619 sup.
698 2578 737 2608 ad
766 2579 831 2608 Sat.
860 2577 880 2614 i,
907 2579 956 2614 10,
980 2579 1033 2616 29,
1056 2585 1087 2611 et

360 2619 465 2660 Heyn.
487 2619 526 2649 ad
542 2619 660 2650 Tibull.
682 2621 703 2656 i,
720 2621 752 2655 3,
771 2622 798 2650 1.
845 2620 1007 2652 Cascellius
1022 2622 1085 2652 Au-

359 2661 417 2695 lus,
438 2660 519 2702 juris
543 2661 685 2692 rudentia
709 2667 773 2692 turn
803 2661 935 2692 maxime
963 2664 1086 2704 conspi-

359 2703 510 2774 cuuszlvi
537 2726 544 2733 .
561 2703 636 2734 Val.
660 2704 750 2735 Max.
769 2703 835 2740 viii,
854 2705 903 2742 12,
923 2705 950 2740 l,
969 2710 1000 2736 et
1024 2706 1087 2737 Fea

359 2743 398 2775 ad
414 2744 444 2775 h.
473 2767 481 2775 .

401 2787 476 2818 ³72.
492 2786 691 2818 Mediam-ibus
703 2797 759 2818 esse
771 2789 872 2825 poetis,
886 2787 998 2819 Graeca
1010 2786 1099 2820 con-⁹

357 2828 506 2860 structio:
530 2828 593 2859 vid.
608 2839 677 2870 sup.
694 2829 733 2859 ad
750 2829 813 2859 Sat.
829 2828 851 2863 i,
870 2830 898 2866 1,
916 2830 965 2861 19.

399 2871 474 2902 373.
497 2870 657 2904 calumme,
681 2870 870 2910 bibliopolae,
891 2870 945 2911 qui
968 2872 1007 2902 ad
1029 2883 1082 2903 co-

355 2912 480 2947 lumnas
490 2911 767 2955 porticuumlibros
776 2911 898 2943 venales
908 2912 1062 2945 habebant
1074 2927 1081 2946 :

1129 1334 1202 1365 sup.
1224 1325 1288 1355 Sat.
1310 1325 1332 1360 i,
1348 1327 1379 1360 4,
1397 1326 1450 1360 71,
1468 1325 1565 1356 Nulla
1579 1327 1702 1356 taberna
1718 1335 1791 1355 meos
1806 1325 1859 1354 ha-

1129 1368 1194 1396 beat
1210 1378 1301 1406 neque
1315 1368 1377 1406 pila
1389 1368 1511 1402 libellos,
1524 1367 1576 1398 ubi
1590 1366 1652 1398 vid.
1665 1372 1731 1397 not.
1745 1371 1776 1397 et
1793 1366 1858 1397 Fea

1128 1407 1165 1438 ad
1188 1407 1220 1438 h.
1241 1409 1263 1438 l.
1310 1409 1534 1450 Repudiabant
1552 1415 1657 1440 autem
1677 1408 1858 1450 bibliopola

1130 1449 1329 1480 mediocrium
1352 1458 1509 1492 poetarum
1532 1451 1684 1487 carmina,
1707 1449 1783 1492 quia
1805 1450 1861 1492 qui

1129 1491 1183 1521 illa
1200 1497 1336 1522 emerent
1351 1503 1413 1522 non
1429 1492 1643 1524 inveniebant.

1173 1534 1353 1564 374—378.
1381 1534 1422 1564 Ue
1435 1541 1541 1575 gratas
1556 1538 1636 1565 inter
1649 1544 1770 1569 mensas,
1787 1538 1862 1564 cett·

1133 1575 1402 1611 Quemadmodum
1415 1577 1554 1607 convivae
1566 1576 1596 1607 in
1609 1575 1771 1618 splendido
1782 1585 1858 1606 con·

1131 1616 1210 1647 vivio
1235 1618 1283 1647 vel
1306 1617 1492 1659 symphonia
1513 1618 1663 1656 discorde,
1684 1617 1734 1649 vel
1755 1626 1861 1648 crasso

1130 1666 1301 1699 unguento,
1320 1660 1367 1690 vel
1383 1659 1515 1702 insipido
1531 1670 1683 1702 papavere
1696 1660 1777 1691 inter
1789 1658 1857 1690 lau-

1131 1705 1178 1730 tas
1190 1701 1297 1742 epulas
1309 1701 1458 1743 apposito,
1470 1701 1686 1741 offenduntur-5
1706 1701 1751 1732 ita
1762 1700 1861 1732 animi

1129 1742 1261 1773 lectione
1283 1743 1467 1779 carminum,
1487 1754 1559 1785 quae
1578 1754 1596 1774 a
1612 1742 1800 1774 sublimitate
1818 1742 1859 1773 ad

1130 1783 1348 1822 humilitatem,
1365 1795 1383 1815 a
1401 1795 1521 1816 summa
1537 1785 1690 1827 dignitate
1710 1785 1858 1816 adimam

1131 1826 1345 1867 indignitatem
1375 1827 1582 1866 descendunt,
1610 1827 1733 1859 fastidio
1761 1825 1860 1858 affici·

1130 1874 1236 1898 untur.

1171 1911 1247 1941 375.
1277 1910 1426 1946 Crassum,
1449 1921 1511 1942 non
1533 1910 1698 1952 liquidum,
1722 1910 1777 1942 sed
1805 1920 1855 1942 co⁴

1129 1952 1289 1991 agulatum
1317 1959 1348 1983 et
1371 1953 1544 1988 rancidum.
1590 1953 1746 1992 Papauer.-
1770 1953 1858 1984 Pliu.

1130 1994 1174 2023 H.
1202 1994 1245 2025 N.
1270 1994 1333 2031 xix,
1351 1995 1382 2031 8,
1401 1996 1416 2035 §
1431 1996 1483 2031 53,
1501 1995 1666 2034 Papaveris
1684 1997 1774 2026 sativi
1795 1997 1858 2026 tria

1125 2046 1250 2076 genera.
1293 2036 1476 2072 Candidum,
1492 2039 1579 2077 cujas
1591 2047 1686 2068 semen
1699 2043 1807 2068 tostum
1824 2039 1857 2068 in

1127 2080 1256 2108 secunda
1269 2088 1367 2108 mensa
1382 2090 1448 2109 cum
1459 2080 1544 2109 melle
1558 2080 1640 2118 apud
1651 2080 1788 2119 antiquo·
1801 2080 1857 2109 da-

1131 2120 1234 2150 batur.
1285 2120 1381 2151 Sardo
1408 2131 1475 2151 cum
1506 2122 1609 2151 melle.-
1635 2121 1707 2151 Vet.
1736 2120 1856 2157 Schol„

1134 2161 1285 2192 Corsicam
1308 2168 1337 2191 et
1359 2162 1489 2193 Sardum
1508 2164 1565 2193 mel
1585 2164 1699 2202 pessimi
1722 2164 1856 2202 sapori-⁸5

1131 2201 1232 2233 herbae
1248 2203 1329 2233 enim
1345 2203 1509 2234 admodum
1527 2213 1639 2235 amarae
1651 2205 1860 2236 nascebantur

1131 2243 1164 2273 iu
1197 2244 1359 2283 Sardinia3
1390 2245 1463 2275 hinc
1495 2245 1588 2286 Virg.
1620 2245 1691 2277 Eel.
1721 2245 1775 2284 vii,
1805 2246 1858 2284 41,

1130 2285 1194 2315 Imo
1208 2296 1260 2325 ego
1274 2287 1395 2317 Sardois
1408 2288 1512 2317 videar
1528 2289 1582 2318 tibi
1596 2289 1729 2318 amarior
1742 2288 1849 2318 herbis.

1172 2327 1245 2358 376.
1269 2328 1361 2365 Daci,
1377 2328 1410 2358 iu
1427 2329 1559 2360 multam
1577 2334 1698 2360 noctem
1716 2330 1858 2371 produci,

1129 2369 1261 2416 eytrahi,
1276 2369 1322 2401 uti
1336 2370 1400 2401 fieri
1414 2370 1533 2402 solebat
1546 2371 1579 2402 in
1594 2370 1764 2412 splendidis
1781 2381 1856 2403 con-

1130 2420 1230 2441 vivus.

1171 2453 1246 2488 379,
1271 2454 1347 2484 380.
1378 2454 1496 2485 Ludere
1518 2456 1570 2496 qui
1593 2457 1685 2486 nescit
1706 2459 1780 2487 cett.
1801 2455 1858 2497 qui

1130 2504 1191 2525 non
1206 2494 1317 2526 didicit
1331 2501 1462 2527 tractare
1482 2506 1579 2532 arma,
1595 2496 1711 2538 quibus
1724 2497 1857 2538 juvenes

1129 2536 1243 2567 ludunt
1257 2543 1288 2567 et
1303 2547 1335 2568 se
1347 2544 1491 2569 exercent
1505 2538 1537 2569 in
1553 2548 1664 2582 campo
1675 2538 1804 2574 Martio.
1818 2539 1856 2570 iis

1129 2578 1279 2610 abstinet:
1305 2579 1344 2610 de
1366 2579 1415 2610 his
1437 2579 1519 2611 ludis
1537 2586 1570 2612 et
1583 2580 1856 2613 exercitationibus

1129 2620 1327 2661 gymnasticis
1341 2621 1384 2652 cf.
1401 2631 1438 2652 su
1463 2645 1471 2652 .
1486 2622 1546 2653 Od.
1565 2621 1588 2660 i,
1601 2623 1634 2657 8,
1650 2622 1704 2654 ubi
1721 2622 1759 2653 de
1774 2625 1854 2653 disco

1130 2662 1192 2693 vid.
1210 2663 1248 2693 ad
1266 2673 1294 2694 v.
1313 2664 1362 2700 ll,
1378 2667 1409 2694 et
1452 2674 1469 2695 e
1488 2665 1587 2695 trocho
1601 2664 1640 2695 ad
1656 2663 1719 2695 Od.
1738 2663 1784 2700 iii,
1800 2665 1854 2700 24,

1128 2705 1180 2735 57.
1211 2705 1350 2736 Indoctus
1362 2706 1429 2745 pile
1445 2707 1600 2748 (ἄπειρος
1613 2705 1774 2748 σφαίρας)
1789 2707 1855 2755 qui-

1127 2748 1198 2777 escit
1220 2746 1410 2786 (κάθηται),
1425 2757 1524 2789 neque
1550 2747 1622 2790 pilae
1643 2757 1746 2789 neque
1767 2747 1855 2779 disco

1128 2798 1240 2819 manus
1255 2789 1408 2820 admovet.
1668 2808 1669 2811 =

1170 2831 1243 2861 381.
1266 2831 1368 2870 Spissoe
1383 2841 1506 2868 corone,
1522 2831 1686 2863 condense
1701 2836 1852 2873 spectato-

1127 2882 1193 2902 rum
1214 2871 1358 2904 ludentes
1374 2871 1563 2912 cingentium
1587 2879 1742 2911 catervae3
1764 2875 1856 2912 spissa

1125 2915 1230 2944 sedilia
1248 2923 1318 2956 sup.
1337 2915 1412 2951 205,
1427 2919 1460 2946 et
1472 2916 1563 2954 spissa
1579 2916 1696 2947 theam
1711 2915 1812 2958 Epist.
1831 2915 1854 2951 i,
