1904 3314
674 181 899 224 LIBER
931 181 990 232 Π,
1021 183 1062 224 5.

1552 184 1639 226 407

212 289 413 333 Accedas
435 288 603 332 socius:
634 285 802 336 laudes,
822 284 1016 327 lauderis
1035 291 1086 327 ut
1106 286 1280 328 absens.

209 357 410 415 Adjuvat
429 358 513 400 hoc
533 370 706 412 quoque
723 371 733 405 ;
766 354 844 396 sed
866 354 996 395 vincit
1015 352 1146 409 longe
1167 354 1288 410 prius
1310 354 1453 409 ipsum

211 425 482 482 Expugnare
502 431 647 480 caput.

709 422 883 464 Scribet
903 421 1014 463 mala
1033 422 1224 463 carmina
1243 436 1394 463 vecors
1410 424 1427 463 ’ἐ

123 492 180 536 75
211 493 440 536 Laudato:
473 498 689 534 scortator
708 491 822 532 erit?
851 504 954 532 cave
976 497 1020 531 te
1043 497 1193 545 roget:
1228 489 1343 532 ultro

211 561 463 616 Penelopen
483 558 620 602 facilis
640 558 800 614 potiori
822 558 959 599 trade.

1023 557 1218 599 Putasne
1236 559 1253 599 ?

211 627 402 671 Perduci
421 627 583 682 poterit
603 633 691 668 tam
711 625 829 681 frugi
849 632 1025 680 tamque
1046 625 1222 680 pudica,

211 696 357 745 Quam
375 695 582 750 nequiere
602 694 724 749 proci
744 700 865 735 recto
886 692 1106 748 depellere
1128 707 1260 734 cursu
1277 695 1295 734 ἲ

209 763 344 807 Venit
363 763 477 805 enim
498 777 699 818 magnum
720 762 914 804 donandi
935 776 1066 817 parca
1081 762 1305 816 juventus,

122 832 180 875 80
208 831 307 874 Nec
328 838 495 874 tantum
517 830 719 880 Veneris,
743 837 954 885 quantum
976 829 1174 870 studiosa
1193 828 1373 879 culinae3

211 899 284 942 Sic
304 899 385 942 tibi
408 898 628 954 Penelope
649 898 765 954 frugi
785 904 876 940 est:
909 912 1022 952 quae,
1046 897 1081 938 si
1103 896 1234 938 semel
1254 912 1341 939 uno

212 968 285 1011 De
307 983 410 1010 sene
430 968 617 1023 gustarit
638 974 781 1009 tecum
801 967 964 1022 partita
983 965 1201 1015 lucellum,

211 1035 276 1078 Ut
295 1036 414 1078 canis
436 1051 462 1077 a
482 1036 600 1078 corio
620 1049 842 1090 nunquam
862 1035 1181 1076 absterrebitur
1201 1040 1348 1075 uncto.

211 1103 290 1146 Me
312 1119 415 1146 sene
436 1103 571 1159 quod,
593 1103 748 1152 dicam,
769 1102 931 1144 factum
952 1110 1020 1143 est
1038 1119 1047 1143 :
1080 1100 1206 1143 Anus
1227 1102 1427 1157 improba
1446 1100 1618 1143 Thebis

122 1172 181 1214 85
212 1172 286 1214 Ex
305 1178 564 1214 testamento
587 1172 647 1213 sic
668 1178 737 1212 est
757 1169 893 1212 elata:
926 1170 1112 1212 cadaver

210 1239 405 1282 Unctum
425 1238 521 1281 oleo
542 1238 664 1294 largo
685 1238 815 1280 nudis
837 1237 1028 1279 humeris
1051 1237 1149 1280 tulit
1167 1237 1309 1279 haeres
1326 1254 1333 1278 :

210 1307 386 1350 Scilicet
406 1307 518 1349 elabi
541 1307 577 1348 si
597 1314 747 1362 posset
768 1313 938 1347 mortua
959 1323 968 1356 3
998 1306 1146 1355 credo,

94 1454 324 1503 cujusauctor
347 1454 438 1486 Iulus
459 1454 509 1486 vel
537 1455 700 1490 Ascanius,
728 1455 843 1486 AEneae

97 1497 195 1535 filius,
210 1508 280 1530 esse
295 1497 425 1529 dicitur.

140 1541 194 1573 65.
218 1539 385 1571 Metuentis
399 1541 524 1571 reddere
537 1541 673 1570 soldnm:
698 1550 761 1570 non
777 1538 845 1571 sine

96 1584 194 1615 anxia
216 1593 292 1615 cura
312 1583 352 1614 de
373 1582 534 1614 reddendo
554 1582 643 1614 soldo
662 1582 844 1624 cogitantis,

95 1626 162 1659 sive
187 1637 227 1658 ex
251 1625 396 1662 avaritia,
426 1624 493 1657 sive
518 1625 560 1656 ob
587 1625 631 1656 rei
655 1625 846 1667 pecuniariae

94 1669 341 1708 difficultatem;
372 1667 475 1709 magis
505 1668 668 1710 probabile
693 1668 847 1710 posterius

97 1711 179 1744 obv.
190 1714 245 1744 69.
292 1711 431 1742 Metuere
446 1710 569 1752 aliquid
586 1721 648 1742 non
663 1710 848 1752 simpliciter

120 1765 167 1792 ro,
197 1754 284 1787 nolle
308 1754 436 1792 dicitur,
463 1754 518 1785 sed
543 1753 694 1796 adjuncta
722 1753 848 1785 notione

96 1765 244 1835 Kauaris,
261 1808 326 1840 quo
349 1796 472 1840 aliquid
498 1796 685 1838 refugimus:
710 1807 779 1832 nos,
798 1799 848 1828 ein

100 1841 232 1872 Grimen
263 1851 315 1872 vm·
348 1846 439 1871 etwas
466 1840 647 1881 emyfinden.
708 1840 848 1870 Reddere

98 1884 216 1916 ‘aldum
231 1885 319 1927 (pro,
339 1882 510 1922 solidum),
530 1883 684 1924 integram
707 1882 847 1924 alicujus

98 1927 191 1959 sortis
203 1936 359 1958 summam
373 1926 508 1958 solvere.

143 1971 198 2002 69.
222 1970 340 2001 Proeter
359 1970 494 2009 plorare,
518 1972 630 2011 praeter
650 1972 762 1998 sortem
787 1966 846 1997 mi-

98 2022 200 2045 seram
223 2017 257 2044 et
277 2011 503 2055 deplorandam
522 2023 531 2050 ;
554 2009 629 2041 hinc
646 2019 718 2052 sup.
739 2010 806 2040 Sat.
823 2009 845 2046 i,

102 2056 155 2092 10,
173 2057 356 2096 9l‚j11bere
377 2056 506 2096 aliquem
529 2055 663 2094 plorare,
682 2052 847 2095 οἰμώζειν.

99 2099 166 2130 Sim
191 2097 378 2130 licissimum
404 2098 549 2133 sortasse,
572 2101 683 2138 praeter
707 2096 847 2138 ploratus

98 2141 133 2173 in
199 2151 272 2173 nere
300 2140 442 2172 ciendos,
487 2141 634 2172 Ceterum
666 2139 847 2212 prae‘positio

96 2190 210 2225 preter
245 2184 430 2216 Graecorum
465 2193 549 2214 more
581 2191 655 2213 cum
693 2181 726 2212 in
751 2182 847 2213 nitivo

96 2226 256 2270 jungitur.

143 2270 200 2302 71.
233 2269 400 2311 Temperet,
421 2273 520 2310 regat,
543 2273 575 2300 et
602 2267 636 2298 in
661 2277 759 2299 manu
789 2277 849 2298 sua

98 2312 229 2344 habeat.

143 2356 199 2388 73.
225 2356 347 2388 Vincit.-
378 2364 489 2386 ornnes
519 2355 713 2396 Interpretes
742 2353 843 2395 expli-

98 2403 186 2438 cant,
200 2402 342 2441 praestat,
358 2399 486 2440 κρατεῖ,
508 2402 539 2428 et
559 2399 647 2437 prius
669 2397 708 2428 ad
731 2408 844 2439 expug-

100 2452 176 2474 nare
204 2441 365 2480 referunt;
399 2451 458 2482 ego
488 2442 575 2480 prius
604 2440 637 2471 in
668 2440 847 2471 accusativo

99 2484 234 2528 accipio.
256 2489 289 2516 et
311 2484 397 2514 hunc
420 2483 528 2515 locum
546 2482 591 2514 ita
610 2482 757 2525 explico:
782 2485 844 2519 sed,

98 2529 198 2569 ipsum
218 2533 312 2568 caput
333 2537 508 2569 expugnare
529 2525 651 2568 (ipsum
671 2536 779 2557 senem
796 2526 846 2557 vel

100 2570 211 2603 berum
228 2569 355 2601 blandis
373 2569 495 2600 artibus
515 2578 639 2610 capere,
655 2575 848 2611 captumque

100 2612 306 2657 temperare),
335 2612 370 2643 id
407 2613 495 2654 longe
526 2613 623 2643 vim-it
655 2617 688 2642 et
723 2617 849 2654 superat

96 2656 199 2698 jarim.
225 2657 360 2699 priorem
389 2655 554 2690 rationem,
585 2664 650 2696 qua
674 2660 704 2685 te
728 2654 848 2685 socium

99 2698 218 2731 dolove
233 2698 359 2730 mulieri
373 2697 525 2729 libertove
539 2697 688 2728 accedere
700 2697 797 2739 jussi.

145 2743 200 2774 76.
223 2741 349 2778 Facilis,
363 2741 561 2775 commodus,
573 2739 744 2771 officiosus.
791 2740 849 2770 Po-

102 2786 188 2824 tior-⁸²,
216 2789 370 2827 tanquam
400 2783 430 2815 ei
459 2783 515 2825 qui
549 2782 608 2813 tibi
638 2782 850 2824 praeferendus

103 2827 166 2860 sit:
191 2837 262 2870 sup.
275 2827 340 2860 Od.
351 2826 398 2861 iii.
409 2828 486 2863 9,2,
499 2826 563 2857 Nec
579 2827 735 2867 quisquam
750 2828 850 2866 potior

99 2871 226 2904 brachia
239 2872 378 2902 candidae
392 2870 511 2901 cervici
516 2870 644 2910 juvenis
654 2870 747 2899 dabat
759 2879 770 2904 ,·
794 2868 851 2899 ubi

102 2913 145 2944 ef.
157 2918 225 2945 not.
258 2913 415 2945 Putasne?
437 2912 562 2944 serione
578 2910 610 2941 id
627 2910 705 2941 mihi
715 2910 851 2942 suades‘!

105 2965 220 2987 verene
254 2961 327 2988 utus
335 2966 386 2987 me
398 2961 539 2987 essetam
551 2954 677 2993 facilem
695 2953 852 2990 maritum,

105 3002 136 3030 et
148 2999 235 3032 Peue
248 3009 330 3041 open
342 3009 443 3030 meam
455 3004 519 3029 tam
533 2997 633 3029 levem
646 3002 677 3029 et
690 2996 855 3038 vulgarem

888 1453 1075 1486 mulierem?
1122 1453 1219 1486 Posui
1248 1459 1320 1496 post
1351 1454 1487 1485 Putasne
1511 1453 1638 1495 signum

889 1496 1168 1539 interrogationis;
1192 1497 1252 1528 hoc
1280 1497 1364 1528 enim
1395 1497 1522 1528 sublato
1549 1497 1639 1539 sequi

889 1539 1037 1577 debebat,
1053 1542 1180 1581 perduci
1194 1551 1274 1581 posse
1288 1546 1351 1571 tam
1365 1541 1522 1579 pudicam.

934 1583 987 1613 77.
1013 1584 1169 1614 Per-duci:
1192 1585 1368 1624 perducere,
1388 1582 1473 1624 quod
1493 1582 1575 1614 alias
1598 1582 1638 1615 de

890 1625 1016 1663 lenone,
1041 1626 1223 1658 meretrices
1246 1627 1287 1656 ad
1312 1625 1499 1656 libidinosos
1524 1625 1638 1668 perdu-

890 1674 994 1702 cente.
1016 1679 1102 1700 nunc
1121 1669 1160 1700 de
1178 1669 1302 1704 marito,
1325 1667 1417 1699 diviti
1437 1668 1507 1700 seni
1531 1667 1639 1699 uxoris

891 1721 958 1742 suae
974 1710 1097 1752 copiam
1113 1711 1249 1742 faciente
1264 1723 1273 1749 ς
1297 1711 1393 1747 unde,
1410 1711 1467 1752 qui
1484 1710 1544 1742 hoc
1557 1711 1637 1743 faci-

891 1760 961 1789 unt,
979 1754 1130 1784 dicuntur
1148 1756 1360 1794 perductores:
1385 1752 1447 1784 vid.
1469 1754 1577 1785 Graev.
1597 1753 1638 1785 ad

894 1795 964 1827 Cic.
980 1796 1013 1827 in
1030 1797 1153 1833 Verr.i,
1172 1798 1223 1828 12.
1248 1796 1440 1838 Tamsrugi,
1458 1802 1523 1827 tam
1538 1797 1638 1839 proba

892 1846 924 1869 et
939 1846 1038 1870 casta.

936 1882 992 1914 79.
1019 1882 1107 1912 Venit
1119 1884 1211 1918 enim,
1225 1887 1300 1913 cett.
1330 1882 1393 1913 Hic
1406 1881 1638 1919 versus,licen-

892 1923 956 1956 tius
970 1935 989 1956 a
1004 1924 1151 1956 Bentleio
1171 1931 1336 1963 tractatus,
1356 1925 1533 1960 commode,
1550 1931 1638 1968 puto,

890 1967 1043 2009 explicari
1069 1973 1172 2009 potest
1194 1967 1260 1999 sic:
1292 1967 1370 1999 Noli
1393 1967 1498 1999 mirari
1520 1968 1560 1999 de
1586 1979 1637 2003 eo,

891 2010 977 2052 quod
994 2021 1012 2041 a
1027 2017 1111 2041 recta
1122 2010 1172 2041 via
1188 2021 1250 2042 non
1267 2011 1406 2042 abducta
1421 2009 1463 2041 sit
1479 2011 1640 2054 Penelope

890 2058 967 2092 tua;
993 2063 1079 2089 narn,
1102 2055 1156 2095 qui
1180 2053 1219 2084 ad
1245 2064 1316 2085 earn
1341 2053 1550 2090 ventitabant,
1574 2065 1639 2085 non

889 2103 980 2127 erant
992 2096 1106 2127 divites
1121 2107 1224 2131 senes.
1240 2096 1295 2128 sed
1308 2097 1456 2139 juvenes⁸
1473 2097 1542 2138 qui,
1559 2108 1639 2128 non-

890 2138 965 2170 dum
988 2139 1072 2170 bona
1094 2139 1306 2182 possidentes,
1329 2146 1394 2170 tam
1418 2149 1511 2182 parce
1534 2140 1639 2172 vivere

889 2182 1059 2220 debebant,
1080 2188 1115 2213 ut
1131 2193 1247 2224 magna
1268 2193 1411 2220 munera,
1431 2182 1549 2225 quibus
1575 2185 1638 2215 Pe-

890 2225 1025 2268 nelopen
1051 2231 1138 2256 tuam
1162 2235 1180 2256 a
1207 2232 1293 2257 recto
1314 2236 1410 2256 cursu
1433 2225 1640 2268 depellerent,

890 2268 966 2299 dare
980 2278 1044 2299 non
1059 2275 1200 2310 possent.
1232 2269 1385 2300 =Iuventus
1399 2281 1493 2309 parca
1505 2271 1641 2301 donandi

890 2322 1036 2353 magnum
1063 2311 1131 2353 jam
1158 2322 1222 2342 non
1247 2317 1296 2343 est
1323 2323 1394 2343 vere
1421 2312 1470 2343 vel
1497 2312 1641 2345 studiose

890 2364 998 2395 parca,
1014 2354 1070 2385 sed
1085 2365 1170 2396 quae,
1187 2355 1375 2386 necessitate
1397 2355 1437 2386 ad
1455 2355 1548 2387 vitam
1567 2367 1636 2398 par-

891 2406 961 2427 cam
978 2397 1104 2435 adacta,
1114 2398 1231 2439 quibus
1245 2398 1329 2429 dona
1341 2397 1436 2429 faciat
1454 2409 1515 2429 non
1531 2399 1639 2431 habet.

936 2441 990 2471 81.
1014 2441 1065 2471 Sic
1082 2442 1137 2471 tibi
1155 2442 1406 2490 Penelopefrugi
1419 2449 1481 2473 est.-
1498 2442 1539 2472 ob
1555 2443 1637 2474 hanc

890 2481 986 2523 igitur
996 2493 1126 2514 causam
1140 2484 1314 2526 Penelope,
1330 2494 1405 2526 quia
1417 2485 1552 2527 juvenes
1567 2486 1639 2527 ejus

890 2525 1064 2557 castitatem
1078 2537 1142 2557 non
1153 2527 1346 2558 labefactare
1359 2533 1504 2569 poterant
1516 2528 1641 2570 magnis

891 2568 995 2604 donis,
1011 2571 1109 2611 proba
1125 2569 1229 2601 adbuc
1245 2575 1277 2601 et
1291 2576 1380 2601 casta
1397 2571 1523 2602 mansit.

937 2612 990 2642 83.
1019 2612 1062 2642 Ut
1086 2614 1184 2648 canis,
1214 2619 1290 2644 cett.
1320 2623 1485 2656 nunquam
1517 2625 1536 2645 a
1566 2625 1642 2646 seue

892 2653 949 2685 illo
974 2654 1210 2689 absterrebitur.
1237 2655 1331 2687 sicuti
1354 2656 1443 2688 canis
1474 2657 1515 2688 ab
1545 2663 1640 2689 uncto

893 2696 978 2728 corio
999 2697 1097 2729 semel
1120 2704 1248 2738 gustato
1273 2709 1307 2730 se
1329 2709 1496 2741 nunquam
1520 2701 1641 2732 abster-

894 2739 954 2770 reri
975 2741 1107 2782 patitur.
1155 2742 1285 2773 Veteres
1304 2741 1399 2783 igitur
1411 2742 1480 2784 jam
1498 2743 1546 2773 usi
1565 2750 1642 2774 sunt

894 2783 1070 2824 proverbio,
1084 2785 1266 2826 quodnune
1278 2795 1407 2826 quoque
1421 2787 1454 2816 iu
1469 2786 1644 2817 Germania

894 2835 958 2856 uon
974 2836 1043 2856 raro
1059 2826 1156 2868 repeti
1171 2827 1264 2863 solet,
1282 2840 1322 2858 an
1348 2829 1468 2860 Riemen
1492 2830 1571 2859 [εν-ηε
1587 2831 1643 2859 der

895 2868 995 2900 Humi
1015 2869 1111 2900 Ledei-
1133 2871 1231 2902 kauen
1242 2882 1253 2908 ‚·
1278 2871 1402 2902 scilicet
1423 2881 1531 2906 caneS,
1556 2873 1642 2911 cupi-

896 2912 1007 2942 ditates
1034 2914 1122 2943 semel
1152 2916 1296 2945 incitatas
1324 2925 1468 2950 crescere,
1497 2914 1643 2956 exemplo

897 2964 956 2985 suo
991 2965 1048 2985 nos
1085 2955 1198 2987 docere
1234 2957 1362 2988 debent.
1411 2957 1520 2992 Uncto,
1558 2956 1644 2998 quod

898 2996 1006 3029 madet
1021 2997 1090 3030 oleo
1106 2999 1154 3030 vel
1170 2998 1275 3041 adipe.
