1904 3314
325 201 407 242 516

812 195 1335 238 EPISTOLARUM

437 298 506 339 Ire
527 304 667 352 poeta,
688 311 827 338 meum
848 297 921 350 qui
941 304 1092 351 pectus
1112 297 1293 337 inaniter
1314 296 1444 350 angit,

437 365 596 414 Irritat,
617 363 786 412 mulcet,
808 363 922 404 falsis
945 364 1176 405 terroribus
1198 363 1357 416 implet,

438 431 502 472 Ut
521 445 684 484 magus,
706 436 748 470 et
769 430 895 470 modo
914 444 981 471 me
1002 430 1184 478 Thebis,
1205 429 1332 469 modo
1353 429 1474 483 ponit
1493 425 1692 468 Athenis.

437 497 602 537 Verum
621 510 715 550 age,
737 502 780 536 et
799 495 867 535 his
887 496 959 549 qui
982 510 1026 536 se
1045 494 1195 536 lectori
1210 495 1385 535 credere
1406 493 1581 542 malunt,

323 563 407 603 215
437 562 580 608 Quam
601 563 854 616 spectatoris
877 561 1047 601 fastidia
1066 561 1177 601 ferre
1200 561 1387 614 superbi,

437 627 594 669 Curam
614 628 749 668 redde
769 629 955 675 brevem,
978 627 1013 666 si
1033 641 1183 666 munus
1205 625 1407 680 Apolline
1426 626 1602 678 dignum

438 694 518 735 Vis
539 693 750 748 complere
770 693 904 741 libris,
926 699 969 733 et
991 693 1155 733 vatibus
1176 692 1335 733 addere
1356 690 1508 739 calcar,

435 760 499 801 Ut
520 760 662 800 studio
683 760 842 813 majore
863 765 1010 812 petant
1031 757 1241 799 Helicona
1262 758 1478 798 virentem.

436 825 579 866 Multa
598 825 769 879 quidem
790 825 911 864 nobis
935 824 1110 864 facimus
1131 823 1239 864 mala
1260 838 1374 876 saepe
1394 828 1535 876 poetoe

323 891 408 932 220
437 884 516 943 (Ut
536 892 678 931 vineta
697 897 866 944 egomet
887 890 1047 930 caedam
1067 890 1188 942 mea),
1210 903 1341 942 quum
1361 889 1439 929 tibi
1456 887 1612 928 librum

438 957 629 998 Sollicito
650 957 812 1005 damus,
835 962 908 995 aut
928 955 1064 1004 fesso3

1097 969 1225 1007 quum
1245 954 1451 1003 laedimur,
1473 967 1603 994 unum

437 1022 484 1062 Si
504 1024 599 1075 quis
620 1023 849 1062 amicorum
868 1028 934 1061 est
955 1035 1082 1060 ausus
1105 1021 1364 1073 reprendere
1385 1033 1579 1068 versum3

437 1087 583 1134 Quum
603 1088 695 1128 loca
710 1089 798 1141 jam
819 1087 994 1127 recitata
1014 1085 1265 1126 revolvimus
1287 1085 1537 1134 irrevocati3

438 1154 583 1201 Quum
603 1153 896 1199 lamentamur,
918 1166 1003 1192 non
1021 1166 1228 1205 apparere
1247 1150 1415 1191 labores

321 1221 405 1262 5225
434 1219 635 1266 Nostros,
658 1227 701 1260 et
722 1219 839 1259 tenui
859 1218 1045 1258 deducta
1066 1224 1261 1270 poemata
1280 1217 1351 1257 filo
1369 1234 1378 1266 3

438 1286 585 1332 Quum
607 1299 840 1339 speramus,
862 1299 912 1324 eo
933 1298 1021 1324 rem
1042 1290 1273 1332 venturam,
1297 1289 1356 1329 ut,
1380 1280 1631 1336 simulatque

323 1427 377 1451 aut
387 1431 456 1452 eum
467 1421 602 1451 suaviter
612 1420 757 1462 (mulcet)
767 1419 878 1451 delinit
887 1418 1031 1460 (θέλγει)
1043 1429 1051 1455 ;

322 1462 392 1502 qui,
419 1469 455 1492 ut
479 1462 683 1504 praestigiator
709 1462 861 1503 (magus),
889 1471 951 1491 non
974 1461 1053 1491 veris

323 1504 378 1534 sed
393 1504 479 1535 falsis
495 1504 660 1534 terroribus
683 1504 785 1542 ludit3
809 1503 862 1544 qui
881 1513 927 1533 me
941 1502 986 1532 ita
1007 1503 1052 1532 af-

326 1545 403 1580 ficit,
433 1551 468 1576 ut
500 1546 626 1581 Thebis,
653 1545 678 1575 si
711 1555 758 1575 res
790 1545 892 1585 agitur
923 1543 1052 1578 Thebis,

329 1587 476 1622 Athenis,
496 1587 522 1617 si
546 1597 594 1617 res
618 1588 719 1627 agitur
738 1586 881 1619 Athenis.
898 1585 973 1615 mihi
989 1595 1054 1615 ver-

323 1629 383 1658 sari
406 1628 529 1665 videar3
552 1628 618 1663 ille,
640 1628 780 1668 inquam,
798 1633 889 1668 poeta
909 1627 980 1656 mihi
1005 1637 1057 1665 per

326 1669 593 1712 extentumjitnem
609 1672 651 1700 ire
668 1679 746 1708 posse
761 1671 903 1704 videtum·
929 1678 966 1698 ex
987 1678 1056 1709 pro-

324 1711 452 1741 verbiali
473 1711 628 1742 locutione
648 1721 714 1751 pro,
732 1710 785 1740 ille
800 1709 876 1740 mihi
894 1720 955 1740 rem
977 1710 1057 1739 diffi-

324 1752 475 1783 cillimam
491 1753 635 1794 perficere
651 1762 740 1793 posse
756 1751 893 1790 videtur3
918 1761 989 1781 nam
1001 1750 1056 1791 qui

325 1793 370 1824 ire
391 1800 491 1835 potest
506 1805 561 1835 per
581 1795 686 1824 funem
706 1799 878 1827 extentum,
895 1793 978 1829 artis,
993 1802 1057 1834 qua

324 1835 358 1865 id
380 1836 445 1866 fieri
465 1842 576 1877 potest,
590 1846 679 1877 aeque
702 1841 795 1876 atque
817 1835 843 1865 is
861 1834 915 1875 qui
938 1844 1055 1865 comoe-

323 1877 409 1907 diam
438 1878 571 1909 scribere
597 1877 677 1912 vult,
702 1877 819 1918 peritus
847 1886 915 1907 esse
944 1876 1054 1906 debet:

323 1919 457 1953 brevius,
488 1925 579 1960 poeta
606 1918 662 1959 qui
697 1924 884 1960 spectatores
918 1917 951 1947 in
979 1928 1055 1953 rem,

325 1970 420 2000 quam
438 1965 558 1997 tractat,
573 1960 616 1990 ita
631 1959 721 2000 rapit,
736 1965 771 1990 ut
787 1959 845 2001 ipsi
862 1959 890 1990 ei
909 1959 1056 1990 interesse

327 2001 503 2037 videantur,
518 2008 560 2036 et,
577 2001 730 2042 quidquid
746 2002 859 2041 agitur,
875 2007 937 2031 toto
953 2001 1056 2031 animo

326 2043 474 2079 sentiant,
489 2043 515 2073 is
530 2050 628 2084 poetae
644 2043 756 2074 comici
772 2043 820 2073 vel
836 2042 946 2082 tragici
961 2048 1058 2073 artem

324 2090 419 2116 tenet.
465 2086 614 2125 Maligne,
640 2094 702 2114 non
726 2090 759 2114 ut
784 2085 829 2114 fas
854 2089 911 2118 est,
932 2094 1052 2124 pamm,

348 2136 430 2156 arce.

324 2137 345 2167 p
365 2169 439 2198 211.
464 2167 623 2197 Inuniter:
646 2177 743 2205 angor
755 2176 817 2206 quo
833 2166 946 2206 aliquis
960 2166 998 2197 de
1011 2177 1054 2202 re,

324 2219 387 2239 nou
416 2209 456 2241 ad
483 2219 516 2239 se
544 2208 646 2250 ipsum
676 2207 858 2249 pertinente,
885 2208 1052 2244 cruciatur,

322 2252 424 2281 inanis
448 2256 516 2287 est·,
540 2251 585 2280 sic
610 2260 681 2280 mox
697 2249 778 2290 falsi
801 2256 924 2279 terrores
948 2249 987 2279 de
1015 2249 1053 2280 iis

323 2302 402 2332 quos
425 2293 507 2332 magi
528 2290 730 2326 incantando,
747 2290 958 2326 vaticinando,
979 2297 1052 2321 cett.

325 2334 358 2363 in
379 2333 516 2363 fraudem
542 2333 717 2369 inducunt;
742 2333 814 2362 hinc
834 2338 972 2372 portenta
987 2343 1050 2362 ma-

321 2385 428 2416 gorum
444 2375 528 2416 apud
543 2375 613 2405 Cic.
630 2375 706 2405 Nat.
721 2374 744 2408 i,
761 2375 814 2404 43.

365 2417 547 2446 214-218.
586 2416 693 2446 Verum
721 2426 787 2456 age.
813 2419 888 2446 cett.
933 2416 1051 2446 Verum

323 2467 394 2498 age,
415 2468 433 2488 o
451 2458 603 2497 Auguste,
626 2457 674 2487 his
697 2467 821 2498 quoque
844 2456 943 2498 poetis
965 2458 1050 2496 (Ηο-

325 2499 421 2529 ratius
454 2504 552 2529 semet
579 2499 679 2539 ipsum
710 2498 873 2538 intelligit)
902 2498 957 2538 qui
991 2498 1052 2538 legi

324 2550 418 2582 quam
435 2540 567 2588 spectari
581 2541 713 2572 malunt.
729 2541 821 2570 breve
834 2546 955 2580 tempus
975 2550 1050 2570 con-

323 2591 422 2617 secra,
437 2592 462 2612 si
484 2581 703 2612 bibliothecam
726 2582 758 2611 in
779 2582 895 2623 templo
919 2581 1053 2612 Palatini

324 2623 479 2665 Apollinis
495 2623 581 2653 novis
603 2623 688 2654 libris
704 2633 829 2663 augere,
842 2630 872 2653 et
887 2630 1004 2664 poetas.
1020 2629 1054 2653 ut

324 2665 440 2706 majore
464 2665 567 2695 studio
591 2665 780 2695 carminibus
803 2664 974 2695 scribendis
999 2675 1052 2695 va-

324 2713 407 2742 cent,
423 2707 524 2737 favore
540 2711 593 2736 tuo
609 2706 766 2748 impellere
781 2712 811 2736 et
825 2707 960 2737 excitare
974 2707 1029 2736 vis.

367 2749 440 2778 215.
463 2748 612 2782 fastidia,
626 2748 887 2789 reprehensiones,
903 2753 937 2778 ut
958 2758 1051 2789 supra

323 2790 355 2820 in
371 2790 510 2820 versibus
532 2789 640 2819 Satirae
663 2788 793 2819 decimae
816 2789 884 2819 Lib.
901 2799 946 2830 pr.
970 2799 1050 2830 prae-

323 2831 401 2864 fixis,
418 2837 449 2862 et
472 2831 597 2872 quidem
619 2841 648 2860 v.
673 2832 703 2862 7.
748 2832 884 2869 Superbi,
905 2840 1050 2870 arrogan-

326 2880 424 2903 noris.

365 2915 440 2944 216.
479 2915 590 2945 Curam
618 2915 707 2944 redde
735 2915 859 2944 brevem.
904 2913 1051 2944 Horatius

1098 1419 1288 1459 Augustum,
1317 1419 1371 1459 qui
1397 1418 1490 1448 unice
1517 1417 1620 1447 adhuc
1647 1426 1663 1446 s
1724 1415 1828 1447 tundis

1096 1460 1259 1490 comoediis
1283 1466 1314 1490 et
1335 1459 1494 1499 tragoediis
1516 1457 1639 1488 deditus
1678 1457 1762 1488 uisse
1781 1457 1827 1487 vi·

1096 1502 1196 1535 detur.
1224 1506 1341 1536 monet,
1366 1506 1401 1530 ut
1424 1499 1563 1540 legendis
1588 1498 1688 1540 poetis
1715 1501 1826 1530 brevem

1097 1554 1201 1573 curum
1217 1545 1336 1576 reddat,
1352 1542 1385 1572 h.
1401 1552 1431 1572 e.
1454 1542 1536 1572 sicut
1548 1540 1633 1575 olim,
1649 1540 1688 1571 de
1706 1540 1826 1582 integro

1097 1586 1188 1615 breve
1203 1590 1326 1626 tempus
1342 1583 1480 1622 legendis
1494 1582 1684 1613 carminibus
1699 1582 1780 1613 dicet
1796 1588 1829 1614 et

1098 1626 1231 1657 destinet
1245 1638 1251 1655 :
1277 1625 1434 1655 simillime
1454 1635 1526 1666 sup.
1541 1624 1603 1655 od.
1618 1624 1640 1660 i,
1658 1625 1709 1659 19.
1725 1626 1758 1658 4.
1773 1624 1826 1654 Fi-

1099 1670 1170 1698 m'tis
1193 1670 1327 1697 animum
1346 1668 1468 1697 reddere
1490 1667 1650 1700 amoribus,
1668 1671 1698 1696 et
1719 1665 1781 1696 Od.
1804 1666 1828 1703 i,

1103 1711 1152 1744 16,
1169 1710 1222 1745 28,
1237 1711 1426 1748 animumque
1443 1709 1562 1744 reddas,
1577 1707 1616 1738 de
1638 1708 1758 1748 integro
1778 1717 1828 1739 me

1099 1761 1183 1782 ames
1198 1763 1206 1788 ;
1230 1750 1290 1780 nisi
1308 1751 1412 1791 placet
1424 1750 1492 1781 haec
1512 1748 1691 1791 explicatio,
1704 1750 1828 1781 reddere

1095 1794 1161 1834 jam
1184 1792 1368 1822 insolentius
1389 1801 1454 1832 pro,
1470 1791 1625 1826 adhibere,
1641 1790 1828 1832 impendere,

1099 1835 1242 1871 tribuere,
1263 1834 1398 1875 positum
1419 1839 1476 1864 est.
1522 1833 1595 1867 Pro,
1618 1835 1708 1863 redde
1733 1833 1827 1863 unius

1101 1875 1226 1907 Codicis
1254 1875 1436 1906 auctoritate
1463 1874 1625 1905 Bentleius
1649 1874 1680 1904 iu
1706 1879 1826 1904 textum

1097 1918 1212 1959 recepit
1227 1919 1360 1956 impende
1369 1927 1380 1952 ;
1403 1917 1457 1947 sed
1476 1916 1542 1946 haec
1558 1915 1650 1947 lectio
1663 1915 1826 1946 manifesta

1098 1965 1144 1990 est
1163 1959 1247 1990 vocis
1265 1961 1355 1989 redde
1378 1957 1598 2000 interpretatio.
1641 1957 1722 1994 Quis
1742 1956 1827 1988 enim

1099 2001 1239 2031 librarios
1259 2000 1423 2030 lectionem
1444 2001 1579 2039 impende
1598 1998 1631 2029 in
1647 2000 1738 2030 redde
1756 2009 1825 2029 mu-

1100 2049 1181 2073 tasse
1204 2043 1319 2082 fingere
1341 2041 1401 2071 sibi
1425 2046 1524 2083 potest
1542 2040 1668 2071 animo!
1711 2041 1827 2071 Munus

1097 2086 1236 2124 Apolline
1264 2085 1403 2124 dignum,
1434 2082 1572 2123 intellige
1605 2082 1824 2113 bibliothecam

1097 2125 1287 2160 Palatinam,
1307 2124 1443 2164 Augusti
1462 2123 1619 2166 (munere)
1640 2123 1824 2156 liberalitate

1096 2167 1281 2201 institutam,
1312 2166 1399 2196 libris
1429 2167 1615 2208 completam
1638 2170 1671 2196 et
1698 2165 1824 2206 publico

1096 2209 1167 2239 usui
1183 2214 1339 2249 apertam:
1362 2207 1406 2238 cs.
1421 2209 1498 2248 Sup.
1511 2207 1610 2249 Epist.
1626 2207 1649 2241 i,
1665 2208 1697 2240 3.
1717 2208 1768 2237 17.

1138 2251 1214 2280 219.
1253 2250 1355 2279 Multa
1389 2250 1480 2285 mala,
1514 2249 1654 2289 intellige
1684 2257 1722 2279 ea
1752 2258 1824 2289 que

1095 2297 1194 2332 poetae
1208 2291 1393 2332 importune,
1407 2290 1522 2331 inepte,
1534 2295 1565 2320 et
1579 2294 1763 2332 praepostere
1776 2290 1822 2320 fa-

1095 2333 1184 2364 ciunt
1199 2345 1207 2364 2
1232 2333 1298 2363 haec
1316 2342 1398 2362 nunc
1413 2337 1546 2362 enarrat.

1136 2375 1212 2409 220,
1227 2375 1301 2404 221.
1329 2374 1357 2403 U
1358 2380 1369 2403 t
1385 2375 1483 2404 vineta
1501 2379 1610 2414 egomet
1625 2374 1731 2403 cedam
1747 2383 1821 2410 mea,

1095 2421 1129 2446 ut
1153 2421 1262 2446 contra
1280 2425 1329 2445 rne
1350 2414 1453 2455 ipsum
1476 2414 1651 2456 disputem3
1674 2423 1747 2444 nam
1767 2414 1823 2455 qui

1095 2467 1152 2487 sua
1174 2457 1271 2499 ipsius
1292 2457 1395 2486 vineta
1418 2455 1523 2492 caedit,
1542 2454 1666 2486 sibimet
1689 2455 1746 2497 ipsi
1767 2465 1824 2486 no-

1094 2505 1154 2530 cet.
1179 2502 1279 2532 Quum
1296 2500 1351 2529 tibi
1367 2499 1478 2528 librum
1491 2499 1624 2528 Sollicito
1638 2498 1754 2533 domm.
1766 2504 1822 2528 aret

1085 2541 1186 2581 fesso:
1207 2540 1280 2570 hinc
1299 2541 1445 2570 Horatius
1462 2549 1534 2587 sup.
1557 2538 1655 2580 Epist.
1672 2539 1701 2574 1,
1721 2539 1771 2572 13.
1789 2542 1821 2574 4,

1095 2582 1288 2612 tabellarium
1311 2591 1414 2618 suum,
1435 2581 1564 2612 Vinium
1586 2579 1739 2615 Asellam,
1760 2580 1823 2620 sig-

1095 2629 1169 2654 nata
1191 2623 1349 2653 volumina
1371 2623 1515 2662 Augusto
1536 2621 1654 2653 tradere
1671 2621 1773 2662 jubet,
1788 2624 1822 2652 Si

1094 2667 1224 2700 validus,
1237 2667 1261 2694 si
1278 2666 1361 2694 Loetus
1374 2666 1443 2699 erit,
1455 2667 1480 2694 si
1493 2666 1620 2704 denique
1631 2669 1747 2702 posue,-
1774 2663 1821 2694 Ne

1093 2709 1191 2737 studio
1205 2709 1297 2737 nostri
1315 2716 1412 2745 pecces
1425 2707 1580 2745 odiumque
1594 2705 1703 2735 libellis
1723 2705 1820 2735 Sedu-

1095 2751 1141 2779 lus
1156 2751 1292 2788 importes
1307 2757 1392 2786 opera
1407 2748 1570 2778 vehemente
1583 2748 1727 2777 minister.

1137 2792 1212 2820 223.
1238 2790 1423 2820 Revolvimus
1445 2789 1616 2823 iri-evocati,
1642 2797 1704 2818 non
1725 2787 1819 2828 jussi.

1096 2832 1148 2862 sed
1163 2837 1271 2872 sponte
1285 2831 1394 2861 iterum
1409 2830 1584 2861 recitamus.
1615 2829 1761 2860 Reman·
1773 2830 1821 2860 di-

1095 2878 1209 2903 cuntur
1233 2880 1361 2905 actores,
1385 2872 1439 2911 qui
1464 2877 1550 2902 actas
1572 2881 1642 2901 cum
1666 2871 1818 2912 applausu

1094 2922 1195 2956 partes
1216 2915 1320 2945 denuo
1342 2923 1431 2954 agere
1448 2913 1620 2955 jubenzanu
1642 2912 1722 2944 idem
1741 2913 1821 2943 valet
