1884 3288
289 234 637 280 PRAEFATIO
670 230 1008 275 EDITIONIS
1042 230 1385 274 SECUNDAE.
1522 232 1610 274 xvii

56 351 251 406 pecunia
271 351 439 407 cuique,
461 355 654 391 veterem
673 347 904 390 lectionem
924 351 998 388 aut
1021 345 1117 400 (pro
1137 345 1269 396 haud,
1292 346 1412 400 quod
1434 361 1490 388 ex
1511 361 1613 389 con-

57 427 232 482 jectura
251 427 371 482 dedi)
389 426 586 468 defendit
607 433 651 467 et
674 425 930 468 servandam
950 438 1048 466 esse
1070 423 1309 466 contendit.
1373 423 1463 466 Sed
1486 432 1611 467 vetus

0 523 3 529 ’
61 505 192 549 lectio
213 512 290 548 aut
310 522 399 548 non
419 505 557 548 solum
585 519 755 546 omnem
780 504 913 560 hujus
940 502 1026 546 loci
1047 503 1308 558 elegantiam
1330 503 1442 546 tollit
1462 511 1508 546 et
1529 505 1616 546 dis-

0 604 3 630 ;
62 586 228 636 turbat,
269 586 347 628 sed
377 586 507 628 etiam
537 584 838 626 adumbratam
870 583 915 624 in
948 597 1076 624 versu
1116 589 1327 637 sequente
1368 583 1615 638 imaginem,

0 649 6 669 γ’
71 664 115 706 T
109 670 248 706 ortum
275 665 412 721 digna
437 664 559 719 sequi
579 663 734 720 potius
761 677 888 718 quam
916 663 1073 704 ducere
1089 662 1247 718 funem
1274 661 1492 717 (pecunia,
1518 677 1618 717 quae

63 742 209 798 potius
245 743 467 793 divitibus,
504 750 553 784 ut
582 743 782 798 jumenta
815 741 989 783 ductori
1030 755 1124 791 suo,
1162 741 1326 782 servire
1362 747 1407 783 et
1446 756 1617 796 parere,

49 837 195 885 *quam
215 823 390 880 (funem
410 821 582 876 ducere)
603 822 819 877 imperare
841 820 1066 875 debebat),
1090 820 1219 876 plane
1245 822 1456 863 obscurat
1477 828 1522 863 et
1543 821 1619 862 de-

66 902 238 951 format.
299 901 532 952 Horatius,
554 901 630 956 qui
651 901 803 956 quavis
825 907 1002 956 arrepta
1026 901 1255 943 occasione
1276 901 1502 942 hominum
1522 914 1622 941 ava-

64 997 214 1025 rorum
235 980 460 1024 stultitiam
481 981 610 1030 ridet,
632 994 797 1035 eosque
819 987 868 1021 ut
892 979 1089 1021 homines
1114 980 1230 1021 inter
1250 995 1355 1036 opes
1381 980 1533 1036 inopes
1553 979 1622 1021 vel

66 1075 236 1117 semper
264 1066 438 1117 egentes
467 1060 677 1115 exagitat,
709 1059 826 1101 idem
854 1058 957 1101 fecit
987 1057 1073 1101 hoc
1103 1057 1214 1100 loco.
1280 1059 1476 1100 Pecunia
1505 1059 1626 1100 haud

67 1140 217 1190 servit,
238 1153 326 1181 non
347 1153 514 1180 servam
534 1138 659 1193 quasi
681 1152 727 1179 se
747 1143 931 1193 praestat
958 1137 1208 1180 hominibus
1230 1139 1386 1189 avaris,
1410 1153 1498 1180 non
1520 1138 1623 1179 sub-

62 1219 183 1274 jecta
202 1225 271 1260 est
290 1232 441 1260 eorum
461 1217 658 1272 imperio,
678 1217 756 1259 sed
776 1217 872 1272 ipsa
891 1222 959 1259 est
980 1217 1254 1272 imperatrix,
1276 1217 1372 1272 ipsa
1394 1217 1622 1272 imperium

67 1298 114 1339 in
133 1297 329 1340 homines
350 1311 503 1338 avaros
530 1296 613 1338 sibi
634 1296 856 1351 subjectos
878 1302 1069 1346 exercet,
1092 1296 1189 1351 ipsa
1210 1310 1363 1337 avaros
1386 1297 1508 1339 ducit
1530 1311 1617 1352 quo

69 1375 177 1419 vult.
238 1375 354 1418 Rem
380 1374 554 1417 conficit
580 1389 732 1416 versus
759 1390 959 1429 sequens,
990 1375 1065 1416 ubi
1095 1375 1283 1429 pecunia
1307 1374 1452 1430 lepide
1478 1382 1522 1417 et
1543 1391 1620 1431 ap-

71 1455 214 1511 posite
244 1461 522 1511 comparatur
552 1469 651 1496 cum
681 1455 865 1496 ductore
901 1454 1211 1510 jumentorum,
1245 1469 1343 1509 quae
1379 1454 1473 1496 funi
1504 1462 1619 1497 torto

73 1549 244 1577 annexa
268 1534 488 1591 patienter
517 1542 763 1590 sequuntur
788 1548 841 1575 eo
863 1549 951 1589 quo
972 1549 998 1575 a
1020 1534 1205 1576 ductore
1229 1533 1469 1576 flectuntur
1493 1541 1537 1576 et
1559 1535 1620 1576 ire

68 1614 306 1670 jubentur3
338 1614 537 1669 pecuniae
557 1629 661 1656 vero
681 1627 962 1669 possessores
986 1614 1176 1656 suaviter
1196 1620 1504 1670 comparantur
1524 1627 1623 1654 cum

69 1691 293 1749 jumentis,
315 1706 414 1746 quae
434 1691 538 1734 fune
560 1692 795 1735 ducuntur,
859 1692 1054 1735 Pecunia
1069 1693 1203 1748 igitur
1225 1708 1328 1742 non,
1343 1701 1393 1734 ut
1415 1692 1622 1741 debebat,

76 1772 226 1821 servit,
247 1770 327 1813 sed
348 1771 549 1827 imperat.
611 1770 758 1813 Facile
780 1771 958 1826 quidem
979 1772 1189 1822 concedo,
1212 1786 1300 1812 non
1326 1779 1488 1812 temere
1511 1770 1626 1812 solli-

77 1851 276 1893 citandas
297 1866 393 1893 esse
417 1858 584 1893 veteres
605 1849 829 1901 lectiones,
852 1865 876 1892 e
898 1850 1059 1905 quibus
1082 1864 1234 1891 sensus
1258 1851 1510 1892 commodus
1528 1848 1627 1892 elici

79 1931 246 1987 possit3
279 1931 358 1973 sed
387 1931 463 1972 ubi
487 1930 834 1985 deprehenditur
855 1937 980 1972 vetus
1007 1930 1152 1980 lectio,
1183 1930 1331 1971 sensui
1359 1930 1436 1979 rei,
1460 1929 1516 1971 de
1540 1945 1628 1984 qua

82 2025 223 2052 sermo
252 2016 334 2060 est,
357 2008 486 2065 plane
512 2023 778 2064 repugnans,
811 2009 908 2064 quis
939 2024 1027 2051 non
1059 2023 1188 2064 aequo
1219 2010 1362 2050 animo
1390 2009 1502 2051 ferat
1527 2024 1627 2051 eum

81 2089 157 2145 qui
177 2087 240 2130 illi
262 2088 547 2131 emendandae
577 2103 755 2143 operam
787 2089 877 2139 det,
910 2089 1134 2144 praecipue
1163 2089 1198 2130 si
1225 2096 1313 2130 tam
1342 2088 1430 2131 leni
1460 2089 1627 2131 ratione

81 2168 179 2211 fieri
197 2174 358 2224 potest,
379 2173 429 2209 ut
448 2166 533 2209 hoc
554 2166 664 2219 loco,
686 2183 773 2210 una
792 2175 961 2210 tantum
982 2168 1127 2210 littera
1147 2170 1175 2211 h
1198 2170 1293 2212 voci
1315 2176 1391 2212 aut
1423 2170 1627 2225 adjecta?

82 2247 251 2291 Verum
288 2247 402 2289 enim
441 2261 545 2288 vero
586 2262 673 2289 non
708 2248 839 2303 pauci
870 2255 1020 2290 nostra
1050 2257 1180 2292 aetate
1211 2251 1507 2300 inveniuntur,
1540 2250 1629 2305 qui,

85 2327 388 2383 superstitiosa
405 2327 633 2368 vetustatis
650 2326 859 2382 religione
876 2328 996 2370 ducti
1013 2329 1200 2385 actique,
1219 2331 1408 2372 omnium
1420 2322 1630 2380 locorum,

85 2422 184 2463 quae
201 2406 375 2462 ingenio
396 2412 634 2456 tententur,
653 2406 845 2448 vindices
863 2416 1118 2463 exsurgant,
1138 2417 1182 2450 et
1202 2424 1284 2464 pro
1301 2411 1452 2465 quavis
1469 2418 1631 2460 vetere,

84 2486 359 2542 quantumvis
379 2486 540 2542 inepta,
563 2484 748 2529 lectione
770 2486 928 2528 acriter
954 2475 1153 2542 pugnent
1171 2506 1181 2539 ;
1214 2487 1282 2531 vel
1303 2489 1380 2544 qui
1401 2489 1467 2543 (ut
1489 2491 1632 2532 verbis

86 2564 243 2621 Magni
281 2564 538 2608 Ruhnkenii
577 2567 620 2607 in
662 2565 791 2621 Elog.
835 2566 1162 2610 Hemsterhusii
1201 2569 1316 2623 utar)
1357 2570 1634 2612 obtrectandi

89 2645 234 2687 studio
259 2659 306 2687 se
334 2645 396 2686 ad
419 2644 667 2687 criticorum
695 2645 866 2687 inventa
891 2646 1151 2688 ratiunculis
1178 2648 1436 2703 quibusdam
1467 2650 1635 2691 convel-

88 2725 217 2767 lenda
235 2731 414 2781 parent,
439 2725 686 2777 moliantur,
714 2726 880 2775 sudent,
908 2732 963 2776 et,
990 2732 1034 2767 ut
1063 2726 1158 2768 loeo
1180 2727 1422 2783 depravato
1444 2730 1634 2784 qualem-

89 2817 254 2860 cunque
267 2817 436 2845 sensum
457 2803 688 2859 affingant,
710 2804 863 2847 mise-re
885 2820 930 2847 se
950 2811 1195 2862 torqueant.
1260 2806 1332 2849 Sic
1357 2822 1446 2849 non
1474 2809 1635 2850 desunt

91 2882 167 2936 qui
195 2883 389 2939 ineptam
417 2883 646 2926 lectionem
678 2883 824 2940 Epist.
853 2885 895 2935 ii,
925 2887 967 2936 2,
1000 2885 1068 2935 70,
1091 2886 1287 2937 humane,
1317 2901 1372 2928 ex
1403 2903 1489 2942 qua
1522 2887 1638 2929 nulla

95 2975 229 3017 opera
256 2961 440 3014 extundi
467 2969 615 3018 potest
637 2978 789 3005 sensus
813 2963 1064 3015 tolerabilis,
1093 2965 1333 3020 patrocinio
1364 2981 1442 3006 suo
1471 2973 1635 3020 tegant,
