1904 3314
305 197 390 238 460

792 201 1318 245 EPISTOLARUM

335 299 390 339 65
419 298 534 340 Vilia
553 300 806 341 vendentem
826 302 1014 343 tunicato
1035 309 1178 343 scruta
1196 302 1366 357 popello

422 365 635 420 Occupat,
655 373 698 408 et
720 366 880 408 salvere
894 368 1021 421 jubet
1040 369 1168 421 prior.

1228 368 1305 409 Ille
1328 368 1529 424 Philippo

420 430 644 472 Excusare
664 431 866 482 laborem,
888 440 932 474 et
951 435 1208 475 mercenaria
1227 435 1375 485 vincla,

421 495 552 542 Quod
573 512 656 538 non
677 512 797 539 mane
819 500 990 540 domum
1008 500 1214 550 venisset3
1248 501 1430 555 denique
1451 503 1568 556 quod
1589 517 1673 544 non

419 561 681 604 Providisset
701 578 808 605 eum.
871 564 942 605 Sic
961 565 1172 619 ignovisse
1192 573 1342 620 putato

336 626 390 666 70
419 627 495 668 Me
515 629 606 678 tibi,
629 629 664 669 si
684 643 827 671 coenas
846 630 976 671 hodie
997 645 1171 672 mecum.
1234 632 1296 673 Ut
1317 632 1434 675 libet.

1495 634 1616 688 Ergo

419 691 526 734 Post
545 709 698 735 nonam
717 696 883 745 venies3
915 711 1027 737 nunc
1048 697 1074 746 i,
1095 711 1183 738 rem
1205 705 1403 740 strenuus
1425 714 1549 754 auge.

418 757 480 798 Ut
500 766 671 800 ventum
691 761 746 802 ad
766 776 930 802 coenam
950 769 1028 811 est,
1051 763 1232 804 dicenda
1254 767 1434 807 tacenda
1454 766 1638 816 locutus,

417 823 612 866 Tandem
633 827 860 868 dormitum
879 828 1118 870 dimittitur.

1179 831 1279 880 Hic,
1301 833 1376 873 ubi
1397 847 1512 887 saepe

417 890 646 932 Occultum
667 893 782 933 visus
802 894 930 947 piscis
951 894 1180 937 decurrere
1201 897 1256 936 ad
1277 897 1462 948 hamum,

333 956 388 996 75
419 956 550 998 Mane
571 957 700 999 cliens
721 965 764 999 et
779 959 868 1013 jam
888 967 1031 1000 certus
1053 962 1240 1010 conviva,
1256 963 1438 1016 jubetur

415 1022 539 1063 Rura
561 1025 806 1066 suburbana
826 1026 996 1067 indictis
1019 1041 1158 1068 comes
1179 1027 1240 1067 ire
1262 1028 1441 1070 Latinis.

415 1089 646 1143 Impositus
667 1092 845 1140 mannis,
868 1106 1016 1145 agrum
1037 1092 1276 1146 coelumque
1299 1093 1504 1135 Sabinum

414 1154 518 1195 Non
539 1163 676 1196 cessat
695 1156 885 1197 laudare.

947 1158 1081 1198 Videt
1100 1159 1298 1213 ridetque
1320 1159 1546 1215 Philippus
1562 1178 1571 1203 ι

416 1220 490 1270 Et,
515 1221 594 1262 sibi
615 1223 717 1262 dum
736 1223 938 1276 requiem,
961 1224 1062 1264 dum
1083 1225 1193 1266 risus
1214 1226 1403 1279 undique
1424 1228 1590 1280 quaerit,

329 1287 385 1326 80
416 1287 532 1328 Dum
554 1295 719 1342 septem
740 1289 870 1330 donat
891 1292 1100 1340 sestertia,
1122 1299 1268 1333 mutua
1289 1300 1452 1347 septem

415 1353 645 1403 Promittit,
664 1355 912 1408 persuadet,
935 1356 996 1396 uti
1018 1364 1228 1398 mercetur
1248 1358 1444 1412 agellum.

413 1418 659 1461 Mereatur:
691 1435 743 1461 ne
768 1427 806 1461 te
826 1421 963 1476 longis
984 1424 1235 1477 ambagibus
1257 1424 1382 1474 ultra,

413 1485 554 1531 Quam
577 1486 678 1526 satis
700 1493 779 1536 est,
801 1502 964 1538 morer3
997 1503 1051 1529 ex
1072 1489 1207 1530 nitido
1229 1490 1277 1531 fit
1298 1491 1499 1541 rusticus,
1521 1498 1650 1546 atque

412 1550 561 1592 Sulcos
583 1558 626 1593 et
646 1553 786 1593 vineta
806 1561 951 1607 crepat
972 1569 1099 1604 mera,
1122 1563 1336 1609 praeparat
1356 1556 1508 1606 ulmos,

326 1617 381 1656 85
411 1616 653 1658 Immoritur
675 1619 839 1668 studiis,
862 1627 904 1660 et
925 1635 1066 1662 amore
1089 1623 1271 1663 senescit
1292 1622 1493 1664 habendi.

298 1760 444 1798 nobilem,
461 1760 545 1792 adire
567 1773 629 1792 non
652 1762 756 1800 audet,
772 1763 835 1794 sive
857 1774 921 1805 prae
944 1774 1029 1795 vere-

296 1803 411 1833 cundia
437 1809 467 1834 te
491 1804 699 1842 exhorrescit3
735 1805 921 1836 verecundia
947 1806 1029 1836 enim

298 1855 522 1886 nonnunquam
539 1856 607 1876 cum
624 1846 734 1878 timore
749 1848 798 1878 vel
815 1848 935 1879 horrore
950 1859 1029 1889 quo-

296 1887 368 1916 dam
382 1887 551 1927 conjuncta
565 1894 624 1918 est.

339 1930 390 1958 65.
411 1930 488 1959 Vilia
502 1936 615 1966 scruta,
628 1930 769 1971 intellige
780 1931 905 1962 detritas
917 1937 1028 1967 vesteS,

296 1969 511 2005 instrumenta,
527 1977 558 2002 et
576 1972 674 2002 multa
687 1972 763 2009 alia,
779 1978 914 2014 tempore
927 1979 957 2004 et
971 1984 1028 2005 usu

295 2011 403 2042 viliora
440 2012 531 2043 facta.
585 2013 750 2054 Ejusmodi
787 2025 903 2046 merces
941 2018 1026 2056 (nos,

297 2053 521 2093 Trbdelwaare)
543 2055 667 2085 venales
691 2057 849 2087 habebant
870 2059 1026 2088 scrutarii.

294 2095 366 2126 Jam
383 2106 453 2126 vero
471 2106 542 2126 cum
562 2098 669 2127 Menae
691 2098 723 2127 in
748 2099 957 2135 auctionibus,
973 2100 1028 2130 ubi

293 2136 347 2168 ille
363 2147 463 2179 praeco
478 2137 576 2179 pretia
587 2137 771 2169 licitantium
787 2141 1026 2181 pronunciabat,

294 2179 454 2210 commoda
465 2190 564 2210 rerum
575 2180 779 2211 obsoletamm
789 2182 1025 2213 coemendarum

294 2221 540 2263 suppeditaretur
569 2222 700 2258 occasio,
725 2223 880 2263 quomodo
908 2224 1025 2254 factum

295 2262 344 2299 sit,
360 2269 394 2294 ut
408 2274 510 2304 praeco
532 2263 625 2294 simul
644 2270 722 2294 esset
737 2265 916 2302 scrutarius,
934 2266 1025 2296 facile

293 2311 431 2346 apparet.
471 2306 616 2336 Tunicam
630 2308 752 2345 popello,
770 2306 909 2348 intellige
925 2307 1024 2337 homi-

293 2357 349 2377 nes
371 2346 410 2377 de
432 2347 534 2388 plebe,
556 2347 692 2388 opifices,
714 2349 915 2384 tabernarios,
937 2355 1024 2387 cett„

292 2388 347 2429 qui
361 2399 423 2419 non
441 2395 523 2430 toga,
536 2389 594 2420 sed
611 2390 716 2420 tunica
733 2390 907 2421 utebantur.

335 2431 387 2461 66.
411 2432 555 2471 Occupat,
580 2432 747 2473 opprimit;
779 2443 847 2468 nos,
875 2444 907 2463 er
934 2435 1022 2464 ilber-

291 2474 402 2503 rascht.
445 2474 576 2508 Salvere,
591 2484 633 2504 sc.
649 2484 731 2506 eum.

335 2516 388 2546 67.
415 2515 554 2555 Philippo
572 2517 722 2547 Excusare
744 2517 883 2553 laborem,
900 2524 928 2548 et
947 2529 1024 2548 mer-

290 2560 410 2588 cenaria
435 2560 546 2594 vincla,
567 2567 600 2588 se
623 2568 771 2590 excusare
794 2560 878 2601 apud
902 2559 1022 2602 Philip-

292 2609 366 2640 pum
389 2599 494 2631 labore
516 2606 547 2631 et
570 2601 767 2631 mercenariis
788 2601 942 2632 vinculis:
970 2612 1024 2643 per

292 2643 414 2672 vincula
428 2645 611 2673 mercenaria
627 2642 765 2683 intellige
782 2644 884 2674 officia
905 2654 1022 2685 praeco-

292 2683 323 2714 ni
339 2693 393 2724 pro
405 2683 573 2714 constituta
584 2684 724 2716 mercede
737 2686 897 2716 obeunda:
918 2686 1021 2716 minus

291 2732 372 2756 recte
390 2726 478 2756 vertit
496 2726 635 2764 Vossius,
652 2727 948 2767 Hundelsgeschiffte.

334 2769 387 2798 68.
411 2768 549 2803 Domum,
566 2768 598 2798 in
615 2769 696 2799 aedes
709 2769 867 2811 Philippi;
886 2771 1019 2806 venisset,

290 2809 449 2840 salutandi
463 2820 570 2841 causa.

332 2853 385 2883 69.
410 2853 590 2884 Providisset
605 2864 683 2889 eum,
700 2863 771 2884 eum
786 2852 959 2884 venientem
973 2854 1019 2884 vi-

289 2894 394 2930 disset,
410 2895 620 2926 observasset:
646 2895 752 2926 Plaut.
769 2895 860 2926 Asin.
875 2895 908 2931 ii,
921 2898 951 2931 4,
968 2908 1018 2935 np-

292 2944 394 2975 tnme,·
431 2939 632 2978 quamdudum
664 2944 697 2968 ιιι
731 2939 877 2968 advenisti
893 2940 905 2968 ‚⁷
950 2940 1018 2970 Non

1074 1766 1169 1795 hercle
1191 1772 1219 1796 te
1239 1768 1448 1805 provideram5
1473 1778 1576 1808 quaeso,
1591 1779 1628 1800 ne
1647 1771 1720 1801 vitio
1738 1781 1804 1801 ver-

1075 1814 1131 1842 tas,
1149 1807 1195 1838 lta
1211 1810 1377 1847 iracundia
1387 1811 1501 1840 obstitit
1515 1811 1619 1842 oculis.

1118 1850 1171 1879 71.
1198 1850 1267 1880 Post
1283 1862 1402 1888 nonam,
1418 1851 1501 1893 apud
1523 1862 1579 1883 nos
1601 1857 1670 1894 post
1685 1852 1805 1885 tertiam

1073 1891 1178 1921 horam
1194 1892 1451 1932 pomeridianam.

1116 1934 1170 1964 72.
1195 1934 1345 1971 Dicenda,
1362 1937 1487 1966 tacenda
1504 1934 1610 1978 (ῥητὰ
1629 1936 1685 1968 καὶ
1700 1936 1803 1980 ἅρρη·

1072 1976 1145 2010 τα),
1175 1975 1270 2015 digna
1297 1982 1328 2006 et
1355 1976 1485 2018 indigna.
1521 1977 1642 2014 auditu,
1671 1983 1746 2020 apta
1772 1985 1805 2010 et

1072 2017 1188 2057 inepta.

1114 2059 1166 2089 73.
1191 2060 1384 2095 Diminuam
1401 2070 1446 2091 sc.
1462 2059 1601 2092 domum.

1115 2101 1254 2132 73-76.
1286 2103 1358 2137 Hic,
1388 2104 1440 2132 ubi
1469 2113 1551 2142 saepe,
1580 2108 1654 2134 cett.

1072 2140 1174 2172 locum
1199 2142 1243 2173 ita
1268 2143 1466 2185 interpretor:
1496 2145 1558 2176 Hie
1582 2145 1730 2187 (Meua),
1752 2148 1806 2177 ubi

1071 2184 1268 2224 (postquam)
1295 2196 1367 2224 saepe
1393 2186 1475 2217 sieut
1500 2189 1590 2226 piscis
1614 2189 1654 2218 ad
1683 2188 1804 2219 hamum

1069 2227 1217 2255 occultum
1240 2227 1279 2257 ad
1302 2227 1382 2261 aedes
1398 2227 1537 2269 Philippi
1553 2231 1711 2260 decurrere
1723 2231 1803 2261 visus

1068 2272 1126 2300 est,
1142 2267 1235 2298 Mane
1253 2268 1390 2309 (scilicet
1406 2269 1544 2310 Philippi
1558 2270 1715 2301 salutandi
1729 2281 1799 2312 gra-

1068 2307 1130 2346 tia)
1146 2311 1237 2339 cliens
1258 2317 1286 2340 et
1301 2312 1370 2349 jam
1394 2317 1490 2341 certus
1513 2313 1646 2348 conviva,
1657 2314 1800 2352 jubetur,

1069 2355 1143 2380 cett.
1189 2352 1239 2382 De
1263 2351 1415 2393 particula
1437 2353 1638 2394 comparandi
1655 2356 1745 2390 siout,
1761 2356 1802 2386 ad

1063 2394 1152 2430 piscis
1174 2393 1298 2428 omissa,
1323 2394 1364 2424 cf.
1385 2404 1454 2435 sup.
1475 2395 1515 2425 ad
1536 2395 1637 2436 Epist.
1655 2395 1678 2432 i,
1698 2397 1731 2434 2,
1746 2398 1798 2428 42.

1068 2434 1206 2471 Indictis,
1219 2446 1264 2466 sc.
1279 2445 1296 2465 a
1313 2436 1439 2467 consule
1452 2448 1460 2474 3
1484 2437 1616 2473 Latinis,
1631 2447 1676 2468 sc.
1691 2437 1788 2470 feriis.

1110 2477 1247 2508 77—79.
1273 2478 1418 2508 Mannis:
1442 2478 1484 2509 cf.
1499 2482 1579 2520 sup.}
1591 2479 1631 2510 ad
1651 2480 1751 2521 Epod.
1767 2482 1798 2517 4,

1070 2518 1118 2548 14.
1163 2520 1226 2549 Sibi
1237 2521 1308 2549 dum
1321 2521 1450 2560 requiem
1465 2523 1583 2560 quaerit,
1595 2521 1670 2552 dum
1685 2521 1751 2563 ipse
1765 2521 1799 2553 in

1067 2565 1224 2601 posterum
1241 2561 1334 2591 vitam
1350 2561 1459 2592 sectari
1476 2563 1544 2594 vult
1555 2562 1704 2604 quietam,
1715 2563 1798 2595 iner-

1066 2607 1142 2638 tem,
1153 2610 1183 2634 et
1196 2603 1386 2643 negotiorum
1403 2603 1552 2635 molestiis
1567 2605 1708 2636 liberam.
1738 2606 1797 2636 Ri-

1065 2655 1125 2682 sus,
1155 2644 1295 2686 intellige
1331 2645 1436 2676 omnia
1470 2656 1542 2686 quae
1578 2646 1674 2678 vitam
1709 2647 1798 2678 exhi-

1066 2687 1180 2717 larant.

1706 2104 1803 2136 Hunc

1106 2730 1160 2776 89.
1185 2730 1298 2769 Septem
1312 2731 1458 2765 sestertitz,
1472 2734 1590 2771 septem
1613 2729 1712 2760 millia
1732 2740 1795 2762 ses-

1064 2770 1289 2850 tergbammm’
1305 2825 1392 2853 qaetam
1409 2814 1480 2844 satis
1493 2819 1547 2850 est,
1563 2811 1668 2849 nimis,
1682 2818 1794 2855 praeter

1064 2855 1202 2886 modum.

1106 2899 1159 2927 83.
1191 2898 1236 2927 Ex
1260 2898 1368 2933 nitido,
1397 2907 1435 2928 ex
1463 2895 1661 2938 elegantioris
1690 2897 1794 2928 cultus

1063 2939 1187 2971 homine
1202 2939 1330 2970 urbano.
