1904 3314
317 186 403 228 636

360 297 464 327 equus.
507 285 570 316 albi
593 286 658 317 Sat.
683 285 704 320 i,
729 286 760 322 7,
785 287 815 316 8.
857 285 968 318 docilis
989 286 1047 327 Ep.

318 327 341 366 i,
366 330 400 364 2,
424 329 477 359 64.
522 327 653 369 impiger
677 327 739 359 od.
763 327 805 363 iv,
832 329 864 363 3,
891 329 922 358 4.
967 327 1049 358 serus

319 371 386 401 Sat.
414 370 436 405 i,
463 371 497 404 ὃ,
525 371 578 402 56.
630 370 759 410 fugaces
787 369 850 400 Od.
877 369 911 405 ii,
941 370 970 404 l,
997 370 1049 400 20.

319 411 451 443 fremens
485 411 547 442 Od.
581 411 623 446 iv,
665 413 714 448 14,
753 413 806 441 24.
881 410 1050 442 certamine

321 453 437 501 primus
455 454 513 495 Ep.
528 453 567 483 ad
589 453 655 484 Pis.
671 454 722 484 84.
766 453 878 483 Martis
896 453 968 493 equi
989 452 1052 483 Od.

320 495 364 531 iii,
380 497 412 530 3,
431 496 484 525 16.
527 505 627 535 equus
653 501 689 525 ut
714 505 763 526 me
786 500 896 536 portet,
913 495 978 525 alat
999 504 1051 524 rex

323 538 385 577 Ep.
399 537 422 571 i,
440 537 490 574 17,
505 537 561 566 20.
604 535 718 578 quibus
737 541 784 567 est
803 547 904 577 equus
925 538 986 576 Ep.
1011 536 1051 566 ad

322 577 389 610 Pis.
405 579 480 609 248.
514 588 663 619 equorum
681 584 791 609 matres
807 578 871 609 Od.
890 578 910 613 i,
927 579 980 613 25,
1001 579 1050 608 14.

321 620 394 662 equi
418 619 501 650 auris
523 620 642 651 frenato
665 621 696 651 in
721 630 772 651 ore
795 626 842 650 est
867 621 926 661 Ep.
951 619 973 655 i,
1001 621 1048 655 15,

325 664 378 692 13.
424 662 499 692 arsit
519 672 669 703 equorum
695 662 806 692 studiis
826 662 885 702 Ep.
900 661 933 697 ii,
953 663 981 698 1,
997 662 1050 692 95.

323 710 431 745 aptum
459 703 548 744 equis
575 705 679 744 Argos
704 703 766 734 Od.
795 703 815 738 i,
844 704 875 738 7,
902 705 934 734 9.
989 713 1051 733 non

323 752 415 788 aptus
443 745 530 787 equis
554 746 663 776 Ithace
691 745 781 776 locus
806 746 866 786 Ep.
890 744 913 780 i,
940 746 971 778 7,
998 746 1050 775 41.

324 793 460 829 quantus
480 787 569 828 equis
591 788 678 818 adest
695 787 806 817 sudor!
833 787 894 817 Od.
911 786 932 822 i,
955 788 1002 821 15,
1019 788 1051 817 9.

323 830 418 860 instat
443 830 532 870 equis
558 829 667 869 auriga
691 830 756 859 Sat.
780 829 803 865 i,
829 830 858 865 1,
879 830 950 859 115.
993 827 1051 858 irn-

324 871 455 913 peritate
482 871 571 912 equis
602 872 664 902 Od.
695 871 717 908 i,
747 872 798 907 15,
828 872 881 901 25.
937 880 1051 910 equum

326 913 448 944 flectere
485 914 547 944 Od.
573 913 619 948 iii,
646 914 678 949 7,
708 914 763 943 25.
815 911 880 952 egit
911 916 1054 942 tonantes

325 965 423 996 equos
440 955 501 986 Od.
515 955 537 990 i,
553 956 606 990 34,
624 956 655 986 8.
699 954 865 984 diversoria
884 959 957 983 nota
975 963 1053 994 prae-

326 997 510 1037 teragendus
534 1002 580 1028 est
600 997 658 1038 Ep.
684 997 707 1031 i,
731 998 781 1031 15,
802 997 852 1026 11.
899 1000 1056 1026 verterunt

325 1038 372 1068 bis
386 1038 470 1070 mille
485 1048 581 1079 equos
597 1037 685 1068 Galli
703 1037 802 1078 Epod.
818 1039 850 1072 9,
871 1038 919 1066 17.
963 1036 1056 1066 versis

327 1081 484 1111 animosus
510 1079 600 1121 equis
630 1080 764 1110 Parthus
790 1079 852 1109 Od.
874 1078 896 1115 i,
925 1079 975 1114 19,
1004 1079 1055 1108 11.

327 1131 437 1152 cervus
448 1132 564 1162 equum
577 1121 795 1152 communibus
807 1119 909 1151 herbis
921 1119 1057 1160 pellebat

329 1164 390 1204 Ep.
406 1164 427 1197 i.
447 1164 496 1199 10,
512 1164 566 1194 34.
611 1163 694 1193 solve
713 1168 922 1193 senescentem
942 1171 1056 1202 equum

330 1206 390 1246 Ep.
413 1205 435 1242 i,
464 1207 492 1240 1,
519 1206 549 1236 8.
596 1204 773 1246 pugilemve
798 1213 954 1244 equumve
982 1203 1059 1234 dicit

330 1247 392 1278 Od.
408 1247 448 1281 iv,
464 1248 495 1283 2,
514 1247 563 1277 18.
607 1246 663 1277 ubi
685 1251 862 1276 mercantur
880 1255 976 1286 equos
993 1246 1058 1275 Sat.

330 1289 351 1326 i,
368 1290 401 1325 2,
417 1290 470 1320 86.
507 1287 635 1328 agitavit
649 1298 764 1329 equum
780 1287 898 1318 lasciva
913 1287 1058 1328 supinum

327 1332 394 1362 Sat.
418 1331 452 1366 ii,
478 1332 508 1366 7,
528 1333 581 1362 50.
626 1330 724 1360 lassus
747 1330 787 1360 ab
807 1329 956 1360 indomito
978 1339 1058 1370 equo

330 1374 398 1404 Sat.
415 1372 448 1410 ii,
463 1374 496 1408 2,
515 1374 547 1404 9.
590 1371 623 1402 in
645 1371 734 1412 equis
755 1377 877 1412 patrum
897 1370 993 1401 virtus
1014 1375 1060 1401 est

332 1414 395 1445 Od.
409 1414 451 1452 iv,
467 1416 499 1450 4,
515 1415 568 1444 30.
604 1414 693 1455 equis
708 1423 852 1455 superare
869 1413 982 1443 nobilis
997 1412 1059 1444 od.

330 1456 352 1494 i,
371 1457 421 1492 12,
438 1458 490 1487 26.
534 1466 627 1497 quam
647 1466 711 1486 rem
727 1465 852 1495 cunque
867 1454 957 1485 miles
969 1454 1060 1495 equis

331 1499 458 1539 gesserit
471 1498 534 1530 Od.
549 1498 571 1533 i,
589 1499 621 1533 6,
640 1499 671 1528 3.
714 1498 829 1528 haerere
843 1507 925 1538 equo
941 1496 1003 1527 Od.
1014 1495 1059 1532 iii,

330 1542 384 1576 24,
413 1542 465 1571 54.
527 1540 637 1571 labens
671 1549 751 1580 equo
785 1540 850 1569 Sat.
881 1539 914 1574 ii,
948 1540 976 1573 1,
1011 1540 1061 1569 15.

331 1582 447 1622 gaudet
469 1582 558 1623 equis
583 1583 650 1612 Sar.
670 1581 704 1618 ii,
723 1583 751 1617 1,
767 1582 830 1618 265
854 1581 913 1622 Ep.
932 1580 972 1610 ad
994 1581 1062 1611 Pis.

334 1626 405 1655 162.
449 1635 510 1655 non
531 1623 671 1654 inclusus
690 1633 783 1664 equo,
799 1622 953 1652 Minervae
974 1632 1062 1652 sacra

333 1665 462 1697 mentito
476 1666 640 1708 (Trojano)
657 1666 719 1696 Od.
734 1665 777 1702 iv,
793 1665 824 1700 6,
843 1665 892 1694 13.

374 1709 507 1738 eradere.
549 1707 704 1738 eradenda
727 1715 802 1737 sunt
823 1706 975 1737 elementa
997 1706 1062 1737 Od.

333 1750 378 1785 iii,
394 1751 447 1784 24.
463 1751 516 1780 51.
875 1772 877 1775 .

374 1798 500 1823 erectus.
536 1791 614 1822 liber
627 1795 659 1822 et
673 1796 794 1822 erectus
810 1791 870 1832 Ep.
887 1789 909 1825 i,
928 1791 957 1828 1,
973 1791 1025 1821 69.

374 1845 500 1874 erepere.
542 1840 672 1868 montes,
691 1843 770 1875 quos
791 1843 952 1873 nunquam
974 1842 1061 1874 erep-

331 1887 435 1908 semus
450 1878 514 1908 Sat.
530 1874 551 1911 i,
567 1877 598 1911 5,
615 1876 668 1906 79.

383 1929 463 1960 ergo.
507 1917 569 1948 Od.
598 1916 630 1954 ii,
660 1918 692 1952 7,
726 1918 784 1953 17;
830 1917 930 1958 Epod.
958 1917 991 1950 2,
1021 1915 1062 1952 9;

334 1961 434 2002 Epod.
460 1960 511 1994 17,
535 1960 597 1995 27;
622 1961 686 1990 Sat.
706 1959 728 1994 i,
753 1960 801 1995 10,
821 1959 861 1996 7;
885 1960 950 1988 Sat.
972 1957 1006 1992 ii,
1029 1958 1061 1994 2,

335 2003 388 2037 35,
405 2003 457 2035 50,
477 2002 556 2039 1013
579 2002 644 2033 Sat.
666 2000 702 2036 ii,
726 2002 757 2036 3,
777 2003 809 2036 5,
828 2001 881 2037 89,
899 2001 970 2034 156,
989 2000 1062 2034 192,

335 2044 419 2081 220;
441 2044 508 2074 Sat.
534 2042 568 2077 ii,
595 2045 626 2078 5,
654 2043 713 2081 19;
742 2044 808 2073 Sat.
833 2042 866 2078 ii,
888 2043 919 2076 6,
942 2043 992 2077 16,
1013 2042 1064 2076 70,

339 2087 416 2123 106;
447 2087 505 2127 Ep.
531 2084 553 2120 i,
577 2085 608 2120 6,
632 2085 692 2122 46;
716 2085 775 2125 Ep.
795 2084 816 2120 i,
831 2085 861 2121 7,
880 2085 943 2121 703
968 2084 1024 2124 Ep.
1042 2082 1064 2119 i,

339 2129 390 2163 18,
408 2128 470 2165 783
495 2128 556 2168 Ep.
578 2126 617 2156 ad
639 2126 705 2156 Pis.
726 2127 799 2156 304.
843 2127 996 2164 particula
1018 2127 1065 2155 in-

337 2171 532 2211 terrogationi
546 2174 574 2199 et
590 2169 794 2209 indignationi
809 2169 985 2198 inserviens:
1005 2166 1067 2197 Od.

336 2211 359 2246 i,
375 2213 427 2248 24,
443 2213 485 2248 5;
509 2212 573 2241 Sat.
594 2210 628 2246 ii,
648 2212 680 2246 5,
698 2211 755 2240 101
771 2220 780 2248 5
805 2210 864 2251 Ep.
883 2210 916 2246 ii,
935 2211 964 2245 1,
982 2209 1066 2247 2063

337 2253 397 2295 Ep.
412 2254 451 2284 ad
466 2252 531 2284 Pis.
546 2253 621 2283 353.

378 2298 503 2337 erigere.
550 2296 578 2330 1,
607 2292 763 2334 erigimur,
795 2298 957 2334 postquam
987 2291 1066 2322 nihil

337 2347 402 2368 esse
430 2336 539 2379 pericli
563 2335 716 2367 sensimus
737 2336 803 2365 Sat.
824 2335 858 2370 ii,
881 2336 912 2369 8.
933 2336 987 2365 58.
1032 2335 1064 2370 2,

338 2391 354 2410 e
368 2386 487 2410 veterno
502 2381 643 2410 excitare:
667 2377 825 2408 hominem
841 2376 885 2407 sic
899 2376 989 2418 erigit
1001 2377 1066 2407 Sat.

338 2421 373 2458 ii,
393 2422 425 2458 3,
443 2423 514 2452 150.

379 2465 503 2503 eripere.
551 2463 579 2497 1,
596 2461 705 2503 eripiet
724 2460 825 2502 quivis
848 2460 954 2491 oculos
974 2460 1067 2490 citius

339 2504 415 2536 mihi
437 2507 503 2536 Sat.
524 2504 558 2540 ii,
582 2506 612 2538 5.
640 2505 694 2534 35.
737 2502 851 2545 eripias
876 2502 902 2532 si
930 2508 1068 2549 tempora

339 2553 424 2578 certa
453 2546 624 2587 modosque
650 2546 718 2576 Sat.
747 2545 768 2579 i,
799 2547 829 2580 4,
854 2545 908 2575 57.
961 2544 1069 2585 eripiet

338 2589 447 2620 curule
466 2589 543 2620 ebur
566 2589 628 2630 Ep.
649 2587 671 2623 i,
686 2589 717 2622 6,
731 2589 783 2618 53.
827 2597 898 2627 quae
923 2592 1069 2628 poscente

340 2631 440 2672 magis
458 2631 593 2672 gaudeat
609 2629 684 2671 eripi
701 2628 765 2660 od.
783 2629 815 2664 ii,
834 2629 884 2663 12,
900 2629 953 2660 27.
997 2630 1066 2659 libe-

337 2685 427 2704 rare.-
472 2672 657 2714 Tyndaridae
694 2671 831 2713 eripiunt
872 2670 911 2701 ab
954 2669 1068 2701 infimis

340 2714 517 2756 aequoribus
542 2719 623 2745 retes
649 2714 710 2744 Od.
735 2713 777 2748 iv,
800 2715 831 2749 8,
857 2714 909 2744 32.
962 2718 996 2743 ut
1020 2723 1068 2743 me

338 2757 468 2799 eriperet
483 2757 548 2787 Sat.
563 2758 585 2792 i,
602 2757 698 2792 9,65.
739 2755 856 2796 eripere
873 2754 945 2786 atris
959 2754 1067 2785 litibus

340 2799 524 2841 implicitum
563 2799 623 2840 Ep.
659 2797 699 2828 ad
736 2797 803 2827 Pis.
834 2797 905 2828 423.
959 2796 1067 2827 haedus

339 2846 467 2915 Σῖἰενῗιὲῗ)
488 2839 755 2914 111Ρῗίῖὲῐιέοῒαὲἐε
762 2838 934 2922 63spssssss
938 2844 1068 2917 Ἑῐαῗῑίθίῗ

340 2927 372 2963 3,
401 2927 475 2957 206.
526 2927 645 2956 tandem
678 2925 715 2954 ab
751 2925 852 2964 aliquo
887 2925 1067 2963 impetrare:

855 199 998 227 INDEX
1019 198 1277 227 VERBORUM.

1091 283 1141 315 vix
1166 290 1270 315 tamen
1294 283 1434 326 eripiam.
1457 283 1533 324 quin
1552 283 1630 315 velis
1649 283 1715 315 Sat.
1733 282 1768 319 ii,
1788 283 1822 320 2,

1091 327 1145 357 23.
1189 327 1222 362 2,
1239 328 1363 362 demere,
1385 327 1534 356 adimere:
1558 331 1588 357 te
1610 325 1709 356 tutela
1731 324 1822 356 Jovis

1092 369 1226 399 Saturno
1250 367 1364 409 eripuit
1385 367 1447 398 Od.
1472 367 1506 405 ii,
1531 367 1582 402 17,
1607 367 1662 398 24.
1707 365 1823 414 Stygiis

1093 410 1238 440 fluctibus
1266 415 1388 451 ereptus
1417 409 1480 440 Od.
1507 409 1550 444 iv,
1575 410 1606 444 8,
1633 409 1687 440 25.
1737 417 1823 450 eripe

1093 451 1174 482 colla
1187 451 1265 492 jugo
1281 453 1346 482 Sat.
1360 451 1394 486 ii,
1410 452 1442 487 7,
1459 452 1513 482 91.
1558 450 1670 492 (anni)
1684 450 1823 492 eripuere

1090 494 1180 534 jocos
1199 495 1260 534 Ep.
1282 493 1315 530 ii,
1339 495 1371 529 2,
1388 495 1442 524 56.
1484 491 1570 534 eripe
1591 497 1622 523 te
1645 501 1739 523 morae
1759 491 1824 523 Od.

1094 534 1142 572 iii,
1157 536 1210 571 29,
1228 537 1259 566 5.

1136 588 1248 607 errare.
1303 577 1332 612 1,
1358 587 1412 618 per
1447 577 1534 607 lucos
1564 574 1628 606 Od.
1655 573 1700 612 iii,
1732 575 1764 610 4,
1792 575 1824 606 7.

1093 618 1211 653 utinam
1227 628 1324 649 errem
1342 619 1421 649 inter
1436 618 1540 648 leones
1557 617 1620 648 Od.
1638 616 1684 652 iii,
1699 617 1754 651 27.
1771 618 1825 648 51.

1094 660 1173 691 inter
1195 661 1328 691 audaces
1355 661 1448 701 lupus
1472 665 1554 690 errat
1575 668 1674 700 agnos
1695 657 1756 690 Od.
1778 657 1825 694 iii,

1097 703 1148 738 18,
1176 703 1226 732 13.
1276 707 1416 733 errantes
1444 711 1553 742 greges
1583 701 1684 743 Epod.
1709 700 1743 735 2,
1772 700 1825 731 14.

1095 749 1250 785 serpentes
1287 750 1380 785 atque
1407 743 1526 774 videres
1557 751 1657 774 errare
1691 741 1827 773 infernas

1095 795 1188 816 canes
1225 787 1290 816 Sat.
1323 786 1344 821 i,
1376 787 1408 821 8,
1440 786 1493 816 35.
1547 785 1680 827 Cocytos
1722 793 1827 815 emus

1097 827 1223 858 flumine
1249 827 1397 867 languido
1425 827 1488 858 Od.
1509 826 1543 860 ii.
1566 828 1618 865 14,
1638 827 1685 857 18.
1727 825 1827 856 stellae

1092 868 1229 909 jussaene
1253 875 1353 900 errent
1373 870 1432 910 Ep.
1452 868 1474 906 i,
1499 870 1546 906 12,
1563 869 1614 900 17.
1657 867 1731 899 dum
1754 867 1828 897 sub-

1097 910 1180 941 limis
1201 920 1305 941 versus
1325 917 1463 941 ructatur
1486 916 1516 941 et
1535 916 1614 941 errat
1630 911 1690 958 Ep·
1705 908 1745 940 ed
1759 908 1840 942 Pis..
1888 917 1897 937 ¹.

1098 953 1170 983 457.
1214 953 1245 987 2,
1264 954 1300 982 de
1319 955 1437 983 animo:
1472 957 1550 983 errat
1575 952 1635 993 Ep.
1660 961 1693 988 ιι,
1721 952 1749 986 l,
1775 951 1830 982 65.
1893 983 1898 987 ,

1097 993 1172 1024 dum
1195 993 1354 1035 sapientiae
1375 994 1538 1025 consultus
1561 1002 1628 1024 erro
1649 992 1710 1023 Od.
1729 992 1752 1028 i,
1775 993 1828 1030 34,

1099 1036 1130 1065 3.
1174 1035 1346 1066 stultitiane
1361 1041 1438 1066 erret
1457 1036 1523 1065 Sat.
1542 1034 1576 1071 ii,
1592 1036 1624 1070 3,
1640 1035 1718 1066 210.
1763 1034 1829 1066 vel-

1100 1076 1160 1107 lem
1177 1076 1209 1106 in
1225 1076 1364 1107 amicitia
1378 1077 1422 1108 sie
1438 1086 1608 1108 erraremus
1620 1077 1685 1107 Sat.
1695 1075 1719 1112 i,
1731 1077 1763 1111 3,
1775 1078 1829 1109 41.

1141 1129 1216 1148 erro.
1254 1118 1401 1158 fugitivus
1414 1124 1444 1149 et
1459 1128 1525 1150 erro
1540 1119 1606 1148 Sat.
1620 1117 1654 1155 ii,
1669 1118 1700 1153 7,
1718 1119 1792 1149 113.

1141 1170 1235 1191 error.
1281 1161 1310 1195 1,
1326 1160 1379 1191 ubi
1401 1161 1542 1202 palantes
1556 1169 1639 1190 error
1651 1159 1692 1190 de
1708 1158 1831 1191 tramite

1100 1202 1190 1243 pellit
1209 1203 1274 1232 Sat.
1299 1202 1332 1236 ii,
1351 1203 1384 1238 3,
1405 1204 1459 1234 49.
1503 1203 1537 1237 2,
1556 1203 1667 1233 animi.-
1692 1201 1831 1242 gratissi-

1101 1254 1170 1274 mus
1185 1243 1297 1275 mentis
1317 1245 1373 1286 Ep.
1392 1243 1426 1279 ii,
1441 1245 1474 1280 2,
1494 1245 1564 1274 140.
1611 1253 1693 1275 unus
1706 1243 1832 1285 utrique

1101 1295 1183 1316 error
1209 1287 1275 1316 Sat.
1304 1285 1336 1322 ii,
1363 1287 1395 1322 3,
1423 1287 1476 1317 51.
1531 1285 1581 1316 hic
1607 1295 1689 1317 error
1713 1290 1830 1322 tamen,

1102 1333 1235 1368 quantas
1250 1327 1376 1358 virtutes
1392 1328 1517 1363 habeat,
1532 1327 1576 1358 sic
1590 1327 1704 1368 collige
1719 1327 1779 1369 Ep.
1793 1327 1829 1363 ii,

1105 1371 1134 1404 l,
1158 1370 1231 1400 118.
1277 1370 1389 1400 vellem
1413 1369 1465 1400 isti
1487 1369 1579 1400 errori
1598 1369 1695 1400 virtus
1718 1379 1832 1400 nomen

1103 1411 1254 1452 posuisset
1277 1411 1440 1442 honestum
1465 1412 1531 1442 Sat.
1556 1410 1578 1445 i,
1602 1411 1634 1447 3,
1659 1411 1713 1442 42.
1758 1410 1833 1442 huic

1101 1463 1159 1493 ego
1173 1453 1264 1484 errori
1280 1453 1393 1493 vulgus
1411 1453 1543 1483 similem
1563 1452 1700 1484 insanire
1714 1451 1833 1492 docebo

1104 1495 1170 1526 Sat.
1182 1495 1216 1530 ii,
1232 1497 1264 1532 3,
1275 1496 1328 1526 63.
1371 1496 1402 1532 3,
1417 1496 1555 1526 inscitia.-
1578 1504 1642 1536 quo
1657 1493 1734 1526 ferat
1751 1505 1833 1526 error

1105 1538 1165 1578 Ep.
1194 1537 1230 1567 ad
1262 1537 1329 1567 Pis.
1355 1538 1429 1567 308.
1479 1537 1510 1572 4,
1525 1536 1642 1578 furor.-
1677 1535 1833 1569 fanaticus

1105 1579 1164 1620 Ep.
1181 1579 1220 1609 ad
1235 1578 1302 1609 Pis.
1315 1580 1389 1610 454.

1146 1622 1322 1651 erubescere.
1363 1631 1425 1651 non
1439 1619 1655 1652 erubescendis
1669 1618 1771 1651 adurit
1786 1620 1833 1661 ig-

1105 1662 1197 1693 nibus
1212 1663 1273 1693 Od.
1288 1662 1309 1700 i,
1323 1663 1378 1698 27,
1396 1664 1447 1694 15.

1147 1716 1250 1735 eruca.
1291 1704 1404 1735 virides
1417 1705 1481 1735 Sat.
1496 1703 1530 1739 ii,
1545 1705 1579 1738 8,-
1590 1705 1642 1735 51.

1147 1757 1260 1778 eruere.
1305 1748 1333 1781 l,

1367 1745 1503 1788 caprifici
1545 1751 1641 1777 erutae
1681 1745 1834 1788 sepulcris

1107 1789 1207 1830 Epod.
1239 1791 1271 1824 5,
1305 1789 1356 1821 17.

1412 1790 1444 1824 2,
1473 1789 1507 1818 in
1544 1789 1639 1819 lucem
1675 1789 1834 1829 prqfhrre:

1105 1831 1269 1862 obscurata
1305 1830 1359 1861 diu
1392 1829 1547 1862 vocabula
1581 1829 1698 1871 populo
1734 1830 1835 1860 bonus

1105 1879 1193 1904 eruet
1209 1874 1269 1914 Ep.
1286 1873 1319 1910 ii,
1335 1874 1366 1907 2,
1385 1873 1460 1903 115.

1147 1925 1250 1945 ervum
1264 1915 1394 1956 (Erue).
1435 1919 1528 1945 tenue
1543 1914 1609 1945 Sat.
1622 1913 1656 1951 ii,
1672 1914 1703 1950 6,
1718 1913 1791 1943 117.

1148 1967 1223 1988 esca.
1265 1968 1336 1998 quae
1359 1956 1456 1998 prima
1474 1956 1588 1986 iratum
1606 1961 1742 1987 ventrem
1786 1955 1834 1984 la-

1105 1999 1221 2029 caverit
1242 2009 1315 2030 esca
1338 1999 1404 2039 Set.
1426 1998 1462 2035 ii,
1487 1999 1519 2036 8,
1541 1999 1573 2030 5.
1615 2006 1731 2029 memor
1749 1997 1760 2028 i
1776 1996 1836 2027 lius

1106 2051 1186 2072 escae
1202 2043 1265 2072 Sat.
1280 2041 1314 2077 ii,
1331 2042 1363 2076 2,
1380 2042 1432 2071 72.

1157 2094 1222 2114 esse.
1278 2085 1306 2118 l,
1333 2083 1483 2122 copulat„-
1520 2082 1687 2112 sescenties.
1729 2082 1762 2117 2,
1786 2091 1836 2111 ex-

1107 2126 1212 2155 istere:
1244 2124 1432 2160 Vertumnis,
1459 2128 1612 2164 quotquot
1637 2128 1720 2160 sunt,
1745 2128 1837 2153 nutus

1108 2166 1223 2207 iniquis
1253 2167 1317 2198 Sat.
1344 2166 1378 2202 ii,
1404 2167 1435 2203 7,
1465 2167 1515 2197 14.
1560 2174 1616 2196 nec
1645 2165 1686 2196 sit
1714 2165 1836 2200 marita,

1109 2219 1180 2249 quae
1202 2208 1302 2250 Epod.
1327 2209 1359 2244 8,
1383 2209 1435 2238 13.
1474 2208 1527 2249 jus
1551 2212 1600 2238 est
1619 2206 1837 2248 judiciumque

1109 2251 1174 2280 Sat.
1197 2250 1230 2286 ii,
1253 2251 1281 2285 1,
1301 2251 1354 2280 82.
1397 2254 1446 2280 est
1470 2249 1579 2280 vitium
1603 2249 1663 2291 Ep.
1687 2247 1709 2286 i,
1734 2250 1784 2284 18,
1803 2250 1834 2279 5.

1109 2291 1201 2322 amici
1226 2291 1252 2322 si
1278 2291 1361 2333 quod
1384 2291 1425 2321 sit
1447 2290 1558 2322 vitium
1582 2291 1650 2321 Sat.
1675 2289 1698 2325 i,
1724 2291 1756 2325 3,
1785 2291 1837 2321 44.

1107 2339 1156 2364 est
1177 2343 1276 2374 genus
1291 2344 1386 2364 unum
1406 2334 1472 2363 Sat.
1487 2332 1522 2367 ii,
1538 2333 1570 2367 3,
1587 2333 1648 2370 535
1670 2331 1749 2362 ibid.
1763 2333 1839 2363 301.

1108 2375 1166 2406 suit
1193 2376 1259 2406 haec
1284 2370 1435 2416 sapientia
1458 2373 1614 2416 quondam
1634 2375 1692 2415 Ep.
1711 2373 1751 2404 ad
1771 2373 1838 2404 Pis.

1107 2418 1181 2448 396.
1238 2422 1285 2449 est
1315 2416 1424 2448 modus
1458 2416 1491 2447 in
1526 2416 1631 2453 rebus,
1660 2421 1733 2447 sunt
1761 2415 1838 2447 certi

1108 2459 1243 2500 denique
1272 2459 1347 2490 fines
1374 2460 1442 2490 Sat.
1468 2458 1501 2505 1,·
1520 2459 1550 2494 1,
1580 2459 1652 2490 106.
1710 2467 1773 2489 neu
1798 2457 1840 2488 sit

1110 2511 1183 2574 ’[Ῑῖῗέ
1188 2511 1243 2574 ¹32.
1260 2501 1431 2583 ³1¹2?ssss
1434 2500 1516 2573 ἀὲ.ἒῖ
1536 2500 1708 2578 21³‚⁶’6‚¹}4.
1735 2509 1838 2572 ”2233

1109 2595 1178 2616 esse
1203 2584 1310 2627 pericli
1333 2586 1398 2616 Sat.
1420 2584 1454 2621 ii,
1478 2585 1509 2620 8,
1534 2584 1587 2615 57.
1632 2583 1676 2615 nil
1703 2583 1748 2614 ait
1773 2593 1839 2615 esse

1110 2627 1196 2669 prius
1217 2628 1274 2669 Ep.
1293 2627 1314 2663 i,
1329 2629 1357 2664 1,
1373 2628 1425 2658 88.
1468 2625 1543 2667 quid
1559 2635 1662 2657 cause
1676 2630 1725 2658 est
1739 2626 1803 2656 Sat.
1817 2625 1839 2662 i,

1114 2671 1142 2704 1,
1159 2671 1211 2700 20.
1253 2668 1403 2710 quicquid
1421 2668 1536 2704 dicam,
1552 2672 1607 2698 aut
1625 2667 1684 2698 erit
1701 2673 1757 2698 aut
1774 2677 1838 2698 non

1111 2713 1178 2743 Sat.
1194 2711 1228 2747 ii,
1244 2713 1276 2747 5,
1292 2713 1344 2743 59.
1387 2719 1575 2752 quacunque
1593 2708 1691 2740 libido
1708 2714 1758 2740 est
1771 2709 1837 2740 Sat.

1112 2753 1134 2791 i,
1158 2754 1191 2789 6,
1218 2755 1290 2784 111.
1339 2758 1388 2784 est
1423 2752 1503 2784 inter
1537 2750 1656 2782 'sunnin
1689 2750 1837 2792 quiddam

1110 2805 1312 2837 socerumque
1344 2795 1411 2826 Sat.
1441 2793 1464 2830 i,
1499 2795 1528 2830 l,
1562 2793 1636 2824 105.
1694 2793 1735 2824 sit
1769 2793 1839 2824 finis

1110 2837 1270 2879 quaerendi
1286 2838 1350 2874 Sat.
1370 2836 1392 2873 i,
1415 2837 1443 2874 1,
1457 2837 1512 2867 92.
1555 2835 1594 2866 sit
1615 2844 1686 2877 spes
1708 2834 1837 2866 fallendi

1111 2881 1170 2922 Ep.
1190 2879 1211 2915 i,
1236 2881 1284 2917 16,
1302 2881 1355 2911 54.
1397 2879 1439 2909 sit
1460 2877 1514 2919 jus
1535 2877 1595 2918 Ep.
1613 2876 1654 2908 ad
1678 2877 1743 2909 Pis.
1763 2878 1837 2908 466.

1111 2927 1185 2954 sunt
1200 2926 1285 2954 certa
1304 2920 1427 2964 piacula
1441 2921 1500 2962 Ep.
1515 2919 1537 2956 i,
1557 2921 1584 2956 l,
1600 2920 1654 2951 36.
1697 2918 1780 2950 sama
1791 2924 1839 2950 est
