1884 3288
237 516 291 558 10

221 1194 295 1236 -20

84 1329 174 1363 nium
200 1330 301 1362 animi
327 1330 531 1362 affectionum
562 1335 658 1372 atque
691 1330 782 1373 cupi-

38 1377 41 1410 }
101 1379 169 1406 tum
182 1372 295 1406 sedes'
287 1384 322 1405 ιιι
335 1384 373 1405 eo
388 1373 510 1421 posita
507 1379 566 1404 est.

45 1417 176 1449 5—8.
198 1416 297 1453 Tunc,
309 1416 342 1448 in
354 1416 414 1448 hac
427 1415 568 1457 graviore
579 1427 676 1447 ammi
688 1415 782 1447 affec

21 1454 137 1502 spuo,
147 1470 203 1491 nec
215 1469 296 1491 mem
310 1460 385 1490 mihi
407 1464 482 1491 cett.
503 1459 536 1490 h.
559 1469 590 1490 e.
610 1466 675 1490 tam
693 1469 783 1490 meus

22 1508 107 1550 μα
129 1501 193 1534 buc
218 1501 298 1534 illuc
323 1501 470 1544 agitatur,
496 1512 592 1543 quam
618 1512 665 1538 os,
691 1501 785 1533 modo

18 1544 172 1592 ,pallara¹
180 1544 276 1576 modo
295 1546 420 1581 rubore,
437 1544 621 1576 obducitur.
666 1544 785 1576 Simili·

26 1587 131 1624 toros
143 1588 282 1624 Medeae,
296 1587 406 1619 eodem
418 1587 581 1636 zelotypiae
598 1588 700 1619 furore
717 1598 788 1630 per-

23 1629 120 1670 eim,
145 1630 249 1662 varios
277 1631 398 1662 colores
423 1630 528 1662 induit
557 1630 642 1673 apud
675 1630 788 1662 Senec.

33 1656 129 1711 uod,
150 1674 237 1706 858:
263 1673 344 1715 Ftag
346 1680 418 1704 rant
435 1676 688 1714 genev-,ubentes
708 1673 783 1704 Pat-

0 1734 4 1743 v
34 1715 197 1761 brsugnt
216 1718 368 1753 naborem,
389 1716 521 1748 Nullum
537 1723 668 1758 vagante
675 1716 785 1756 forma

0 1745 144 1794 {Servat
165 1761 224 1791 diu
237 1760 380 1791 colorem.
427 1760 466 1790 In
492 1758 626 1790 eandem
649 1769 714 1790 rem
735 1759 786 1790 Cl.

0 1799 170 1838 ,'Mtt=ch.
193 1808 358 1846 comparat
378 1801 532 1845 Apollon.
555 1801 622 1832 Rh.
644 1801 691 1838 iii,
711 1803 786 1833 296.

0 1841 159 1877 meoe
172 1852 202 1878 et
218 1847 250 1876 in
262 1856 358 1887 genas
366 1845 490 1887 furtim
506 1846 635 1881 labitur,
652 1844 685 1875 h.
705 1855 734 1876 e.
755 1850 785 1875 et

0 1885 146 1920 labans
164 1898 205 1920 ex
224 1888 327 1920 oculis
349 1888 501 1930 lacryma,
516 1898 622 1929 quam,
634 1887 707 1935 ipso
723 1897 786 1918 non

0 1905 10 2029 {i
34 1930 192 1963 oenfiente
209 1931 379 1974 (furtim),
394 1931 484 1962 dolor
503 1929 667 1971 expressit,
688 1940 788 1971 genas

34 1973 217 2006 humectat:
245 1973 286 2006 cf.
314 1973 374 2005 inf.
402 1973 445 2010 iv,
473 1974 503 2008 1,
533 1974 589 2004 33.
634 1974 788 2014 Argaeus,

34 2015 185 2097 godone,
209 2017 436 2048 manifestans:
462 2016 507 2047 cf.
530 2015 590 2047 inf.
611 2026 644 2053 v,
664 2017 716 2050 11,
738 2017 786 2046 12.

34 2025 188 2097 {imiliter
205 2060 293 2102 apud
309 2059 442 2092 Graecos
455 2058 622 2101 μηνύειν;
649 2058 711 2089 vid.
727 2059 748 2090 J
751 2068 786 2088 a

0 2075 142 2179 ἓωὴε’
133 2113 168 2134 ιιι
190 2102 343 2134 Animad.
367 2101 406 2133 ad
428 2101 549 2143 Asclep
551 2101 616 2132 iad.
642 2112 672 2139 x,
693 2101 730 2131 Τ
754 2101 788 2138 ii,

35 2154 78 2189 20,
106 2145 163 2178 29.
222 2145 323 2180 Quam
364 2146 635 2186 lentis—ignibus.
695 2126 789 2175 Lenti

0 2187 296 2238 swelegunter
314 2187 478 2224 dicuntur,
495 2198 552 2229 qui
572 2186 697 2219 occulte
721 2197 785 2218 ser-

20 2237 129 2276 lumi»,
143 2237 177 2263 et
189 2231 308 2263 sensim
322 2231 504 2272 sensimque
520 2229 697 2261 amantium
713 2240 787 2272 pec-

12 2277 107 2312 m
129 2273 304 2317 pertidum,
327 2284 396 2310 nos,
420 2275 475 2305 das
506 2273 642 2315 langsam
668 2273 787 2304 verzeli-

23 2318 131 2366 Γ,ωηολε
153 2317 271 2349 Licha·
274 2298 397 2349 Fbuer:
419 2316 466 2348 sic
492 2318 577 2357 ignes
601 2317 676 2346 lenti
702 2315 788 2357 apud

18 2356 134 2401 'fifid-
148 2360 191 2392 A.
205 2359 248 2392 A.
262 2361 349 2400 5733
371 2365 405 2391 et
419 2361 520 2390 tentus
535 2370 619 2389 amor
634 2358 719 2400 apud
735 2358 789 2389 Ti-

3 2398 119 2441 ,5,ἷη11.
139 2402 163 2440 i.
188 2404 221 2442 4,
246 2404 313 2442 81,
335 2407 368 2435 et
391 2402 448 2434 inf.
471 2402 518 2439 iii,
542 2403 594 2438 19,
616 2402 671 2437 28,
691 2402 791 2432 lentus

8 2443 87 2481 1:⁷63
107 2456 182 2484 oerae
196 2457 293 2477 amor.

2 2488 39 2531 ¹³5.
148 2489 204 2520 12.
231 2488 324 2524 Uror,
343 2499 396 2519 seu.
416 2492 492 2520 cett.
515 2497 649 2519 sensus:
675 2485 739 2517 urit
760 2491 793 2518 et

3 2521 202 2574 ,,,,.;εαιίιοίιιι
224 2531 366 2567 animum
378 2541 498 2568 .·,meum
514 2530 579 2561 sive
602 2540 657 2572 per
679 2530 793 2567 rixam,

15 2574 18 2580 ’
145 2583 230 2606 mero
245 2573 414 2606 immodice
430 2580 536 2605 sumto
548 2578 701 2606 exortam,
717 2583 793 2603 can-

2 2655 4 2658 >
15 2647 17 2651 Α
43 2652 46 2653 ⁷
97 2616 164 2651 tui
173 2616 296 2649 humeri
306 2616 415 2648 livoris
425 2616 560 2648 maculis
571 2614 688 2657 turpati
698 2621 795 2654 sunt;

10 2656 108 2698 ism
127 2651 303 2703 Telephus,
326 2659 426 2691 nimio
448 2669 555 2691 amore
579 2658 706 2693 ardens,
730 2664 795 2689 tam

15 2708 37 2715 '‘
137 2713 156 2735 e
179 2707 211 2735 te
239 2702 404 2752 osculatus
430 2708 488 2740 est,
515 2707 552 2733 ut
578 2701 648 2744 ejus
677 2700 795 2737 dentis,

164 2745 230 2778 tuis
259 2744 416 2795 impressi,
446 2743 582 2786 vestigia
607 2751 796 2792 appareant.

7 2809 24 2819 -.
151 2795 250 2820 runt:
266 2788 352 2820 rixas
364 2798 489 2829 nempe,
500 2786 660 2819 cumvino
671 2787 794 2818 incalu-

6 2824 119 2874 ‘tf
130 2830 303 2874 Telephus
318 2831 484 2862 miscendo
505 2841 579 2862 cum
601 2829 714 2872 Lydia,
730 2835 796 2860 tam

12 2866 160 2911 {mee
189 2883 260 2906 eam
290 2879 474 2906 attrectasse
500 2873 636 2910 videtur,
662 2878 698 2903 ut
726 2872 798 2914 ejus

7 2914 175 2954 {sanandi
193 2916 317 2949 humeri
341 2917 471 2949 livorem
493 2917 567 2948 inde
583 2915 754 2952 traherent,
769 2922 801 2947 et

16 2958 198 3002 fimum
209 2959 341 2992 fierent·
363 2959 423 2991 ad
417 2970 487 3002 ipsa
497 2960 639 2995 vei-‚bera
647 2958 801 2999 quamviS,

16 2996 267 3046 Romami-um
282 3013 386 3035 mores
401 3013 512 3046 parum
535 3012 620 3046 saepe
643 3012 676 3033 ιιι
697 3011 803 3033 amore

599 211 828 256 LIBER
864 211 900 262 I,
940 212 1007 253 13.

321 314 490 357 Furtim
508 313 685 363 labitur,
707 326 913 368 arguens,

434 382 580 430 Quam
599 379 728 422 lentis
749 379 924 435 penitus
947 391 1140 420 macerer
1162 377 1354 433 ignibus.

321 449 454 500 Uror,
478 464 558 491 seu
577 448 659 490 tibi
679 447 893 490 candidos

433 516 694 572 Turparunt
714 515 921 556 humeros
943 514 1184 556 immodicae
1205 527 1326 554 mero

321 583 478 636 Rixae3
513 585 603 626 sive
624 598 736 639 puer
757 582 906 624 furens

436 652 663 707 Impressit
682 665 915 693 memorem
936 649 1067 692 dente
1087 649 1222 691 labris
1243 656 1402 692 notam.

322 719 442 772 Non,
466 721 503 762 si
522 734 590 762 me
613 719 718 761 satis
741 719 910 768 audias,

436 787 598 843 Speres
620 781 901 843 perpetuum,
924 785 1070 828 dulcia
1090 786 1278 828 barbare

238 855 291 897 15
322 855 580 898 Laedentem
601 854 763 906 oscula,
787 869 886 910 quae
907 854 1063 897 Venus

435 923 604 971 Quinta
622 930 748 978 parte
771 923 838 964 sui
858 923 1045 964 nectaris
1067 922 1234 963 imbuit.

321 990 490 1033 Felices
512 997 580 1032 ter
600 998 644 1033 et
666 990 868 1046 amplius,

437 1058 563 1106 Quos
585 1060 754 1114 irrupta
774 1065 894 1100 tenet
915 1057 1086 1113 copula,
1108 1073 1188 1101 nec
1209 1057 1331 1100 malis

320 1125 532 1168 Divulsus
555 1127 835 1182 querimoniis

438 1194 653 1251 Suprema
673 1195 800 1237 citius
822 1193 959 1236 solvet
980 1209 1100 1236 amor
1121 1195 1206 1236 die.

826 1331 964 1362 urbanos
987 1329 1095 1367 fuisse,
1117 1341 1155 1362 ex
1179 1330 1291 1361 multis
1315 1336 1478 1372 poetarum
1502 1330 1583 1362 locis

826 1378 963 1410 constat,
981 1373 1094 1405 referre
1113 1373 1263 1414 equidem
1281 1374 1390 1405 nolim.
1436 1373 1581 1405 Immodi-

826 1427 866 1447 cae
880 1426 960 1447 mero
976 1418 1061 1451 rixae,
1078 1426 1117 1447 ex
1133 1415 1301 1448 immodico
1317 1416 1382 1447 vini
1398 1422 1474 1458 potu
1491 1421 1579 1448 ortae.

830 1459 993 1490 ¹Memorem
1022 1458 1180 1490 suaviter:
1212 1459 1244 1489 in
1271 1459 1315 1491 rei
1347 1460 1454 1495 factae,
1478 1459 1581 1491 osculi

829 1512 942 1550 nempe
978 1501 1136 1544 impressi,
1173 1502 1355 1533 memoriam
1392 1509 1581 1537 exstantem,

829 1543 908 1580 sive,
926 1544 1002 1586 quid
1023 1545 1141 1576 sactum
1158 1545 1211 1580 sit,
1226 1545 1406 1577 docentem.
1452 1545 1506 1576 Sic
1527 1545 1586 1576 inf.

831 1586 878 1624 iii,
907 1588 956 1624 17,
981 1589 1013 1623 4,
1027 1588 1112 1630 fasti
1139 1599 1290 1624 memores,
1313 1588 1381 1631 qui,
1405 1599 1477 1630 quae
1504 1587 1582 1619 olim

833 1635 920 1671 gesta
938 1636 1024 1668 sunt,
1035 1630 1151 1662 docent
1163 1637 1195 1662 et
1204 1637 1389 1663 memorant.
1429 1631 1532 1673 Epist.
1547 1630 1582 1669 ii,

831 1674 861 1708 1,
881 1674 954 1709 144,
973 1673 1090 1704 cenius
1109 1684 1218 1704 memor
1236 1675 1332 1705 brevis
1351 1676 1418 1711 aevi,
1438 1674 1493 1716 qui
1517 1685 1585 1705 rno-

830 1722 885 1747 net
899 1715 939 1747 de
953 1715 1026 1747 vitae
1042 1715 1206 1747 brevitate.

876 1759 1253 1798 13—16.N0n—speres
1280 1766 1473 1799 perpetuum,
1502 1758 1583 1800 (οὐκ

831 1800 1005 1839 ἐλπίσειας
1017 1801 1095 1840 ἂν,)
1109 1800 1194 1831 haud
1207 1812 1225 1832 a
1237 1807 1267 1832 te
1278 1801 1446 1843 impetrare
1457 1802 1584 1844 poteris,

830 1850 866 1874 ut
884 1855 1002 1886 speres,
1018 1855 1090 1875 eurn
1115 1850 1312 1875 constantem
1332 1844 1367 1875 in
1382 1855 1487 1876 amore
1509 1845 1586 1876 fore.

832 1887 957 1923 Oscula,
978 1887 1118 1924 labella;
1141 1888 1280 1922 barbare,
1301 1887 1391 1918 nulla
1412 1887 1446 1918 in
1468 1887 1586 1918 amoris

831 1935 910 1960 aestu
925 1930 1034 1961 tenelli
1045 1929 1107 1960 oris
1120 1929 1239 1960 ratione
1257 1930 1377 1966 habita,
1391 1930 1583 1969 crudeliter;

833 1973 999 2009 loedentem,
1020 1972 1146 2003 dentem
1167 1982 1280 2014 nempe
1303 1971 1344 2003 iis
1363 1971 1584 2014 imprimendo.

833 2015 906 2050 Quos
922 2015 1019 2046 Venia
1031 2018 1140 2056 quinta
1155 2022 1243 2055 parte
1257 2017 1306 2046 sni
1317 2018 1449 2046 nectaris
1460 2017 1583 2052 imbuit,

830 2068 903 2099 quae
921 2059 1033 2090 Venus
1057 2058 1140 2089 bona
1163 2059 1212 2088 sui
1233 2057 1371 2089 nectaris
1393 2064 1493 2107 parte,
1509 2059 1542 2090 h.
1556 2069 1585 2090 e.

833 2101 934 2132 multo
962 2107 1087 2132 nectare
1114 2100 1165 2143 (in
1191 2111 1322 2132 numero
1350 2101 1435 2133 enim
1459 2104 1587 2142 quintus

832 2144 918 2175 haud
935 2145 1144 2185 argutandum
1161 2143 1240 2182 est),
1254 2143 1367 2183 rigavit
1381 2150 1412 2176 et
1427 2155 1481 2193 pei
1484 2145 1588 2185 fudit

833 2186 908 2218 hinc
935 2186 1094 2217 basiorum
1116 2196 1256 2228 quoque,
1273 2197 1345 2228 quae
1369 2188 1410 2218 ab
1430 2187 1587 2229 ejusmodi

832 2240 884 2260 ore
909 2229 1116 2267 imbibuntur,
1133 2229 1271 2260 dulcedo
1295 2240 1369 2260 curn
1387 2231 1522 2262 nectaris
1538 2232 1587 2262 vel

833 2273 998 2304 ambrosiae
1015 2272 1186 2303 dulcedine
1203 2272 1379 2314 comparari
1394 2273 1486 2305 solet.
1532 2274 1587 2306 Cl.

833 2315 967 2348 Mitsch.
980 2316 1090 2346 laudat
1104 2326 1143 2346 ex
1158 2315 1292 2347 Anthol.
1306 2316 1416 2347 Graec.
1430 2316 1464 2347 in
1476 2315 1589 2349 Ἀδεσ-

835 2358 916 2390 πότ.
942 2359 1006 2401 Ep.
1031 2358 1076 2393 lv,
1097 2359 1136 2394 T,
1159 2358 1203 2392 iv.
1228 2369 1261 2399 p.
1288 2359 1349 2389 129
1375 2359 1470 2399 (edit.
1496 2360 1590 2401 Jac.)

835 2401 952 2444 Κουρη
971 2402 1022 2438 τίς
1037 2413 1060 2452 μ
1062 2400 1239 2442 ’ἐφίλησεν
1255 2400 1424 2444 ὑφὲσπερα
1442 2402 1592 2444 χείλεσιν

833 2445 963 2487 ὑγροῖς.
998 2443 1143 2496 Νέκταρ
1162 2444 1221 2482 ἔην
1239 2456 1278 2476 τυ
1297 2446 1440 2487 φίλημα·
1463 2447 1500 2477 τὸ
1522 2447 1589 2489 γὰρ

836 2489 946 2529 στόμα
972 2486 1135 2529 νέκταρος
1161 2487 1279 2518 ἔπνειε
1308 2494 1340 2519 et
1365 2489 1505 2530 Meleag.
1530 2491 1592 2538 Ep5

838 2531 906 2567 xxi,
920 2532 940 2562 3
954 2531 1004 2572 (x,
1022 2532 1054 2565 3,
1066 2530 1145 2561 edit.
1156 2531 1228 2562 Jac.
1233 2529 1260 2568 ),
1273 2530 1328 2561 ubi
1345 2538 1437 2572 poeta
1452 2543 1490 2562 ex
1503 2532 1593 2574 pueri

838 2574 950 2606 osculo
962 2584 995 2604 se
1006 2579 1127 2604 tantam
1143 2574 1331 2604 suavitatem
1347 2574 1524 2617 percepisse
1537 2575 1594 2613 ait,

838 2623 874 2649 ut
889 2618 1003 2649 Jovem
1024 2627 1087 2647 non
1110 2621 1232 2652 nectar,
1250 2617 1305 2647 sed
1330 2618 1440 2648 oscula
1463 2618 1502 2649 de
1525 2619 1592 2650 Ga-

841 2659 985 2702 nymedis
1005 2669 1058 2690 ore
1079 2658 1200 2694 bibere,
1216 2666 1248 2690 et
1264 2660 1488 2710 Ganymedem
1501 2671 1594 2704 prop-

839 2709 924 2734 terea
937 2701 1030 2734 Jovis
1030 2701 1260 2750 pocillatorem
1274 2703 1391 2738 vocari,
1403 2704 1595 2747 suspicetur.¹

841 2746 963 2778 Catull.
987 2745 1073 2781 xcix,
1099 2746 1134 2781 2,
1160 2746 1338 2776 Suaviolum
1362 2748 1448 2778 dulci
1472 2748 1595 2779 dulcius

840 2791 1027 2822 ambrosia..

887 2832 1025 2863 1.8-20
1051 2830 1188 2861 Malis-
1184 2831 1400 2870 querimoniis,
1416 2830 1447 2862 h.
1463 2842 1494 2864 e.
1509 2833 1595 2865 male

841 2881 949 2906 exorto
969 2873 1111 2906 dissidio.
1159 2873 1260 2904 Citius
1275 2884 1363 2914 supr
1352 2885 1415 2904 ¹›ma
1435 2877 1506 2913 die;
1532 2876 1595 2918 pri-

843 2928 979 2960 usquam
1007 2917 1091 2949 diem
1122 2926 1304 2959 supremum
1332 2916 1493 2955 obierunt,
1523 2925 1597 2950 ante

845 2967 989 2993 mortem.
