1884 3288
319 212 405 254 274

896 211 1212 254 'EPODON

378 311 404 350 5
436 309 496 350 Et
517 310 655 359 decet,
676 309 865 352 obducta
885 309 1071 351 solvatur
1090 309 1232 350 fronte
1252 315 1464 350 senectus.

547 376 621 417 Tu
639 376 735 417 vina
754 375 978 430 Torquato
998 391 1118 418 move
1141 374 1326 417 Consule
1348 390 1497 429 pressa
1516 389 1624 416 meo.

435 442 592 484 Cetera
611 443 729 484 mitte
747 441 886 496 loqui:
920 443 1042 484 Deus
1062 442 1156 484 haec
1177 443 1358 483 fortasse
1380 442 1564 495 benigna

544 509 746 550 Reducet
765 509 808 549 in
828 509 973 549 sedem
993 510 1096 550 vice.

1156 509 1286 550 Nunc
1308 516 1350 550 et
1370 507 1645 549 Achaemenia

434 574 643 616 Perfundi
662 575 795 616 nardo
810 576 947 629 juvat,
968 582 1010 616 et
1030 575 1117 615 fide
1139 575 1339 628 Cyllenea

351 643 403 683 10

546 642 711 683 Levare
733 643 835 683 diris
855 649 1030 696 pectora
1051 641 1421 683 sollicitudinibus.

431 707 604 749 Nobilis
622 716 669 749 ut
690 709 842 762 grandi
863 708 1016 748 cecinit
1038 707 1279 748 Centaurus
1302 707 1496 748 alumno:

543 774 719 823 Invicte,
741 774 930 815 mortalis
955 774 1051 814 Dea
1071 781 1183 822 nate,
1205 788 1325 827 puer,
1349 773 1555 822 Thetide,

431 840 499 882 Te
518 849 661 882 manet
681 839 884 881 Assaraci
905 839 1044 889 tellus,
1066 854 1192 893 quam
1212 839 1369 893 frigida
1389 839 1510 893 parvi

544 907 735 948 Findunt
757 907 1006 948 Scamandri
1025 906 1212 955 flumina,
1234 905 1423 946 lubricus
1444 912 1487 946 et
1509 904 1683 954 Simois3

350 974 416 1014 15·
430 973 560 1014 Unde
579 974 656 1014 tibi
677 974 859 1014 reditum
882 980 998 1013 certo
1021 973 1258 1013 subtemine
1280 972 1430 1013 Parcae

543 1038 721 1092 Rupere
739 1055 748 1087 ς
780 1052 858 1078 nec
879 1044 1013 1078 mater
1033 1038 1203 1078 domum
1227 1037 1384 1078 caerula
1403 1044 1444 1078 te
1465 1037 1655 1078 revehet.

429 1103 520 1145 Illic
542 1118 663 1144 omne
684 1103 838 1144 malum
858 1104 956 1143 vino
977 1109 1191 1156 cantuque
1212 1102 1366 1151 levato,

541 1170 759 1211 Deformis
781 1170 1038 1223 aegrimoniae
1059 1169 1256 1210 dulcibus
1277 1168 1487 1223 alloquiis.

316 1285 364 1310 tur
386 1280 494 1310 senilis
519 1280 701 1318 austeritas;
725 1280 809 1311 frons
833 1283 993 1311 contracta
1014 1283 1045 1310 et

314 1322 354 1352 ad
385 1322 579 1353 severitatem
616 1322 787 1363 composita
819 1321 1043 1363 exporrigatur,

315 1363 347 1394 h.
361 1374 387 1394 e.
403 1365 506 1394 missis
522 1364 605 1395 curis
620 1364 768 1394 hilaritati
785 1364 992 1403 indulgeatur.

358 1407 476 1437 6-10.
501 1407 546 1436 Tu
564 1407 634 1436 vina
655 1406 800 1446 Torquato
816 1416 894 1436 more
916 1405 1043 1435 Consule

311 1458 410 1488 pressu
421 1460 481 1479 meo
492 1461 499 1478 .-
514 1448 579 1489 jam
591 1447 768 1479 convivium
779 1446 1044 1487 accelerarijubet

315 1495 414 1531 poeta,
437 1497 468 1520 et
491 1490 580 1531 quasi
602 1490 668 1531 jam
694 1490 798 1520 adsint
822 1489 924 1526 amici,
937 1499 1042 1519 eorum

313 1532 448 1573 aliquem
465 1533 570 1563 vinum
595 1533 735 1563 Consule
759 1533 797 1562 L.
820 1532 942 1562 Manlio
968 1532 1043 1560 Tor-

312 1580 407 1615 quato
430 1585 525 1605 secum
549 1581 655 1605 uatum
684 1574 767 1614 (vid.
782 1585 852 1615 sup.
871 1573 916 1608 iii,
933 1574 987 1607 21,
1006 1572 1041 1611 1)

312 1626 448 1657 promere
461 1617 569 1657 jubet3
584 1616 710 1646 ‘videtur
727 1626 836 1656 nempe
861 1625 959 1645 sermo
973 1624 1041 1644 esse

312 1658 350 1688 de
365 1658 605 1699 compotatione,
622 1657 675 1687 ubi
690 1657 729 1688 de
753 1657 902 1698 symbolis
919 1657 1039 1687 bibere-

311 1705 372 1729 tur.
418 1701 524 1730 Move:
548 1709 616 1740 sup.
631 1699 675 1734 iii,
690 1701 744 1734 21,
761 1701 792 1734 6,
815 1701 924 1729 moveri
946 1700 1040 1739 digna

313 1741 497 1783 (amphora)
525 1743 596 1771 hono
624 1742 684 1776 die,
720 1742 882 1772 Descende.
938 1741 1042 1771 Cetera

312 1785 397 1815 mitte
420 1785 519 1824 loqui:
549 1793 620 1825 sup.
646 1783 668 1820 i,
691 1784 723 1818 9,
748 1785 780 1819 9,
799 1786 936 1822 permitte
955 1783 1043 1813 Divis

311 1832 421 1857 cetera.
467 1827 548 1857 Deus
562 1826 757 1867 hcrcsortasse
767 1827 896 1872 benigna
910 1825 1040 1856 Reducet

309 1870 344 1898 in
356 1871 450 1899 sedem
465 1871 594 1903 vice,ea‚
610 1878 682 1908 quae
698 1878 781 1898 nunc
798 1878 935 1898 animum
954 1873 1041 1897 tuum

310 1916 470 1941 macerant
484 1915 515 1940 et
534 1910 686 1947 cruciant,
710 1915 798 1950 grata
821 1910 947 1940 fortasse
966 1909 1043 1940 deus

309 1951 524 1983 vicissitudine
541 1951 572 1981 in
594 1951 759 1993 pristinum
776 1958 889 1982 statum
916 1961 1042 1982 revoca-

309 1993 367 2024 bit.
412 1995 618 2024 Achaemenia:
643 1994 683 2024 cf.
709 2005 777 2035 sup.
798 1994 836 2024 ad
862 1994 907 2028 iii,
937 1995 965 2028 l,
991 1995 1043 2024 44.

311 2036 427 2071 Nordo,
443 2042 604 2076 unguento
618 2036 858 2076 pretiosissimo:
883 2036 923 2066 cf.
939 2036 973 2071 ii,
992 2037 1041 2073 11,

312 2079 364 2108 16.
413 2078 489 2110 Fide
507 2079 660 2118 Cyllenea,
672 2077 749 2119 lyra,
768 2089 838 2119 quae
852 2078 891 2108 ab
907 2078 975 2119 ejus
992 2078 1039 2108 in-

309 2125 436 2151 ventore
451 2120 609 2151 Mercurio
625 2120 684 2159 (cf.
701 2120 722 2155 i,
741 2122 790 2155 10,
813 2120 863 2157 6),
889 2120 920 2150 in
940 2123 1038 2150 Arca-

309 2161 370 2193 diae
385 2168 488 2193 monte
507 2163 630 2203 Cyllene
645 2167 730 2199 nato,
749 2163 891 2202 Cyllenea
913 2162 1038 2192 dicitur.

310 2204 408 2239 Diris,
424 2203 679 2235 exsecrabilibus.

355 2247 492 2277 11—18.
518 2247 634 2277 Nobilis
648 2252 683 2275 ut
695 2246 810 2285 grandi
832 2246 938 2276 cecinit
960 2246 1037 2276 Cen-

309 2294 418 2319 taurus
430 2289 568 2318 alumno:
593 2288 677 2329 qnod
690 2287 817 2328 quidem
828 2287 940 2318 nobilis
954 2288 1036 2318 Cen-

307 2335 414 2361 taurus
430 2341 566 2372 quoque,
578 2330 707 2367 Chiron,
720 2339 829 2369 magno
845 2339 901 2359 suo
911 2329 1037 2360 alumno

306 2373 416 2409 suasit,
431 2383 502 2404 cum
523 2373 581 2403 hoc
600 2372 704 2403 ederet
722 2371 916 2402 vaticinium.
961 2372 1036 2402 Chi-

305 2425 422 2451 ronem,
444 2414 508 2452 cui,
526 2420 591 2445 tam
615 2413 774 2455 sapientiae
797 2423 892 2454 quam
916 2413 1038 2445 virtutis

307 2457 406 2496 gloria
434 2456 514 2487 inter
547 2457 721 2488 Centauros
755 2455 923 2496 conspicuo
953 2456 1035 2495 (vid.

307 2498 466 2538 Mitsch.),
494 2498 590 2529 filium
626 2509 715 2528 suum
742 2497 900 2527 Achillem
932 2498 1038 2529 Thetis

305 2541 502 2572 educandum
524 2541 691 2571 tradiderat
712 2539 791 2582 (vid.
818 2541 898 2570 Stat.
915 2540 1036 2571 Achill.

307 2583 327 2620 i,
346 2585 406 2615 100
421 2582 521 2624 sqq.),
537 2585 576 2614 ad
593 2582 720 2614 Pindari
736 2582 915 2623 exemplum
939 2583 1032 2624 Pyth.

305 2625 348 2663 ix,
372 2627 412 2657 88
440 2635 511 2666 sqq.
542 2625 608 2666 jam
640 2630 739 2655 vatem
773 2623 897 2654 induxit
930 2630 1045 2666 poeta..

307 2667 447 2699 Grandi:
471 2668 606 2699 suaviter
624 2667 764 2698 Achilles
785 2666 851 2707 jam
871 2677 948 2707 puer
963 2667 1034 2697 talis

1087 1284 1335 1319 repraesentatur,
1350 1278 1452 1320 qualis
1466 1280 1580 1311 virtute
1594 1290 1652 1311 sua
1667 1290 1817 1315 evasurus

1086 1326 1161 1350 erat.
1184 1322 1322 1351 Assaraci
1338 1322 1437 1357 tellus,
1453 1321 1558 1363 Troja,
1574 1322 1722 1354 Assaraci
1739 1324 1814 1356 olim

1087 1361 1213 1403 imperio
1231 1363 1394 1403 subjecta;
1418 1363 1462 1394 sic
1480 1365 1563 1406 apud
1586 1365 1676 1406 Virg.
1699 1367 1777 1397 AEn.
1791 1368 1814 1404 i,
1829 1369 1839 1374 ‘

1085 1404 1158 1441 284,
1183 1406 1282 1434 domus
1310 1406 1460 1436 Assaraci.
1515 1407 1610 1436 Parvi
1638 1407 1816 1441 Scamandri

1076 1446 1233 1487 flumin125
1260 1447 1447 1478 Scamander
1459 1447 1554 1484 enim,
1578 1448 1670 1490 cujus
1691 1449 1761 1481 fons
1782 1451 1816 1482 in

1086 1494 1189 1518 monte
1204 1488 1262 1518 Ida
1275 1495 1332 1525 est,
1347 1488 1427 1518 intra
1442 1499 1569 1530 parvum
1585 1491 1717 1531 primum
1733 1493 1815 1524 labi-

1087 1536 1136 1559 tur
1153 1531 1285 1560 alveum.
1330 1530 1491 1566 hebra-us,
1508 1531 1664 1573 epitheton
1687 1543 1813 1571 ornans,

1085 1570 1200 1612 cuique
1218 1571 1310 1602 fluvio
1334 1572 1542 1610 conveniens;
1566 1573 1619 1604 alii
1642 1575 1814 1617 explicant,

1086 1619 1254 1648 tortuosus,
1269 1613 1424 1649 sinuosus,
1443 1615 1554 1655 anguis
1570 1615 1668 1647 instar
1689 1627 1722 1648 se
1744 1629 1814 1660 pro-

1084 1655 1223 1686 volvens.
1248 1656 1335 1686 Certo
1349 1657 1521 1693 subtemine,
1533 1657 1716 1695 inevitabili,
1729 1661 1815 1702 quod

1084 1698 1180 1728 semel
1198 1698 1366 1728 Parcarum
1378 1698 1438 1728 filis
1448 1700 1498 1730 vel
1512 1700 1686 1732 subtemine
1696 1702 1815 1734 deduc-

1085 1744 1150 1769 tum
1166 1746 1196 1770 et
1211 1740 1414 1771 constitutum
1431 1747 1490 1777 est,
1506 1741 1580 1773 fato.
1625 1743 1676 1774 De
1691 1744 1814 1782 Parcis.

1085 1781 1149 1812 fata
1165 1782 1300 1812 Achillis
1317 1783 1418 1813 nendo
1441 1782 1678 1822 deducentibus,
1698 1791 1747 1817 est
1767 1787 1812 1819 lo-

1085 1833 1142 1854 cus
1163 1824 1367 1855 suavissimus
1388 1824 1472 1866 apud
1495 1826 1615 1857 Catull.
1648 1826 1725 1864 lxiv,
1748 1830 1814 1862 339

1084 1876 1154 1907 sqq.
1201 1866 1350 1907 Deformis
1373 1869 1550 1908 aegrimoniae
1573 1869 1710 1901 dulcibus
1738 1873 1820 1905 allo-⁷

1086 1910 1173 1948 quiis,
1189 1908 1372 1948 gratissimis
1388 1909 1451 1940 illis
1466 1909 1555 1949 (vino
1569 1920 1678 1954 nempe
1692 1917 1724 1944 et
1737 1923 1813 1946 can·

1087 1950 1139 1990 tu)
1156 1950 1308 1981 malarum
1332 1961 1475 1982 curarum
1499 1951 1664 1992 fomentis;
1686 1956 1814 1996 alloqui-

1085 2004 1148 2027 um,
1173 1998 1208 2023 ut
1231 1994 1374 2023 allocutio
1397 2003 1415 2024 a
1438 1993 1481 2024 ud
1505 1994 1623 2027 Catull.
1639 1996 1764 2035 xxxviii,
1778 2001 1812 2035 5,

1085 2034 1124 2066 de
1137 2034 1244 2076 quovis
1259 2035 1362 2065 solatii
1377 2041 1408 2066 et
1434 2035 1582 2067 enimenti
1597 2046 1727 2078 genere:
1753 2040 1814 2072 vid.

1084 2077 1245 2108 Drakenb.
1268 2077 1306 2108 ad
1333 2077 1402 2108 Liv.
1425 2077 1469 2114 ix,
1494 2079 1526 2114 6,
1545 2079 1582 2109 T.
1596 2079 1628 2114 ii.
1645 2090 1676 2122 p.
1690 2082 1766 2119 852,
1781 2088 1814 2114 et

1083 2130 1154 2159 quae
1179 2118 1355 2150 notavimus
1376 2119 1415 2150 ad
1439 2119 1460 2150 l.
1487 2119 1511 2151 l.
1540 2121 1657 2153 Catull.

1084 2160 1298 2202 παραμύθιον
1308 2167 1338 2192 et
1350 2163 1619 2203 παραμυθεῖσθαι
1627 2164 1710 2206 apud
1722 2166 1812 2198 Grn-

1082 2212 1154 2233 cos:
1178 2203 1240 2233 vid.
1266 2205 1419 2234 Wetsten.
1443 2204 1483 2234 ad
1507 2205 1552 2235 N.
1576 2206 1615 2236 T.
1638 2213 1712 2238 tom.
1729 2207 1764 2244 ii,
1780 2219 1812 2252 p.

1081 2245 1155 2280 267,
1166 2251 1196 2275 et
1208 2246 1244 2275 T.
1260 2245 1475 2276 Hemsterbus.
1487 2247 1527 2276 ad
1537 2247 1680 2289 Xenopb.
1697 2249 1813 2292 Ephee.

1081 2297 1112 2327 p.
1131 2288 1202 2317 153.
1226 2287 1285 2317 Sed
1302 2287 1475 2322 Bentleius,
1493 2288 1654 2320 Latinitati
1676 2290 1734 2322 hac
1755 2303 1811 2324 ex·

1080 2328 1249 2369 plicatione
1265 2328 1388 2364 timens,
1405 2329 1589 2370 particulam
1603 2338 1632 2363 et
1647 2338 1718 2364 ante
1739 2336 1812 2366 dul-

1080 2373 1161 2402 cibus
1182 2371 1378 2402 inserendam
1407 2382 1474 2402 esse
1497 2378 1597 2412 putat,
1622 2374 1811 2417 suffragante

1083 2413 1298 2444 Wakefieldio.
1344 2413 1399 2451 At,
1422 2424 1492 2444 cum
1514 2420 1596 2446 recte
1618 2416 1726 2448 cantu}
1747 2418 1812 2451 dici

1081 2456 1177 2496 possit
1201 2457 1378 2495 alloquium,
1402 2466 1456 2497 per
1480 2467 1609 2498 zeugma
1625 2464 1726 2490 autem
1747 2469 1810 2494 non

1080 2507 1158 2538 opus
1172 2497 1212 2528 sit
1227 2502 1262 2527 ut
1284 2498 1448 2538 alloquium
1470 2498 1608 2540 utrisque
1631 2502 1811 2542 praeceden-

1081 2540 1163 2570 tibus
1186 2539 1365 2570 nominibus
1393 2541 1652 2578 accommodetur,
1676 2542 1744 2584 jam
1769 2555 1809 2577 ex

1077 2582 1135 2613 hac
1152 2592 1246 2612 causa
1273 2583 1428 2623 quomodo
1450 2582 1601 2614 Latinitas
1623 2584 1810 2623 offendatur,

1077 2635 1139 2655 non
1154 2623 1254 2655 video.
1300 2624 1460 2665 Deformis,
1481 2624 1631 2665 aegritudo
1643 2627 1727 2659 enim
1743 2638 1807 2660 me·

1077 2667 1126 2698 cie
1142 2666 1263 2698 vultum
1278 2665 1441 2698 deformat.

1711 2123 1754 2154 Et
1766 2125 1812 2157 sic
1868 2136 1873 2139 ¹
