<?xml version="1.0" encoding="UTF-8"?>
<!DOCTYPE html PUBLIC "-//W3C//DTD XHTML 1.0 Transitional//EN"
    "http://www.w3.org/TR/xhtml1/DTD/xhtml1-transitional.dtd">
<html xmlns="http://www.w3.org/1999/xhtml" xml:lang="en" lang="en">
 <head>
  <title>
</title>
<meta http-equiv="Content-Type" content="text/html;charset=utf-8" />
  <meta name='ocr-system' content='tesseract 3.04.00' />
  <meta name='ocr-capabilities' content='ocr_page ocr_carea ocr_par ocr_line ocrx_word'/>
</head>
<body>
  <div class='ocr_page' id='page_1' title='image "./operahorac00horauoft_0122.png"; bbox 0 0 1884 3288; ppageno 0'>
   <div class='ocr_carea' id='block_1_1' title="bbox 324 202 380 244">
    <p class='ocr_par' dir='ltr' id='par_1_1' title="bbox 324 202 380 244">
     <span class='ocr_line' id='line_1_1' title="bbox 324 202 380 244; baseline 0.036 -2"><span class='ocrx_word' id='word_1_1' title='bbox 324 202 380 244; x_wconf 74' lang='lat'>82</span> 
     </span>
    </p>
   </div>
   <div class='ocr_carea' id='block_1_2' title="bbox 877 201 1279 245">
    <p class='ocr_par' dir='ltr' id='par_1_2' title="bbox 877 201 1279 245">
     <span class='ocr_line' id='line_1_2' title="bbox 877 201 1279 245; baseline 0.005 -2"><span class='ocrx_word' id='word_1_2' title='bbox 877 201 1279 245; x_wconf 89' lang='lat' dir='ltr'><strong>CARMINUM</strong></span> 
     </span>
    </p>
   </div>
   <div class='ocr_carea' id='block_1_3' title="bbox 472 301 1518 818">
    <p class='ocr_par' dir='ltr' id='par_1_3' title="bbox 472 301 1518 818">
     <span class='ocr_line' id='line_1_3' title="bbox 612 301 1194 344; baseline -0.003 0"><span class='ocrx_word' id='word_1_3' title='bbox 612 303 764 344; x_wconf 86' lang='lat' dir='ltr'><strong>Festos</strong></span> <span class='ocrx_word' id='word_1_4' title='bbox 784 301 1033 344; x_wconf 88' lang='lat' dir='ltr'>reclinatum</span> <span class='ocrx_word' id='word_1_5' title='bbox 1053 303 1194 343; x_wconf 86' lang='lat' dir='ltr'>bearis</span> 
     </span>
     <span class='ocr_line' id='line_1_4' title="bbox 670 368 1206 411; baseline -0.002 0"><span class='ocrx_word' id='word_1_6' title='bbox 670 369 881 411; x_wconf 83' lang='lat' dir='ltr'>Interiore</span> <span class='ocrx_word' id='word_1_7' title='bbox 901 375 1004 410; x_wconf 83' lang='lat' dir='ltr'>nota</span> <span class='ocrx_word' id='word_1_8' title='bbox 1022 368 1206 410; x_wconf 84' lang='lat' dir='ltr'><strong>Falerni.</strong></span> 
     </span>
     <span class='ocr_line' id='line_1_5' title="bbox 555 433 1379 491; baseline -0.004 -14"><span class='ocrx_word' id='word_1_9' title='bbox 555 436 655 483; x_wconf 86' lang='lat' dir='ltr'>Qua</span> <span class='ocrx_word' id='word_1_10' title='bbox 675 437 800 491; x_wconf 89' lang='lat' dir='ltr'><strong>pinus</strong></span> <span class='ocrx_word' id='word_1_11' title='bbox 819 436 969 489; x_wconf 86' lang='lat' dir='ltr'>ingens</span> <span class='ocrx_word' id='word_1_12' title='bbox 992 435 1174 488; x_wconf 88' lang='lat' dir='ltr'>albaque</span> <span class='ocrx_word' id='word_1_13' title='bbox 1195 433 1379 489; x_wconf 89' lang='lat' dir='ltr'>populus</span> 
     </span>
     <span class='ocr_line' id='line_1_6' title="bbox 472 501 1462 555; baseline -0.002 -12"><span class='ocrx_word' id='word_1_14' title='bbox 472 502 524 542; x_wconf 93' lang='lat'>10</span> <span class='ocrx_word' id='word_1_15' title='bbox 553 502 761 543; x_wconf 88' lang='lat' dir='ltr'>Umbram</span> <span class='ocrx_word' id='word_1_16' title='bbox 778 501 1034 555; x_wconf 83' lang='lat' dir='ltr'>hospitalem</span> <span class='ocrx_word' id='word_1_17' title='bbox 1052 501 1297 542; x_wconf 82' lang='lat' dir='ltr'>consociare</span> <span class='ocrx_word' id='word_1_18' title='bbox 1319 507 1462 542; x_wconf 83' lang='lat' dir='ltr'>amant</span> 
     </span>
     <span class='ocr_line' id='line_1_7' title="bbox 607 566 1216 620; baseline -0.003 -12"><span class='ocrx_word' id='word_1_19' title='bbox 607 567 770 617; x_wconf 82' lang='lat' dir='ltr'>Ramis‚</span> <span class='ocrx_word' id='word_1_20' title='bbox 792 575 835 608; x_wconf 82' lang='lat' dir='ltr'>et</span> <span class='ocrx_word' id='word_1_21' title='bbox 854 566 1030 620; x_wconf 91' lang='lat' dir='ltr'>obliquo</span> <span class='ocrx_word' id='word_1_22' title='bbox 1049 566 1216 607; x_wconf 86' lang='lat' dir='ltr'>laborat</span> 
     </span>
     <span class='ocr_line' id='line_1_8' title="bbox 666 633 1389 688; baseline -0.001 -14"><span class='ocrx_word' id='word_1_23' title='bbox 666 634 864 688; x_wconf 83' lang='lat' dir='ltr'>Lympha</span> <span class='ocrx_word' id='word_1_24' title='bbox 884 633 1017 688; x_wconf 81' lang='lat' dir='ltr'>fugax</span> <span class='ocrx_word' id='word_1_25' title='bbox 1037 633 1252 686; x_wconf 80' lang='lat' dir='ltr'>trepidare</span> <span class='ocrx_word' id='word_1_26' title='bbox 1273 633 1389 674; x_wconf 85' lang='lat' dir='ltr'>rivo:</span> 
     </span>
     <span class='ocr_line' id='line_1_9' title="bbox 552 699 1518 753; baseline -0.002 -13"><span class='ocrx_word' id='word_1_27' title='bbox 552 700 653 742; x_wconf 89' lang='lat' dir='ltr'>Huc</span> <span class='ocrx_word' id='word_1_28' title='bbox 673 701 784 749; x_wconf 86' lang='lat' dir='ltr'>vina,</span> <span class='ocrx_word' id='word_1_29' title='bbox 805 707 849 741; x_wconf 83' lang='lat' dir='ltr'>et</span> <span class='ocrx_word' id='word_1_30' title='bbox 868 706 1100 753; x_wconf 84' lang='lat' dir='ltr'>unguenta,</span> <span class='ocrx_word' id='word_1_31' title='bbox 1121 706 1165 739; x_wconf 89' lang='lat' dir='ltr'>et</span> <span class='ocrx_word' id='word_1_32' title='bbox 1184 699 1358 740; x_wconf 90' lang='lat' dir='ltr'>nimium</span> <span class='ocrx_word' id='word_1_33' title='bbox 1377 699 1518 740; x_wconf 86' lang='lat' dir='ltr'>brevis</span> 
     </span>
     <span class='ocr_line' id='line_1_10' title="bbox 552 765 1312 818; baseline -0.003 -11"><span class='ocrx_word' id='word_1_34' title='bbox 552 766 700 807; x_wconf 85' lang='lat' dir='ltr'>Flores</span> <span class='ocrx_word' id='word_1_35' title='bbox 721 780 910 807; x_wconf 85' lang='lat' dir='ltr'>amoenos</span> <span class='ocrx_word' id='word_1_36' title='bbox 931 765 1043 805; x_wconf 87' lang='lat' dir='ltr'>ferre</span> <span class='ocrx_word' id='word_1_37' title='bbox 1059 765 1165 818; x_wconf 84' lang='lat' dir='ltr'>jube</span> <span class='ocrx_word' id='word_1_38' title='bbox 1187 779 1312 813; x_wconf 80' lang='lat' dir='ltr'>rosae,</span> 
     </span>
    </p>
   </div>
   <div class='ocr_carea' id='block_1_4' title="bbox 471 833 523 872">
    <p class='ocr_par' dir='ltr' id='par_1_4' title="bbox 471 833 523 872">
     <span class='ocr_line' id='line_1_11' title="bbox 471 833 523 872; baseline 0 0"><span class='ocrx_word' id='word_1_39' title='bbox 471 833 523 872; x_wconf 87' lang='lat'>15</span> 
     </span>
    </p>
   </div>
   <div class='ocr_carea' id='block_1_5' title="bbox 610 831 1295 874">
    <p class='ocr_par' dir='ltr' id='par_1_5' title="bbox 610 831 1295 874">
     <span class='ocr_line' id='line_1_12' title="bbox 610 831 1295 874; baseline -0.003 -1"><span class='ocrx_word' id='word_1_40' title='bbox 610 833 728 874; x_wconf 88' lang='lat' dir='ltr'>Dum</span> <span class='ocrx_word' id='word_1_41' title='bbox 748 847 816 873; x_wconf 85' lang='lat' dir='ltr'>res</span> <span class='ocrx_word' id='word_1_42' title='bbox 837 839 880 873; x_wconf 82' lang='lat' dir='ltr'>et</span> <span class='ocrx_word' id='word_1_43' title='bbox 900 839 1003 872; x_wconf 79' lang='lat' dir='ltr'>aetas</span> <span class='ocrx_word' id='word_1_44' title='bbox 1025 837 1068 871; x_wconf 87' lang='lat' dir='ltr'>et</span> <span class='ocrx_word' id='word_1_45' title='bbox 1090 831 1295 872; x_wconf 88' lang='lat' dir='ltr'>Sororum</span> 
     </span>
    </p>
   </div>
   <div class='ocr_carea' id='block_1_6' title="bbox 550 898 1400 1145">
    <p class='ocr_par' dir='ltr' id='par_1_6' title="bbox 550 898 1400 1084">
     <span class='ocr_line' id='line_1_13' title="bbox 666 898 1269 950; baseline -0.003 -11"><span class='ocrx_word' id='word_1_46' title='bbox 666 898 758 939; x_wconf 85' lang='lat' dir='ltr'>Fila</span> <span class='ocrx_word' id='word_1_47' title='bbox 777 899 902 939; x_wconf 90' lang='lat' dir='ltr'>trium</span> <span class='ocrx_word' id='word_1_48' title='bbox 925 898 1143 950; x_wconf 83' lang='lat' dir='ltr'>patiuntur</span> <span class='ocrx_word' id='word_1_49' title='bbox 1164 904 1269 938; x_wconf 82' lang='lat' dir='ltr'>atra.</span> 
     </span>
     <span class='ocr_line' id='line_1_14' title="bbox 551 963 1317 1012; baseline -0.004 -5"><span class='ocrx_word' id='word_1_50' title='bbox 551 965 692 1006; x_wconf 86' lang='lat' dir='ltr'>Cedes</span> <span class='ocrx_word' id='word_1_51' title='bbox 714 965 889 1006; x_wconf 86' lang='lat' dir='ltr'>coemtis</span> <span class='ocrx_word' id='word_1_52' title='bbox 912 963 1089 1005; x_wconf 85' lang='lat' dir='ltr'>saltibus</span> <span class='ocrx_word' id='word_1_53' title='bbox 1110 970 1153 1004; x_wconf 87' lang='lat' dir='ltr'>et</span> <span class='ocrx_word' id='word_1_54' title='bbox 1175 964 1317 1012; x_wconf 86' lang='lat' dir='ltr'>domo,</span> 
     </span>
     <span class='ocr_line' id='line_1_15' title="bbox 550 1029 1400 1084; baseline -0.001 -13"><span class='ocrx_word' id='word_1_55' title='bbox 550 1031 766 1084; x_wconf 88' lang='lat' dir='ltr'>Villaque,</span> <span class='ocrx_word' id='word_1_56' title='bbox 787 1031 923 1071; x_wconf 86' lang='lat' dir='ltr'>flavus</span> <span class='ocrx_word' id='word_1_57' title='bbox 944 1045 1070 1084; x_wconf 88' lang='lat' dir='ltr'>quam</span> <span class='ocrx_word' id='word_1_58' title='bbox 1090 1029 1263 1071; x_wconf 86' lang='lat' dir='ltr'>Tiberis</span> <span class='ocrx_word' id='word_1_59' title='bbox 1284 1029 1400 1078; x_wconf 88' lang='lat' dir='ltr'>lavit,</span> 
     </span>
    </p>

    <p class='ocr_par' dir='ltr' id='par_1_7' title="bbox 607 1095 1294 1145">
     <span class='ocr_line' id='line_1_16' title="bbox 607 1095 1294 1145; baseline -0.001 -8"><span class='ocrx_word' id='word_1_60' title='bbox 607 1097 763 1145; x_wconf 85' lang='lat' dir='ltr'>Cedes,</span> <span class='ocrx_word' id='word_1_61' title='bbox 784 1102 828 1136; x_wconf 87' lang='lat' dir='ltr'>et</span> <span class='ocrx_word' id='word_1_62' title='bbox 847 1097 1077 1136; x_wconf 87' lang='lat' dir='ltr'>exstructis</span> <span class='ocrx_word' id='word_1_63' title='bbox 1099 1096 1143 1136; x_wconf 93' lang='lat' dir='ltr'>in</span> <span class='ocrx_word' id='word_1_64' title='bbox 1163 1095 1294 1136; x_wconf 85' lang='lat' dir='ltr'>altum</span> 
     </span>
    </p>
   </div>
   <div class='ocr_carea' id='block_1_7' title="bbox 463 1163 520 1204">
    <p class='ocr_par' dir='ltr' id='par_1_8' title="bbox 463 1163 520 1204">
     <span class='ocr_line' id='line_1_17' title="bbox 463 1163 520 1204; baseline -0.018 0"><span class='ocrx_word' id='word_1_65' title='bbox 463 1163 520 1204; x_wconf 71' lang='lat'>20</span> 
     </span>
    </p>
   </div>
   <div class='ocr_carea' id='block_1_8' title="bbox 663 1162 1218 1216">
    <p class='ocr_par' dir='ltr' id='par_1_9' title="bbox 663 1162 1218 1216">
     <span class='ocr_line' id='line_1_18' title="bbox 663 1162 1218 1216; baseline 0.002 -14"><span class='ocrx_word' id='word_1_66' title='bbox 663 1162 835 1203; x_wconf 85' lang='lat' dir='ltr'>Divitiis</span> <span class='ocrx_word' id='word_1_67' title='bbox 856 1163 1045 1216; x_wconf 88' lang='lat' dir='ltr'>potietur</span> <span class='ocrx_word' id='word_1_68' title='bbox 1064 1162 1218 1204; x_wconf 86' lang='lat' dir='ltr'>haeres.</span> 
     </span>
    </p>
   </div>
   <div class='ocr_carea' id='block_1_9' title="bbox 548 1229 1327 1350">
    <p class='ocr_par' dir='ltr' id='par_1_10' title="bbox 548 1229 1327 1350">
     <span class='ocr_line' id='line_1_19' title="bbox 550 1229 1322 1283; baseline -0.001 -13"><span class='ocrx_word' id='word_1_69' title='bbox 550 1230 741 1270; x_wconf 87' lang='lat' dir='ltr'>Divesne</span> <span class='ocrx_word' id='word_1_70' title='bbox 762 1229 904 1283; x_wconf 86' lang='lat' dir='ltr'>prisco</span> <span class='ocrx_word' id='word_1_71' title='bbox 925 1236 1051 1270; x_wconf 86' lang='lat' dir='ltr'>natus</span> <span class='ocrx_word' id='word_1_72' title='bbox 1071 1229 1126 1270; x_wconf 89' lang='lat' dir='ltr'>ab</span> <span class='ocrx_word' id='word_1_73' title='bbox 1147 1229 1322 1278; x_wconf 84' lang='lat' dir='ltr'>Inacho,</span> 
     </span>
     <span class='ocr_line' id='line_1_20' title="bbox 548 1295 1327 1350; baseline 0.001 -14"><span class='ocrx_word' id='word_1_74' title='bbox 548 1295 627 1337; x_wconf 92' lang='lat' dir='ltr'>Nil</span> <span class='ocrx_word' id='word_1_75' title='bbox 645 1297 838 1344; x_wconf 88' lang='lat' dir='ltr'>interest,</span> <span class='ocrx_word' id='word_1_76' title='bbox 861 1311 916 1337; x_wconf 87' lang='lat' dir='ltr'>an</span> <span class='ocrx_word' id='word_1_77' title='bbox 934 1310 1100 1350; x_wconf 84' lang='lat' dir='ltr'>pauper</span> <span class='ocrx_word' id='word_1_78' title='bbox 1119 1302 1163 1337; x_wconf 87' lang='lat' dir='ltr'>et</span> <span class='ocrx_word' id='word_1_79' title='bbox 1183 1296 1327 1337; x_wconf 87' lang='lat' dir='ltr'>infima</span> 
     </span>
    </p>
   </div>
   <div class='ocr_carea' id='block_1_10' title="bbox 314 1426 1065 2938">
    <p class='ocr_par' dir='ltr' id='par_1_11' title="bbox 322 1426 1058 2131">
     <span class='ocr_line' id='line_1_21' title="bbox 324 1426 1055 1472; baseline -0.004 -11"><span class='ocrx_word' id='word_1_80' title='bbox 324 1428 357 1460; x_wconf 81' lang='grc' dir='ltr'>εὖ</span> <span class='ocrx_word' id='word_1_81' title='bbox 373 1429 400 1461; x_wconf 82' lang='grc' dir='ltr'>τ’</span> <span class='ocrx_word' id='word_1_82' title='bbox 417 1429 543 1472; x_wconf 82' lang='grc' dir='ltr'><em>ἀγαθὰ,</em></span> <span class='ocrx_word' id='word_1_83' title='bbox 559 1428 705 1470; x_wconf 84' lang='grc' dir='ltr'>Ἀγαθὸς</span> <span class='ocrx_word' id='word_1_84' title='bbox 720 1429 765 1460; x_wconf 86' lang='grc' dir='ltr'>ἂν</span> <span class='ocrx_word' id='word_1_85' title='bbox 782 1427 829 1466; x_wconf 74' lang='grc' dir='ltr'>εἴη</span> <span class='ocrx_word' id='word_1_86' title='bbox 847 1427 886 1459; x_wconf 82' lang='grc' dir='ltr'>Χ’</span> <span class='ocrx_word' id='word_1_87' title='bbox 903 1427 927 1458; x_wconf 86' lang='grc' dir='ltr'><em>ὠ</em></span> <span class='ocrx_word' id='word_1_88' title='bbox 948 1426 1055 1470; x_wconf 80' lang='grc' dir='ltr'>φέρων</span> 
     </span>
     <span class='ocr_line' id='line_1_22' title="bbox 325 1471 1055 1510; baseline -0.003 -8"><span class='ocrx_word' id='word_1_89' title='bbox 325 1473 437 1510; x_wconf 76' lang='grc' dir='ltr'>καλῶς</span> <span class='ocrx_word' id='word_1_90' title='bbox 459 1471 555 1504; x_wconf 76' lang='grc' dir='ltr'><em>κακά.</em></span> <span class='ocrx_word' id='word_1_91' title='bbox 597 1472 656 1501; x_wconf 85' lang='lat' dir='ltr'>Seu</span> <span class='ocrx_word' id='word_1_92' title='bbox 677 1477 795 1501; x_wconf 81' lang='lat' dir='ltr'>moestus</span> <span class='ocrx_word' id='word_1_93' title='bbox 816 1471 895 1500; x_wconf 83' lang='lat' dir='ltr'>omni</span> <span class='ocrx_word' id='word_1_94' title='bbox 917 1477 1055 1510; x_wconf 83' lang='lat' dir='ltr'>tempore,</span> 
     </span>
     <span class='ocr_line' id='line_1_23' title="bbox 324 1511 1056 1546; baseline -0.003 -2"><span class='ocrx_word' id='word_1_95' title='bbox 324 1519 414 1545; x_wconf 77' lang='lat' dir='ltr'>cett-2</span> <span class='ocrx_word' id='word_1_96' title='bbox 431 1514 473 1546; x_wconf 87' lang='lat' dir='ltr'>cf.</span> <span class='ocrx_word' id='word_1_97' title='bbox 484 1514 616 1544; x_wconf 86' lang='lat' dir='ltr'>allatum</span> <span class='ocrx_word' id='word_1_98' title='bbox 629 1512 662 1544; x_wconf 89' lang='lat' dir='ltr'>in</span> <span class='ocrx_word' id='word_1_99' title='bbox 677 1513 759 1543; x_wconf 87' lang='lat' dir='ltr'>hanc</span> <span class='ocrx_word' id='word_1_100' title='bbox 774 1511 959 1543; x_wconf 85' lang='lat' dir='ltr'>sententiam</span> <span class='ocrx_word' id='word_1_101' title='bbox 972 1521 991 1542; x_wconf 90' lang='lat' dir='ltr'>a</span> <span class='ocrx_word' id='word_1_102' title='bbox 1003 1512 1056 1543; x_wconf 90' lang='lat' dir='ltr'>Cl.</span> 
     </span>
     <span class='ocr_line' id='line_1_24' title="bbox 324 1553 1056 1597; baseline -0.004 -11"><span class='ocrx_word' id='word_1_103' title='bbox 324 1555 457 1588; x_wconf 80' lang='lat' dir='ltr'>Mitsch.</span> <span class='ocrx_word' id='word_1_104' title='bbox 470 1555 660 1597; x_wconf 84' lang='lat' dir='ltr'>epigramma</span> <span class='ocrx_word' id='word_1_105' title='bbox 674 1555 716 1591; x_wconf 88' lang='lat' dir='ltr'>iv,</span> <span class='ocrx_word' id='word_1_106' title='bbox 732 1554 925 1595; x_wconf 87' lang='lat' dir='ltr'>Antiphanis</span> <span class='ocrx_word' id='word_1_107' title='bbox 939 1553 971 1583; x_wconf 90' lang='lat' dir='ltr'>in</span> <span class='ocrx_word' id='word_1_108' title='bbox 988 1554 1056 1584; x_wconf 89' lang='lat' dir='ltr'>An-</span> 
     </span>
     <span class='ocr_line' id='line_1_25' title="bbox 325 1596 1055 1639; baseline -0.005 -10"><span class='ocrx_word' id='word_1_109' title='bbox 325 1597 403 1629; x_wconf 82' lang='lat' dir='ltr'>thol.</span> <span class='ocrx_word' id='word_1_110' title='bbox 422 1598 528 1629; x_wconf 61' lang='lat' dir='ltr'>Graec.</span> <span class='ocrx_word' id='word_1_111' title='bbox 546 1599 586 1628; x_wconf 81' lang='lat' dir='ltr'>T.</span> <span class='ocrx_word' id='word_1_112' title='bbox 606 1597 640 1632; x_wconf 89' lang='lat' dir='ltr'>ii,</span> <span class='ocrx_word' id='word_1_113' title='bbox 657 1608 691 1639; x_wconf 88' lang='lat' dir='ltr'>p.</span> <span class='ocrx_word' id='word_1_114' title='bbox 710 1598 784 1631; x_wconf 83' lang='lat'>188,</span> <span class='ocrx_word' id='word_1_115' title='bbox 802 1602 834 1627; x_wconf 88' lang='lat' dir='ltr'>et</span> <span class='ocrx_word' id='word_1_116' title='bbox 853 1597 914 1637; x_wconf 88' lang='lat' dir='ltr'>Ep.</span> <span class='ocrx_word' id='word_1_117' title='bbox 938 1596 1055 1626; x_wconf 84' lang='lat' dir='ltr'>Incert.</span> 
     </span>
     <span class='ocr_line' id='line_1_26' title="bbox 326 1637 1055 1679; baseline -0.003 -9"><span class='ocrx_word' id='word_1_118' title='bbox 326 1650 451 1676; x_wconf 74' lang='lat' dir='ltr'>Dxxw,</span> <span class='ocrx_word' id='word_1_119' title='bbox 462 1639 594 1670; x_wconf 86' lang='lat' dir='ltr'>Anthol.</span> <span class='ocrx_word' id='word_1_120' title='bbox 608 1640 714 1670; x_wconf 74' lang='lat' dir='ltr'>Graec.</span> <span class='ocrx_word' id='word_1_121' title='bbox 723 1638 812 1674; x_wconf 88' lang='lat' dir='ltr'>T.iv,</span> <span class='ocrx_word' id='word_1_122' title='bbox 822 1639 935 1679; x_wconf 82' lang='lat' dir='ltr'>p.229.</span> <span class='ocrx_word' id='word_1_123' title='bbox 961 1637 999 1667; x_wconf 85' lang='lat' dir='ltr'>In</span> <span class='ocrx_word' id='word_1_124' title='bbox 1010 1649 1055 1668; x_wconf 82' lang='lat' dir='ltr'>re-</span> 
     </span>
     <span class='ocr_line' id='line_1_27' title="bbox 323 1678 1056 1723; baseline -0.004 -11"><span class='ocrx_word' id='word_1_125' title='bbox 323 1687 400 1712; x_wconf 81' lang='lat' dir='ltr'>moto</span> <span class='ocrx_word' id='word_1_126' title='bbox 412 1684 562 1723; x_wconf 78' lang='lat' dir='ltr'>gramine,</span> <span class='ocrx_word' id='word_1_127' title='bbox 578 1681 612 1711; x_wconf 90' lang='lat' dir='ltr'>in</span> <span class='ocrx_word' id='word_1_128' title='bbox 630 1686 719 1722; x_wconf 85' lang='lat' dir='ltr'>prato</span> <span class='ocrx_word' id='word_1_129' title='bbox 738 1691 756 1711; x_wconf 92' lang='lat' dir='ltr'>a</span> <span class='ocrx_word' id='word_1_130' title='bbox 772 1690 847 1711; x_wconf 89' lang='lat' dir='ltr'>cons</span> <span class='ocrx_word' id='word_1_131' title='bbox 870 1685 941 1710; x_wconf 88' lang='lat' dir='ltr'>ectu</span> <span class='ocrx_word' id='word_1_132' title='bbox 956 1678 1056 1709; x_wconf 88' lang='lat' dir='ltr'>homi-</span> 
     </span>
     <span class='ocr_line' id='line_1_28' title="bbox 324 1721 1056 1759; baseline -0.005 -5"><span class='ocrx_word' id='word_1_133' title='bbox 324 1733 400 1754; x_wconf 87' lang='lat' dir='ltr'>num</span> <span class='ocrx_word' id='word_1_134' title='bbox 422 1729 551 1759; x_wconf 87' lang='lat' dir='ltr'>remoto,</span> <span class='ocrx_word' id='word_1_135' title='bbox 573 1723 605 1753; x_wconf 86' lang='lat' dir='ltr'>h.</span> <span class='ocrx_word' id='word_1_136' title='bbox 623 1734 654 1754; x_wconf 83' lang='lat' dir='ltr'>e.</span> <span class='ocrx_word' id='word_1_137' title='bbox 673 1728 802 1754; x_wconf 83' lang='lat' dir='ltr'>secreto.</span> <span class='ocrx_word' id='word_1_138' title='bbox 875 1723 951 1751; x_wconf 74' lang='lat' dir='ltr'>euris</span> <span class='ocrx_word' id='word_1_139' title='bbox 973 1721 1056 1751; x_wconf 83' lang='lat' dir='ltr'>Inte-</span> 
     </span>
     <span class='ocr_line' id='line_1_29' title="bbox 323 1762 1058 1804; baseline -0.001 -9"><span class='ocrx_word' id='word_1_140' title='bbox 323 1767 403 1796; x_wconf 82' lang='lat' dir='ltr'>rim-e</span> <span class='ocrx_word' id='word_1_141' title='bbox 427 1773 498 1797; x_wconf 81' lang='lat' dir='ltr'>nota</span> <span class='ocrx_word' id='word_1_142' title='bbox 529 1765 667 1801; x_wconf 80' lang='lat' dir='ltr'>Falerni,</span> <span class='ocrx_word' id='word_1_143' title='bbox 693 1762 916 1795; x_wconf 86' lang='lat' dir='ltr'>exhilaraveris</span> <span class='ocrx_word' id='word_1_144' title='bbox 940 1762 1058 1804; x_wconf 90' lang='lat' dir='ltr'>optimo</span> 
     </span>
     <span class='ocr_line' id='line_1_30' title="bbox 325 1804 1058 1842; baseline -0.004 -4"><span class='ocrx_word' id='word_1_145' title='bbox 325 1807 470 1839; x_wconf 84' lang='lat' dir='ltr'>Falerno.</span> <span class='ocrx_word' id='word_1_146' title='bbox 517 1808 611 1842; x_wconf 85' lang='lat' dir='ltr'>Nota,</span> <span class='ocrx_word' id='word_1_147' title='bbox 626 1807 664 1838; x_wconf 91' lang='lat' dir='ltr'>de</span> <span class='ocrx_word' id='word_1_148' title='bbox 677 1807 767 1841; x_wconf 86' lang='lat' dir='ltr'>cado,</span> <span class='ocrx_word' id='word_1_149' title='bbox 785 1810 890 1836; x_wconf 80' lang='lat' dir='ltr'>notam</span> <span class='ocrx_word' id='word_1_150' title='bbox 905 1804 970 1836; x_wconf 87' lang='lat' dir='ltr'>sive</span> <span class='ocrx_word' id='word_1_151' title='bbox 982 1805 1058 1836; x_wconf 85' lang='lat' dir='ltr'>titu-</span> 
     </span>
     <span class='ocr_line' id='line_1_31' title="bbox 322 1847 1056 1891; baseline -0.001 -12"><span class='ocrx_word' id='word_1_152' title='bbox 322 1849 402 1886; x_wconf 89' lang='lat' dir='ltr'>lum,</span> <span class='ocrx_word' id='word_1_153' title='bbox 423 1850 518 1891; x_wconf 86' lang='lat' dir='ltr'>quale</span> <span class='ocrx_word' id='word_1_154' title='bbox 538 1849 646 1880; x_wconf 84' lang='lat' dir='ltr'>vinum</span> <span class='ocrx_word' id='word_1_155' title='bbox 670 1847 840 1883; x_wconf 83' lang='lat' dir='ltr'>contineat,</span> <span class='ocrx_word' id='word_1_156' title='bbox 866 1858 928 1888; x_wconf 83' lang='lat' dir='ltr'>prae</span> <span class='ocrx_word' id='word_1_157' title='bbox 957 1857 990 1878; x_wconf 90' lang='lat' dir='ltr'>se</span> <span class='ocrx_word' id='word_1_158' title='bbox 1013 1847 1056 1878; x_wconf 86' lang='lat' dir='ltr'>se-</span> 
     </span>
     <span class='ocr_line' id='line_1_32' title="bbox 323 1889 1058 1932; baseline -0.003 -11"><span class='ocrx_word' id='word_1_159' title='bbox 323 1896 432 1929; x_wconf 79' lang='lat' dir='ltr'>rente3</span> <span class='ocrx_word' id='word_1_160' title='bbox 455 1891 511 1932; x_wconf 92' lang='lat' dir='ltr'>qui</span> <span class='ocrx_word' id='word_1_161' title='bbox 533 1891 660 1932; x_wconf 89' lang='lat' dir='ltr'>quidem</span> <span class='ocrx_word' id='word_1_162' title='bbox 683 1900 768 1920; x_wconf 88' lang='lat' dir='ltr'>nunc</span> <span class='ocrx_word' id='word_1_163' title='bbox 786 1889 901 1920; x_wconf 89' lang='lat' dir='ltr'>dicitur</span> <span class='ocrx_word' id='word_1_164' title='bbox 920 1891 1058 1926; x_wconf 81' lang='lat' dir='ltr'>interior,</span> 
     </span>
     <span class='ocr_line' id='line_1_33' title="bbox 324 1931 1057 1979; baseline -0.003 -15"><span class='ocrx_word' id='word_1_165' title='bbox 324 1933 400 1974; x_wconf 84' lang='lat' dir='ltr'>quia</span> <span class='ocrx_word' id='word_1_166' title='bbox 414 1933 522 1964; x_wconf 87' lang='lat' dir='ltr'>vinum</span> <span class='ocrx_word' id='word_1_167' title='bbox 539 1932 675 1963; x_wconf 86' lang='lat' dir='ltr'>nobilius</span> <span class='ocrx_word' id='word_1_168' title='bbox 688 1937 720 1963; x_wconf 88' lang='lat' dir='ltr'>et</span> <span class='ocrx_word' id='word_1_169' title='bbox 735 1931 936 1979; x_wconf 69' lang='lat' dir='ltr'>praestantius</span> <span class='ocrx_word' id='word_1_170' title='bbox 956 1931 1057 1962; x_wconf 85' lang='lat' dir='ltr'>conti-</span> 
     </span>
     <span class='ocr_line' id='line_1_34' title="bbox 323 1973 1057 2016; baseline -0.001 -12"><span class='ocrx_word' id='word_1_171' title='bbox 323 1975 431 2011; x_wconf 89' lang='lat' dir='ltr'>nebat,</span> <span class='ocrx_word' id='word_1_172' title='bbox 454 1975 587 2016; x_wconf 90' lang='lat' dir='ltr'>ideoque</span> <span class='ocrx_word' id='word_1_173' title='bbox 604 1974 637 2005; x_wconf 90' lang='lat' dir='ltr'>in</span> <span class='ocrx_word' id='word_1_174' title='bbox 660 1974 803 2004; x_wconf 80' lang='lat' dir='ltr'>interiore</span> <span class='ocrx_word' id='word_1_175' title='bbox 821 1973 911 2004; x_wconf 85' lang='lat' dir='ltr'>cellae</span> <span class='ocrx_word' id='word_1_176' title='bbox 929 1973 1057 2004; x_wconf 84' lang='lat' dir='ltr'>vinariae</span> 
     </span>
     <span class='ocr_line' id='line_1_35' title="bbox 322 2014 1056 2058; baseline 0 -12"><span class='ocrx_word' id='word_1_177' title='bbox 322 2021 421 2058; x_wconf 85' lang='lat' dir='ltr'>parte,</span> <span class='ocrx_word' id='word_1_178' title='bbox 444 2022 480 2048; x_wconf 87' lang='lat' dir='ltr'>ut</span> <span class='ocrx_word' id='word_1_179' title='bbox 505 2016 591 2047; x_wconf 84' lang='lat' dir='ltr'>festis</span> <span class='ocrx_word' id='word_1_180' title='bbox 614 2022 736 2046; x_wconf 87' lang='lat' dir='ltr'>tantum</span> <span class='ocrx_word' id='word_1_181' title='bbox 759 2015 870 2046; x_wconf 85' lang='lat' dir='ltr'>diebus</span> <span class='ocrx_word' id='word_1_182' title='bbox 892 2014 965 2046; x_wconf 86' lang='lat' dir='ltr'>inde</span> <span class='ocrx_word' id='word_1_183' title='bbox 989 2026 1056 2056; x_wconf 87' lang='lat' dir='ltr'>pro·</span> 
     </span>
     <span class='ocr_line' id='line_1_36' title="bbox 322 2057 1057 2098; baseline 0 -10"><span class='ocrx_word' id='word_1_184' title='bbox 322 2065 469 2095; x_wconf 84' lang='lat' dir='ltr'>meretur,</span> <span class='ocrx_word' id='word_1_185' title='bbox 514 2057 710 2090; x_wconf 84' lang='lat' dir='ltr'>reconditum</span> <span class='ocrx_word' id='word_1_186' title='bbox 754 2063 850 2098; x_wconf 85' lang='lat' dir='ltr'>atque</span> <span class='ocrx_word' id='word_1_187' title='bbox 890 2057 1057 2098; x_wconf 88' lang='lat' dir='ltr'>repositum</span> 
     </span>
     <span class='ocr_line' id='line_1_37' title="bbox 323 2100 395 2131; baseline 0.014 -1"><span class='ocrx_word' id='word_1_188' title='bbox 323 2100 395 2131; x_wconf 78' lang='lat' dir='ltr'>suit.</span> 
     </span>
    </p>

    <p class='ocr_par' dir='ltr' id='par_1_12' title="bbox 314 2140 1065 2938">
     <span class='ocr_line' id='line_1_38' title="bbox 364 2140 1055 2183; baseline -0.001 -10"><span class='ocrx_word' id='word_1_189' title='bbox 364 2142 483 2174; x_wconf 82' lang='lat'>9-—16.</span> <span class='ocrx_word' id='word_1_190' title='bbox 504 2142 644 2173; x_wconf 81' lang='lat' dir='ltr'><strong>Sensus:</strong></span> <span class='ocrx_word' id='word_1_191' title='bbox 676 2140 731 2172; x_wconf 91' lang='lat' dir='ltr'>ubi</span> <span class='ocrx_word' id='word_1_192' title='bbox 753 2140 846 2183; x_wconf 86' lang='lat' dir='ltr'>pinus</span> <span class='ocrx_word' id='word_1_193' title='bbox 867 2145 898 2171; x_wconf 87' lang='lat' dir='ltr'>et</span> <span class='ocrx_word' id='word_1_194' title='bbox 919 2140 1055 2182; x_wconf 89' lang='lat' dir='ltr'>populus</span> 
     </span>
     <span class='ocr_line' id='line_1_39' title="bbox 321 2183 1053 2226; baseline 0 -12"><span class='ocrx_word' id='word_1_195' title='bbox 321 2183 516 2226; x_wconf 75' lang='lat' dir='ltr'>hospitaliter</span> <span class='ocrx_word' id='word_1_196' title='bbox 550 2193 748 2215; x_wconf 89' lang='lat' dir='ltr'>communem</span> <span class='ocrx_word' id='word_1_197' title='bbox 788 2183 930 2213; x_wconf 87' lang='lat' dir='ltr'>umbram</span> <span class='ocrx_word' id='word_1_198' title='bbox 968 2184 1053 2214; x_wconf 83' lang='lat' dir='ltr'>suffi-</span> 
     </span>
     <span class='ocr_line' id='line_1_40' title="bbox 321 2224 1052 2267; baseline -0.001 -10"><span class='ocrx_word' id='word_1_199' title='bbox 321 2226 423 2261; x_wconf 89' lang='lat' dir='ltr'>ciunt,</span> <span class='ocrx_word' id='word_1_200' title='bbox 445 2225 592 2267; x_wconf 83' lang='lat' dir='ltr'>rivusque</span> <span class='ocrx_word' id='word_1_201' title='bbox 613 2225 779 2256; x_wconf 84' lang='lat' dir='ltr'>intentiore</span> <span class='ocrx_word' id='word_1_202' title='bbox 797 2235 890 2255; x_wconf 89' lang='lat' dir='ltr'>cursu</span> <span class='ocrx_word' id='word_1_203' title='bbox 908 2224 1033 2256; x_wconf 80' lang='lat' dir='ltr'>festinat</span> <span class='ocrx_word' id='word_1_204' title='bbox 1043 2237 1052 2265; x_wconf 76' lang='lat'><em>3</em></span> 
     </span>
     <span class='ocr_line' id='line_1_41' title="bbox 320 2267 1053 2309; baseline -0.003 -9"><span class='ocrx_word' id='word_1_205' title='bbox 320 2278 357 2300; x_wconf 80' lang='lat' dir='ltr'>eo</span> <span class='ocrx_word' id='word_1_206' title='bbox 379 2268 455 2300; x_wconf 82' lang='lat' dir='ltr'>affer</span> <span class='ocrx_word' id='word_1_207' title='bbox 476 2267 561 2303; x_wconf 83' lang='lat' dir='ltr'>vina,</span> <span class='ocrx_word' id='word_1_208' title='bbox 584 2273 745 2309; x_wconf 86' lang='lat' dir='ltr'>unguenta</span> <span class='ocrx_word' id='word_1_209' title='bbox 765 2272 797 2298; x_wconf 91' lang='lat' dir='ltr'>et</span> <span class='ocrx_word' id='word_1_210' title='bbox 819 2276 914 2302; x_wconf 83' lang='lat' dir='ltr'>rosas,</span> <span class='ocrx_word' id='word_1_211' title='bbox 934 2267 1053 2308; x_wconf 86' lang='lat' dir='ltr'>ibique,</span> 
     </span>
     <span class='ocr_line' id='line_1_42' title="bbox 320 2308 1055 2350; baseline -0.001 -9"><span class='ocrx_word' id='word_1_212' title='bbox 320 2310 395 2341; x_wconf 91' lang='lat' dir='ltr'>dum</span> <span class='ocrx_word' id='word_1_213' title='bbox 419 2310 484 2340; x_wconf 78' lang='lat' dir='ltr'>fata</span> <span class='ocrx_word' id='word_1_214' title='bbox 505 2310 625 2346; x_wconf 87' lang='lat' dir='ltr'>sinunt,</span> <span class='ocrx_word' id='word_1_215' title='bbox 648 2309 777 2350; x_wconf 78' lang='lat' dir='ltr'>indulge</span> <span class='ocrx_word' id='word_1_216' title='bbox 795 2308 925 2340; x_wconf 78' lang='lat' dir='ltr'>laetitiae.</span> <span class='ocrx_word' id='word_1_217' title='bbox 981 2309 1055 2340; x_wconf 85' lang='lat' dir='ltr'>Fuit</span> 
     </span>
     <span class='ocr_line' id='line_1_43' title="bbox 321 2351 1055 2393; baseline -0.004 -9"><span class='ocrx_word' id='word_1_218' title='bbox 321 2358 428 2384; x_wconf 84' lang='lat' dir='ltr'>autem</span> <span class='ocrx_word' id='word_1_219' title='bbox 444 2352 494 2382; x_wconf 88' lang='lat' dir='ltr'>hic</span> <span class='ocrx_word' id='word_1_220' title='bbox 508 2352 609 2387; x_wconf 87' lang='lat' dir='ltr'>locus,</span> <span class='ocrx_word' id='word_1_221' title='bbox 633 2362 726 2393; x_wconf 91' lang='lat' dir='ltr'>quem</span> <span class='ocrx_word' id='word_1_222' title='bbox 746 2357 835 2382; x_wconf 85' lang='lat' dir='ltr'>tanta</span> <span class='ocrx_word' id='word_1_223' title='bbox 853 2356 918 2382; x_wconf 81' lang='lat' dir='ltr'>arte</span> <span class='ocrx_word' id='word_1_224' title='bbox 939 2351 1055 2382; x_wconf 85' lang='lat' dir='ltr'>Noster</span> 
     </span>
     <span class='ocr_line' id='line_1_44' title="bbox 319 2393 1054 2436; baseline -0.003 -10"><span class='ocrx_word' id='word_1_225' title='bbox 319 2393 495 2436; x_wconf 84' lang='lat' dir='ltr'>descripsit,</span> <span class='ocrx_word' id='word_1_226' title='bbox 523 2394 758 2425; x_wconf 85' lang='lat' dir='ltr'>amoenissimus</span> <span class='ocrx_word' id='word_1_227' title='bbox 789 2393 874 2423; x_wconf 86' lang='lat' dir='ltr'>haud</span> <span class='ocrx_word' id='word_1_228' title='bbox 901 2393 996 2424; x_wconf 92' lang='lat' dir='ltr'>dubie</span> <span class='ocrx_word' id='word_1_229' title='bbox 1022 2393 1054 2424; x_wconf 91' lang='lat' dir='ltr'>in</span> 
     </span>
     <span class='ocr_line' id='line_1_45' title="bbox 319 2435 1052 2477; baseline -0.001 -10"><span class='ocrx_word' id='word_1_230' title='bbox 319 2437 395 2467; x_wconf 82' lang='lat' dir='ltr'>villa</span> <span class='ocrx_word' id='word_1_231' title='bbox 407 2435 517 2471; x_wconf 89' lang='lat' dir='ltr'>Dellii,</span> <span class='ocrx_word' id='word_1_232' title='bbox 533 2436 625 2477; x_wconf 85' lang='lat' dir='ltr'>cujus</span> <span class='ocrx_word' id='word_1_233' title='bbox 639 2435 754 2467; x_wconf 90' lang='lat' dir='ltr'>mentio</span> <span class='ocrx_word' id='word_1_234' title='bbox 770 2435 803 2466; x_wconf 82' lang='lat' dir='ltr'>fit</span> <span class='ocrx_word' id='word_1_235' title='bbox 815 2445 845 2465; x_wconf 92' lang='lat' dir='ltr'>v.</span> <span class='ocrx_word' id='word_1_236' title='bbox 863 2435 914 2465; x_wconf 88' lang='grc'><strong>18.</strong></span> <span class='ocrx_word' id='word_1_237' title='bbox 954 2436 1032 2466; x_wconf 82' lang='lat' dir='ltr'>Alba</span> <span class='ocrx_word' id='word_1_238' title='bbox 1043 2448 1052 2466; x_wconf 82' lang='lat'>.-</span> 
     </span>
     <span class='ocr_line' id='line_1_46' title="bbox 321 2477 1052 2518; baseline -0.004 -8"><span class='ocrx_word' id='word_1_239' title='bbox 321 2489 390 2516; x_wconf 87' lang='lat' dir='ltr'>nos,</span> <span class='ocrx_word' id='word_1_240' title='bbox 411 2478 656 2518; x_wconf 65' lang='lat' dir='ltr'>sicher-Pappa.</span> <span class='ocrx_word' id='word_1_241' title='bbox 699 2478 896 2517; x_wconf 77' lang='lat' dir='ltr'>Hospitalem,</span> <span class='ocrx_word' id='word_1_242' title='bbox 916 2477 1052 2517; x_wconf 87' lang='lat' dir='ltr'>benigno</span> 
     </span>
     <span class='ocr_line' id='line_1_47' title="bbox 318 2518 1052 2561; baseline 0 -11"><span class='ocrx_word' id='word_1_243' title='bbox 318 2520 409 2561; x_wconf 86' lang='lat' dir='ltr'>quasi</span> <span class='ocrx_word' id='word_1_244' title='bbox 436 2529 500 2555; x_wconf 88' lang='lat' dir='ltr'>eos,</span> <span class='ocrx_word' id='word_1_245' title='bbox 525 2520 580 2560; x_wconf 89' lang='lat' dir='ltr'>qui</span> <span class='ocrx_word' id='word_1_246' title='bbox 606 2520 682 2550; x_wconf 88' lang='lat' dir='ltr'>illuc</span> <span class='ocrx_word' id='word_1_247' title='bbox 706 2518 888 2554; x_wconf 85' lang='lat' dir='ltr'>deveniunt,</span> <span class='ocrx_word' id='word_1_248' title='bbox 918 2519 1052 2561; x_wconf 88' lang='lat' dir='ltr'>hospitio</span> 
     </span>
     <span class='ocr_line' id='line_1_48' title="bbox 317 2561 1050 2604; baseline -0.001 -11"><span class='ocrx_word' id='word_1_249' title='bbox 317 2561 524 2604; x_wconf 81' lang='lat' dir='ltr'>excipientem</span> <span class='ocrx_word' id='word_1_250' title='bbox 538 2573 544 2591; x_wconf 91' lang='lat'>:</span> <span class='ocrx_word' id='word_1_251' title='bbox 570 2562 612 2592; x_wconf 77' lang='lat' dir='ltr'>cf.</span> <span class='ocrx_word' id='word_1_252' title='bbox 625 2561 716 2602; x_wconf 84' lang='lat' dir='ltr'>Virg.</span> <span class='ocrx_word' id='word_1_253' title='bbox 732 2562 810 2592; x_wconf 83' lang='lat' dir='ltr'>Geo.</span> <span class='ocrx_word' id='word_1_254' title='bbox 823 2561 865 2595; x_wconf 86' lang='lat' dir='ltr'>iv,</span> <span class='ocrx_word' id='word_1_255' title='bbox 881 2562 934 2591; x_wconf 82' lang='lat'>24.</span> <span class='ocrx_word' id='word_1_256' title='bbox 972 2562 1050 2592; x_wconf 80' lang='lat' dir='ltr'>Cou-</span> 
     </span>
     <span class='ocr_line' id='line_1_49' title="bbox 316 2602 1048 2645; baseline -0.001 -10"><span class='ocrx_word' id='word_1_257' title='bbox 316 2606 428 2635; x_wconf 77' lang='lat' dir='ltr'>sociare</span> <span class='ocrx_word' id='word_1_258' title='bbox 452 2610 555 2634; x_wconf 80' lang='lat' dir='ltr'>amant</span> <span class='ocrx_word' id='word_1_259' title='bbox 584 2604 700 2638; x_wconf 84' lang='lat' dir='ltr'>Ramis,</span> <span class='ocrx_word' id='word_1_260' title='bbox 731 2602 892 2645; x_wconf 83' lang='lat' dir='ltr'>implicitis</span> <span class='ocrx_word' id='word_1_261' title='bbox 914 2603 1048 2634; x_wconf 89' lang='lat' dir='ltr'>invicem</span> 
     </span>
     <span class='ocr_line' id='line_1_50' title="bbox 316 2644 1048 2687; baseline 0 -10"><span class='ocrx_word' id='word_1_262' title='bbox 316 2646 410 2677; x_wconf 84' lang='lat' dir='ltr'>ramis</span> <span class='ocrx_word' id='word_1_263' title='bbox 435 2655 474 2676; x_wconf 88' lang='lat' dir='ltr'>ex</span> <span class='ocrx_word' id='word_1_264' title='bbox 496 2645 598 2675; x_wconf 89' lang='lat' dir='ltr'>mutui</span> <span class='ocrx_word' id='word_1_265' title='bbox 624 2645 715 2687; x_wconf 86' lang='lat' dir='ltr'>quasi</span> <span class='ocrx_word' id='word_1_266' title='bbox 745 2645 859 2675; x_wconf 82' lang='lat' dir='ltr'>amoris</span> <span class='ocrx_word' id='word_1_267' title='bbox 884 2644 1048 2677; x_wconf 83' lang='lat' dir='ltr'>affectione</span> 
     </span>
     <span class='ocr_line' id='line_1_51' title="bbox 316 2686 1048 2728; baseline -0.001 -9"><span class='ocrx_word' id='word_1_268' title='bbox 316 2689 457 2719; x_wconf 89' lang='lat' dir='ltr'>umbram</span> <span class='ocrx_word' id='word_1_269' title='bbox 481 2687 643 2728; x_wconf 83' lang='lat' dir='ltr'>jungunt3</span> <span class='ocrx_word' id='word_1_270' title='bbox 674 2686 814 2718; x_wconf 87' lang='lat' dir='ltr'>similiter</span> <span class='ocrx_word' id='word_1_271' title='bbox 837 2687 899 2717; x_wconf 81' lang='lat' dir='ltr'>fere</span> <span class='ocrx_word' id='word_1_272' title='bbox 927 2697 997 2728; x_wconf 89' lang='lat' dir='ltr'>sup.</span> <span class='ocrx_word' id='word_1_273' title='bbox 1026 2688 1048 2724; x_wconf 88' lang='lat' dir='ltr'>i,</span> 
     </span>
     <span class='ocr_line' id='line_1_52' title="bbox 314 2728 1047 2770; baseline 0 -10"><span class='ocrx_word' id='word_1_274' title='bbox 314 2732 371 2767; x_wconf 79' lang='lat'>⁴25,</span> <span class='ocrx_word' id='word_1_275' title='bbox 387 2731 419 2766; x_wconf 83' lang='lat'>4,</span> <span class='ocrx_word' id='word_1_276' title='bbox 433 2731 623 2768; x_wconf 79' lang='lat' dir='ltr'>amatjanua</span> <span class='ocrx_word' id='word_1_277' title='bbox 641 2731 731 2760; x_wconf 77' lang='lat' dir='ltr'>limen</span> <span class='ocrx_word' id='word_1_278' title='bbox 747 2739 812 2770; x_wconf 86' lang='lat' dir='ltr'>pro,</span> <span class='ocrx_word' id='word_1_279' title='bbox 824 2728 924 2770; x_wconf 88' lang='lat' dir='ltr'>janua</span> <span class='ocrx_word' id='word_1_280' title='bbox 938 2739 1047 2760; x_wconf 79' lang='lat' dir='ltr'>aman-</span> 
     </span>
     <span class='ocr_line' id='line_1_53' title="bbox 314 2771 1065 2813; baseline -0.003 -10"><span class='ocrx_word' id='word_1_281' title='bbox 314 2779 361 2803; x_wconf 83' lang='lat' dir='ltr'>ter</span> <span class='ocrx_word' id='word_1_282' title='bbox 375 2771 466 2813; x_wconf 85' lang='lat' dir='ltr'>quasi</span> <span class='ocrx_word' id='word_1_283' title='bbox 479 2781 552 2802; x_wconf 87' lang='lat' dir='ltr'>cum</span> <span class='ocrx_word' id='word_1_284' title='bbox 575 2771 683 2802; x_wconf 88' lang='lat' dir='ltr'>limine</span> <span class='ocrx_word' id='word_1_285' title='bbox 698 2771 888 2804; x_wconf 87' lang='lat' dir='ltr'>consuescit,</span> <span class='ocrx_word' id='word_1_286' title='bbox 905 2776 1046 2803; x_wconf 89' lang='lat' dir='ltr'>amanter</span> <span class='ocrx_word' id='word_1_287' title='bbox 1062 2783 1065 2785; x_wconf 51' lang='lat'><em>⁴</em></span> 
     </span>
     <span class='ocr_line' id='line_1_54' title="bbox 314 2813 1043 2852; baseline -0.001 -7"><span class='ocrx_word' id='word_1_288' title='bbox 314 2814 416 2846; x_wconf 89' lang='lat' dir='ltr'>limini</span> <span class='ocrx_word' id='word_1_289' title='bbox 437 2813 585 2844; x_wconf 58' lang='lat' dir='ltr'>adhaeret.</span> <span class='ocrx_word' id='word_1_290' title='bbox 629 2813 762 2843; x_wconf 79' lang='lat' dir='ltr'>Laborat</span> <span class='ocrx_word' id='word_1_291' title='bbox 784 2815 948 2852; x_wconf 82' lang='lat' dir='ltr'>trepidare,</span> <span class='ocrx_word' id='word_1_292' title='bbox 970 2823 1043 2844; x_wconf 90' lang='lat' dir='ltr'>cum</span> 
     </span>
     <span class='ocr_line' id='line_1_55' title="bbox 314 2854 1042 2896; baseline -0.003 -8"><span class='ocrx_word' id='word_1_293' title='bbox 314 2858 420 2888; x_wconf 88' lang='lat' dir='ltr'>labore</span> <span class='ocrx_word' id='word_1_294' title='bbox 434 2860 467 2887; x_wconf 82' lang='lat' dir='ltr'>et</span> <span class='ocrx_word' id='word_1_295' title='bbox 481 2854 645 2886; x_wconf 85' lang='lat' dir='ltr'>intentiore</span> <span class='ocrx_word' id='word_1_296' title='bbox 660 2854 729 2885; x_wconf 84' lang='lat' dir='ltr'>nisu</span> <span class='ocrx_word' id='word_1_297' title='bbox 746 2864 800 2896; x_wconf 85' lang='lat' dir='ltr'>per</span> <span class='ocrx_word' id='word_1_298' title='bbox 818 2859 969 2885; x_wconf 84' lang='lat' dir='ltr'>tortuosos</span> <span class='ocrx_word' id='word_1_299' title='bbox 987 2855 1042 2886; x_wconf 87' lang='lat' dir='ltr'>rivi</span> 
     </span>
     <span class='ocr_line' id='line_1_56' title="bbox 314 2897 1041 2938; baseline -0.004 -9"><span class='ocrx_word' id='word_1_300' title='bbox 314 2899 403 2930; x_wconf 81' lang='lat' dir='ltr'>sinus</span> <span class='ocrx_word' id='word_1_301' title='bbox 425 2897 584 2938; x_wconf 85' lang='lat' dir='ltr'>flexusque</span> <span class='ocrx_word' id='word_1_302' title='bbox 607 2897 743 2934; x_wconf 77' lang='lat' dir='ltr'>festinat.</span> <span class='ocrx_word' id='word_1_303' title='bbox 790 2897 953 2936; x_wconf 73' lang='lat' dir='ltr'>Trepidare</span> <span class='ocrx_word' id='word_1_304' title='bbox 967 2898 1041 2927; x_wconf 90' lang='lat' dir='ltr'>sim-</span> 
     </span>
    </p>
   </div>
   <div class='ocr_carea' id='block_1_11' title="bbox 1087 1426 1833 2938">
    <p class='ocr_par' dir='ltr' id='par_1_13' title="bbox 1099 1426 1833 1721">
     <span class='ocr_line' id='line_1_57' title="bbox 1102 1426 1832 1463; baseline 0 -6"><span class='ocrx_word' id='word_1_305' title='bbox 1102 1427 1152 1463; x_wconf 91' lang='lat'>10,</span> <span class='ocrx_word' id='word_1_306' title='bbox 1174 1429 1228 1463; x_wconf 81' lang='lat'>21,</span> <span class='ocrx_word' id='word_1_307' title='bbox 1244 1433 1275 1458; x_wconf 86' lang='lat' dir='ltr'>et</span> <span class='ocrx_word' id='word_1_308' title='bbox 1293 1427 1468 1459; x_wconf 83' lang='lat' dir='ltr'>sexcenties</span> <span class='ocrx_word' id='word_1_309' title='bbox 1490 1426 1578 1458; x_wconf 84' lang='lat' dir='ltr'>alibi.</span> <span class='ocrx_word' id='word_1_310' title='bbox 1622 1427 1728 1458; x_wconf 69' lang='lat' dir='ltr'>Brevis</span> <span class='ocrx_word' id='word_1_311' title='bbox 1748 1437 1832 1463; x_wconf 75' lang='lat' dir='ltr'>rasae,</span> 
     </span>
     <span class='ocr_line' id='line_1_58' title="bbox 1099 1468 1833 1511; baseline 0 -12"><span class='ocrx_word' id='word_1_312' title='bbox 1099 1468 1132 1500; x_wconf 85' lang='lat' dir='ltr'>h.</span> <span class='ocrx_word' id='word_1_313' title='bbox 1155 1479 1182 1500; x_wconf 91' lang='lat' dir='ltr'>e.</span> <span class='ocrx_word' id='word_1_314' title='bbox 1206 1471 1297 1501; x_wconf 86' lang='lat' dir='ltr'>breve</span> <span class='ocrx_word' id='word_1_315' title='bbox 1323 1475 1447 1511; x_wconf 89' lang='lat' dir='ltr'>tempus</span> <span class='ocrx_word' id='word_1_316' title='bbox 1472 1469 1674 1506; x_wconf 83' lang='lat' dir='ltr'>florescentis,</span> <span class='ocrx_word' id='word_1_317' title='bbox 1701 1473 1736 1500; x_wconf 82' lang='lat' dir='ltr'>ut</span> <span class='ocrx_word' id='word_1_318' title='bbox 1763 1479 1833 1510; x_wconf 86' lang='lat' dir='ltr'>sup.</span> 
     </span>
     <span class='ocr_line' id='line_1_59' title="bbox 1099 1511 1832 1552; baseline 0 -11"><span class='ocrx_word' id='word_1_319' title='bbox 1099 1511 1121 1547; x_wconf 84' lang='lat' dir='ltr'>i,</span> <span class='ocrx_word' id='word_1_320' title='bbox 1152 1512 1205 1547; x_wconf 87' lang='lat'>36,</span> <span class='ocrx_word' id='word_1_321' title='bbox 1239 1513 1290 1548; x_wconf 88' lang='grc'>16,</span> <span class='ocrx_word' id='word_1_322' title='bbox 1321 1513 1405 1543; x_wconf 79' lang='lat' dir='ltr'>breve</span> <span class='ocrx_word' id='word_1_323' title='bbox 1431 1513 1542 1543; x_wconf 77' lang='lat' dir='ltr'>lilium.</span> <span class='ocrx_word' id='word_1_324' title='bbox 1599 1511 1669 1546; x_wconf 73' lang='lat' dir='ltr'>Res.</span> <span class='ocrx_word' id='word_1_325' title='bbox 1697 1520 1832 1552; x_wconf 78' lang='lat' dir='ltr'>praesens</span> 
     </span>
     <span class='ocr_line' id='line_1_60' title="bbox 1100 1553 1830 1592; baseline 0 -10"><span class='ocrx_word' id='word_1_326' title='bbox 1100 1563 1202 1583; x_wconf 84' lang='lat' dir='ltr'>rerum</span> <span class='ocrx_word' id='word_1_327' title='bbox 1245 1554 1383 1584; x_wconf 88' lang='lat' dir='ltr'>conditio</span> <span class='ocrx_word' id='word_1_328' title='bbox 1401 1565 1410 1592; x_wconf 90' lang='lat'>;</span> <span class='ocrx_word' id='word_1_329' title='bbox 1449 1554 1602 1589; x_wconf 78' lang='lat' dir='ltr'>Sororum,</span> <span class='ocrx_word' id='word_1_330' title='bbox 1646 1553 1830 1589; x_wconf 82' lang='lat' dir='ltr'>Parcarum,</span> 
     </span>
     <span class='ocr_line' id='line_1_61' title="bbox 1100 1594 1831 1636; baseline 0.001 -11"><span class='ocrx_word' id='word_1_331' title='bbox 1100 1605 1172 1636; x_wconf 85' lang='lat' dir='ltr'>quae</span> <span class='ocrx_word' id='word_1_332' title='bbox 1194 1595 1375 1636; x_wconf 87' lang='lat' dir='ltr'>simpliciter</span> <span class='ocrx_word' id='word_1_333' title='bbox 1396 1596 1512 1626; x_wconf 73' lang='lat' dir='ltr'>Sorores</span> <span class='ocrx_word' id='word_1_334' title='bbox 1538 1595 1602 1626; x_wconf 83' lang='lat' dir='ltr'>dici</span> <span class='ocrx_word' id='word_1_335' title='bbox 1631 1594 1755 1626; x_wconf 83' lang='lat' dir='ltr'>solent:</span> <span class='ocrx_word' id='word_1_336' title='bbox 1788 1594 1831 1626; x_wconf 82' lang='lat' dir='ltr'>cf.</span> 
     </span>
     <span class='ocr_line' id='line_1_62' title="bbox 1100 1636 1832 1674; baseline 0.003 -8"><span class='ocrx_word' id='word_1_337' title='bbox 1100 1637 1234 1668; x_wconf 89' lang='lat' dir='ltr'>Mitsch.</span> <span class='ocrx_word' id='word_1_338' title='bbox 1276 1639 1367 1673; x_wconf 77' lang='lat' dir='ltr'>Atra,</span> <span class='ocrx_word' id='word_1_339' title='bbox 1378 1643 1478 1674; x_wconf 87' lang='lat' dir='ltr'>ornat,</span> <span class='ocrx_word' id='word_1_340' title='bbox 1487 1642 1523 1668; x_wconf 86' lang='lat' dir='ltr'>ut</span> <span class='ocrx_word' id='word_1_341' title='bbox 1534 1647 1631 1669; x_wconf 80' lang='lat' dir='ltr'>rerum</span> <span class='ocrx_word' id='word_1_342' title='bbox 1642 1636 1832 1668; x_wconf 80' lang='lat' dir='ltr'>infernarum</span> 
     </span>
     <span class='ocr_line' id='line_1_63' title="bbox 1100 1678 1544 1721; baseline 0 -11"><span class='ocrx_word' id='word_1_343' title='bbox 1100 1678 1259 1720; x_wconf 83' lang='lat' dir='ltr'>epitheton</span> <span class='ocrx_word' id='word_1_344' title='bbox 1272 1691 1280 1717; x_wconf 82' lang='lat'>3</span> <span class='ocrx_word' id='word_1_345' title='bbox 1305 1679 1382 1710; x_wconf 86' lang='lat' dir='ltr'>nihil</span> <span class='ocrx_word' id='word_1_346' title='bbox 1397 1679 1544 1721; x_wconf 84' lang='lat' dir='ltr'>amplius.</span> 
     </span>
    </p>

    <p class='ocr_par' dir='ltr' id='par_1_14' title="bbox 1099 1722 1832 2177">
     <span class='ocr_line' id='line_1_64' title="bbox 1147 1722 1831 1757; baseline 0.001 -6"><span class='ocrx_word' id='word_1_347' title='bbox 1147 1722 1282 1753; x_wconf 72' lang='lat'>17—20.</span> <span class='ocrx_word' id='word_1_348' title='bbox 1314 1723 1404 1752; x_wconf 74' lang='lat' dir='ltr'>Cedes</span> <span class='ocrx_word' id='word_1_349' title='bbox 1426 1723 1542 1752; x_wconf 77' lang='lat' dir='ltr'>coemtis</span> <span class='ocrx_word' id='word_1_350' title='bbox 1567 1722 1703 1757; x_wconf 65' lang='lat' dir='ltr'>saltim,</span> <span class='ocrx_word' id='word_1_351' title='bbox 1734 1726 1831 1752; x_wconf 80' lang='lat' dir='ltr'>morte</span> 
     </span>
     <span class='ocr_line' id='line_1_65' title="bbox 1100 1762 1831 1799; baseline 0.001 -6"><span class='ocrx_word' id='word_1_352' title='bbox 1100 1762 1159 1794; x_wconf 91' lang='lat' dir='ltr'>tibi</span> <span class='ocrx_word' id='word_1_353' title='bbox 1181 1764 1388 1795; x_wconf 85' lang='lat' dir='ltr'>recedendum</span> <span class='ocrx_word' id='word_1_354' title='bbox 1413 1764 1472 1795; x_wconf 89' lang='lat' dir='ltr'>erit</span> <span class='ocrx_word' id='word_1_355' title='bbox 1493 1773 1512 1794; x_wconf 86' lang='lat' dir='ltr'>a</span> <span class='ocrx_word' id='word_1_356' title='bbox 1533 1762 1664 1795; x_wconf 80' lang='lat' dir='ltr'>coemtis</span> <span class='ocrx_word' id='word_1_357' title='bbox 1686 1763 1831 1799; x_wconf 82' lang='lat' dir='ltr'>saltibus,</span> 
     </span>
     <span class='ocr_line' id='line_1_66' title="bbox 1101 1804 1832 1847; baseline -0.001 -11"><span class='ocrx_word' id='word_1_358' title='bbox 1101 1810 1174 1836; x_wconf 82' lang='lat' dir='ltr'>cett.</span> <span class='ocrx_word' id='word_1_359' title='bbox 1197 1807 1334 1841; x_wconf 76' lang='lat' dir='ltr'>saltibus,</span> <span class='ocrx_word' id='word_1_360' title='bbox 1361 1806 1393 1837; x_wconf 85' lang='lat' dir='ltr'>h.</span> <span class='ocrx_word' id='word_1_361' title='bbox 1416 1815 1445 1837; x_wconf 85' lang='lat' dir='ltr'>e.</span> <span class='ocrx_word' id='word_1_362' title='bbox 1471 1805 1608 1847; x_wconf 75' lang='lat' dir='ltr'>pascuis,</span> <span class='ocrx_word' id='word_1_363' title='bbox 1637 1804 1671 1836; x_wconf 85' lang='lat' dir='ltr'>in</span> <span class='ocrx_word' id='word_1_364' title='bbox 1699 1813 1832 1846; x_wconf 86' lang='lat' dir='ltr'>quorum</span> 
     </span>
     <span class='ocr_line' id='line_1_67' title="bbox 1100 1846 1831 1890; baseline -0.001 -12"><span class='ocrx_word' id='word_1_365' title='bbox 1100 1848 1295 1888; x_wconf 86' lang='lat' dir='ltr'>possessione</span> <span class='ocrx_word' id='word_1_366' title='bbox 1317 1848 1539 1890; x_wconf 82' lang='lat' dir='ltr'>spectabantur</span> <span class='ocrx_word' id='word_1_367' title='bbox 1557 1846 1623 1878; x_wconf 86' lang='lat' dir='ltr'>anti</span> <span class='ocrx_word' id='word_1_368' title='bbox 1648 1846 1730 1878; x_wconf 81' lang='lat' dir='ltr'>uitus</span> <span class='ocrx_word' id='word_1_369' title='bbox 1750 1846 1831 1878; x_wconf 84' lang='lat' dir='ltr'>divi·</span> 
     </span>
     <span class='ocr_line' id='line_1_68' title="bbox 1102 1890 1832 1932; baseline 0.001 -13"><span class='ocrx_word' id='word_1_370' title='bbox 1102 1890 1173 1927; x_wconf 74' lang='lat' dir='ltr'>tiae,</span> <span class='ocrx_word' id='word_1_371' title='bbox 1205 1890 1250 1921; x_wconf 86' lang='lat' dir='ltr'>sic</span> <span class='ocrx_word' id='word_1_372' title='bbox 1273 1891 1368 1921; x_wconf 76' lang='lat' dir='ltr'>saltus</span> <span class='ocrx_word' id='word_1_373' title='bbox 1393 1890 1444 1931; x_wconf 84' lang='lat' dir='ltr'>(h.</span> <span class='ocrx_word' id='word_1_374' title='bbox 1465 1899 1497 1921; x_wconf 89' lang='lat' dir='ltr'>e.</span> <span class='ocrx_word' id='word_1_375' title='bbox 1519 1898 1635 1932; x_wconf 77' lang='lat' dir='ltr'>pascua</span> <span class='ocrx_word' id='word_1_376' title='bbox 1676 1890 1832 1928; x_wconf 72' lang='lat' dir='ltr'>depascere</span> 
     </span>
     <span class='ocr_line' id='line_1_69' title="bbox 1101 1930 1830 1973; baseline 0 -12"><span class='ocrx_word' id='word_1_377' title='bbox 1101 1931 1185 1972; x_wconf 88' lang='lat' dir='ltr'>apud</span> <span class='ocrx_word' id='word_1_378' title='bbox 1195 1931 1290 1963; x_wconf 86' lang='lat' dir='ltr'>Ovid.</span> <span class='ocrx_word' id='word_1_379' title='bbox 1307 1933 1389 1963; x_wconf 84' lang='lat' dir='ltr'>Fast.</span> <span class='ocrx_word' id='word_1_380' title='bbox 1401 1943 1430 1969; x_wconf 87' lang='lat' dir='ltr'>v,</span> <span class='ocrx_word' id='word_1_381' title='bbox 1441 1932 1525 1963; x_wconf 81' lang='lat'>283:</span> <span class='ocrx_word' id='word_1_382' title='bbox 1549 1930 1590 1962; x_wconf 86' lang='lat' dir='ltr'>cf.</span> <span class='ocrx_word' id='word_1_383' title='bbox 1604 1930 1662 1961; x_wconf 84' lang='lat' dir='ltr'>inf.</span> <span class='ocrx_word' id='word_1_384' title='bbox 1678 1931 1781 1973; x_wconf 82' lang='lat' dir='ltr'>Epist.</span> <span class='ocrx_word' id='word_1_385' title='bbox 1797 1930 1830 1966; x_wconf 89' lang='lat' dir='ltr'>ii,</span> 
     </span>
     <span class='ocr_line' id='line_1_70' title="bbox 1100 1972 1830 2015; baseline 0 -12"><span class='ocrx_word' id='word_1_386' title='bbox 1100 1974 1133 2008; x_wconf 84' lang='lat'>2,</span> <span class='ocrx_word' id='word_1_387' title='bbox 1153 1975 1224 2005; x_wconf 86' lang='grc'><strong>177.</strong></span> <span class='ocrx_word' id='word_1_388' title='bbox 1271 1975 1418 2015; x_wconf 79' lang='lat' dir='ltr'>Villaque,</span> <span class='ocrx_word' id='word_1_389' title='bbox 1430 1973 1571 2014; x_wconf 86' lang='lat' dir='ltr'>intellige</span> <span class='ocrx_word' id='word_1_390' title='bbox 1585 1978 1686 2004; x_wconf 79' lang='lat' dir='ltr'>cetera</span> <span class='ocrx_word' id='word_1_391' title='bbox 1697 1972 1830 2004; x_wconf 66' lang='lat' dir='ltr'>edificia</span> 
     </span>
     <span class='ocr_line' id='line_1_71' title="bbox 1100 2015 1830 2057; baseline 0 -11"><span class='ocrx_word' id='word_1_392' title='bbox 1100 2020 1133 2046; x_wconf 84' lang='lat' dir='ltr'>et</span> <span class='ocrx_word' id='word_1_393' title='bbox 1153 2015 1374 2056; x_wconf 81' lang='lat' dir='ltr'>possessiones,</span> <span class='ocrx_word' id='word_1_394' title='bbox 1398 2026 1469 2057; x_wconf 75' lang='lat' dir='ltr'>quae</span> <span class='ocrx_word' id='word_1_395' title='bbox 1491 2020 1600 2057; x_wconf 79' lang='lat' dir='ltr'>praeter</span> <span class='ocrx_word' id='word_1_396' title='bbox 1620 2017 1749 2050; x_wconf 78' lang='lat' dir='ltr'>domum,</span> <span class='ocrx_word' id='word_1_397' title='bbox 1774 2015 1830 2046; x_wconf 90' lang='lat' dir='ltr'>ubi</span> 
     </span>
     <span class='ocr_line' id='line_1_72' title="bbox 1101 2056 1830 2099; baseline 0.003 -13"><span class='ocrx_word' id='word_1_398' title='bbox 1101 2056 1263 2088; x_wconf 88' lang='lat' dir='ltr'>habitabat</span> <span class='ocrx_word' id='word_1_399' title='bbox 1276 2057 1433 2092; x_wconf 81' lang='lat' dir='ltr'>dominus,</span> <span class='ocrx_word' id='word_1_400' title='bbox 1448 2057 1488 2088; x_wconf 87' lang='lat' dir='ltr'>ad</span> <span class='ocrx_word' id='word_1_401' title='bbox 1502 2057 1607 2087; x_wconf 88' lang='lat' dir='ltr'>villam</span> <span class='ocrx_word' id='word_1_402' title='bbox 1624 2056 1830 2099; x_wconf 85' lang='lat' dir='ltr'>pertinebant.</span> 
     </span>
     <span class='ocr_line' id='line_1_73' title="bbox 1100 2098 1826 2140; baseline 0.001 -12"><span class='ocrx_word' id='word_1_403' title='bbox 1100 2099 1204 2134; x_wconf 83' lang='lat' dir='ltr'>Lavit,</span> <span class='ocrx_word' id='word_1_404' title='bbox 1220 2099 1322 2131; x_wconf 86' lang='lat' dir='ltr'>alluit.</span> <span class='ocrx_word' id='word_1_405' title='bbox 1364 2100 1479 2131; x_wconf 86' lang='lat' dir='ltr'>Lavere</span> <span class='ocrx_word' id='word_1_406' title='bbox 1495 2098 1634 2140; x_wconf 79' lang='lat' dir='ltr'>antique,</span> <span class='ocrx_word' id='word_1_407' title='bbox 1656 2103 1692 2130; x_wconf 84' lang='lat' dir='ltr'>ut</span> <span class='ocrx_word' id='word_1_408' title='bbox 1709 2098 1767 2130; x_wconf 78' lang='lat' dir='ltr'>inf.</span> <span class='ocrx_word' id='word_1_409' title='bbox 1779 2098 1826 2135; x_wconf 85' lang='lat' dir='ltr'>iii,</span> 
     </span>
     <span class='ocr_line' id='line_1_74' title="bbox 1099 2142 1361 2177; baseline 0.004 -6"><span class='ocrx_word' id='word_1_410' title='bbox 1099 2142 1130 2176; x_wconf 86' lang='lat'>4,</span> <span class='ocrx_word' id='word_1_411' title='bbox 1147 2142 1200 2176; x_wconf 83' lang='lat'>61,</span> <span class='ocrx_word' id='word_1_412' title='bbox 1214 2147 1246 2173; x_wconf 88' lang='lat' dir='ltr'>et</span> <span class='ocrx_word' id='word_1_413' title='bbox 1262 2143 1313 2177; x_wconf 83' lang='lat'>12,</span> <span class='ocrx_word' id='word_1_414' title='bbox 1329 2143 1361 2172; x_wconf 88' lang='grc'>9.</span> 
     </span>
    </p>

    <p class='ocr_par' dir='ltr' id='par_1_15' title="bbox 1087 2182 1828 2938">
     <span class='ocr_line' id='line_1_75' title="bbox 1140 2182 1827 2220; baseline -0.001 -6"><span class='ocrx_word' id='word_1_415' title='bbox 1140 2184 1278 2214; x_wconf 84' lang='lat'>21—24.</span> <span class='ocrx_word' id='word_1_416' title='bbox 1306 2185 1406 2214; x_wconf 76' lang='lat' dir='ltr'>Prisco</span> <span class='ocrx_word' id='word_1_417' title='bbox 1429 2189 1519 2214; x_wconf 79' lang='lat' dir='ltr'>natus</span> <span class='ocrx_word' id='word_1_418' title='bbox 1541 2184 1578 2214; x_wconf 86' lang='lat' dir='ltr'>ab</span> <span class='ocrx_word' id='word_1_419' title='bbox 1602 2182 1724 2220; x_wconf 75' lang='lat' dir='ltr'>Inacho,</span> <span class='ocrx_word' id='word_1_420' title='bbox 1746 2182 1827 2213; x_wconf 80' lang='lat' dir='ltr'>anti-</span> 
     </span>
     <span class='ocr_line' id='line_1_76' title="bbox 1097 2223 1828 2268; baseline 0.003 -14"><span class='ocrx_word' id='word_1_421' title='bbox 1097 2225 1250 2265; x_wconf 88' lang='lat' dir='ltr'>quissima</span> <span class='ocrx_word' id='word_1_422' title='bbox 1267 2225 1362 2268; x_wconf 85' lang='lat' dir='ltr'>stirpe</span> <span class='ocrx_word' id='word_1_423' title='bbox 1379 2224 1541 2256; x_wconf 82' lang='lat' dir='ltr'>oriundus.</span> <span class='ocrx_word' id='word_1_424' title='bbox 1584 2224 1727 2261; x_wconf 68' lang='lat' dir='ltr'>Inachus,</span> <span class='ocrx_word' id='word_1_425' title='bbox 1746 2223 1828 2256; x_wconf 86' lang='lat' dir='ltr'>anti-</span> 
     </span>
     <span class='ocr_line' id='line_1_77' title="bbox 1095 2266 1827 2308; baseline -0.001 -10"><span class='ocrx_word' id='word_1_426' title='bbox 1095 2266 1266 2308; x_wconf 80' lang='lat' dir='ltr'>quissimus</span> <span class='ocrx_word' id='word_1_427' title='bbox 1275 2267 1462 2308; x_wconf 85' lang='lat' dir='ltr'>Argivorum</span> <span class='ocrx_word' id='word_1_428' title='bbox 1473 2277 1539 2298; x_wconf 83' lang='lat' dir='ltr'>rex.</span> <span class='ocrx_word' id='word_1_429' title='bbox 1582 2267 1644 2297; x_wconf 73' lang='lat' dir='ltr'>Sub</span> <span class='ocrx_word' id='word_1_430' title='bbox 1654 2267 1722 2298; x_wconf 81' lang='lat' dir='ltr'>divo</span> <span class='ocrx_word' id='word_1_431' title='bbox 1733 2277 1827 2297; x_wconf 76' lang='lat' dir='ltr'>more-</span> 
     </span>
     <span class='ocr_line' id='line_1_78' title="bbox 1095 2308 1827 2350; baseline -0.001 -10"><span class='ocrx_word' id='word_1_432' title='bbox 1095 2311 1150 2343; x_wconf 80' lang='lat' dir='ltr'>ris,</span> <span class='ocrx_word' id='word_1_433' title='bbox 1166 2309 1199 2339; x_wconf 88' lang='lat' dir='ltr'>in</span> <span class='ocrx_word' id='word_1_434' title='bbox 1215 2316 1291 2340; x_wconf 84' lang='lat' dir='ltr'>terra</span> <span class='ocrx_word' id='word_1_435' title='bbox 1307 2310 1367 2340; x_wconf 92' lang='lat' dir='ltr'>sub</span> <span class='ocrx_word' id='word_1_436' title='bbox 1383 2309 1466 2340; x_wconf 87' lang='lat' dir='ltr'>coelo</span> <span class='ocrx_word' id='word_1_437' title='bbox 1480 2308 1589 2349; x_wconf 80' lang='lat' dir='ltr'>degas,</span> <span class='ocrx_word' id='word_1_438' title='bbox 1603 2318 1658 2350; x_wconf 82' lang='lat' dir='ltr'>pro</span> <span class='ocrx_word' id='word_1_439' title='bbox 1671 2308 1827 2350; x_wconf 74' lang='lat' dir='ltr'>simplice,</span> 
     </span>
     <span class='ocr_line' id='line_1_79' title="bbox 1096 2350 1827 2392; baseline 0 -11"><span class='ocrx_word' id='word_1_440' title='bbox 1096 2350 1201 2390; x_wconf 86' lang='lat' dir='ltr'>vivas;</span> <span class='ocrx_word' id='word_1_441' title='bbox 1225 2362 1297 2382; x_wconf 90' lang='lat' dir='ltr'>cum</span> <span class='ocrx_word' id='word_1_442' title='bbox 1316 2352 1441 2382; x_wconf 83' lang='lat' dir='ltr'>delectu</span> <span class='ocrx_word' id='word_1_443' title='bbox 1462 2356 1566 2382; x_wconf 85' lang='lat' dir='ltr'>autem</span> <span class='ocrx_word' id='word_1_444' title='bbox 1583 2350 1688 2392; x_wconf 80' lang='lat' dir='ltr'>posuit</span> <span class='ocrx_word' id='word_1_445' title='bbox 1703 2353 1827 2387; x_wconf 80' lang='lat' dir='ltr'>morari,</span> 
     </span>
     <span class='ocr_line' id='line_1_80' title="bbox 1097 2391 1828 2434; baseline 0.001 -11"><span class='ocrx_word' id='word_1_446' title='bbox 1097 2394 1138 2423; x_wconf 89' lang='lat' dir='ltr'>ad</span> <span class='ocrx_word' id='word_1_447' title='bbox 1144 2394 1214 2424; x_wconf 80' lang='lat' dir='ltr'>vitae</span> <span class='ocrx_word' id='word_1_448' title='bbox 1221 2394 1400 2425; x_wconf 83' lang='lat' dir='ltr'>brevitatem</span> <span class='ocrx_word' id='word_1_449' title='bbox 1407 2391 1727 2434; x_wconf 84' lang='lat' dir='ltr'>designandam,quia</span> <span class='ocrx_word' id='word_1_450' title='bbox 1734 2393 1828 2424; x_wconf 80' lang='lat' dir='ltr'>breve</span> 
     </span>
     <span class='ocr_line' id='line_1_81' title="bbox 1096 2433 1827 2478; baseline 0 -13"><span class='ocrx_word' id='word_1_451' title='bbox 1096 2440 1216 2466; x_wconf 89' lang='lat' dir='ltr'>tantum</span> <span class='ocrx_word' id='word_1_452' title='bbox 1236 2441 1359 2478; x_wconf 85' lang='lat' dir='ltr'>tempus</span> <span class='ocrx_word' id='word_1_453' title='bbox 1379 2435 1412 2465; x_wconf 88' lang='lat' dir='ltr'>in</span> <span class='ocrx_word' id='word_1_454' title='bbox 1437 2434 1494 2466; x_wconf 87' lang='lat' dir='ltr'>hac</span> <span class='ocrx_word' id='word_1_455' title='bbox 1514 2433 1577 2466; x_wconf 75' lang='lat' dir='ltr'>vita</span> <span class='ocrx_word' id='word_1_456' title='bbox 1597 2439 1827 2466; x_wconf 86' lang='lat' dir='ltr'>commorantur</span> 
     </span>
     <span class='ocr_line' id='line_1_82' title="bbox 1096 2477 1827 2512; baseline -0.001 -4"><span class='ocrx_word' id='word_1_457' title='bbox 1096 2477 1247 2509; x_wconf 89' lang='lat' dir='ltr'>homines.</span> <span class='ocrx_word' id='word_1_458' title='bbox 1297 2479 1425 2509; x_wconf 79' lang='lat' dir='ltr'>Victima</span> <span class='ocrx_word' id='word_1_459' title='bbox 1441 2478 1487 2507; x_wconf 85' lang='lat' dir='ltr'>m&#39;l</span> <span class='ocrx_word' id='word_1_460' title='bbox 1507 2478 1675 2508; x_wconf 69' lang='lat' dir='ltr'>miserantis</span> <span class='ocrx_word' id='word_1_461' title='bbox 1692 2477 1777 2512; x_wconf 78' lang='lat' dir='ltr'>Orci,</span> <span class='ocrx_word' id='word_1_462' title='bbox 1792 2487 1827 2508; x_wconf 77' lang='lat' dir='ltr'>es</span> 
     </span>
     <span class='ocr_line' id='line_1_83' title="bbox 1095 2518 1827 2551; baseline -0.001 -1"><span class='ocrx_word' id='word_1_463' title='bbox 1095 2525 1127 2550; x_wconf 91' lang='lat' dir='ltr'>et</span> <span class='ocrx_word' id='word_1_464' title='bbox 1156 2530 1262 2551; x_wconf 82' lang='lat' dir='ltr'>manes</span> <span class='ocrx_word' id='word_1_465' title='bbox 1291 2525 1396 2551; x_wconf 86' lang='lat' dir='ltr'>tamen</span> <span class='ocrx_word' id='word_1_466' title='bbox 1423 2518 1550 2550; x_wconf 86' lang='lat' dir='ltr'>victima</span> <span class='ocrx_word' id='word_1_467' title='bbox 1575 2518 1827 2550; x_wconf 83' lang='lat' dir='ltr'>immisericordis</span> 
     </span>
     <span class='ocr_line' id='line_1_84' title="bbox 1095 2560 1824 2600; baseline -0.001 -8"><span class='ocrx_word' id='word_1_468' title='bbox 1095 2562 1171 2592; x_wconf 86' lang='lat' dir='ltr'>Orci</span> <span class='ocrx_word' id='word_1_469' title='bbox 1182 2573 1191 2600; x_wconf 92' lang='lat'>;</span> <span class='ocrx_word' id='word_1_470' title='bbox 1217 2563 1279 2598; x_wconf 89' lang='lat' dir='ltr'>vel,</span> <span class='ocrx_word' id='word_1_471' title='bbox 1302 2562 1477 2593; x_wconf 82' lang='lat' dir='ltr'>destinatus</span> <span class='ocrx_word' id='word_1_472' title='bbox 1497 2567 1602 2592; x_wconf 80' lang='lat' dir='ltr'>tamen</span> <span class='ocrx_word' id='word_1_473' title='bbox 1621 2570 1655 2592; x_wconf 84' lang='lat' dir='ltr'>es</span> <span class='ocrx_word' id='word_1_474' title='bbox 1675 2560 1760 2592; x_wconf 84' lang='lat' dir='ltr'>Orco</span> <span class='ocrx_word' id='word_1_475' title='bbox 1777 2560 1824 2591; x_wconf 92' lang='lat' dir='ltr'>in-</span> 
     </span>
     <span class='ocr_line' id='line_1_85' title="bbox 1091 2602 1825 2643; baseline -0.003 -9"><span class='ocrx_word' id='word_1_476' title='bbox 1091 2603 1264 2642; x_wconf 81' lang='lat' dir='ltr'>exorabili3</span> <span class='ocrx_word' id='word_1_477' title='bbox 1286 2604 1377 2635; x_wconf 86' lang='lat' dir='ltr'>morti</span> <span class='ocrx_word' id='word_1_478' title='bbox 1395 2602 1478 2634; x_wconf 88' lang='lat' dir='ltr'>enim</span> <span class='ocrx_word' id='word_1_479' title='bbox 1498 2602 1658 2638; x_wconf 84' lang='lat' dir='ltr'>destinati,</span> <span class='ocrx_word' id='word_1_480' title='bbox 1673 2607 1825 2643; x_wconf 78' lang='lat' dir='ltr'>tanquam</span> 
     </span>
     <span class='ocr_line' id='line_1_86' title="bbox 1091 2643 1823 2681; baseline 0 -5"><span class='ocrx_word' id='word_1_481' title='bbox 1091 2645 1237 2681; x_wconf 71' lang='lat' dir='ltr'>victimae,</span> <span class='ocrx_word' id='word_1_482' title='bbox 1255 2646 1340 2677; x_wconf 88' lang='lat' dir='ltr'>crine</span> <span class='ocrx_word' id='word_1_483' title='bbox 1353 2644 1504 2681; x_wconf 79' lang='lat' dir='ltr'>abscisso,</span> <span class='ocrx_word' id='word_1_484' title='bbox 1518 2644 1578 2675; x_wconf 73' lang='lat' dir='ltr'>diis</span> <span class='ocrx_word' id='word_1_485' title='bbox 1593 2643 1700 2676; x_wconf 81' lang='lat' dir='ltr'>inferis</span> <span class='ocrx_word' id='word_1_486' title='bbox 1712 2654 1823 2676; x_wconf 87' lang='lat' dir='ltr'>conse-</span> 
     </span>
     <span class='ocr_line' id='line_1_87' title="bbox 1091 2685 1821 2728; baseline 0 -10"><span class='ocrx_word' id='word_1_487' title='bbox 1091 2688 1276 2719; x_wconf 84' lang='lat' dir='ltr'>crabantur:</span> <span class='ocrx_word' id='word_1_488' title='bbox 1299 2688 1365 2719; x_wconf 87' lang='lat' dir='ltr'>vid.</span> <span class='ocrx_word' id='word_1_489' title='bbox 1385 2697 1455 2728; x_wconf 83' lang='lat' dir='ltr'>sup.</span> <span class='ocrx_word' id='word_1_490' title='bbox 1473 2686 1514 2717; x_wconf 88' lang='lat' dir='ltr'>ad</span> <span class='ocrx_word' id='word_1_491' title='bbox 1531 2685 1554 2721; x_wconf 87' lang='lat' dir='ltr'>i.</span> <span class='ocrx_word' id='word_1_492' title='bbox 1573 2686 1628 2721; x_wconf 83' lang='lat'>28,</span> <span class='ocrx_word' id='word_1_493' title='bbox 1649 2687 1704 2717; x_wconf 89' lang='lat'>20.</span> <span class='ocrx_word' id='word_1_494' title='bbox 1748 2687 1821 2718; x_wconf 84' lang='lat' dir='ltr'>Rex</span> 
     </span>
     <span class='ocr_line' id='line_1_88' title="bbox 1093 2727 1823 2779; baseline -0.003 -19"><span class='ocrx_word' id='word_1_495' title='bbox 1093 2730 1179 2765; x_wconf 88' lang='lat' dir='ltr'>Orci,</span> <span class='ocrx_word' id='word_1_496' title='bbox 1195 2731 1304 2765; x_wconf 87' lang='lat' dir='ltr'>Pluto,</span> <span class='ocrx_word' id='word_1_497' title='bbox 1314 2729 1397 2772; x_wconf 83' lang='lat' dir='ltr'>apud</span> <span class='ocrx_word' id='word_1_498' title='bbox 1411 2729 1577 2760; x_wconf 83' lang='lat' dir='ltr'>Homerum</span> <span class='ocrx_word' id='word_1_499' title='bbox 1590 2738 1715 2779; x_wconf 82' lang='lat' dir='ltr'>quoque</span> <span class='ocrx_word' id='word_1_500' title='bbox 1728 2727 1823 2759; x_wconf 86' lang='lat' dir='ltr'>Iliad.</span> 
     </span>
     <span class='ocr_line' id='line_1_89' title="bbox 1089 2768 1820 2814; baseline 0.001 -13"><span class='ocrx_word' id='word_1_501' title='bbox 1089 2771 1133 2807; x_wconf 88' lang='lat' dir='ltr'>ix,</span> <span class='ocrx_word' id='word_1_502' title='bbox 1152 2773 1224 2809; x_wconf 83' lang='lat'>158,</span> <span class='ocrx_word' id='word_1_503' title='bbox 1243 2771 1332 2803; x_wconf 88' lang='lat' dir='ltr'>audit</span> <span class='ocrx_word' id='word_1_504' title='bbox 1347 2772 1522 2814; x_wconf 77' lang='grc' dir='ltr'>ἀμείλιχος</span> <span class='ocrx_word' id='word_1_505' title='bbox 1543 2768 1596 2809; x_wconf 79' lang='grc' dir='ltr'>ἠδ’</span> <span class='ocrx_word' id='word_1_506' title='bbox 1613 2769 1820 2812; x_wconf 80' lang='grc' dir='ltr'>ἀδαμαστος·</span> 
     </span>
     <span class='ocr_line' id='line_1_90' title="bbox 1089 2811 1819 2854; baseline -0.003 -10"><span class='ocrx_word' id='word_1_507' title='bbox 1089 2813 1172 2845; x_wconf 88' lang='lat' dir='ltr'>unde</span> <span class='ocrx_word' id='word_1_508' title='bbox 1195 2814 1285 2854; x_wconf 81' lang='lat' dir='ltr'>Virg.</span> <span class='ocrx_word' id='word_1_509' title='bbox 1300 2815 1381 2845; x_wconf 90' lang='lat' dir='ltr'>Geo.</span> <span class='ocrx_word' id='word_1_510' title='bbox 1394 2813 1438 2849; x_wconf 80' lang='lat' dir='ltr'>iv,</span> <span class='ocrx_word' id='word_1_511' title='bbox 1451 2813 1526 2849; x_wconf 81' lang='lat'>470,</span> <span class='ocrx_word' id='word_1_512' title='bbox 1541 2811 1643 2843; x_wconf 86' lang='lat' dir='ltr'>eidem</span> <span class='ocrx_word' id='word_1_513' title='bbox 1657 2814 1748 2843; x_wconf 70' lang='lat' dir='ltr'>corda</span> <span class='ocrx_word' id='word_1_514' title='bbox 1765 2813 1819 2843; x_wconf 88' lang='lat' dir='ltr'>tri-</span> 
     </span>
     <span class='ocr_line' id='line_1_91' title="bbox 1088 2853 1821 2894; baseline 0 -9"><span class='ocrx_word' id='word_1_515' title='bbox 1088 2855 1155 2886; x_wconf 90' lang='lat' dir='ltr'>buit</span> <span class='ocrx_word' id='word_1_516' title='bbox 1171 2858 1268 2887; x_wconf 80' lang='lat' dir='ltr'>nescia</span> <span class='ocrx_word' id='word_1_517' title='bbox 1290 2857 1428 2887; x_wconf 69' lang='lat' dir='ltr'>humanis</span> <span class='ocrx_word' id='word_1_518' title='bbox 1449 2853 1587 2894; x_wconf 75' lang='lat' dir='ltr'>precibus</span> <span class='ocrx_word' id='word_1_519' title='bbox 1607 2865 1821 2885; x_wconf 69' lang='lat' dir='ltr'>mansuescere.</span> 
     </span>
     <span class='ocr_line' id='line_1_92' title="bbox 1087 2895 1818 2938; baseline -0.001 -11"><span class='ocrx_word' id='word_1_520' title='bbox 1087 2898 1150 2928; x_wconf 88' lang='lat' dir='ltr'>Pro</span> <span class='ocrx_word' id='word_1_521' title='bbox 1158 2900 1292 2934; x_wconf 78' lang='lat' dir='ltr'>moreris,</span> <span class='ocrx_word' id='word_1_522' title='bbox 1303 2896 1460 2938; x_wconf 85' lang='lat' dir='ltr'>ingeniose</span> <span class='ocrx_word' id='word_1_523' title='bbox 1472 2895 1698 2927; x_wconf 74' lang='lat' dir='ltr'>Wakefieldius</span> <span class='ocrx_word' id='word_1_524' title='bbox 1708 2900 1818 2933; x_wconf 80' lang='lat' dir='ltr'>tentat,</span> 
     </span>
    </p>
   </div>
   <div class='ocr_carea' id='block_1_12' title="bbox 312 2937 1815 2994">
    <p class='ocr_par' dir='ltr' id='par_1_16' title="bbox 312 2937 1815 2994">
     <span class='ocr_line' id='line_1_93' title="bbox 312 2937 1815 2994; baseline -0.003 -22"><span class='ocrx_word' id='word_1_525' title='bbox 312 2940 435 2983; x_wconf 83' lang='lat' dir='ltr'>pliciter</span> <span class='ocrx_word' id='word_1_526' title='bbox 455 2949 522 2982; x_wconf 88' lang='lat' dir='ltr'>pro,</span> <span class='ocrx_word' id='word_1_527' title='bbox 545 2938 708 2971; x_wconf 80' lang='lat' dir='ltr'>festinare:</span> <span class='ocrx_word' id='word_1_528' title='bbox 746 2938 780 2968; x_wconf 82' lang='lat' dir='ltr'>cf</span> <span class='ocrx_word' id='word_1_529' title='bbox 813 2938 869 2970; x_wconf 80' lang='lat' dir='ltr'>inf.</span> <span class='ocrx_word' id='word_1_530' title='bbox 891 2939 994 2980; x_wconf 87' lang='lat' dir='ltr'>Epist.</span> <span class='ocrx_word' id='word_1_531' title='bbox 1018 2940 1039 2976; x_wconf 87' lang='lat' dir='ltr'>i,</span> <span class='ocrx_word' id='word_1_532' title='bbox 1083 2941 1220 2976; x_wconf 79' lang='lat' dir='ltr'>moraris,</span> <span class='ocrx_word' id='word_1_533' title='bbox 1250 2940 1334 2981; x_wconf 83' lang='lat' dir='ltr'>quod</span> <span class='ocrx_word' id='word_1_534' title='bbox 1371 2938 1475 2971; x_wconf 79' lang='lat' dir='ltr'>deleta</span> <span class='ocrx_word' id='word_1_535' title='bbox 1508 2937 1706 2970; x_wconf 81' lang='lat' dir='ltr'>distinctione</span> <span class='ocrx_word' id='word_1_536' title='bbox 1742 2947 1815 2994; x_wconf 59' lang='lat' dir='ltr'>cum</span> 
     </span>
    </p>
   </div>
  </div>
 </body>
</html>
