1884 3288
870 181 1267 224 CARMINUM

597 283 796 324 Muniant
818 299 979 338 angues
1001 291 1131 339 caput
1151 285 1258 339 ejus,
1281 290 1411 338 atque

596 349 781 403 Spiritus
803 357 912 392 teter
933 352 1159 405 saniesque
1182 359 1324 392 manet

933 417 1023 458 Ore
1045 417 1246 471 trilingui.

598 482 715 528 Quin
735 490 779 524 et
799 483 922 524 Ixion
943 483 1182 537 Tityosque
1203 483 1323 525 vultu

597 548 712 589 Risit
731 550 862 590 invito
879 566 887 590 ε
922 550 1039 589 stetit
1060 563 1166 589 urna
1186 549 1372 603 paullum

599 614 735 664 Sicca,
758 617 859 656 dum
879 622 1003 670 grato
1025 615 1166 656 Danai
1187 615 1350 670 puellas

937 682 1132 722 Carmine
1153 681 1326 722 mulces.

513 748 568 788 25

598 747 762 788 Audiat
784 748 907 801 Lyde
930 747 1069 788 scelus
1091 755 1219 802 atque
1242 755 1363 788 notas

599 814 827 868 Virginum
848 829 1012 868 poenam,
1035 822 1078 855 et
1099 815 1223 855 inane
1242 814 1428 869 lymphae

599 880 774 922 Dolium
795 882 928 922 fundo
949 882 1168 935 pereuntis
1190 882 1288 930 imo,

888 972 894 975 π
940 948 1131 1001 Seraque
1153 947 1253 996 fata,

600 1013 711 1059 Quae
732 1020 903 1054 manent
924 1013 1071 1067 culpas
1094 1014 1218 1054 etiam
1242 1014 1322 1052 sub
1345 1012 1476 1053 Orco.

515 1080 571 1119 30

601 1079 761 1133 Impiae,
783 1094 880 1120 nam
901 1080 1005 1133 quid
1027 1087 1206 1134 potuere
1225 1079 1392 1133 majus?

602 1147 750 1201 Impiae
772 1154 952 1200 sponsos
974 1154 1155 1200 potuere
1178 1146 1287 1186 duro

943 1213 1133 1253 Perdere
1155 1213 1283 1254 ferro.

604 1280 704 1321 Una
724 1281 778 1321 de
799 1279 955 1328 multis,
978 1279 1069 1320 face
1091 1279 1270 1333 nuptiali

603 1346 763 1400 Digna,
786 1347 1006 1400 perjurum
1030 1345 1107 1386 fuit
1129 1346 1172 1386 in
1193 1351 1414 1399 parentem

606 1413 839 1468 Splendide
860 1414 1056 1461 mendax,
1080 1418 1123 1453 et
1144 1412 1186 1452 in
1208 1427 1330 1453 omne
1352 1413 1471 1466 virgo

945 1479 1116 1520 Nobilis
1138 1494 1285 1519 aevum.

605 1547 760 1600 Surge,
783 1561 879 1600 quae
901 1546 1010 1586 dixit
1025 1546 1174 1599 juveni
1194 1546 1360 1594 marito,

607 1613 760 1667 Surge,
784 1628 837 1653 ne
858 1612 1012 1667 longus
1036 1612 1113 1653 tibi
1135 1627 1323 1662 somnust,
1344 1612 1459 1653 unde

326 1734 491 1766 Bentleius
505 1739 536 1765 et
553 1734 783 1775 Cuningamius
799 1740 830 1765 et
845 1734 900 1765 alii
914 1735 1060 1765 emenda-

325 1782 390 1807 tum
423 1776 567 1815 iverunt;
597 1777 718 1808 scilicet
747 1777 874 1807 verbum
905 1776 1062 1817 quoddam

325 1829 396 1849 cum
412 1819 614 1860 sequentibus
635 1819 835 1860 jungendum
858 1819 889 1849 in
913 1819 971 1848 hac
988 1829 1063 1850 voce

327 1861 421 1892 latere
438 1862 571 1896 videtur.
588 1861 672 1891 unde
690 1861 853 1892 Bentleius
867 1871 921 1902 pro
937 1863 1000 1900 (jus
1014 1868 1062 1891 at-

326 1914 382 1943 que
396 1904 548 1938 tentabat,
566 1910 722 1943 exeatqu23
749 1902 990 1943 Cufflngamius,
1011 1914 1062 1933 res-

326 1951 469 1985 tuetque3
496 1946 664 1980 Gesnerus,
691 1945 861 1986 effluatqne.
907 1944 967 1975 Sed
994 1944 1064 1975 vide

326 1997 397 2027 quae
421 1986 460 2017 de
476 1987 534 2018 hoc
556 1987 625 2018 loco
647 1986 787 2028 disputat
804 1987 849 2016 vir
865 1987 915 2018 Cl.
932 1986 1064 2018 Naekius

326 2028 359 2059 in
383 2029 531 2071 peculiari
554 2029 674 2065 libello,
689 2030 795 2059 Bonn.
815 2030 909 2063 1821,
926 2039 1062 2070 quocum

327 2075 431 2101 tamen
454 2071 494 2101 ob
514 2082 607 2101 unam
628 2081 734 2102 vocem
759 2076 934 2112 corruptam
958 2081 1064 2101 versus

326 2113 574 2153 elegantissimos
583 2119 614 2144 et
626 2113 755 2144 Horatio
765 2113 964 2152 dignissimos
976 2113 1063 2143 dam-

328 2165 402 2186 nare
419 2156 526 2186 nolim.
568 2157 711 2186 Fortasse
726 2166 775 2186 res
790 2155 891 2185 omnis
907 2155 993 2185 salva
1008 2160 1066 2192 est,

327 2196 354 2227 si
370 2197 471 2238 (quod
493 2197 524 2228 in
546 2197 668 2228 Horatii
686 2197 761 2228 edit.
775 2197 852 2228 min.
877 2206 913 2228 ex
937 2197 1064 2238 conjec-

329 2245 399 2270 tura
419 2239 594 2281 proposui),
611 2249 666 2281 pro
685 2239 874 2270 intolerabili
895 2240 988 2281 plane
1003 2239 1066 2270 lec-

329 2281 412 2312 tione
427 2284 490 2321 <jus
505 2292 629 2313 mecum
646 2282 768 2322 legeris,
784 2289 880 2312 cestus.
925 2282 1067 2316 Quamvis

330 2323 458 2354 Fur-iate
473 2331 591 2354 centum
609 2324 755 2354 Muniam
770 2335 884 2365 angues
899 2330 1000 2363 caput,
1015 2334 1067 2354 ωε-

330 2371 378 2395 tus
406 2372 496 2405 atque
526 2367 659 2405 Spiritus
685 2373 760 2397 teter
788 2370 940 2406 saniesque
965 2373 1064 2396 manet

331 2407 391 2437 Ore
406 2408 563 2447 trilingui.
596 2408 737 2439 Verbum
754 2415 852 2439 manet
867 2418 921 2450 per
936 2417 1066 2448 zeugma

331 2449 440 2480 ultimo
456 2454 576 2480 tantum
594 2451 711 2481 nomini
730 2453 826 2481 sanies
850 2449 1065 2481 accommoda-

331 2497 396 2521 tum
421 2496 488 2529 est3
513 2492 551 2522 ad
574 2500 660 2523 cestus
683 2493 890 2535 supplendum
918 2492 980 2523 fere
1008 2496 1065 2528 est,

331 2539 519 2574 prorumpat,
550 2534 730 2573 emittatur;
759 2535 799 2565 ad
829 2541 903 2566 zeter
930 2536 1065 2574 spiritus,

329 2575 502 2606 exhaletur.
545 2577 660 2612 AEstus,
685 2587 731 2607 sc.
756 2577 866 2607 furoris
903 2577 952 2607 vel
974 2576 1068 2617 ignis,

331 2617 380 2648 vel
397 2617 509 2648 irarum
523 2629 529 2647 z
558 2618 646 2658 Virg.
663 2620 738 2649 AEn.
760 2618 801 2654 iv,
818 2620 858 2650 53
886 2641 893 2653 ,
908 2629 1070 2659 magnoque

331 2661 451 2690 irarum
464 2661 605 2701 fluctuat
625 2667 723 2697 aestu;
747 2666 822 2692 etv.
841 2662 916 2696 564,
932 2664 1071 2700 varioque

332 2703 594 2742 irarumflnctuat
609 2709 694 2733 aestu.
740 2703 898 2739 Ceterum,
914 2713 1009 2744 quam
1026 2703 1072 2732 fa-

333 2743 394 2775 cile
419 2754 438 2774 a
463 2744 547 2785 lippo
573 2744 708 2785 quodam
737 2744 862 2775 librario
889 2752 976 2776 oestus
1002 2755 1070 2775 cor-

334 2785 438 2828 rumpi
467 2786 602 2828 potuerit
627 2786 660 2816 in
689 2788 763 2826 qjus,
793 2793 903 2828 sponte
933 2793 1071 2828 apparet.

337 2828 396 2858 Ore
413 2829 569 2870 trilingui,
585 2835 632 2859 est
650 2827 743 2868 igitur
760 2828 826 2869 jam
845 2828 999 2860 Cerberus
1015 2831 1071 2859 tri.-

334 2881 411 2910 ceps,
426 2875 463 2900 ut
481 2881 552 2913 sup.
574 2870 607 2908 ii,
626 2871 676 2906 19,
692 2871 747 2906 31,
763 2870 818 2902 sed
841 2872 983 2910 centiceps
1003 2881 1072 2913 sup.

334 2911 368 2948 ii,
390 2913 442 2951 13,
456 2913 511 2949 34,
527 2913 584 2944 ubi
599 2912 662 2944 vid.
679 2918 744 2944 not.

1148 1735 1286 1766 21-24.
1331 1735 1435 1765 Iaion:
1462 1733 1501 1764 de
1529 1732 1652 1769 Ixione,
1680 1733 1720 1764 ab
1746 1733 1838 1769 Jove,
1874 1766 1876 1771 ‚

1105 1777 1188 1817 quod
1216 1777 1352 1808 Junonis
1380 1775 1563 1818 pudicitiam
1591 1780 1710 1806 tentare
1746 1785 1840 1806 ausus

1107 1819 1215 1854 suerat,
1232 1819 1272 1849 ad
1286 1820 1414 1849 Tartara
1435 1818 1572 1854 detruso,
1586 1817 1694 1859 ibique
1714 1817 1754 1848 ad
1772 1826 1840 1848 sce·
1871 1858 1874 1859 ⁷

1108 1860 1179 1892 leris
1203 1871 1329 1902 poenam
1355 1861 1500 1891 luendam
1522 1865 1598 1891 rotae
1619 1860 1783 1902 implicito,
1799 1859 1842 1890 cf.

1108 1902 1198 1943 virg.
1225 1905 1305 1934 Geo.
1330 1903 1352 1934 1.
1376 1903 1400 1934 l.
1424 1914 1455 1934 v.
1483 1903 1555 1934 484.
1600 1901 1774 1943 Tityosque.-
1797 1900 1840 1932 cf.

1107 1956 1176 1986 sup.
1194 1945 1234 1975 ad
1256 1945 1289 1980 ii,
1309 1945 1358 1980 14,
1375 1946 1406 1976 8.
1454 1945 1550 1976 Vultu.
1566 1944 1649 1975 Risit
1664 1946 1777 1975 invito:
1799 1953 1840 1974 en

1107 1987 1168 2016 vim
1198 1987 1382 2022 carminum,
1406 1997 1460 2018 eos
1482 1996 1619 2028 quoque,
1641 1986 1698 2027 qui
1721 1985 1800 2016 alias
1822 1995 1842 2016 a

1105 2029 1273 2070 voluptatis
1289 2039 1382 2059 sensu
1405 2028 1586 2060 alienissimi
1606 2033 1691 2064 sunt,
1707 2026 1842 2058 suaviter

1107 2071 1308 2102 afficientium
1323 2070 1330 2100 !
1355 2070 1446 2101 Ixion
1455 2070 1536 2102 enim
1548 2076 1580 2102 et
1590 2070 1714 2111 Tityus,
1726 2069 1842 2100 auditis

1108 2113 1226 2153 Orphei
1259 2112 1461 2150 carminibus,
1497 2123 1560 2144 non
1592 2117 1735 2154 poterant
1765 2121 1840 2148 nom

1109 2155 1186 2196 quin
1207 2155 1340 2186 frontem
1361 2154 1528 2186 sollicitam
1551 2154 1792 2196 exporrigerent‚
1811 2158 1844 2184 et

1107 2197 1277 2228 excitatum
1291 2197 1461 2239 voluptatis
1474 2207 1600 2228 sensum
1612 2195 1701 2227 vultu
1716 2195 1842 2238 praeser-
1878 2226 1882 2229 ,

1108 2245 1185 2270 rent.
1234 2240 1332 2275 Urna,
1350 2249 1411 2270 non
1435 2238 1563 2274 dolium,
1586 2244 1620 2270 ut
1643 2243 1732 2280 putat
1754 2236 1842 2273 Jani.

1109 2281 1200 2322 cujus
1220 2293 1250 2312 v.
1273 2282 1313 2311 27
1334 2281 1368 2311 fit
1389 2280 1516 2316 mentio,
1532 2280 1586 2312 sed
1603 2290 1656 2312 vas
1676 2289 1739 2322 quo
1761 2289 1844 2320 aqua.

1110 2323 1220 2354 hausta
1241 2323 1273 2354 in
1288 2322 1404 2354 dolium
1429 2322 1625 2360 infunditur;
1647 2322 1752 2363 itaque
1776 2321 1843 2352 haec

1108 2366 1177 2407 ipsa
1192 2377 1272 2396 urna
1290 2366 1467 2396 Danaidum
1482 2365 1564 2407 apud
1579 2365 1639 2396 Pro
1662 2369 1719 2396 ert.
1736 2363 1776 2404 iv,
1793 2364 1844 2401 11,

1109 2409 1162 2444 28,
1180 2409 1311 2438 humeros
1324 2418 1456 2447 premere
1472 2409 1598 2439 dieitur.
1668 2409 1740 2438 anai
1753 2407 1842 2446 puel·

1110 2451 1163 2487 Ias,
1187 2449 1294 2480 fabula
1318 2449 1356 2480 de
1380 2450 1611 2491 quinquaginta
1636 2448 1743 2480 Danai
1765 2447 1844 2479 filia-

1109 2492 1180 2528 bus,
1197 2502 1267 2533 quae
1291 2498 1400 2533 praeter
1418 2492 1694 2533 Hypermnestram
1714 2500 1845 2532 sponsos

1111 2545 1184 2565 suos
1202 2539 1290 2565 nocte
1310 2533 1444 2575 nuptiali
1465 2534 1562 2575 patris
1580 2534 1672 2575 jussu
1693 2531 1846 2564 occidisse

1111 2577 1263 2613 feruntur,
1283 2575 1316 2606 in
1337 2576 1450 2617 vulgus
1471 2581 1561 2606 nota:
1585 2574 1649 2607 vid.
1662 2574 1846 2616 Apollodor.

1112 2618 1145 2655 ii,
1166 2621 1194 2649 1.

1156 2661 1295 2692 25—32.
1341 2659 1446 2695 Notas,
1471 2658 1618 2696 famosas,
1643 2658 1788 2696 infames,
1814 2663 1848 2690 ut

1114 2713 1185 2745 sup.
1209 2702 1255 2739 iii,
1277 2703 1308 2738 4,
1323 2703 1354 2739 7,
1369 2708 1454 2732 notus
1471 2701 1576 2732 orion.
1620 2700 1673 2737 Et,
1693 2701 1848 2743 particula

1114 2745 1322 2787 explicativa:
1347 2753 1471 2786 nempe,
1487 2742 1618 2774 scilicet.
1657 2742 1753 2774 Inane
1769 2744 1845 2783 lym-

1112 2788 1176 2826 pliae
1191 2788 1312 2818 Dolimn
1317 2785 1423 2827 fundo
1432 2786 1584 2825 pereuntis
1596 2787 1666 2822 imo,
1677 2785 1847 2825 elegantis-

1115 2829 1194 2860 sima
1223 2828 1300 2860 dolii
1329 2826 1472 2870 perforati
1499 2826 1696 2868 designati03
1727 2826 1847 2858 dolium

1116 2871 1200 2902 enim
1217 2870 1405 2912 perforatum
1429 2879 1549 2911 semper
1568 2869 1662 2901 inane
1674 2874 1723 2900 est
1741 2879 1847 2910 aquae,

1117 2912 1203 2954 quod
1219 2913 1274 2944 illa
1288 2911 1391 2943 infusa
1407 2922 1470 2943 non
1490 2911 1521 2942 in
1535 2921 1572 2942 eo
1590 2911 1776 2949 continetur,
1792 2911 1848 2944 sed
