1884 3288
643 203 868 246 LIBER
902 204 982 265 lv,
1015 197 1055 246 4.

371 310 554 352 Nutrita
572 306 727 349 faustis
748 308 832 350 sub
853 306 1167 363 penetralibus,

431 377 602 425 Posset,
623 374 730 431 quid
751 372 947 430 Augusti
969 382 1180 431 paternus

488 443 540 484 In
560 457 722 498 pueros
745 442 913 484 animus
940 442 1158 485 Nerones.

370 512 526 554 Fortes
547 518 752 554 creantur
774 510 961 553 fortibus
982 518 1027 554 et
1048 513 1199 555 bonis:

282 580 341 622 30
371 580 456 622 Est
476 580 520 621 in
535 579 751 635 juvencis,
773 586 842 621 est
863 580 908 620 in
928 580 1067 635 equis,
1090 587 1265 635 patrum

426 646 605 690 Virtus:
638 662 782 702 neque
802 647 1021 690 imbellem
1042 648 1210 709 feroces

488 716 790 771 Progenerant
811 715 967 771 aquilae
989 715 1246 759 columbam.

374 784 589 826 Doctrina
611 785 689 826 sed
711 785 794 826 vim
814 791 1040 839 promovet
1061 785 1246 835 insitam,

371 853 590 909 Rectique
612 852 754 895 cultus
776 861 957 908 pectora
982 854 1219 896 roborant:

283 923 340 963 35

429 922 668 976 Utcunque
690 921 892 964 defecere
915 937 1071 972 mores,

488 989 755 1032 Indecorant
776 991 888 1031 bene
910 997 1012 1032 nata
1034 989 1192 1046 culpae.

373 1058 494 1106 Quid
518 1059 696 1108 debeas,
720 1073 745 1100 o
768 1058 925 1108 Roma,
949 1059 1219 1109 Neronibus,

370 1125 521 1168 Testis
544 1126 798 1168 Metaurum
820 1126 998 1176 flumen,
1021 1134 1066 1168 et
1089 1127 1348 1170 Hasdrubal

432 1194 663 1244 Devictus,
686 1201 730 1236 et
753 1193 936 1250 pulcher
957 1195 1118 1250 fugatis

284 1261 343 1303 40

81 1385 152 1408 esse
178 1374 389 1416 significarem
413 1385 508 1417 quam
535 1376 663 1418 quidem
688 1376 745 1418 qui
770 1386 832 1407 non

83 1419 165 1452 ferre
186 1424 316 1462 possent
337 1418 434 1461 hujus
453 1418 586 1461 poeticae
609 1419 762 1461 loquendi
784 1429 832 1450 ra-

84 1461 182 1494 tionis
193 1461 437 1497 abundantiam,
453 1472 523 1493 eam
538 1462 644 1500 variis,
659 1473 739 1504 quas
757 1473 833 1536 ‘pro-

83 1509 268 1549 posuerunt,
283 1504 560 1537 emendationibus
576 1506 690 1537 tollere
703 1511 753 1537 stu
781 1516 835 1536 ue-

84 1554 174 1581 runt.
219 1548 280 1580 Sed
295 1547 342 1580 sic
356 1547 471 1588 corrigi
485 1548 580 1579 etiam
593 1548 731 1580 debebat
741 1549 833 1580 locus

85 1591 210 1624 Tibull.
231 1591 255 1628 i,
279 1593 312 1627 3,
338 1592 393 1627 46,
416 1593 557 1632 ultroque
569 1591 718 1634 ferebant
738 1592 834 1623 Obvia

85 1637 201 1667 securis
214 1636 309 1666 ubera
325 1635 413 1666 lactis
431 1646 507 1669 oves.
523 1634 579 1665 ubi
602 1636 717 1677 pariter
734 1636 833 1672 lactis,

86 1678 174 1726 quod
189 1688 258 1722 pro,
278 1677 395 1715 lactea,
416 1677 590 1720 explicant,
615 1678 780 1717 abundem
803 1684 835 1710 et

87 1731 135 1753 sic
152 1721 238 1764 apud
252 1721 367 1763 Eurip.
385 1722 492 1752 Orest.
506 1731 532 1751 v.
554 1722 651 1757 1544,
663 1721 835 1763 γάλακτος

89 1766 188 1808 παρὰ
212 1766 408 1807 μαστοῖσιν.
466 1764 551 1795 Νουο
582 1766 684 1800 dente,
717 1764 835 1805 signifi-

89 1815 199 1840 canter
209 1808 249 1840 de
260 1807 380 1850 juvene
391 1807 494 1845 leone,
506 1807 562 1848 qui
577 1806 713 1849 primum
725 1807 837 1839 dentes

89 1860 164 1883 suos
178 1850 335 1893 sanguine
349 1849 476 1882 imbuit.
522 1850 636 1881 Rhaetis
651 1860 718 1892 pro,
736 1850 835 1882 Rhae-

88 1893 183 1926 ticis:
207 1896 308 1926 viam
320 1893 494 1930 Vindelici,·
511 1893 552 1924 ab
562 1893 654 1924 initio
668 1894 753 1925 enim
764 1904 837 1926 cum

89 1937 175 1970 solos
190 1937 324 1969 Rhaetos
337 1936 560 1980 aggrederetur
579 1937 719 1973 Drusus,
735 1936 840 1979 qualis

91 1979 146 2012 ille
177 1979 243 2012 dux
278 1985 372 2016 esset,
406 1979 569 2012 Vindelici
595 1982 752 2016 viderunt,
783 1979 840 2012 sed

91 2023 208 2056 deinde
231 2023 303 2066 ejus
325 2023 474 2056 virtutem
503 2033 632 2065 quoque
658 2030 838 2055 senserunt.-

91 2066 158 2099 vid.
169 2071 405 2108 argumentum.
497 2070 502 2075 '

139 2110 279 2142 18—28.
293 2109 413 2145 Quibus
421 2109 486 2141 Mos
493 2110 574 2141 unde
583 2109 842 2140 deductus—Nec

91 2153 235 2198 seirefas
249 2159 292 2185 est
308 2154 422 2189 omnia,
438 2153 471 2184 h.
488 2162 518 2183 e.
534 2152 592 2195 qui
604 2162 662 2184 cur
678 2152 717 2183 ad
733 2152 833 2184 Ama-

93 2207 207 2228 zonum
221 2196 401 2239 exemplum
416 2205 542 2228 secures
565 2206 688 2238 semper
704 2195 737 2226 in
757 2195 841 2226 bello

93 2245 216 2282 putare
223 2239 357 2276 soleant,
367 2249 426 2271 nec
436 2238 627 2282 perscrutari
637 2238 768 2281 placuit,
780 2249 839 2270 nec

94 2282 176 2316 seire
188 2282 295 2315 omnia
308 2282 396 2314 licet.
429 2282 553 2313 Turbat
561 2292 637 2313 sane
649 2287 681 2314 et
691 2281 841 2325 deprimit

93 2326 164 2359 hoc
179 2325 328 2358 historica
342 2325 435 2368 quasi
449 2325 624 2357 observatio
646 2330 747 2368 poetae
763 2326 838 2356 sub-

93 2368 228 2402 limioris
250 2368 395 2412 spiritum
421 2376 454 2400 et
475 2369 651 2411 impetum;
676 2369 730 2400 sed
754 2368 839 2400 haud

94 2411 203 2449 dubie,
214 2423 272 2445 cur
281 2422 352 2444 earn
365 2411 576 2455 adspergeret,
589 2411 746 2454 graviores
761 2422 839 2444 cau-

95 2465 148 2488 m
163 2461 257 2499 poeta
270 2455 402 2495 habuit;
426 2454 492 2487 sive
506 2455 592 2497 quod
607 2454 763 2498 disputari
775 2461 841 2486 tum

88 2499 232 2532 ,multum
255 2498 380 2531 solebat
405 2498 520 2530 Romae
549 2498 589 2529 de
617 2499 720 2541 prima
749 2499 843 2530 moris

96 2541 194 2579 iuius,
217 2552 283 2586 quo
311 2541 472 2575 Vindelici
498 2542 664 2573 securibus
694 2541 727 2572 in
757 2541 842 2573 bello

91 2589 270 2623 uterentur,
293 2585 416 2627 origine
429 2596 439 2624 ;
459 2584 525 2616 sive
547 2585 633 2626 quod
657 2585 687 2616 V
691 2585 844 2616 indelico-

97 2637 182 2666 rum,
206 2628 266 2671 qni
292 2629 390 2671 vulgo
411 2630 579 2669 securigeri
600 2627 755 2670 appellati
775 2638 845 2660 esse

97 2670 257 2708 videntur,
273 2671 389 2704 addere
403 2677 437 2703 et
450 2671 709 2703 circumscribere
717 2671 846 2703 omnino

88 2713 236 2747 debebat
250 2725 427 2757 cognomen
440 2726 449 2754 3
472 2714 538 2746 sive
550 2715 636 2756 quod
644 2715 684 2745 ab
695 2715 846 2756 Augusto

95 2756 198 2800 hujus
206 2757 251 2791 rei
262 2758 296 2790 in
312 2758 373 2791 boc
384 2757 524 2789 carmine
539 2757 731 2789 mentionem
742 2757 847 2789 facere

63 2815 66 2817 >
89 2799 209 2843 jassus
232 2801 356 2840 fueret3
379 2801 446 2833 sive
469 2800 556 2843 quod
583 2811 622 2832 ex
648 2800 724 2838 alia,
749 2811 847 2843 quam

102 2853 188 2877 nnnc
215 2845 412 2886 ignoramus,
439 2854 538 2875 causa
562 2843 662 2886 hujus
688 2844 732 2875 rei
762 2854 848 2875 com-

101 2887 361 2920 montionem
388 2897 454 2919 non
486 2886 581 2919 facile
614 2886 852 2930 praetermittere

102 2935 239 2972 poterat.
282 2931 335 2963 Ne
356 2930 477 2962 multa!
502 2930 554 2962 vix
576 2930 715 2961 dubitari
735 2935 851 2973 potest,

103 2972 182 3014 quin
196 2972 231 3005 hi
244 2984 366 3011 versus,
380 2982 461 3015 quos
476 2973 530 3005 Cl.
543 2973 564 3005 J
568 2972 620 3004 ani
641 2972 675 3003 in
698 2972 853 3015 peculiari

491 1262 571 1304 Ille
593 1263 686 1305 dies
709 1263 840 1305 Latio
863 1265 1074 1315 tenebris,

877 1382 994 1408 temere
1011 1377 1043 1408 in
1069 1383 1191 1409 textum
1217 1378 1401 1421 importatos
1423 1378 1565 1415 damnat,
1589 1381 1629 1411 ab

877 1418 948 1461 ipso
965 1421 1100 1451 Horatio
1116 1421 1246 1463 profecti
1261 1422 1337 1454 siut.
1382 1421 1533 1454 Extitisse
1545 1423 1630 1454 enim

879 1462 1031 1505 aliquem,
1046 1463 1102 1506 qui
1117 1465 1237 1506 ingenii
1255 1465 1304 1496 sui
1328 1465 1510 1496 ostentandi
1532 1476 1633 1497 causa

879 1505 1038 1548 ejusmodi
1063 1507 1253 1539 sententiam
1278 1507 1419 1539 numeris
1447 1508 1631 1541 adstrictam

878 1554 984 1581 textus
997 1550 1163 1582 Horat1ani
1175 1550 1309 1592 margini
1322 1549 1481 1587 allineret,
1495 1551 1632 1583 Judaeus

878 1592 1009 1634 Apella,
1035 1604 1099 1624 non
1125 1604 1196 1634 ego,
1222 1595 1341 1626 credat.
1389 1595 1459 1632 Sed,
1482 1595 1515 1626 h.
1539 1605 1569 1626 e.
1596 1601 1632 1627 ut

878 1636 978 1667 missa
987 1635 1084 1677 igitur
1093 1636 1222 1673 faciam,
1235 1648 1308 1679 quae
1321 1637 1371 1669 hic
1383 1642 1629 1670 commemorare

880 1678 960 1709 nihil
986 1679 1112 1714 attinet,
1135 1680 1197 1716 vel,
1219 1691 1259 1711 ne
1294 1680 1392 1721 igitur
1423 1686 1512 1711 extra
1544 1682 1632 1713 oleas

880 1731 986 1762 vager,
1013 1723 1069 1753 sed
1099 1722 1138 1753 ad
1169 1722 1363 1765 propositum
1389 1724 1514 1754 redeam
1528 1735 1537 1762 ;
1572 1724 1632 1755 hac

881 1765 966 1795 enim
983 1764 1047 1797 fere
1059 1765 1089 1795 vi
1107 1765 1263 1807 particula
1274 1768 1324 1797 sed
1333 1766 1495 1806 eleganter
1506 1766 1633 1809 ponitur

882 1807 923 1837 ab
939 1806 978 1838 iis
990 1807 1045 1848 qui
1061 1818 1079 1839 a
1096 1807 1290 1850 digressione
1306 1809 1415 1850 aliqua
1432 1809 1470 1840 ad
1488 1810 1631 1852 proposi-

883 1855 948 1881 tum
964 1861 998 1882 se
1010 1858 1168 1882 revocant.
1196 1852 1340 1883 Victrices
1353 1858 1491 1888 catervoe‚
1501 1852 1634 1895 impune

882 1899 966 1924 certe
990 1894 1127 1936 primum
1156 1894 1272 1931 Italioe,
1308 1900 1339 1926 et
1370 1894 1486 1926 deinde
1515 1896 1633 1928 Galliae

882 1935 972 1972 fines,
989 1937 1051 1968 late
1067 1942 1098 1968 et
1113 1938 1191 1968 satis
1205 1938 1261 1968 diu
1277 1936 1478 1980 depopulatae
1494 1937 1631 1970 fuerant.

884 1979 1032 2017 Revietae,
1049 1979 1185 2012 invicem
1199 1981 1248 2012 vel
1272 1980 1412 2012 vicissim
1437 1981 1549 2021 victae5
1573 1982 1634 2013 nisi

883 2031 939 2064 pro
954 2022 1111 2065 simplice,
1128 2025 1225 2062 victae,
1241 2028 1276 2054 ut
1292 2034 1363 2066 sup.
1378 2023 1422 2061 iv,
1439 2025 1454 2054 1
1465 2047 1472 2058 ,
1491 2026 1523 2059 8,
1548 2036 1632 2056 revo-

883 2075 965 2102 care,
990 2077 1058 2109 pro,
1087 2076 1213 2104 vocare,
1238 2072 1270 2098 et
1295 2066 1413 2110 saepius
1443 2066 1507 2098 alia
1539 2070 1634 2100 verba

884 2119 957 2140 cum
972 2121 1005 2140 re
1019 2109 1206 2152 composita,
1235 2110 1381 2152 accipere
1408 2109 1514 2141 malis.
1559 2112 1633 2144 Sen-

884 2163 966 2183 sere:
991 2152 1035 2184 cf.
1050 2163 1120 2195 sup.
1137 2153 1175 2183 ad
1193 2152 1228 2190 ii,
1247 2154 1278 2191 7,
1297 2154 1348 2184 10.
1397 2154 1528 2184 Nutrita
1537 2153 1635 2197 faus—

887 2197 925 2226 tis
936 2198 991 2227 sub
1006 2197 1226 2235 penetralibus,
1243 2197 1374 2228 exculta
1389 2197 1450 2229 sub
1466 2197 1579 2229 faustis
1603 2198 1636 2230 in

885 2238 1028 2281 Augusti
1043 2239 1138 2270 domo
1155 2238 1319 2282 auspiciis.
1365 2240 1403 2271 In
1418 2241 1636 2281 pueros—Ne-

883 2293 969 2314 rones
979 2295 988 2312 .-
1011 2294 1090 2323 puer
1101 2283 1219 2325 passim
1230 2282 1401 2326 respondet
1412 2284 1506 2326 patrii
1519 2295 1636 2316 sermo·

885 2325 934 2357 nis
962 2326 1043 2364 voci,
1073 2329 1174 2368 jung.
1201 2337 1271 2369 sup.
1304 2327 1413 2358 Carm.
1442 2327 1486 2362 iv,
1523 2329 1550 2365 l,
1585 2329 1636 2365 15,

886 2369 1041 2400 Maximus
1056 2369 1175 2401 dicitur
1190 2381 1267 2411 puer
1281 2375 1402 2401 centum
1422 2373 1552 2402 artium.

928 2413 1070 2444 29—36.
1087 2413 1193 2444 Fortes
1201 2413 1491 2455 creanturfortibus
1499 2420 1527 2445 et
1541 2415 1635 2450 bonis,

886 2460 962 2487 cett.
977 2466 1087 2487 sensus
1102 2468 1110 2486 ι
1129 2456 1227 2488 insita
1236 2455 1364 2498 quidem
1376 2456 1437 2488 suit
1452 2457 1638 2490 Neronibus

887 2498 1068 2539 generosior
1086 2499 1189 2540 gentis
1214 2510 1280 2531 suae
1302 2499 1437 2537 indoles,
1460 2511 1533 2542 quae
1554 2502 1640 2543 apud

888 2541 1039 2573 animalia
1049 2542 1128 2574 adeo
1139 2542 1310 2591 propagari
1322 2542 1420 2581 solet;
1437 2543 1492 2575 sed
1506 2549 1639 2581 rectum,

889 2585 944 2627 qui
959 2585 1110 2618 accedere
1127 2596 1257 2617 ommno
1270 2585 1418 2621 debebat,
1435 2587 1642 2628 generosioris

889 2628 980 2659 illius
1010 2628 1129 2659 indolis
1162 2629 1285 2660 cultum
1322 2630 1462 2672 paternis
1502 2631 1641 2672 Augusti

890 2671 976 2703 curis
991 2671 1041 2702 illi
1055 2671 1186 2703 debent.
1232 2673 1272 2703 In
1289 2672 1492 2709 sententiam,
1515 2679 1642 2715 patrum

890 2714 1030 2746 indolem
1040 2714 1217 2756 ingenerari
1226 2714 1312 2752 filiis,
1323 2715 1434 2747 laudat
1445 2716 1498 2748 Cl.
1508 2717 1643 2748 Mitsch.

892 2757 1005 2800 Eurip.
1016 2757 1050 2789 in
1062 2755 1199 2789 Alc'mae.
1211 2758 1296 2801 apud
1313 2759 1402 2790 Stob.
1416 2759 1509 2791 Grot.
1525 2770 1556 2802 p.
1566 2761 1643 2795 363,

893 2802 938 2839 ὡς
964 2801 1266 2840 ἀληθὲς-ἐσθλῶν
1291 2801 1353 2833 ἀπ’
1379 2801 1519 2844 ἀνδρῶν
1538 2803 1643 2835 ἐσθλὰ

894 2845 1075 2887 γίγνεσθαι
1090 2843 1204 2882 τέκνα,
1221 2847 1334 2877 κακῶν
1346 2843 1371 2876 δ’
1387 2845 1486 2886 ὅμοια
1499 2847 1542 2887 τῇ
1551 2846 1645 2888 φύσει

896 2890 941 2930 τῇ
966 2889 1025 2920 τοῦ
1056 2888 1201 2931 πατρός.
1255 2888 1352 2920 Plura
1382 2889 1447 2920 vid.
1476 2888 1562 2930 apud
1593 2889 1646 2920 Cl.

897 2931 1033 2963 Mitsch.
1049 2937 1080 2963 et
1098 2931 1240 2973 Boettig.
1286 2933 1344 2962 Est
1360 2933 1555 2972 injuvencis,
1572 2938 1648 2962 cett.

897 2973 1050 3005 animalia
1073 2985 1203 3016 quoque
1223 2973 1342 3006 indolis
1365 2985 1430 3005 suae
1454 2975 1646 3015 generosita-

106 3014 195 3048 adh.
209 3015 232 3048 l.
246 3017 392 3049 Excursu
410 3022 446 3048 ut
467 3016 592 3059 spurios
613 3021 645 3048 et
669 3026 688 3048 e
711 3015 853 3058 margine
899 3023 961 3049 tem
984 3024 1171 3060 propagant.
1217 3017 1363 3049 Martial.
1380 3017 1423 3054 vi,
1438 3017 1492 3051 38,
1511 3017 1542 3052 7,
1560 3017 1649 3047 Acris

867 3073 885 3092 P
