1884 3288
319 211 375 251 84

868 211 1266 254 CARMINUM

603 310 756 351 Forma
777 311 955 365 captivae
977 312 1193 352 dominum
1213 311 1480 354 Tecmessae:

600 376 722 418 Arsit
743 377 922 419 Atrides
942 378 1083 419 medio
1102 379 1147 418 in
1166 379 1382 432 triumpho

1108 444 1288 498 Virgine
1309 452 1450 499 rapta,

601 508 807 550 Barbarae
827 516 1055 563 postquam
1073 510 1267 550 cecidere
1288 517 1438 551 turmae

522 575 574 615 10
601 574 814 616 Thessalo
834 576 1008 624 victore,
1031 583 1074 615 et
1094 575 1288 616 ademtus
1310 576 1476 618 Hector

602 641 804 683 Tradidit
824 641 945 683 fessis
965 641 1125 682 leviora
1143 641 1234 682 tolli

1111 707 1322 761 Pergama
1343 707 1502 748 Graiis.
1559 697 1567 704 ⁵

603 773 801 822 Nescias,
823 789 876 814 an
896 781 938 814 te
959 788 1161 827 generum
1183 774 1297 814 beati

603 839 814 893 Phyllidis
834 840 954 880 flavae
975 840 1179 880 decorent
1199 846 1425 893 parentes:

524 906 576 946 15
605 905 792 960 Regium
813 914 928 948 certe
949 920 1084 960 genus
1105 913 1148 946 et
1170 905 1353 947 Penates
1508 919 1528 932 Ν

1113 971 1276 1013 Moeret
1295 971 1476 1025 iniquos.

605 1038 746 1079 Crede
768 1053 853 1079 non
871 1037 984 1078 illam
1004 1038 1082 1079 tibi
1102 1038 1156 1078 de
1177 1037 1357 1079 scelesta

606 1104 739 1145 Plebe
760 1104 979 1154 dilectam3
1010 1119 1150 1158 neque
1173 1105 1232 1145 sic
1252 1103 1436 1153 fidelem,

607 1171 678 1212 Sic
694 1170 814 1213 lucro
835 1185 1040 1220 aversam,
1061 1171 1256 1225 potuisse
1276 1170 1394 1211 nasci

519 1238 576 1278 20

1114 1237 1258 1278 Matre
1278 1236 1495 1291 pudenda.

607 1303 794 1344 Brachia
813 1310 857 1344 et
873 1302 1034 1344 vultum
1056 1310 1300 1358 teretesque
1322 1317 1442 1344 suras

609 1369 783 1423 Integer
802 1369 954 1410 laudo:
988 1369 1088 1424 fuge
1111 1371 1330 1424 suspicari,

607 1436 742 1490 Cujus
763 1442 959 1477 octavum
979 1436 1211 1491 trepidavit
1230 1444 1334 1477 aetas

324 1636 373 1664 ᾰὶο
395 1636 428 1665 in
454 1635 615 1673 triumpho,
639 1634 671 1664 in
700 1633 766 1675 ipso
789 1634 892 1675 Trojae
919 1634 1054 1670 excidio,

324 1685 397 1706 cum
427 1675 523 1707 victor
546 1677 653 1706 urbem
678 1675 910 1716 ingrederetur:
948 1686 1056 1707 vocem

327 1719 498 1757 triumphus
526 1717 620 1759 paulo
647 1717 798 1748 audacius
824 1718 863 1748 ad
889 1717 1057 1758 gloriosum

324 1759 450 1790 victoris
472 1760 504 1790 in
523 1760 632 1790 urbem
653 1766 863 1801 expugnatam
882 1760 1054 1799 ingressum

326 1801 497 1832 transtulit.
544 1801 669 1843 Virgine
689 1809 789 1841 rupta,
810 1807 900 1849 capta
924 1802 1059 1833 Cassan-

328 1843 396 1874 dra.
439 1843 580 1874 Barbara?
597 1850 713 1879 turmae,
740 1844 886 1885 Phrygiae
902 1843 967 1874 sive
983 1845 1059 1875 Tro-

325 1884 410 1925 janae
426 1885 544 1926 copiae;
567 1887 710 1916 barbarus
732 1891 763 1916 et
786 1887 959 1916 barbaricus
979 1896 1061 1927 saepe

329 1927 414 1968 apud
430 1932 537 1968 poetas
551 1938 617 1968 pro,
636 1928 808 1969 Phrygium
835 1927 896 1957 vid.
913 1927 1003 1959 Cerd.
1021 1927 1061 1958 ad

331 1969 422 2009 Virg.
440 1970 517 1999 AEn.
533 1969 566 2005 ii,
582 1971 658 2004 504,
679 1975 711 2001 et
725 1979 803 2010 quos
824 1969 939 2000 ibidem
957 1969 1064 2000 laudat

330 2011 545 2042 Burmannus.
606 2011 739 2042 Thessalo
775 2013 895 2048 victore,
924 2011 1064 2052 intellige

330 2052 500 2090 Achillem,
516 2063 534 2083 a
549 2052 641 2093 cujus
658 2052 851 2087 fortitudine,
868 2063 931 2093 qua
954 2059 1065 2093 praeter

330 2095 448 2125 multos
471 2095 550 2124 alios
574 2095 755 2129 Hectorem,
775 2105 930 2125 summum
954 2094 1062 2135 Troja-

329 2147 438 2167 norum
462 2136 652 2178 praesidium,
672 2136 762 2167 morti
784 2136 882 2172 dedit,
907 2136 1062 2177 pendebat

331 2179 512 2209 Graecorum
537 2178 677 2209 victoria.
730 2180 883 2212 Ademtus,
914 2188 931 2208 e
960 2178 1061 2209 medio

329 2220 483 2256 sublatus,
511 2220 646 2250 occisus.
691 2221 818 2250 Leviora
841 2221 919 2254 tolli,
948 2221 1060 2251 Graece

330 2273 397 2303 pro,
420 2262 459 2292 ad
481 2262 666 2297 tollendum,
690 2267 723 2292 ut
741 2262 855 2292 leviore
876 2272 968 2302 opera
991 2262 1061 2292 tolli

330 2310 477 2346 possent:
500 2305 681 2334 obversatus
703 2303 833 2334 Horatio
853 2303 974 2334 videtur
995 2305 1060 2334 llo-

330 2356 445 2383 meruS,
466 2346 519 2376 ubi
540 2346 632 2376 Iliad.
655 2345 739 2382 xxiv,
760 2347 835 2380 243,
854 2345 999 2375 Priamus
1022 2346 1061 2376 ad

330 2387 499 2429 Trojanos:
516 2387 676 2429 Ῥηῗτεροι
691 2389 756 2429 γὰρ
768 2389 903 2429 μᾶλλον
913 2387 1060 2428 Ἀχαιοῖ-

331 2441 387 2462 σιν
399 2429 438 2468 δὴ
450 2429 572 2465 ἔσεσθε,
584 2430 705 2461 Κείνου
715 2431 914 2468 τεθνηῶτος.
956 2430 1061 2466 Fossis,

330 2483 377 2502 sc.
391 2472 487 2505 bello,
501 2472 532 2502 in
549 2472 655 2503 decem
672 2482 771 2502 annos
785 2478 942 2503 extracto:
970 2473 1060 2514 Virg.

332 2515 411 2545 AEn.
425 2513 459 2549 ii,
479 2515 549 2545 109.

1116 1501 1328 1543 Claudere
1350 1501 1546 1543 lustrum.

1144 1635 1280 1665 13—20.
1305 1634 1437 1669 Nescius,
1462 1645 1515 1669 αη,
1539 1642 1594 1675 pro
1617 1632 1748 1674 vulgari.
1771 1632 1831 1664 for-

1100 1682 1194 1707 tasse.
1239 1677 1341 1713 Beati,
1367 1681 1520 1717 potenteS,
1544 1674 1676 1706 nobiles.
1720 1675 1832 1710 Flavus,

1099 1718 1251 1760 pulchrae,
1281 1728 1299 1748 a
1320 1724 1406 1760 parte
1427 1716 1670 1759 pulchritudiuis
1691 1716 1724 1747 in
1745 1716 1834 1747 flavis

1100 1760 1239 1791 crinibus
1271 1760 1392 1802 positae.
1442 1759 1482 1790 Te
1510 1770 1654 1800 generum
1682 1761 1833 1794 decorent,

1103 1802 1219 1834 honore
1235 1807 1264 1833 te
1281 1812 1426 1843 generum
1444 1806 1554 1832 ornent
1573 1807 1666 1842 atque
1686 1806 1835 1832 mactent.

1104 1845 1227 1885 Iniquos
1241 1844 1319 1875 refer
1333 1844 1372 1874 ad
1386 1842 1526 1884 iniquam
1548 1849 1579 1874 et
1596 1843 1755 1883 indignam
1770 1853 1836 1873 sor-

1104 1891 1178 1922 tem,
1198 1896 1261 1928 qua
1284 1886 1443 1917 nobilioris
1465 1884 1567 1926 gentis
1584 1885 1692 1926 puella
1710 1883 1751 1915 ad
1771 1895 1834 1916 ser-

1104 1928 1195 1959 vilem
1208 1927 1417 1959 conditionem
1428 1928 1554 1958 detrusa
1566 1926 1677 1958 suerat.
1695 1927 1835 1963 Scelesta,

1106 1970 1144 2000 ad
1159 1971 1305 2011 quodque
1321 1970 1424 2001 scelus
1439 1969 1680 2010 perpetrandum
1695 1968 1835 2010 proclivi,

1105 2011 1223 2046 infima,
1240 2012 1374 2053 abjecta.
1419 2010 1764 2048 Pudenda,inhonesta,
1781 2021 1835 2041 cu-

1102 2053 1157 2094 jus
1173 2064 1237 2084 sors
1252 2059 1284 2084 et
1298 2052 1436 2084 conditio
1451 2052 1531 2094 proli
1545 2058 1592 2084 est
1607 2051 1717 2094 pudori
1728 2058 1763 2084 ,et
1779 2053 1833 2084 de-

1106 2095 1221 2126 decori.

1146 2138 1284 2168 22-24,
1311 2137 1482 2176 Teretesque
1503 2147 1600 2172 suras,
1622 2145 1729 2167 earum
1751 2134 1835 2166 enim

1103 2179 1201 2209 forma
1223 2178 1307 2220 apud
1331 2189 1434 2210 servas
1464 2178 1615 2220 inprimis,
1643 2176 1834 2208 brevioribus

1102 2220 1220 2252 tunicis
1235 2231 1321 2256 usas,
1342 2221 1375 2251 in
1394 2220 1502 2252 oculos
1517 2219 1706 2251 incurrebat.
1749 2219 1834 2250 Inte-

1101 2274 1168 2303 ger,
1181 2263 1283 2293 omnis
1300 2263 1413 2294 amoris
1431 2272 1553 2303 expers,
1568 2263 1608 2293 ab
1628 2260 1714 2292 omui
1733 2270 1835 2292 amore

1104 2306 1182 2336 liber
1202 2310 1234 2335 et
1253 2315 1394 2343 vacuus3
1418 2314 1485 2342 nos,
1505 2304 1709 2346 uanj'angen,
1722 2309 1758 2334 ut
1778 2303 1842 2334 inf.·

1103 2346 1149 2383 iii,
1166 2348 1196 2384 7,
1212 2348 1264 2377 23.
1309 2347 1394 2386 Fuge
1407 2348 1564 2386 suspicari,
1585 2357 1631 2378 se.
1654 2355 1704 2376 me
1722 2345 1779 2376 tibi
1801 2344 1835 2376 in
1851 2367 1855 2374 ,

1104 2389 1163 2419 hoc
1186 2399 1288 2419 amore
1312 2398 1380 2420 esse
1402 2388 1551 2426 rivalem;
1584 2389 1679 2428 Cujus
1699 2393 1834 2418 octavum

1106 2433 1267 2470 trepidauit
1283 2438 1351 2461 oetas
1368 2431 1517 2461 claudere
1540 2432 1679 2467 lustrum,
1694 2428 1748 2471 qui
1767 2428 1833 2470 jam

1105 2472 1312 2514 quadraginta
1329 2482 1427 2505 annos
1441 2478 1534 2504 natus
1549 2482 1619 2504 sum
1632 2484 1639 2502 :
1662 2473 1834 2512 trepidavit,

1106 2515 1274 2547 festinavit.
