1904 3314
355 201 438 242 418

890 198 1318 263 SATnznARUM

469 301 651 352 Vivere3
681 300 944 350 Vertumnis,
966 308 1176 355 quotquot
1199 309 1310 352 sunt,
1334 309 1458 344 natus
1479 303 1646 358 iniquis.

387 369 438 409 15
469 368 626 410 Scurra
646 367 918 417 Volanerius,
939 375 1165 422 postquam
1186 368 1244 409 illi
1258 370 1376 423 justa
1397 370 1604 425 cheragra

470 435 676 476 Contudit
695 434 910 484 articulos,
932 435 1005 488 qui
1025 450 1103 489 pro
1125 450 1170 476 se
1192 435 1359 477 tolleret
1380 444 1506 490 atque

468 501 663 542 Mitteret
684 502 727 542 in
747 501 935 555 phimum
956 501 1078 551 talos,
1101 503 1296 543 mercede
1318 503 1470 544 diurna

469 567 739 609 Conductum
759 568 895 622 pavit:
927 574 1087 622 quanto
1107 570 1369 610 constantior
1387 570 1500 610 idem

469 633 519 675 In
537 634 663 683 vitiis,
686 640 803 674 tanto
823 633 959 674 levius
980 634 1107 675 miser
1127 649 1176 675 ac
1196 635 1315 688 prior
1335 635 1421 683 illo,

383 701 439 741 20
469 700 558 747 Qui
572 701 660 754 jam
680 706 893 750 contento,
911 701 998 754 jam
1019 699 1118 741 laxo
1138 700 1239 741 fune
1259 700 1437 742 laborat.

466 766 571 807 Non
591 766 707 807 dices
722 765 867 815 hodie,
889 781 1092 820 quorsum
1114 766 1205 807 haec
1226 773 1311 807 tam
1332 768 1483 821 putida
1500 769 1692 818 tendant,

467 831 689 873 Furcifer?
739 830 813 872 Ad
835 838 890 881 te,
911 832 1095 885 inquam.

1147 832 1247 879 Quo
1269 839 1409 886 pacto,
1433 835 1647 887 pessime?
1678 832 1851 875 Laudas

468 897 714 947 Fortunam,
736 905 779 938 et
798 912 938 938 mores
959 899 1144 951 antiquae
1163 898 1316 952 plebis,
1338 906 1381 940 et
1401 900 1527 950 idem,

469 964 516 1005 Si
536 965 631 1019 quis
652 965 707 1005 ad
727 964 797 1004 illa
818 964 942 1004 Deus
965 965 1108 1005 subito
1129 971 1172 1005 te
1194 971 1308 1018 agat,
1328 979 1464 1018 usque
1485 980 1681 1008 recuses:

382 1031 438 1073 25
467 1031 558 1072 Aut
577 1032 677 1085 quia
696 1046 779 1072 non
802 1031 946 1080 sentis,
969 1030 1087 1083 quod
1108 1030 1277 1080 clamas,
1300 1031 1457 1072 rectius
1478 1046 1587 1082 esse,

466 1096 558 1138 Aut
578 1098 678 1151 quia
697 1111 782 1138 non
802 1096 950 1136 firmus
971 1103 1134 1137 rectum
1155 1096 1364 1147 defendis,
1382 1104 1426 1138 et
1443 1097 1597 1148 haeres,

465 1162 773 1217 Nequidquam
793 1177 916 1204 coeno
937 1163 1112 1216 cupiens
1135 1162 1313 1204 evellere
1332 1162 1534 1217 plantam.

466 1229 617 1271 Romae
637 1244 710 1270 rus
731 1236 879 1284 optas;
912 1230 1132 1270 absentem
1151 1229 1338 1270 rusticus
1361 1229 1526 1271 Urbem

463 1296 600 1338 Tollis
622 1296 675 1337 ad
697 1302 810 1337 astra
829 1295 946 1337 levis.

1009 1294 1056 1335 Si
1076 1309 1285 1349 nusquam
1305 1309 1350 1336 es
1371 1296 1482 1337 forte
1501 1302 1675 1338 vocatus

380 1364 435 1404 30
465 1363 538 1404 Ad
560 1378 737 1413 coenam,
759 1362 908 1403 laudas
930 1376 1125 1402 securum
1147 1361 1238 1402 olus
1256 1379 1265 1412 3
1297 1376 1360 1412 ac,
1382 1362 1497 1404 velut
1518 1377 1697 1417 usquam

465 1429 649 1471 Vinctus
671 1443 759 1479 eaS‚
780 1429 840 1470 ita
861 1435 902 1470 te
923 1426 1088 1468 felicem
1109 1428 1230 1477 dicis,
1251 1443 1465 1483 amasque,

396 1563 448 1593 14.
474 1562 656 1592 Vertumnis.
697 1561 886 1595 Vertumnus,
902 1559 1082 1600 antiquissi-

353 1614 423 1634 mus
439 1605 613 1634 Tuscorum
627 1603 716 1638 deus,
733 1604 765 1633 in
781 1613 888 1633 omnes
910 1602 1032 1636 sormam,
1049 1608 1084 1632 ut

352 1647 483 1676 Proteus
506 1646 588 1687 apud
614 1647 754 1680 Graecos.
779 1655 812 1676 se
838 1651 976 1681 vertens‚·
999 1644 1083 1675 unde

353 1687 472 1718 Tibull.
486 1687 529 1722 iv,
539 1689 572 1724 2,
583 1689 635 1723 14,
652 1688 741 1717 Mille
754 1688 837 1717 Imbet
850 1693 985 1720 ornatus,
1000 1687 1083 1716 mille

353 1732 488 1760 decenter
505 1731 603 1760 habet.
649 1730 708 1759 Sed
725 1729 766 1759 cf.
783 1728 924 1770 inprimis
941 1728 1081 1768 Elegiam

351 1772 384 1802 in
403 1773 610 1802 Vertumnum
628 1770 792 1813 Propertii,
807 1770 849 1806 iv,
867 1772 897 1800 2.
941 1771 1003 1800 Pro
1013 1769 1081 1800 vul-

353 1813 417 1854 gari
442 1813 547 1854 igitur,
573 1815 632 1844 diis
660 1815 760 1848 iratis,
786 1811 1018 1842 accommodate
1043 1811 1083 1842 ad

352 1861 495 1886 naturam
510 1856 666 1886 Vertumni
680 1855 758 1885 dixit
772 1857 882 1894 iniquis
902 1855 1082 1892 Vertumnis,

352 1897 440 1938 quasi
457 1903 528 1928 nato
543 1897 650 1928 Prisco
662 1907 700 1928 ex
713 1897 759 1927 ira
776 1895 941 1927 Vertumni
956 1895 1028 1926 data
1043 1896 1083 1926 sit

351 1938 553 1970 mutabilitas.

398 1983 448 2012 15.
471 1981 571 2015 Justa,
590 1990 683 2021 quam
708 1979 896 2012 Volanerius
914 1980 1008 2021 culpa
1027 1990 1082 2010 sua

352 2022 411 2053 sibi
426 2027 631 2058 contraxerat,
649 2030 683 2053 ut
696 2034 779 2062 pirna
787 2024 888 2061 justa.

398 2066 447 2095 16.
466 2066 610 2095 Contudit
621 2067 773 2098 articulos.
786 2062 996 2100 labefactavit,
1007 2073 1081 2093 con-

352 2107 452 2147 fregit,
467 2106 603 2136 infirmos
618 2111 650 2137 et
662 2106 792 2143 inutiles
811 2105 954 2136 reddidit.

399 2150 448 2179 17.
478 2149 514 2179 In
538 2149 682 2188 phimum,
708 2147 861 2182 fritillum,
886 2147 918 2176 in
941 2157 1004 2187 quo
1027 2146 1082 2176 tali

350 2191 400 2222 vel
425 2196 546 2222 tesserae
571 2189 840 2224 concutiebantur,
870 2194 902 2219 et
930 2188 1001 2219 inde
1030 2199 1083 2229 per

352 2243 483 2274 pyrgum
510 2232 575 2262 sive
605 2231 784 2262 turriculam
814 2229 1017 2261 mittebantur
1047 2230 1080 2260 in

351 2275 490 2306 tabulam
506 2273 666 2304 lusoriam.

397 2318 447 2349 18.
473 2317 575 2351 Fovit,
591 2315 681 2346 aluit.

395 2360 448 2396 19,
475 2360 527 2389 20.
559 2358 683 2393 Levius,
706 2355 801 2398 paulo
826 2356 943 2387 minus.
989 2357 1081 2386 Prior

349 2403 415 2439 illo,
432 2401 530 2442 potior
550 2400 618 2435 illo,
639 2399 774 2430 melioris
796 2397 857 2429 fere
880 2397 1077 2434 conditionis,

352 2453 446 2485 quam
460 2443 525 2478 ille,
541 2443 675 2481 Qnijam
692 2443 915 2481 contento,jam
931 2441 1079 2481 Iazofune

352 2487 479 2522 laborat,
516 2484 571 2525 qui
606 2482 815 2514 inconstantia
845 2482 974 2518 laborat,
1004 2482 1077 2512 dum

350 2527 443 2558 modo
457 2527 535 2557 vires
550 2525 693 2562 intendit,
711 2524 802 2555 modo
818 2524 958 2565 languori
973 2524 1078 2554 indul-

348 2575 412 2610 get,
428 2568 520 2599 modo
533 2578 666 2602 severus,
682 2567 772 2597 modo
786 2566 862 2597 levis
875 2571 942 2597 est.-
956 2566 986 2597 V
989 2565 1077 2596 irium

348 2614 506 2646 contentio,
523 2611 569 2641 vel
585 2619 654 2640 acre
669 2609 817 2643 studium,
832 2619 903 2638 cum
911 2608 995 2650 fitne
1009 2619 1077 2638 con-

349 2660 440 2689 tento,
456 2653 567 2683 virium
590 2654 728 2688 remissio,
751 2651 799 2681 vel
823 2650 954 2685 incuria,
978 2650 1076 2690 negli-

349 2695 465 2737 gentia,
482 2695 602 2729 levitas,
618 2694 774 2735 cnmsuue
790 2694 854 2722 laxa
869 2698 1075 2733 comparatur.

390 2739 444 2773 21,
468 2738 521 2767 22.
544 2737 660 2766 Hodie:
696 2734 892 2766 Heindorfius
913 2745 984 2764 cum
1006 2734 1077 2764 aliis

370 2790 413 2816 ro,
426 2781 526 2810 statim
545 2777 677 2820 accipit;
700 2777 844 2817 equidem
868 2776 988 2817 accipio
1011 2787 1075 2817 pro,

347 2790 406 2853 {oc
420 2821 470 2852 die
486 2820 709 2854 Saturnalium,
725 2829 787 2860 quo
798 2818 853 2848 tibi
869 2819 972 2848 omnia
982 2817 1077 2849 libere

346 2864 450 2895 dicere
470 2863 564 2901 licet3
599 2862 646 2893 vel
677 2871 743 2903 pro,
773 2861 895 2891 tandem
926 2860 983 2890 hoc
1013 2860 1074 2897 die,

346 2906 421 2947 quia
443 2906 553 2937 Davus
575 2904 658 2935 diem
680 2903 806 2944 perdere
830 2902 993 2932 videbatur
1010 2912 1074 2932 am-

346 2948 491 2990 bagibus,
514 2956 594 2989 quas
617 2955 710 2976 morae
737 2944 900 2986 impatiens
927 2944 1074 2974 Horatius

1126 1559 1204 1590 ferre
1227 1559 1362 1601 amplius
1384 1559 1528 1590 nolebat:
1550 1559 1625 1592 hinc
1643 1569 1692 1597 ea,
1713 1571 1785 1602 quae
1799 1562 1854 1593 ad-

1125 1601 1186 1631 huc
1202 1601 1280 1631 dixit
1302 1602 1422 1636 Davus,
1446 1607 1538 1633 vocat
1560 1608 1621 1632 tam
1643 1605 1763 1642 putida,
1788 1609 1852 1635 tam

1126 1644 1255 1674 molesta
1277 1648 1309 1674 et
1333 1643 1501 1679 fastidiosa,
1529 1643 1650 1676 scilicet
1667 1645 1707 1675 ob
1727 1645 1853 1693 longam

1126 1685 1180 1721 rei,
1197 1695 1290 1726 quam
1306 1685 1459 1716 relaturus
1472 1691 1539 1717 erat
1553 1686 1674 1722 Davus,
1697 1686 1853 1719 circuitio-

1125 1737 1206 1758 nem.
1238 1727 1394 1768 Furcifer,
1409 1733 1515 1758 notum
1531 1728 1727 1759 dominorum
1741 1729 1774 1760 in
1789 1739 1853 1760 ser-

1124 1779 1179 1799 vos
1203 1769 1399 1800 convicium:
1422 1771 1546 1801 Terent.
1565 1769 1652 1801 And.
1673 1770 1718 1808 iii,
1741 1772 1772 1807 5,
1799 1772 1851 1808 12,

1128 1811 1194 1841 Tibi
1220 1818 1255 1842 ut
1281 1822 1333 1852 ego
1356 1813 1485 1849 credam,
1501 1812 1663 1854 furcifer?
1696 1812 1750 1843 ubi
1783 1813 1852 1844 Do-

1125 1859 1229 1890 natus,
1255 1853 1409 1894 Furog'feri
1433 1855 1620 1891 dicebantur,
1650 1856 1701 1895 qui
1731 1856 1765 1886 ob
1793 1855 1854 1890 leve

1125 1896 1268 1926 delictum
1292 1897 1474 1937 cogebantur
1500 1908 1519 1926 a
1541 1898 1657 1927 domino
1683 1899 1853 1938 ignmniniae

1125 1939 1220 1978 magis
1243 1949 1330 1978 quam
1351 1940 1494 1977 supplicii
1517 1949 1606 1969 causa
1634 1940 1717 1970 circa
1743 1940 1854 1970 vicinos

1115 1979 1246 2020 furcam
1272 1982 1306 2010 in
1330 1981 1404 2010 colea
1416 1981 1517 2021 ferre,
1541 1981 1700 2021 subligata}
1721 1983 1762 2011 acl
1787 1991 1852 2012 eam

1125 2023 1260 2052 manibus
1271 2034 1282 2059 ;
1306 2021 1378 2052 hinc
1390 2033 1420 2053 v.
1437 2023 1489 2058 66,
1506 2022 1568 2053 Ibis
1581 2024 1634 2053 sub
1638 2022 1780 2063 furcam.

1166 2064 1219 2094 24.
1243 2065 1290 2094 Ad
1303 2065 1369 2100 illa,
1384 2074 1430 2095 sc.
1444 2074 1515 2106 quae
1529 2063 1659 2095 laudas:
1683 2070 1712 2095 te
1726 2071 1811 2107 agat,
1821 2069 1853 2097 te

1125 2105 1256 2141 auferat,
1271 2106 1446 2137 transferat.

1167 2149 1219 2178 25.
1255 2150 1317 2178 Ant
1346 2149 1417 2188 quia
1446 2160 1503 2179 non
1533 2149 1634 2184 sentis,
1661 2150 1750 2189 quod,
1778 2154 1853 2181 cett.

1125 2194 1180 2219 aut
1202 2189 1287 2229 quia.
1311 2189 1396 2229 quod
1417 2195 1532 2221 rectum
1555 2199 1623 2221 esse
1647 2200 1698 2222 ore
1720 2190 1852 2228 clamas,

1124 2240 1186 2260 non
1204 2230 1298 2260 animi
1310 2241 1402 2261 sensu
1419 2231 1652 2273 complecteri83
1677 2242 1758 2263 vana
1768 2233 1851 2264 enim

1122 2276 1194 2302 sunt
1217 2278 1374 2319 praecepta
1396 2283 1467 2312 quae
1491 2283 1553 2303 non
1575 2273 1761 2311 sentiuntur,
1777 2274 1809 2305 h·
1823 2285 1852 2307 e.

1122 2323 1252 2354 quorum
1270 2319 1380 2344 ventas
1395 2324 1456 2344 non
1473 2314 1652 2356 percipitur.

1164 2357 1218 2386 26.
1243 2355 1443 2396 Nonfirmus‚
1460 2367 1522 2387 non
1535 2356 1620 2387 firmo
1639 2361 1772 2404 pectore,
1788 2367 1850 2389 non

1121 2407 1226 2428 severo
1241 2397 1353 2427 studio.
1397 2398 1555 2439 Defendis,
1570 2402 1649 2429 tuen
1664 2398 1782 2436 studes,
1796 2409 1850 2431 ex-

1121 2449 1226 2478 erces;
1250 2440 1350 2475 haeres,
1367 2439 1459 2470 sc.in
1476 2439 1562 2475 vitio,
1585 2439 1669 2480 quod
1691 2450 1851 2483 compara·

1121 2486 1171 2511 tur
1187 2491 1256 2512 cum
1273 2491 1377 2516 coen0,
1391 2491 1408 2512 e
1423 2492 1485 2522 quo
1500 2481 1604 2524 pedes,
1619 2481 1674 2523 qui
1689 2481 1722 2512 in
1733 2492 1771 2514 eo
1785 2483 1849 2515 11ae-

1121 2529 1200 2558 rent,
1218 2533 1280 2553 non
1296 2523 1386 2554 facile
1400 2524 1537 2566 expediri
1551 2529 1692 2565 possunt.
1796 2552 1799 2554 μ

1163 2567 1216 2596 28.
1238 2566 1405 2601 Absentem,
1421 2576 1440 2597 a
1455 2576 1524 2598 rure
1545 2571 1704 2597 remotam.
1747 2566 1848 2604 Levis,

1120 2607 1300 2638 inconstans
1313 2612 1345 2638 et
1356 2607 1470 2639 varius.

1163 2651 1216 2685 30,
1241 2650 1294 2679 31.
1327 2650 1482 2685 Securum,
1507 2658 1570 2690 quo
1592 2648 1663 2691 quis
1684 2648 1716 2680 in
1742 2660 1850 2683 securo

1121 2691 1182 2722 otio
1198 2691 1345 2722 vescitur.
1391 2692 1478 2722 Velut
1499 2702 1623 2731 usquam
1648 2691 1774 2723 Vinctus
1789 2705 1849 2730 eas,

1120 2733 1212 2775 quasi
1237 2734 1357 2764 obtorto
1380 2733 1462 2764 collo
1488 2733 1528 2763 ad
1557 2742 1681 2764 coenam
1708 2734 1848 2776 rapiaris,

1120 2775 1207 2817 quasi
1235 2785 1296 2805 non
1326 2775 1358 2805 in
1393 2775 1518 2806 arbitrio
1546 2779 1600 2805 tuo
1632 2774 1768 2816 positum
1796 2777 1848 2813 sit,

1120 2824 1223 2848 utrum
1240 2817 1294 2848 tibi
1309 2827 1433 2849 coenare
1447 2816 1579 2860 placeat,
1597 2826 1636 2847 an
1653 2817 1757 2848 minus
1778 2818 1847 2860 pla-

1117 2865 1197 2891 cent.

1159 2903 1210 2931 31.
1235 2902 1298 2937 Ita,
1322 2899 1347 2930 si
1369 2910 1431 2931 non
1456 2905 1586 2931 vocatus
1611 2910 1663 2931 es:
1697 2911 1846 2942 amasque,

1117 2949 1159 2981 et,
1175 2948 1209 2974 ut
1224 2943 1280 2981 ais,
1295 2942 1353 2973 tibi
1367 2947 1487 2983 gratum
1501 2946 1550 2974 est
1563 2941 1658 2983 quod,
1675 2948 1748 2974 cett.
