1884 3288
324 193 340 233 l
349 192 405 234 42

865 193 1259 237 CARMINUM

881 427 1152 469 CARMEN
1184 427 1263 468 VI.

826 576 911 607 AD
957 575 1324 606 ROMANOS.

608 693 815 734 DELlcTA
838 692 1041 746 majorum
1064 691 1294 731 immeritus
1315 689 1423 738 lues,

608 759 817 808 Romane,
838 759 976 799 donec
999 757 1155 811 templa
1174 757 1390 806 refeceris,

663 826 889 879 AEdesque
909 824 1100 865 labentes
1125 824 1332 872 Deorum,
1353 831 1396 865 et

721 891 859 932 Foeda
877 891 1000 945 nigro
1022 889 1244 931 simulacra
1264 890 1392 931 fumo.

551 960 577 999 5
608 958 690 999 Dis
711 966 753 999 te
773 959 975 999 minorem
996 958 1112 1011 quod
1133 957 1260 1011 geriS,
1282 958 1490 1011 imperas:

609 1025 725 1066 Hinc
746 1039 867 1065 omne
889 1024 1155 1078 principium,
1177 1023 1263 1064 huc
1284 1023 1398 1064 refer
1417 1023 1592 1065 exitum.

666 1090 729 1131 Di
747 1090 879 1132 multa
898 1090 1083 1145 neglecti
1108 1090 1322 1131 dederunt
1578 1082 1582 1085 ¹

722 1157 951 1211 Hesperiae
971 1156 1079 1197 mala
1098 1155 1317 1198 luctuosae.

553 1290 753 1322 CARMEN
778 1291 839 1322 VI.

374 1332 427 1364 Ad
454 1333 642 1369 licentiores,
675 1332 792 1374 quibus
817 1338 884 1363 tum
916 1331 1062 1373 temporis

331 1375 508 1418 praecipites
523 1376 555 1406 in
572 1374 739 1418 perniciem
756 1374 806 1415 agi
823 1379 983 1416 coeperant
996 1374 1063 1404 Ro-

330 1418 428 1454 mani,
445 1427 555 1454 mores,
577 1417 752 1459 pertinebat
774 1416 917 1458 inprimis
931 1417 1059 1446 deorum

330 1465 508 1491 contemtus
522 1466 551 1490 et
564 1460 627 1490 vita
638 1458 843 1490 libidinosior.
867 1459 919 1489 Ab
932 1457 990 1489 hac
1002 1457 1060 1498 igi-

330 1508 381 1533 tur
396 1501 658 1543 perniciosissima
672 1511 792 1532 morum
805 1500 979 1542 corruptela
987 1500 1061 1530 dum

331 1545 498 1586 populares
513 1554 585 1574 suos
601 1553 730 1574 avocare
746 1542 851 1574 studet
861 1542 892 1573 in
910 1543 967 1573 hoc
991 1552 1059 1573 car-

330 1586 415 1616 mine
430 1591 532 1628 poeta,
549 1586 681 1627 primum
693 1585 779 1620 deos,
792 1595 924 1626 quorum
942 1584 1061 1615 cultum

331 1628 436 1659 adhuc
461 1627 664 1669 neglexerint,
689 1637 752 1657 non
776 1627 878 1656 solum
898 1626 1062 1661 variarum,

331 1680 412 1710 quas
435 1670 501 1711 jam
525 1669 642 1710 experti
665 1668 739 1703 sint.
755 1668 971 1699 calamitatum
988 1678 1062 1698 auc-

331 1717 414 1742 tores
438 1711 545 1746 fuisse‚
569 1711 623 1742 sed
649 1711 773 1743 eosdem
795 1710 893 1741 multo
921 1709 1062 1751 graviora

331 1755 427 1789 mala,
441 1753 500 1784 nisi
515 1753 751 1784 resectiseorum
764 1751 888 1794 templis
904 1753 943 1783 ad
960 1751 1062 1793 pristi-

331 1806 409 1827 num
433 1795 557 1838 pietatis
570 1794 750 1826 exercitium
774 1794 932 1832 redierint,
955 1794 1063 1824 iisim—

331 1839 484 1869 missuros
506 1848 572 1868 esse
596 1837 752 1875 ostendit3
774 1836 898 1873 deinde,
917 1843 951 1867 ut
975 1837 1062 1877 flagi-

331 1880 458 1915 tiorum,
484 1879 598 1921 quibus
627 1879 723 1910 libere
757 1889 840 1910 nunc
870 1878 1063 1921 polluantur,

331 1922 555 1963 turpitudinem
581 1921 620 1951 iis
643 1927 714 1952 ante
738 1922 848 1952 oculos
867 1927 972 1962 ponat,
1000 1926 1062 1951 tam

332 1963 526 1998 inhonestas.
551 1964 665 2004 quibus
689 1963 802 2004 puellae
827 1973 845 1993 a
869 1969 975 1994 tenera
992 1963 1063 1993 inde

333 2013 425 2037 aetate
437 2005 476 2036 ad
492 2005 652 2036 libidinem
667 2005 800 2046 juvenes
816 2005 961 2046 pellicere
983 2006 1063 2036 sole-

334 2054 400 2084 ant,
426 2054 518 2083 artes,
542 2058 636 2088 quam
661 2047 801 2084 infamia,
823 2058 893 2088 quae
921 2047 1065 2078 licentius

332 2101 418 2121 nunc
434 2100 453 2120 a
466 2090 572 2131 nuptis
587 2090 800 2123 admittantur.
812 2089 958 2120 describit
969 2090 1060 2120 adul-

332 2132 430 2169 teria;
451 2132 642 2173 denique.ut
658 2142 728 2162 cum
746 2131 863 2173 pudore
874 2131 1061 2172 intelligant,

318 2179 483 2215 ‚quantum
501 2184 519 2204 a
533 2174 686 2215 majorum
698 2183 823 2204 suorum
839 2173 943 2204 indole
958 2179 990 2203 et
1001 2173 1062 2203 vir-

331 2217 451 2247 tutibus
461 2216 724 2257 degeneraverint,
738 2215 879 2252 breviter,
894 2216 1002 2257 quales
1013 2215 1046 2245 ill
1064 2214 1074 2245 i

333 2259 398 2290 nati
412 2265 444 2290 et
455 2258 578 2289 educati
594 2257 720 2292 suerint,
737 2263 967 2288 commemorat.
992 2257 1060 2287 Au-

333 2300 417 2342 gusti
440 2300 565 2342 quidem
594 2300 626 2330 in
650 2305 714 2330 toto
738 2299 795 2330 hoc
819 2299 956 2330 carmine
975 2299 1063 2330 nulla

333 2343 415 2374 facta
439 2348 486 2373 est
509 2342 643 2379 mentio;
667 2341 720 2373 sed
736 2352 807 2372 cum
831 2341 923 2376 illud,
940 2352 976 2373 eo
994 2341 1062 2383 ipso

332 2392 471 2428 tempore
489 2384 635 2426 scriptum
659 2394 727 2415 esse
750 2384 902 2419 videatur,
918 2395 980 2426 quo
994 2384 1057 2414 Au·

332 2434 445 2468 gustus
460 2427 499 2457 ad
512 2426 637 2457 deorum
654 2427 787 2461 cultum,
803 2426 857 2467 qui
880 2431 946 2456 tum
970 2425 1060 2466 frige-

331 2470 398 2505 bat,
424 2469 455 2500 in
481 2468 596 2499 civium
622 2467 735 2499 animis
766 2467 964 2499 refovendum
989 2471 1062 2499 aedes

330 2523 440 2548 sacras,
457 2516 493 2542 ut
514 2510 621 2541 scribit
643 2511 770 2542 Sueten.
794 2511 878 2551 Aug.
900 2521 929 2541 c.
946 2511 998 2546 30,
1015 2521 1060 2541 ve-

333 2560 443 2585 tustate
467 2554 622 2592 collapsas,
655 2561 708 2583 aut
745 2555 881 2584 incendio
906 2554 1062 2583 ¹absumtos

329 2597 448 2638 refecit,
470 2600 501 2626 et
520 2594 560 2625 ad
585 2595 842 2636 compescendam
864 2595 972 2626 liberae
999 2595 1027 2626 V
1029 2605 1062 2626 e-

332 2639 413 2669 neris
427 2637 584 2668 licentiam
602 2637 700 2677 legem
713 2637 830 2667 duliam
844 2638 879 2667 de
889 2638 1061 2672 adulteriis,

331 2685 363 2712 et
379 2680 478 2721 legem
498 2680 625 2719 Pupiam
649 2679 803 2719 Poppaeam
825 2680 860 2709 de
882 2681 1062 2710 maritandis

332 2723 498 2756 ordinibus.
525 2727 598 2752 cett.
623 2721 728 2759 dedit3
760 2721 937 2757 Horatium,
971 2726 1005 2751 ut
1030 2721 1061 2751 in

332 2764 404 2796 aliis
430 2763 621 2795 carminibus
648 2763 786 2804 Augusti
812 2763 954 2794 virtutem
978 2764 1062 2793 belli-

333 2819 408 2844 cam,
423 2806 466 2836 ita
483 2805 515 2836 in
532 2806 590 2836 hoc
606 2805 750 2836 virtutem
767 2805 835 2846 ejus
850 2806 966 2836 civilem
982 2806 1062 2836 cele-

330 2850 419 2881 brare
435 2848 580 2884 voluisse,
597 2847 680 2878 haud
701 2847 904 2889 improbabile
919 2853 974 2878 est.

378 2892 471 2921 1-4.
497 2891 618 2921 Delicta
638 2892 797 2930 majorum,
817 2889 856 2919 ab
878 2889 980 2930 impiis
1002 2899 1057 2931 pa-

330 2933 440 2971 tribus,
455 2932 488 2964 in
504 2933 597 2964 bellis
617 2932 762 2963 civilibus
784 2931 936 2974 inprimis,
952 2937 1059 2962 contra

1102 1290 1176 1321 deos
1198 1295 1231 1321 et
1258 1289 1389 1332 patriam
1421 1293 1608 1332 perpetrata.
1651 1288 1833 1325 Immerilus,

1105 1331 1138 1362 h.
1161 1343 1189 1363 e.
1218 1331 1380 1369 innocens,
1406 1331 1542 1372 iuteger;
1576 1340 1648 1362 nam
1683 1331 1835 1371 Diespiter

1105 1375 1268 1415 neglectus,
1282 1378 1317 1404 ut
1331 1385 1402 1415 sup.
1416 1374 1523 1406 Carm.
1541 1372 1586 1410 iii,
1601 1373 1633 1408 2,
1649 1373 1692 1404 30
1705 1372 1833 1409 dicitur,

1102 1426 1174 1455 serpe
1188 1418 1297 1447 incesto
1318 1417 1438 1447 addidit
1459 1418 1624 1456 integrum,
1642 1414 1696 1446 ubi
1711 1415 1754 1447 cs.
1770 1421 1835 1447 not.

1104 1463 1136 1488 et
1159 1468 1229 1506 sup.
1244 1458 1268 1494 i,
1284 1459 1339 1493 28,
1359 1459 1413 1489 30.
1460 1458 1581 1497 Templa
1603 1457 1754 1498 refeceris,
1776 1456 1835 1489 inf.

1107 1501 1173 1530 Sat.
1190 1500 1224 1538 ii,
1238 1502 1270 1536 2,
1290 1501 1469 1534 103—105,
1487 1500 1589 1534 Quare
1605 1499 1723 1539 Templa
1738 1506 1836 1531 ruunt

1103 1543 1230 1582 antiqua
1257 1543 1375 1573 Derim?
1407 1553 1474 1578 cur,
1497 1542 1638 1580 improbe,
1664 1553 1740 1574 σανα
1765 1542 1835 1573 Non

1104 1585 1221 1624 aliquid
1237 1587 1342 1624 patriae
1356 1590 1439 1614 tanto
1450 1585 1578 1614 emetiris
1586 1585 1708 1614 acervo?
1743 1585 1836 1616 AEdes

1107 1626 1250 1662 Deorum,
1261 1626 1399 1667 intellige
1409 1625 1459 1657 del
1465 1625 1628 1667 ubra,quae
1638 1625 1752 1667 passim
1763 1636 1835 1658 cum

1107 1668 1230 1709 templis
1256 1668 1407 1710 conjungi
1433 1668 1544 1699 solent.
1587 1667 1744 1704 hibentes,
1771 1680 1835 1711 prae

1102 1716 1255 1741 vetustate
1281 1711 1455 1742 desidentes
1480 1715 1512 1740 et
1534 1709 1656 1741 ruinam
1672 1711 1838 1749 minantes,

1104 1753 1251 1793 quoniam
1267 1763 1372 1784 earum
1388 1751 1622 1783 reficiendarum
1634 1752 1722 1784 nulla
1733 1753 1835 1785 adhuc

1106 1794 1212 1825 habita
1237 1794 1335 1826 suerat
1360 1795 1449 1826 ratio.
1494 1794 1587 1826 Foeda
1619 1798 1708 1837 nigro
1731 1796 1837 1838 fumo,

1106 1836 1190 1868 foede
1216 1837 1380 1878 inquinata
1405 1842 1437 1868 et
1463 1835 1639 1868 decolorata
1667 1838 1764 1873 sumo,
1791 1847 1836 1869 sc.

1106 1889 1198 1920 quem
1215 1880 1340 1910 flamma
1354 1878 1443 1914 turis,
1457 1879 1541 1920 quod
1562 1881 1594 1909 in
1616 1878 1740 1922 templis
1764 1880 1838 1911 ado·

1107 1921 1240 1956 lebatur,
1257 1931 1378 1952 sursum
1392 1921 1556 1960 mittebat;
1577 1921 1656 1952 ritus
1667 1921 1760 1963 igitur
1772 1922 1836 1959 ille,

1106 1973 1169 2002 quo
1193 1963 1321 1994 deorum
1356 1963 1525 1994 simulacra
1555 1969 1636 1994 stato
1669 1965 1838 2006 quotannis

1107 2005 1158 2036 die
1191 2006 1287 2036 lavari
1314 2005 1467 2042 solebant,
1496 2005 1690 2037 intermissus
1715 2006 1838 2046 suerat3

1108 2047 1147 2078 de
1171 2058 1234 2087 quo
1260 2047 1468 2090 Spanhemius
1493 2048 1533 2078 ad
1561 2047 1691 2079 Callim.
1717 2049 1837 2090 Ilymu.

1106 2089 1137 2120 in
1166 2091 1297 2121 Lavacr.
1319 2090 1406 2121 Pall.
1428 2089 1548 2121 erudite
1575 2100 1658 2122 more
1685 2100 1744 2122 suo
1772 2092 1836 2122 dis·

1106 2137 1207 2174 putat.

1148 2175 1244 2204 5—8.
1267 2174 1324 2204 Dis
1339 2180 1366 2204 te
1382 2175 1522 2204 minorem
1544 2175 1622 2214 quod
1637 2176 1729 2216 geris,
1744 2176 1836 2216 impe-

1105 2226 1154 2246 ras
1166 2227 1174 2252 ;
1192 2226 1264 2246 nam
1277 2221 1342 2246 tum
1352 2216 1490 2251 denium,
1504 2225 1577 2246 cum
1588 2216 1715 2248 deorum
1726 2224 1836 2259 poten-

1106 2257 1157 2288 tiae
1182 2263 1210 2288 te
1227 2257 1394 2294 submittis,
1414 2257 1448 2288 h,
1464 2268 1492 2288 e.
1508 2258 1582 2289 deos
1602 2259 1656 2306 pie
1679 2259 1770 2295 colis,
1786 2261 1836 2291 fir-

1105 2309 1201 2335 mum,
1219 2301 1302 2341 quod
1320 2305 1417 2336 tenes,
1432 2299 1490 2330 erit
1504 2299 1665 2341 imperium
1681 2312 1688 2331 :
1713 2308 1836 2334 senten-

1105 2341 1146 2372 tia
1164 2341 1363 2383 gravissima!
1390 2342 1422 2372 in
1437 2352 1532 2383 quam
1549 2341 1619 2374 Cic.
1634 2343 1673 2374 de
1697 2344 1837 2387 Harusp.

1106 2383 1204 2426 Resp.
1231 2385 1263 2420 9,
1292 2385 1409 2415 Pietate
1433 2396 1468 2416 nc
1491 2385 1646 2426 religione,
1669 2391 1758 2426 utque
1781 2387 1837 2418 hac

1104 2438 1167 2456 una
1190 2428 1349 2466 sapientia,
1379 2438 1437 2467 qua
1466 2426 1598 2457 Deorum
1622 2428 1836 2459 immortalium

1104 2470 1226 2500 numine
1247 2472 1345 2499 omnia
1365 2471 1430 2511 regi
1449 2470 1672 2510 gubernarique
1688 2473 1835 2510 perspexi-

1104 2521 1180 2545 mus,
1193 2521 1287 2541 omnes
1297 2518 1399 2552 gentes
1411 2513 1600 2552 nationesque
1610 2514 1812 2552 superavimus
1823 2524 1834 2550 ,-

1105 2558 1135 2583 et
1162 2552 1317 2584 Camillus
1341 2553 1424 2595 apud
1447 2553 1515 2584 Liv.
1539 2563 1569 2589 v,
1591 2554 1646 2595 51,
1671 2553 1836 2586 Intuemini

1106 2596 1210 2626 horum
1234 2597 1368 2635 deinceps
1388 2606 1536 2625 annorum
1560 2596 1606 2626 vel
1620 2598 1763 2628 secundos
1777 2608 1835 2634 res,

1105 2639 1150 2667 vel
1165 2640 1303 2668 adversas
1316 2649 1326 2673 ,-
1344 2639 1499 2668 invenietis
1513 2639 1611 2668 omnia
1625 2649 1760 2679 prospere
1768 2650 1834 2670 eve·

1105 2681 1181 2710 nisse
1192 2681 1374 2719 sequentihus
1390 2681 1466 2718 deos,
1481 2681 1604 2710 adversa
1617 2683 1834 2720 spernentibu-

1106 2722 1190 2753 Hinc
1211 2732 1294 2752 omne
1310 2723 1506 2762 principium,
1530 2721 1588 2752 huc
1610 2722 1691 2764 rqfev·
1711 2725 1835 2761 exitum,

1105 2763 1138 2793 in
1154 2763 1298 2794 omnibus
1314 2764 1404 2794 rebus
1422 2769 1486 2794 tam
1510 2763 1718 2804 suscipiendis
1739 2776 1834 2807 quam

1106 2805 1301 2848 perficiendis
1328 2805 1454 2836 deorum
1488 2804 1633 2837 habenda
1664 2813 1712 2838 est
1745 2807 1835 2839 ratio.

1105 2849 1198 2890 Refer
1217 2858 1270 2890 per
1283 2857 1408 2888 zeugma
1422 2847 1563 2889 proximo
1580 2848 1700 2880 nomini
1722 2852 1834 2881 exitum

1103 2889 1370 2921 accommodatum
1387 2894 1445 2924 est,
1460 2888 1498 2919 ad
1513 2891 1696 2930 principium
1709 2892 1833 2934 supple,

1103 2938 1216 2973 repete.
1262 2932 1399 2974 Negla-ti
1413 2944 1420 2962 .-
1445 2931 1484 2962 cf.
1500 2941 1571 2973 sup.
1585 2935 1617 2970 2,
1631 2933 1685 2965 30.
