1904 3314
686 184 910 228 LIBER
941 185 978 235 1,
1013 185 1080 226 14.

1567 187 1654 230 473

231 287 504 331 Fasciculum
525 293 674 343 portes
694 285 919 336 librorum,
941 293 990 327 ut
1010 286 1200 328 rusticus
1223 301 1405 342 agnum3

232 355 296 398 Ut
316 357 465 398 vinosa
484 354 650 411 glomos
671 353 843 396 furtivae
865 353 1052 408 Pyrrhia
1070 352 1204 404 lanae3

147 424 201 465 15
231 423 295 466 Ut
316 439 414 466 cum
433 421 592 479 pileolo
614 421 756 463 soleas
777 421 956 463 conviva
976 421 1161 463 tribulis.

228 490 302 533 Ne
323 491 454 546 vulgo
473 504 622 532 narres
644 496 687 531 te
709 489 934 550 sudavisse
955 488 1137 530 ferendo

231 557 446 608 Carmina,
469 572 568 612 quae
588 558 759 613 possint
781 556 931 599 oculos
953 572 1168 612 auresque
1190 559 1349 599 morari

229 627 437 670 Caesaris:
470 633 618 668 oratus
639 625 772 668 multa
795 640 939 681 prece,
962 627 1101 668 nitere
1122 641 1268 681 porro.

226 694 368 746 Vade,
391 693 501 744 vale,
523 708 628 736 cave
648 709 702 737 ne
724 695 904 745 titubes,
925 694 1217 750 mandataque
1238 694 1428 751 frangas.

639 910 963 961 EPISTOLA
995 910 1124 953 XIV.

587 1052 658 1084 AD
693 1051 970 1083 VILLICUM
1007 1051 1170 1083 SUUM.

224 1169 422 1213 VILLICE
445 1169 649 1212 silvarum
669 1176 714 1212 et
734 1169 839 1211 mihi
859 1184 926 1211 me
947 1170 1172 1212 reddentis
1193 1170 1335 1226 agelli,

225 1237 370 1286 Quem
393 1244 441 1279 tu
462 1237 648 1288 fastidis,
670 1237 914 1279 habitatum
935 1238 1128 1293 quinque
1148 1237 1270 1289 focis,
1293 1247 1338 1281 et

223 1305 432 1359 Quinque
453 1306 591 1347 bonos
615 1305 788 1347 solitum
810 1304 990 1347 Variam
1011 1306 1228 1348 dimittere
1250 1314 1395 1362 patres
1413 1324 1423 1359 ;

221 1371 466 1424 Certemus,
490 1373 636 1428 spinas
659 1373 856 1414 animone
877 1387 960 1428 ego
982 1372 1154 1425 fortius,
1176 1390 1232 1416 an
1252 1382 1301 1416 tu

101 1495 167 1528 sive
183 1496 280 1527 Asina
301 1501 441 1539 captato,
460 1496 627 1528 Horatium
650 1495 851 1535 abstinuisse,

105 1539 226 1582 plures,
253 1545 342 1580 puto,
369 1549 494 1570 mecum
518 1539 629 1570 velint.
678 1540 720 1570 Et
733 1540 851 1582 fabula

91 1583 170 1624 fias,
187 1589 220 1613 et
238 1591 293 1624 per
307 1591 359 1613 ore
379 1581 541 1614 hominum
564 1582 759 1614 traducaris:
784 1582 851 1614 vid.

102 1634 174 1668 sup.
189 1623 230 1655 ad
248 1624 353 1666 Epod.
369 1625 402 1661 9,
419 1626 452 1655 8.

151 1668 202 1699 10.
227 1667 350 1704 Lamus,
369 1667 456 1699 locos
477 1667 644 1709 palustres,
667 1666 852 1710 paludosos,

44 1745 49 1750 ,
103 1709 236 1742 lutosos.

149 1754 202 1784 ll.
230 1752 332 1784 Victor
358 1755 515 1793 propositi,
545 1753 738 1795 propositam
767 1751 851 1784 viam

102 1806 262 1829 emensus.
306 1795 403 1834 Illuc,
419 1795 452 1827 in
469 1795 553 1827 aedes
566 1795 715 1838 Augusti.

148 1840 198 1871 12.
223 1839 274 1870 Sic
295 1841 424 1879 positum
447 1840 576 1870 servabis
599 1851 684 1875 onus,
703 1838 852 1869 librorum

102 1881 294 1914 fasciculum
309 1881 452 1913 tenebis:
477 1884 532 1918 sic,
549 1881 634 1914 hunc
654 1882 687 1913 in
711 1880 850 1918 modum,

101 1924 134 1957 h.
155 1935 186 1957 e.
206 1930 279 1967 apte
301 1930 335 1956 et
355 1925 503 1956 decenter
526 1925 686 1968 positum;
711 1925 766 1956 sed
790 1924 851 1954 for-

101 1972 188 2000 tasse
213 1978 342 2010 quoque
370 1967 534 2007 Horatius,
560 1967 637 1999 dum
665 1968 769 1999 aiebat
792 1969 848 2003 sic,

100 2010 170 2053 ipse
191 2010 286 2042 simul
311 2011 507 2042 monstrabat
521 2017 553 2042 et
571 2010 704 2052 praeibat
719 2013 850 2053 σχῆμα,

102 2063 168 2096 quo
183 2053 337 2086 tradenda
351 2059 458 2085 essent
473 2053 623 2085 carmina.

150 2098 202 2128 14.
230 2097 338 2128 Viam
361 2095 515 2139 (bibax);
549 2097 710 2138 Pyrrhia:
739 2095 849 2127 Schol.

103 2138 217 2182 Cruq„
232 2150 339 2171 nomn
353 2146 395 2171 est
410 2141 532 2171 ancillae
547 2142 580 2170 in
595 2142 723 2180 quadam
732 2140 851 2182 fabula

103 2181 249 2219 Titinm‘i',
269 2194 344 2223 φατ’,
358 2182 479 2225 furata
504 2184 580 2214 lance
606 2184 728 2225 glomos,
754 2186 798 2214 ita
822 2194 852 2214 se

97 2227 243 2267 gestavit,
263 2232 299 2257 ut
321 2227 504 2266 deprehensa
523 2227 575 2256 sit.
621 2226 759 2257 Glomos:
779 2227 847 2267 glo-

100 2270 260 2306 muueris,
271 2273 303 2301 et
315 2269 445 2310 glomus,
458 2270 480 2304 i,
495 2267 516 2299 i.
531 2279 560 2300 e.
575 2267 651 2300 lana
667 2268 700 2299 in
717 2269 848 2300 formam

99 2310 188 2352 globi
201 2311 387 2344 convoluta.

146 2355 199 2387 15.
225 2354 268 2386 Ut
281 2365 352 2386 cum
371 2354 492 2394 pileolo,
510 2359 586 2385 cett.
603 2352 699 2385 sicuti
722 2353 848 2386 tribulis

99 2406 140 2428 ex
162 2397 255 2440 plebe
275 2397 326 2428 vel
349 2407 420 2428 rure
447 2406 466 2427 a
489 2397 646 2439 superiore
667 2397 714 2428 vel
736 2395 848 2428 ditiore

98 2438 242 2482 ejusdem
265 2439 366 2471 tribus
388 2439 429 2471 ad
452 2450 578 2471 coenam
597 2445 727 2471 vocatus
747 2440 849 2471 soleas

99 2483 174 2514 c‘um
188 2482 305 2526 pileolo
319 2482 382 2515 sub
394 2482 444 2515 ala
461 2488 584 2530 portare
600 2483 698 2514 solet:
725 2483 764 2514 de
775 2484 847 2514 sole-

99 2535 189 2557 arum
205 2536 265 2558 usu
285 2525 319 2557 in
334 2525 488 2557 conviviis
503 2525 570 2557 vid.
586 2536 661 2568 sup.
678 2525 717 2557 ad
735 2526 800 2557 Sat.
816 2525 850 2556 ii.

100 2569 134 2606 8,
149 2568 206 2600 77.
252 2568 408 2601 Rusticus
431 2573 536 2599 autem
557 2578 669 2603 mores,
687 2574 722 2600 ut
736 2579 774 2600 ex
790 2568 850 2599 hoc

99 2609 172 2643 loco
201 2611 368 2650 discimus,
397 2610 583 2645 ostendebat
617 2613 751 2650 tribulis,
781 2612 848 2653 qui,

100 2663 175 2686 cum
203 2659 368 2687 eoeuatum
397 2653 467 2691 iret,
493 2654 594 2685 soleas
623 2664 695 2685 cum
733 2653 850 2696 pileolo

100 2697 160 2729 sub
187 2697 240 2729 ala
264 2698 420 2739 gestabat.
468 2697 595 2733 Pileolo,
619 2707 684 2738 quo
711 2702 850 2728 extrema

101 2743 223 2778 tontum
235 2740 350 2784 eapitis
362 2750 434 2783 pars
446 2740 664 2781 obtegebatur.
690 2739 850 2772 Videntur

99 2787 208 2816 antem
233 2785 342 2824 pileoli
375 2784 417 2815 ad
445 2789 612 2815 externum
643 2783 851 2814 convivarum

99 2825 222 2858 cultum
278 2826 440 2859 rtinuisse.

146 2869 199 2908 16,
222 2870 236 2900 1
264 2892 273 2901 .
296 2870 456 2902 Sudavisse
476 2869 622 2912 serendo,
650 2868 742 2911 quasi
771 2868 852 2900 nihil

100 2910 223 2944 nidoris
233 2912 408 2955 exprimere
425 2911 522 2955 possit
534 2922 616 2943 onus
632 2917 695 2943 tam
712 2916 851 2954 gratum,

99 2953 243 2987 camina
256 2954 391 2994 seilicet,
402 2966 476 2997 quae
491 2955 614 2998 possint
625 2955 763 2987 Caesaris
775 2965 852 2986 ocu-

100 2995 148 3030 los
161 3002 194 3030 et
208 3007 298 3031 aures
312 3000 426 3031 morari
444 2997 607 3031 advertere
623 3003 655 3032 et
669 2998 850 3032 oblectare:

894 1495 954 1528 inf.
972 1496 1004 1528 in
1022 1496 1127 1540 Epist.
1148 1497 1188 1528 ad
1203 1497 1270 1529 Pis.
1288 1499 1366 1537 321,
1381 1499 1502 1530 Fabula
1526 1502 1646 1534 nullius

894 1542 1024 1575 veneris,
1047 1543 1111 1571 sine
1132 1542 1264 1580 pondere
1287 1548 1315 1572 et
1339 1548 1418 1578 arte,
1445 1543 1574 1575 Valdius
1595 1548 1644 1575 οΙι-

897 1583 986 1614 lectat
1002 1585 1146 1623 populum
1161 1585 1325 1625 meliusque
1341 1591 1492 1616 moratur.

945 1627 996 1657 19.
1021 1625 1242 1667 Mandaraque,
1260 1637 1306 1658 sc.
1325 1628 1478 1665 carmina,
1491 1629 1645 1671 frangas,

897 1678 1092 1710 corrumpaS‚
1120 1668 1284 1711 disperdas
1297 1681 1307 1708 ;
1339 1671 1575 1703 accommodate
1603 1673 1644 1704 ad

899 1712 1018 1747 titubes,
1034 1711 1112 1752 quia
1132 1722 1196 1743 non
1213 1721 1293 1749 raro,
1309 1712 1365 1754 qui
1380 1713 1532 1752 titubant,
1549 1714 1645 1757 pedes

896 1754 1039 1796 frangere
1055 1753 1172 1786 solent.

1100 1858 1327 1890 EPISTOLA
1352 1860 1448 1891 XIV.

939 1922 1026 1952 Dum
1050 1921 1130 1953 ridet
1152 1923 1317 1965 carpitque
1333 1923 1487 1955 Horatius
1506 1926 1645 1957 mutabi-

896 1964 956 1996 lem
981 1965 1121 1996 animum
1146 1965 1244 1997 villici
1265 1965 1326 2002 sui,
1350 1966 1404 1997 cui
1426 1966 1490 1998 vita
1515 1968 1643 2005 rustica,

894 2018 991 2048 quam
1014 2007 1107 2039 modo
1124 2009 1197 2040 vitae
1217 2009 1346 2040 urbanae
1370 2009 1562 2051 praetulerat,
1579 2022 1644 2042 sor-

894 2051 968 2082 dere
990 2051 1100 2093 coepit,
1123 2061 1233 2083 versus
1255 2052 1408 2093 quosdam
1428 2053 1477 2094 (v.
1495 2054 1643 2095 37—39)

894 2093 933 2124 de
951 2093 1021 2124 vitae
1042 2093 1167 2125 rusticae
1189 2094 1392 2136 jucunditate
1414 2101 1447 2127 et
1469 2097 1646 2130 commodis

895 2136 1004 2167 inserit
1020 2136 1232 2168 dulcissimos.

942 2180 1036 2210 1—3.
1065 2180 1184 2216 Viam,
1209 2191 1312 2211 rerum
1341 2179 1373 2211 in
1402 2181 1479 2212 villa
1507 2181 1644 2215 admini-

894 2222 1092 2253 strandarum
1103 2229 1246 2262 curator3
1266 2233 1334 2261 nos,
1344 2224 1455 2260 Meter,
1470 2225 1647 2257 Verwalter.

895 2266 977 2296 Mihi
991 2277 1036 2296 me
1051 2268 1216 2303 reddentis,
1233 2267 1288 2298 ubi
1305 2266 1384 2298 liber
1403 2273 1435 2299 et
1457 2267 1580 2300 solutus
1596 2269 1646 2300 in-

892 2308 968 2340 visis
992 2309 1126 2349 negotiis
1154 2309 1203 2340 ad*
1223 2320 1273 2341 me
1300 2309 1399 2342 redire
1421 2315 1454 2342 et
1482 2311 1560 2343 mihi
1583 2313 1644 2344 soli

891 2351 994 2383 vivere
1011 2352 1109 2384 soleo.
1156 2353 1298 2394 Quinque
1310 2352 1414 2395 focis.-
1439 2364 1494 2396 per
1515 2357 1646 2396 quinque

883 2395 972 2437 focos
1003 2395 1148 2436 intelligo
1176 2396 1320 2438 quinque
1352 2395 1461 2428 domos
1487 2398 1536 2429 vel
1569 2397 1645 2429 aedi-

893 2438 995 2472 culas.
1014 2437 1047 2468 in
1061 2437 1179 2480 quibus
1194 2439 1414 2471 habitaverant
1430 2439 1534 2472 adhuc
1549 2441 1646 2482 quin-

894 2491 957 2523 que
984 2480 1129 2518 samiliae‚
1157 2492 1293 2523 quarum
1323 2483 1393 2514 boni
1422 2490 1524 2523 patres
1556 2489 1645 2525 (nos,

894 2525 1026 2555 wackere
1050 2524 1246 2565 Hausviiter)
1271 2525 1467 2567 negotiorum
1491 2536 1589 2558 causa
1613 2538 1647 2559 se

894 2566 969 2599 inde
985 2566 1126 2599 conferre
1149 2567 1234 2599 soliti
1255 2568 1382 2599 fuerant
1402 2569 1538 2607 Variam,
1555 2570 1646 2612 oppi-

893 2610 1006 2648 dulum
1027 2609 1067 2641 ad
1086 2610 1221 2642 Anienis
1244 2610 1344 2653 ripam
1368 2611 1526 2644 dextram.
1570 2614 1646 2645 Non

893 2653 961 2684 sine
987 2663 1084 2684 causa
1112 2659 1217 2684 autem
1247 2653 1399 2686 Horatius
1425 2654 1493 2696 jam
1522 2655 1562 2685 ab
1585 2656 1645 2687 hac

894 2702 983 2739 parte
1007 2697 1208 2728 commendat
1223 2697 1334 2728 villain
1355 2707 1467 2738 suam;
1493 2709 1566 2729 nam
1581 2709 1646 2740 quo

894 2738 1027 2782 amplior
1046 2738 1102 2769 illa
1119 2739 1179 2770 fuit
1197 2745 1228 2772 et
1246 2739 1453 2782 frequentior,
1469 2752 1506 2772 eo
1526 2741 1646 2784 jucun-

894 2782 967 2814 dius
983 2781 1027 2813 ibi
1042 2781 1146 2814 vivere
1163 2788 1285 2825 poterat
1301 2783 1442 2815 villicus.

939 2826 971 2856 4.
997 2826 1119 2865 Spinas.
1164 2826 1273 2866 Spinas
1295 2827 1421 2858 evellere
1444 2839 1530 2869 agro,
1552 2837 1647 2859 sensu

897 2867 1034 2912 proprio.
1049 2869 1175 2899 evellere
1191 2872 1304 2907 animo,
1319 2879 1415 2901 sensu
1432 2869 1648 2912 metaphorico

896 2912 936 2943 de
958 2910 1054 2947 curis,
1073 2922 1147 2953 quae
1172 2912 1315 2943 animum
1339 2918 1487 2955 pungunt
1509 2918 1541 2944 et
1562 2912 1648 2943 lace-

897 2959 980 2991 rant,
1004 2955 1053 2986 vel
1076 2955 1115 2986 de
1138 2954 1232 2993 vitiis,
1251 2966 1324 2997 quae
1345 2955 1486 2986 animum
1510 2964 1650 2986 corrum-

897 3003 997 3042 punt:
1023 2997 1082 3030 inf.
1107 2998 1212 3042 Epist.
1235 2998 1270 3038 ii,
1288 3000 1321 3035 2,
1342 2999 1422 3035 212,
1439 2999 1524 3033 Quid
1547 3003 1576 3028 te
1598 3008 1647 3028 ex-
