1884 3288
355 222 433 264 148

905 221 1298 266 CARMINUM

635 322 781 372 Plena,
802 324 978 375 miraris,
1001 325 1253 379 positusque
1274 327 1404 367 carbo

1086 392 1259 446 Cespite
1281 394 1388 442 vivo,

579 457 606 496 5
636 456 778 498 Docte
799 472 1012 499 sermones
1034 459 1256 512 utriusque
1277 459 1449 513 linguae.

638 523 851 564 Voveram
871 523 1018 565 dulces
1040 523 1187 578 epulas
1209 531 1253 564 et
1273 525 1416 565 album

636 590 795 633 Libero
816 606 1005 646 caprum,
1027 606 1162 646 prope
1184 591 1405 632 funeratus

1083 656 1266 698 Arboris
1288 658 1389 698 ictu.

633 723 720 764 Hic
741 725 831 765 dies
852 739 961 765 anno
982 724 1190 765 redeunte
1212 724 1346 765 festus

552 791 604 830 10
634 790 845 831 Corticem
867 791 1115 831 adstrictum
1137 791 1230 844 pice
1252 791 1495 832 demovebit

633 856 883 912 Amphorae,
906 857 1067 897 fumum
1088 857 1236 898 bibere
1257 858 1463 898 institutae

1081 922 1267 963 Consule
1290 923 1434 964 Tullo.

632 988 774 1039 Sume,
798 988 1030 1038 Maecenas,
1051 989 1233 1042 cyathos
1255 989 1377 1029 amici

347 1127 431 1148 cram
465 1118 598 1149 hostiam
629 1119 757 1150 Baccho
790 1123 936 1153 mactare,
970 1128 1080 1148 suaves

347 1160 457 1201 epulas
483 1170 642 1202 apparare,
665 1167 696 1192 et
721 1161 874 1191 interioris
899 1165 980 1190 notae
1007 1160 1080 1191 vino

346 1201 505 1243 depromto
528 1203 653 1234 liberius
669 1203 785 1233 laetitiae
806 1202 969 1241 indulgere
985 1202 1081 1232 soleo.

346 1243 459 1285 Itaque
482 1246 564 1280 veni,
583 1251 614 1275 et
637 1245 669 1275 in
692 1245 762 1276 laeta
786 1244 1023 1286 compotatione,
1042 1244 1080 1274 ad

345 1285 447 1316 lucem
466 1297 564 1328 usque
584 1287 745 1328 producta.
763 1287 878 1317 multos
899 1286 1026 1327 cyathos
1046 1286 1078 1316 in

345 1327 477 1358 salutem
509 1329 618 1359 servati
654 1329 744 1359 amici
778 1329 859 1359 bibe.
914 1327 1079 1359 Graviores

344 1375 447 1400 autem
464 1371 502 1401 de
519 1372 610 1402 rebus
624 1370 772 1401 civilibus
787 1380 877 1401 curas
888 1380 1014 1411 sepone,
1031 1370 1077 1399 id-

345 1422 406 1451 que
421 1423 457 1443 eo
473 1414 584 1454 magis,
601 1423 672 1443 cum
689 1412 813 1443 domitis
829 1412 963 1443 externis
980 1411 1077 1441 hosti-

343 1453 404 1483 bus
420 1454 495 1484 nihil
514 1455 650 1496 amplius
662 1456 701 1485 ab
716 1455 754 1484 iis
769 1454 948 1495 reipublicae
965 1453 1076 1483 timen-

344 1495 419 1526 dum
455 1497 516 1535 sit;
553 1497 614 1527 imo
648 1497 779 1538 abjectis
814 1496 897 1527 curis
933 1495 1077 1526 omnibus

344 1537 464 1574 laetum,
488 1549 579 1580 quem
601 1549 666 1569 sors
689 1538 746 1569 tibi
761 1538 861 1573 offert,
877 1538 958 1569 diem
974 1547 1077 1578 carpe.

342 1580 498 1620 Equidem
520 1581 578 1612 hoc
601 1591 726 1611 carmen
749 1591 786 1611 eo
804 1585 924 1610 tantum
947 1579 1078 1609 consilio

342 1621 383 1651 ab
398 1622 528 1653 Horatio
542 1622 690 1664 scriptum
707 1627 737 1653 et
753 1622 882 1652 missum
899 1621 939 1651 ad
954 1622 1073 1651 Maece-

341 1668 444 1694 natem
475 1674 543 1695 esse
573 1670 660 1706 puto,
690 1669 726 1694 ut
755 1674 825 1694 eum
859 1674 922 1693 non
952 1662 1074 1703 vulgari

340 1706 443 1743 modo,
457 1706 509 1737 sed
525 1705 778 1737 honorificentius
793 1711 825 1736 et
839 1703 1019 1746 insignitius
1034 1704 1074 1735 ad

339 1756 372 1777 se
395 1754 531 1784 vocaret,
547 1749 598 1779 vel
618 1754 652 1778 ut
674 1747 805 1782 luderet,
822 1747 865 1778 uti
887 1752 997 1789 poetae,
1018 1747 1072 1777 ob—

339 1787 404 1820 lata
437 1789 592 1831 ejusmodi
622 1789 666 1821 rei
698 1789 939 1832 opportunitate,
968 1789 1075 1820 ludere

338 1831 452 1862 solent.
499 1833 560 1864 Sed
582 1833 673 1873 longe
695 1832 784 1862 aliter
805 1831 844 1862 de
873 1842 909 1862 eo
931 1836 1074 1862 statuunt

338 1871 532 1915 interpretes.
576 1875 638 1905 Eos
661 1874 798 1914 quidem.
824 1873 877 1915 qui
909 1873 1072 1904 Horatium

337 1914 396 1946 hoc
418 1926 543 1947 carmen
566 1916 750 1952 Maecenati,
770 1915 856 1946 illius
874 1915 1000 1946 domum
1024 1915 1071 1946 in-

336 1958 432 1988 tranti
446 1963 477 1988 et
498 1958 633 1989 convivii
647 1963 828 1999 apparatum
848 1957 998 1999 stupenti,
1013 1957 1067 1987 de·

336 2005 481 2030 cantasse
517 2006 690 2035 autumant,
725 2000 791 2041 jam
834 1999 979 2030 refutavit
1015 1999 1067 2030 Cl.

335 2041 606 2072 Mitscherlichius
622 2053 629 2079 ;
651 2042 743 2082 cujus
760 2048 875 2076 tamen,
891 2050 986 2082 quam
1005 2041 1069 2082 ipse

336 2081 375 2113 de
405 2083 464 2114 hoc
491 2084 630 2115 carmine
655 2083 752 2120 affert,
775 2094 836 2114 non
865 2083 964 2123 magis
994 2083 1070 2114 mihi

336 2125 484 2166 probatur
517 2126 682 2156 sententia.
726 2127 823 2156 Putat
857 2135 967 2166 nempe
1002 2124 1067 2162 ille,

335 2167 500 2198 Horatium
518 2168 557 2199 ad
576 2168 635 2198 hoc
651 2178 776 2199 carmen
797 2166 993 2198 scribendum
1010 2166 1067 2197 im-

334 2209 458 2250 pulsum
490 2220 558 2241 csse
585 2220 633 2246 eo,
659 2209 742 2250 quod
770 2219 788 2240 a
815 2210 1003 2244 Maecenate,
1030 2219 1068 2240 ne

333 2250 527 2282 celebrandis
550 2252 701 2283 Calendis
723 2251 848 2282 Martiis
871 2261 902 2281 se
925 2251 1068 2281 deriden-

333 2292 406 2323 dum
426 2295 615 2335 propinaret,
636 2293 783 2330 monitus,
800 2299 831 2324 et
845 2293 883 2324 de
898 2293 1014 2328 causis,
1029 2303 1068 2324 ex

333 2335 448 2376 quibus
464 2335 526 2366 illae
546 2336 694 2367 celebrari
714 2336 843 2371 soleant,
858 2345 972 2375 magno
993 2335 1067 2366 doc-

332 2376 422 2408 trinae
443 2384 592 2420 apparatu
610 2380 719 2420 (quem
741 2388 849 2408 versus
868 2377 996 2418 quintus
1018 2377 1065 2407 in-

333 2419 427 2460 nuat)
451 2421 579 2451 edoctus
602 2421 711 2458 fuerit3
735 2419 900 2451 Horatium
922 2419 1015 2460 igitur
1036 2420 1065 2450 ei

331 2460 389 2492 hoc
406 2462 544 2493 carmine
564 2462 757 2504 respondere,
771 2468 803 2492 et
816 2471 932 2496 veram,
949 2471 986 2492 ex
1003 2471 1066 2502 qua

332 2503 480 2535 Calendae
501 2504 626 2536 Martiae
646 2504 704 2535 sibi
725 2514 821 2535 sacrae
842 2504 916 2539 sint,
935 2513 1063 2534 causam

329 2555 493 2587 exponere.
537 2547 681 2578 Ceterum
714 2547 772 2577 hoc
799 2556 921 2577 carmen
954 2547 996 2577 U.
1025 2546 1063 2577 C.

330 2597 507 2619 »ccxxxiv
531 2589 681 2630 scriptum
708 2598 776 2620 esse
801 2598 840 2619 ex
867 2599 896 2619 v.
925 2589 963 2618 17
993 2598 1063 2629 sqq.

326 2629 431 2671 colligi
448 2635 560 2672 potest.

372 2673 464 2703 1—8.
488 2673 612 2703 Martiis
641 2673 792 2703 Calendis.
845 2673 968 2702 Ilsurtiae
1001 2672 1061 2702 Ca-

327 2714 419 2745 lendae
444 2724 541 2745 sacrae
564 2720 654 2746 erant
677 2713 894 2755 conjugiorum
924 2712 1062 2755 praesidi,

324 2755 344 2786 J
349 2756 456 2792 unoni,
470 2767 562 2798 quam
580 2757 629 2798 pie
650 2756 708 2787 hoc
725 2757 776 2787 die
797 2761 946 2787 matronae
965 2765 1056 2786 vene-

322 2797 397 2836 rari,
413 2804 443 2830 et
460 2809 514 2840 pro
530 2798 669 2840 conjugii
691 2798 841 2829 felicitate
857 2808 946 2828 sacra
966 2797 994 2828 ei
1010 2798 1058 2828 in-

323 2839 450 2872 stituere
471 2841 625 2875 solebant.
648 2841 730 2871 unde
750 2840 799 2870 hic
819 2839 885 2870 dies
904 2841 962 2871 sub
986 2840 1056 2870 Μα-

322 2883 486 2914 tronalium
518 2882 644 2914 nomine
678 2882 904 2913 celebrabatur.

1125 1119 1207 1152 Quid
1222 1130 1311 1160 agam
1332 1120 1440 1156 celebs,
1455 1118 1531 1159 quid
1548 1117 1624 1149 mihi
1643 1118 1782 1160 conjugii
1801 1130 1854 1150 ex-

1123 1160 1200 1201 perti
1214 1160 1245 1190 in
1259 1167 1391 1192 mentem
1407 1161 1538 1196 venerit,
1551 1161 1633 1191 diem
1649 1161 1759 1192 festum
1772 1161 1854 1192 cele-

1124 1202 1211 1232 brare
1232 1203 1323 1238 velle,
1346 1213 1438 1244 quem
1462 1213 1525 1234 non
1546 1201 1604 1233 nisi
1620 1202 1758 1244 conjugii
1778 1212 1854 1234 con-

1123 1251 1218 1275 sortes
1231 1244 1386 1276 celebrare
1401 1245 1511 1276 solent.
1557 1245 1640 1279 Quid
1651 1245 1854 1286 velintflores,

1122 1292 1195 1317 cett.
1209 1298 1216 1316 :
1242 1297 1289 1316 res
1304 1287 1457 1328 singulas,
1473 1286 1587 1328 quibus
1602 1296 1688 1318 sacra
1703 1287 1855 1319 solemnia

1122 1329 1359 1369 apparabantur,
1376 1327 1586 1359 enumerando
1605 1329 1761 1369 vulgarem
1782 1339 1853 1360 sen-

1122 1371 1262 1407 tentiam,
1282 1375 1302 1388 “
1315 1381 1371 1401 cur
1390 1381 1448 1411 ego
1466 1376 1530 1400 tam
1546 1380 1671 1411 operose
1689 1380 1778 1401 sacra
1797 1381 1851 1413 pa-

1122 1412 1221 1446 rem.''
1244 1413 1367 1453 egregie
1391 1418 1536 1445 exornat:
1553 1413 1660 1453 flores,
1687 1412 1796 1443 florum
1820 1413 1853 1444 in

1121 1454 1216 1485 sacris
1241 1465 1316 1485 usus
1342 1454 1544 1491 notissimus3
1575 1455 1608 1485 in
1632 1454 1854 1486 Matronutilms

1120 1506 1243 1536 quoque
1258 1502 1406 1527 matronae
1422 1497 1513 1527 flores
1528 1496 1548 1527 J
1552 1496 1649 1526 unoni
1663 1497 1751 1532 ferre,
1766 1497 1794 1537 ej
1801 1507 1851 1527 us-

1121 1547 1182 1578 que
1226 1545 1320 1579 caput
1356 1538 1484 1569 floribus
1518 1537 1643 1578 cingere
1677 1537 1850 1570 debebant:

1122 1580 1216 1610 Ovid.
1234 1580 1318 1610 Fast.
1338 1581 1364 1610 l.
1381 1580 1403 1611 l.
1423 1581 1500 1612 253.
1546 1582 1670 1615 Acerra,
1686 1580 1803 1618 arcula,
1819 1582 1852 1612 in

1117 1631 1181 1661 qua
1204 1621 1276 1652 thus
1298 1621 1488 1653 adolendum
1509 1621 1720 1660 condebatur3
1744 1625 1851 1662 cespite

1116 1665 1193 1698 vivo,
1225 1663 1257 1693 in
1287 1673 1340 1694 ara
1369 1663 1539 1705 graminea,
1566 1663 1668 1705 qualis
1698 1673 1752 1712 pro
1780 1663 1850 1696 foco

1117 1704 1220 1745 ignem
1237 1705 1404 1747 recipiente
1420 1717 1438 1738 a
1452 1705 1579 1748 privatis
1591 1711 1707 1737 exstrui
1721 1705 1854 1739 solebat.

1118 1747 1213 1778 Docte
1221 1759 1360 1779 sermones
1370 1750 1527 1789 utriusque
1538 1749 1649 1789 linguoe
1660 1760 1668 1778 :
1691 1747 1849 1780 literarum

1117 1793 1178 1819 tam
1203 1790 1386 1821 Graecarum
1403 1801 1495 1832 quam
1516 1790 1696 1821 Latinarum
1716 1790 1848 1831 cogniti-

1116 1840 1175 1862 one
1190 1831 1353 1868 instructe,
1371 1843 1424 1873 pro
1434 1832 1564 1873 vulgari,
1574 1832 1620 1863 vir
1631 1831 1848 1871 eruditissime,

1115 1873 1192 1903 nihil
1231 1873 1387 1915 amplius;
1425 1874 1607 1916 simpliciter
1640 1874 1848 1906 Maecenatem

1115 1917 1233 1946 doctum
1255 1916 1394 1957 appellat
1412 1916 1468 1948 inf.
1488 1915 1590 1958 Epist.
1611 1916 1634 1953 i,
1655 1917 1706 1952 19,
1731 1917 1760 1952 1,
1803 1917 1847 1948 la-

1111 1957 1202 1987 ceudi
1223 1968 1334 1999 nempe
1349 1958 1452 1989 studio
1466 1958 1581 2000 saepius
1603 1958 1752 1989 Horatius
1794 1969 1846 1990 oc-

1111 1999 1200 2030 trinae
1214 2000 1339 2030 laudem
1355 2000 1525 2031 Maecenati
1538 1999 1693 2031 vindicat:
1717 2000 1759 2031 cf.
1775 2011 1847 2043 sup.

1112 2040 1146 2076 ii,
1180 2043 1231 2078 12,
1260 2043 1308 2072 10.
1352 2043 1502 2074 Sermones
1527 2042 1679 2084 (λόγους,
1703 2041 1845 2084 μύθους)

1113 2082 1238 2124 scripta,
1256 2083 1370 2114 literas.
1406 2085 1531 2115 Libero:
1554 2083 1648 2115 vitam
1662 2094 1679 2115 e
1695 2091 1846 2126 praesente

1112 2125 1220 2155 mortis
1242 2126 1381 2166 periculo
1403 2132 1567 2162 servatam,
1589 2136 1683 2167 quam
1706 2137 1776 2168 sup.
1798 2126 1845 2162 iii.

1113 2168 1143 2202 4,
1160 2168 1214 2202 27,
1232 2167 1403 2205 Musarum,
1421 2173 1452 2199 et
1471 2167 1504 2205 ii,
1526 2169 1576 2204 17,
1597 2169 1653 2204 28,
1671 2167 1774 2199 Fauni
1795 2173 1845 2200 tu-

1112 2208 1182 2239 telae
1205 2209 1365 2245 tribuerat,
1389 2220 1474 2240 nunc
1497 2209 1605 2240 tribuit
1625 2209 1766 2246 Baccho,
1785 2210 1846 2252 ipsi

1111 2260 1236 2292 quoque
1258 2256 1320 2282 tam
1343 2258 1503 2293 poetarum
1529 2259 1669 2293 patrono,
1695 2252 1736 2283 cf.
1762 2252 1784 2288 i,
1815 2254 1843 2290 1,

1110 2293 1164 2328 29,
1177 2303 1271 2334 quam
1287 2293 1401 2333 agresti
1413 2299 1444 2325 et
1455 2293 1612 2324 hortorum
1623 2304 1844 2336 pomorumque

1111 2333 1187 2365 deo:
1218 2334 1283 2366 vid.
1314 2345 1404 2376 quem
1436 2335 1544 2366 laudat
1572 2335 1624 2367 Cl.
1651 2335 1782 2368 Mitsch.
1809 2337 1843 2368 in

1112 2377 1231 2407 Annal.
1249 2377 1288 2407 ad
1307 2378 1417 2408 Horat.
1438 2378 1544 2409 Carm.
1565 2387 1598 2420 p.
1616 2378 1690 2415 705,
1712 2378 1842 2410 Pindari

1108 2419 1210 2450 locum
1243 2420 1325 2460 apud
1352 2420 1512 2451 Plutarch.
1537 2420 1681 2462 SympoS.
1704 2421 1770 2458 Qu.
1796 2421 1841 2459 ix,

1110 2461 1160 2496 14,
1177 2472 1208 2502 p.
1223 2462 1285 2492 745
1298 2462 1341 2492 A.
1359 2462 1430 2504 (Fr.
1444 2463 1548 2505 Heyn.
1559 2473 1591 2504 p.
1606 2461 1679 2502 96).
1721 2463 1819 2495 Arbor
1832 2476 1840 2494 .-

1107 2503 1148 2533 cs.
1167 2513 1237 2545 sup.
1257 2503 1289 2538 ii,
1309 2505 1359 2534 13.

1149 2546 1267 2576 9—12.
1298 2547 1360 2576 Hic
1389 2547 1450 2576 dies
1480 2557 1559 2577 anno
1583 2547 1739 2582 redeunte,
1765 2553 1840 2579 cett.

1106 2596 1235 2618 sensus:
1260 2587 1317 2619 hoc
1333 2587 1383 2618 die
1397 2588 1474 2619 festo
1491 2587 1661 2636 quotannis
1671 2587 1737 2619 vini
1753 2589 1838 2621 Con-

1106 2630 1173 2660 sule
1188 2629 1281 2660 Tullo
1297 2629 1414 2661 conditi
1426 2635 1578 2670 aperietur
1589 2630 1749 2672 amphora,
1763 2631 1794 2662 h.
1810 2641 1839 2662 e.

1107 2671 1156 2702 hic
1173 2671 1240 2702 dies
1255 2671 1351 2703 festus
1367 2671 1536 2713 quotannis
1550 2671 1631 2704 inter
1645 2672 1758 2704 vetusti
1774 2673 1838 2704 vini

1106 2713 1220 2755 pocula
1234 2714 1371 2745 hilariter
1385 2713 1582 2754 transigetur.
1621 2714 1766 2745 corticem
1780 2716 1836 2746 ad-

1100 2758 1238 2786 strictum
1251 2758 1316 2795 pice
1330 2757 1502 2787 demovebit.
1547 2757 1692 2787 Cortieem
1705 2758 1836 2788 adstric-

1102 2804 1164 2828 tum
1185 2799 1252 2836 pice
1273 2799 1422 2834 demovere
1443 2797 1585 2837 amphorae
1607 2805 1667 2836 est,
1689 2799 1835 2830 corticem

1101 2839 1258 2880 amphorae
1279 2839 1394 2870 orificio
1415 2839 1586 2871 immissum
1611 2845 1642 2871 et
1657 2839 1726 2882 pice
1742 2841 1833 2871 obtu-

950 2883 1053 2912 Locus
1096 2887 1195 2912 ratum
1213 2882 1350 2913 solvere:
1374 2881 1415 2912 cf.
1429 2891 1499 2922 sup.
1511 2881 1533 2918 i,
1548 2882 1601 2919 20,
1617 2883 1649 2913 3.
1686 2882 1832 2914 Laudant

322 2924 475 2956 classicus
490 2925 528 2955 de
551 2925 773 2956 matronalibus
788 2930 835 2955 est
855 2923 934 2966 apud
959 2923 1053 2954 Ovid.
1095 2923 1255 2954 Theocrit.
1283 2923 1340 2962 vii,
1364 2924 1437 2958 147.
1460 2923 1636 2965 Τετράενες
1659 2922 1691 2955 δὲ
1721 2925 1830 2957 πίθων

320 2965 408 2998 Fast.
432 2966 477 3005 iii,
503 2967 564 2998 170
586 2977 676 3008 sqq.:
705 2967 746 2998 cf.
769 2965 887 2997 Tibull.
911 2966 955 3003 iii,
979 2966 1001 3004 l,
1026 2968 1054 2998 1.

1097 2965 1261 2997 ἀπελύετο
1277 2965 1396 3008 κρατὸς
1411 2966 1562 3008 ἄλειφαρ·
1587 2966 1628 2998 cf.
1642 2965 1828 3000 Archilocb.
