1904 3314
320 181 403 222 554

628 182 990 224 EPISTOLA
1038 182 1135 224 AD
1186 181 1506 223 PISONES.

429 281 720 324 Offenduntur
740 283 864 331 enim,
885 282 1041 335 quibus
1062 289 1128 323 est
1148 297 1299 336 equus,
1321 290 1364 323 et
1383 288 1520 336 pater,
1541 288 1585 323 et
1603 296 1687 330 res,

428 348 539 398 Nec,
563 349 597 389 si
618 349 720 402 quid
742 348 855 388 fricti
875 348 1023 388 ciceris
1044 350 1199 401 probat
1216 355 1259 389 et
1280 348 1400 389 nucis
1421 354 1571 397 emtor,

314 414 400 454 250
429 414 587 467 AEquis
610 414 823 468 accipiunt
845 413 1006 462 animis,
1029 413 1240 454 donantve
1262 428 1430 455 corona.

484 479 657 534 Syllaba
675 479 804 533 longa
824 479 945 519 brevi
966 479 1158 532 subjecta
1179 486 1354 520 vocatur
1374 480 1555 528 iambus,

429 546 515 587 Pes
537 545 645 587 citus
663 561 672 587 ε
703 545 819 586 unde
840 544 966 585 etiam
986 544 1186 585 trimetris
1207 545 1456 586 adcrescere
1471 545 1603 599 jussit

426 612 598 652 Nomen
618 611 806 660 iambeis,
831 625 962 664 quum
983 624 1110 651 senos
1130 611 1333 651 redderet
1353 612 1476 652 ictus.

430 678 598 719 Primus
620 679 675 719 ad
696 685 931 719 extremum
953 676 1095 717 similis
1119 677 1222 717 sibi:
1255 692 1340 718 non
1360 678 1419 718 ita
1438 677 1619 732 pridem,

318 746 400 787 255
430 745 618 786 Tardior
638 751 686 786 ut
706 744 834 798 paulo
854 744 1107 798 graviorque
1128 743 1292 784 veniret
1312 743 1368 783 ad
1388 758 1529 792 aures,

432 811 655 866 Spondeos
679 811 852 852 stabiles
874 811 915 850 in
932 811 1031 864 jura
1049 816 1226 863 paterna
1247 810 1410 863 recepit

433 878 692 918 Commodus
714 884 757 918 et
776 878 943 931 patiens
960 893 970 926 ;
1000 891 1085 917 non
1106 883 1154 916 ut
1174 876 1228 916 de
1245 876 1346 916 sede
1366 876 1555 917 secunda

432 944 619 985 Cederet
639 950 712 984 aut
732 949 885 996 quarta
905 941 1128 982 socialiter.

1189 941 1274 982 Hic
1295 949 1339 982 et
1358 942 1402 981 in
1422 941 1532 982 Acci

431 1008 664 1050 Nobilibus
685 1009 885 1049 trimetris
908 1014 1086 1061 apparet
1107 1021 1241 1056 raruS,
1263 1014 1306 1047 et.
1326 1007 1442 1047 Enni

318 1076 403 1117 5260
432 1075 482 1116 In
505 1090 673 1116 scenam
693 1075 844 1115 missos
865 1088 1018 1128 magno
1039 1087 1134 1113 cum
1155 1073 1346 1126 pondere
1367 1086 1531 1120 versus,

431 1140 524 1182 Aut
546 1156 688 1195 operae
709 1140 857 1182 celeris
878 1140 1051 1180 nimium
1072 1153 1259 1192 curaque
1281 1139 1478 1187 carentis,

432 1207 524 1248 Aut
543 1207 750 1262 ignoratae
770 1206 924 1262 premit
944 1206 1047 1246 artis
1069 1205 1240 1246 crimine
1262 1205 1389 1259 turpi.

317 1327 467 1369 loquendi
489 1327 649 1362 formulas,
671 1327 734 1362 vel,
758 1332 794 1357 ut
815 1326 981 1358 Petronius
1003 1325 1049 1356 lo-

317 1370 433 1411 quitur,
457 1369 590 1400 mellitos
616 1370 780 1400 verborum
810 1369 952 1409 globulos
977 1378 1049 1408 cap-

318 1418 433 1443 tantes.
478 1410 639 1452 Quicquid
655 1411 704 1446 sit,
721 1422 794 1450 pene
799 1413 936 1453 forenses
948 1416 1051 1451 aperte

319 1459 517 1496 opponuntur
545 1453 582 1484 iis
615 1452 669 1494 qui
699 1454 797 1484 triviis
832 1455 931 1483 innoti
965 1457 1050 1488 sunt,

317 1496 351 1527 h.
372 1506 401 1526 e.
425 1495 617 1538 plebeculae3
640 1506 712 1534 pene
725 1495 863 1536 forenses
886 1504 974 1524 versu
999 1504 1047 1524 se-

319 1543 435 1579 quente
450 1539 558 1568 teneris
575 1539 704 1567 versibus
713 1538 863 1576 ⁸juvenari
880 1535 1046 1577 (νεανιεύ-

320 1580 444 1619 εσθαι),
461 1579 493 1610 h.
508 1589 535 1610 e.
554 1579 677 1610 moliter
692 1578 937 1618 autjuveniliter
956 1578 1048 1607 luxu-

319 1621 402 1657 riari,
435 1623 532 1651 triviis
566 1630 637 1651 vero
664 1622 764 1650 innati
794 1629 883 1650 versu
913 1618 1051 1660 proxime

319 1667 468 1704 sequente
502 1665 656 1693 immunda
690 1669 718 1692 et
743 1663 938 1703 ignominiosa
968 1663 1050 1691 dicta

318 1716 440 1745 crepare
465 1705 623 1735 dicuntur.
677 1705 789 1745 Itaque
820 1713 887 1744 pro,
915 1714 950 1733 αι·
977 1714 1051 1742 pene

310 1748 460 1788 forenses,
487 1746 628 1787 quamvis
657 1756 726 1777 eam
752 1745 918 1776 lectionem
943 1755 1051 1775 omnes

321 1788 422 1820 Codd.
437 1795 468 1820 et
482 1788 571 1819 editt.
590 1793 665 1820 vett.
684 1794 716 1819 et
730 1792 858 1818 recentt.
874 1792 1052 1818 constanter

319 1836 454 1866 servant,
491 1841 529 1861 ex
563 1830 743 1872 conjectura
780 1829 852 1860 dedi
888 1835 943 1859 aut
976 1839 1050 1868 pene

310 1873 459 1914 foremes,
476 1878 635 1914 permotus
657 1871 767 1914 partim
788 1872 871 1902 nube
891 1870 1049 1912 exemplo-

322 1925 390 1945 rum
407 1925 426 1945 a
446 1915 686 1945 Drakenborch.
702 1914 741 1944 ad
759 1913 828 1944 Liv.
846 1913 909 1950 xxi,
925 1913 978 1948 53,
996 1914 1011 1953 §
1031 1914 1050 1942 3

321 1957 534 1991 collectorum,
552 1956 607 1986 ubi
628 1963 683 1986 aut
702 1966 720 1986 a
739 1955 873 1986 librariis
891 1955 924 1985 in
942 1965 978 1985 ac
997 1955 1050 1985 de-

321 2003 482 2040 pravatum
509 2003 566 2033 est,
589 1999 700 2039 partim
728 1998 871 2039 exemplo
902 1996 1049 2032 Bentleii,

322 2041 378 2081 qui
392 2051 461 2082 sup.
478 2040 544 2070 Sat.
560 2039 580 2074 i,
596 2041 628 2074 6,
643 2041 696 2074 68,
711 2050 777 2081 pro,
793 2051 828 2070 uc
847 2040 926 2069 mala
944 2040 1051 2075 lustra,

321 2087 431 2113 contra
449 2082 588 2111 omnium
608 2081 709 2112 Codd.
724 2087 755 2112 et
775 2081 863 2112 editt.
883 2080 1050 2111 auctorita-

322 2130 385 2155 tem
400 2123 592 2160 exhibuit,re
603 2123 835 2163 flagitante,aut
846 2124 925 2152 mula
942 2123 1051 2152 lustra.

364 2167 438 2197 248.
463 2166 578 2199 Quibus
595 2172 637 2196 est
656 2175 757 2205 equus,
773 2171 801 2195 et
818 2171 915 2203 pater,
935 2171 964 2194 et
982 2175 1049 2200 res,-

322 2211 443 2249 equites,
472 2214 616 2238 senatores
641 2213 669 2237 et
695 2208 811 2243 divites,
834 2211 868 2236 ut
893 2205 1050 2241 cultiores,

321 2255 521 2292 opponuntur
542 2249 737 2290 plebeculae:
770 2249 808 2278 de
836 2249 981 2287 equitibus
1011 2248 1052 2278 ef.

322 2303 392 2334 sup.
408 2293 475 2322 Sat.
495 2291 517 2327 i,
534 2292 584 2323 10.
603 2292 656 2328 76,
672 2290 772 2332 Epist.
787 2290 821 2327 ii,
837 2290 859 2327 l,
877 2290 949 2324 185,
966 2294 998 2320 et
1019 2289 1052 2320 in

322 2335 381 2365 hac
398 2333 498 2374 Epist.
513 2344 543 2363 v.
562 2334 632 2364 113.

365 2377 441 2406 249.
468 2375 566 2405 Fricti
589 2376 692 2406 ciceris
718 2380 745 2404 et
768 2375 853 2403 nucis
877 2379 979 2408 emtor,
1008 2378 1055 2403 est

321 2417 421 2460 plebs.
436 2427 507 2457 quae
524 2427 577 2458 pro
594 2427 625 2447 re
648 2415 733 2447 tenui
752 2415 851 2446 cicere
872 2420 903 2445 et
921 2415 1055 2445 nucibus

325 2459 408 2490 vesci
422 2459 552 2489 solebat.
589 2458 748 2498 Cogitavit
764 2458 889 2488 fortasse
907 2456 1054 2487 Horatius

322 2501 416 2532 simul
429 2501 467 2530 de
483 2501 633 2530 malorum
654 2505 813 2542 poetarum
831 2498 944 2545 ineptis
960 2498 1050 2529 char-

322 2544 372 2579 tis,
388 2553 470 2584 quae,
485 2541 560 2583 quia
572 2541 724 2583 ejusmodi
739 2551 856 2572 merces
873 2541 909 2570 iis
925 2540 1052 2571 amicie-

322 2587 447 2620 bantur,
463 2583 496 2614 in
515 2594 626 2614 manus
643 2583 743 2624 plebis
761 2583 960 2614 incidebant:
986 2582 1052 2614 vid.

323 2638 393 2669 sup.
408 2626 509 2668 Epist.
526 2625 560 2663 ii,
573 2627 602 2663 1,
617 2627 691 2661 269,
708 2626 782 2655 270.

364 2670 439 2700 250.
465 2669 644 2702 Donantve,
661 2678 704 2698 sc.
721 2667 838 2698 malum
857 2672 978 2708 poetam
1000 2677 1052 2698 co-

323 2721 399 2742 rona
412 2710 530 2741 laurea.

365 2753 548 2784 251—274.
564 2752 759 2792 Praeceptum
774 2750 939 2780 Decimum
951 2750 1052 2786 Quin-

322 2801 388 2826 tum
401 2806 408 2824 ε
437 2794 512 2824 Cnm
526 2794 655 2823 multum
665 2794 795 2827 intersit,
808 2799 912 2822 ‘utrum
920 2799 1055 2831 poemata

323 2837 476 2867 modulata
496 2847 538 2866 an
555 2836 750 2865 immodulata
772 2837 844 2869 sint,
863 2840 967 2864 utrum
986 2845 1051 2864 ver·-

323 2890 410 2910 suum
426 2879 543 2909 numeri
559 2883 586 2908 et
597 2879 681 2917 pedes
697 2878 803 2907 leniter
814 2883 842 2906 et
859 2877 987 2906 molliter
1000 2878 1051 2906 de-

322 2927 462 2958 currant,
477 2931 518 2951 an
533 2920 710 2959 ponderibus
724 2920 939 2960 quasigruvatt'
952 2924 979 2949 et
996 2920 1051 2949 im-

1091 1327 1185 1365 pediti
1200 1327 1315 1356 moleste
1332 1327 1473 1356 incedant
1484 1336 1495 1362 ;
1519 1335 1618 1356 versus
1638 1336 1697 1356 non
1714 1325 1754 1355 ad
1775 1326 1823 1356 ἰπ-

1093 1370 1216 1408 dignam
1229 1369 1326 1402 illam,
1342 1379 1405 1408 quae
1421 1367 1563 1397 Romanis
1577 1369 1668 1406 poetis
1681 1369 1754 1398 data
1769 1373 1823 1402 est,

1095 1411 1255 1446 licentiam,
1277 1411 1326 1440 sed
1348 1411 1388 1439 ad
1407 1410 1536 1448 exempla
1556 1408 1823 1441 Graecorumvcom-

1093 1454 1222 1491 ponendi
1237 1458 1325 1491 atque
1339 1452 1539 1481 concinnanda·
1551 1457 1635 1481 sunt.

1133 1495 1315 1524 251—253.
1356 1493 1480 1533 Syllaba
1510 1494 1556 1522 [on
1580 1503 1599 1521 a
1627 1493 1719 1526 brevi,
1734 1496 1827 1526 „ceth

1091 1534 1323 1574 elegantissima
1342 1534 1437 1564 iambi
1456 1533 1524 1576 (W)
1569 1533 1724 1575 escriptio.
1770 1533 1828 1564 Pes

1092 1579 1188 1606 citus.-
1229 1576 1300 1607 hinc
1335 1581 1417 1607 recte
1457 1581 1546 1607 vetus
1582 1585 1671 1606 meus
1706 1574 1827 1606 amicus

1094 1618 1363 1649 Mitscherlichius
1376 1629 1446 1660 sup.
1466 1618 1529 1649 Od.
1545 1617 1566 1655 i,
1583 1619 1634 1653 16.
1650 1619 1704 1653 24,
1720 1618 1827 1648 celeres

1093 1662 1201 1691 iambos
1219 1661 1259 1691 ad
1280 1661 1411 1692 celerem
1433 1670 1540 1691 eorum
1562 1665 1704 1690 naturam
1725 1659 1828 1691 refert.

1098 1703 1184 1734 Unde
1199 1704 1300 1738 etiam,
1315 1707 1389 1733 cett.
1404 1702 1443 1732 ob
1458 1701 1542 1732 hunc
1563 1701 1693 1733 celerem
1712 1700 1825 1732 decur-

1093 1754 1163 1774 sum
1183 1744 1299 1775 sactum
1319 1754 1446 1791 quoque
1466 1749 1524 1780 est,
1540 1749 1576 1774 ut
1593 1743 1714 1774 iambus
1735 1752 1826 1774 senos

1094 1785 1212 1817 iambos
1227 1786 1376 1828 appellari
1391 1786 1516 1827 juberet
1537 1787 1684 1816 trimetros
1704 1786 1827 1816 iambeos

1093 1829 1178 1868 (cum
1198 1840 1279 1859 senos
1297 1829 1433 1859 redderet
1453 1826 1560 1866 ictus),
1575 1826 1718 1868 quamvis
1735 1837 1826 1858 senas

1094 1871 1308 1912 percussiones
1319 1870 1470 1905 redderet,
1486 1868 1627 1910 quamvis
1642 1874 1722 1900 esset
1736 1879 1827 1900 sena-

1095 1912 1171 1942 rius.
1216 1913 1372 1949 Trimeter‚
1394 1916 1517 1942 constat
1532 1911 1630 1942 tribus
1643 1910 1824 1953 dupondiis„

1095 1960 1127 1985 et
1148 1954 1325 1995 dupondius
1349 1956 1511 1996 (mensura
1535 1953 1667 1984 duorum
1693 1952 1825 2001 pedum)

1094 1996 1217 2026 duobus
1241 1996 1383 2038 pedibus.
1426 1996 1542 2027 Facete
1565 2000 1669 2026 autem
1692 1995 1825 2032 iambus,

1093 2038 1176 2079 quod
1193 2044 1292 2079 poetae
1305 2039 1478 2080 jusserunt,
1488 2037 1554 2079 ipse
1561 2036 1693 2078 jussisse
1702 2036 1828 2069 dicitur.

1137 2081 1214 2111 25⁴.
1262 2081 1383 2111 Primus
1413 2082 1452 2110 ad
1481 2086 1654 2114 extremum,
1685 2083 1757 2110 cett.
1785 2080 1826 2110 ab

1093 2122 1182 2152 initio
1205 2122 1299 2153 iambi
1322 2123 1355 2152 in
1373 2131 1561 2162 unoquoque
1579 2131 1669 2151 versu
1687 2130 1707 2151 a
1727 2120 1827 2162 primo

1095 2174 1198 2204 usque
1220 2164 1259 2194 ad
1282 2170 1453 2195 extremum
1477 2173 1510 2194 se
1532 2162 1665 2193 invicem
1690 2162 1826 2204 excipie-

1095 2206 1182 2241 bant,
1200 2206 1263 2236 sive
1280 2211 1364 2236 totus
1379 2215 1482 2236 versus
1498 2215 1516 2235 a
1536 2205 1636 2247 prima
1655 2204 1826 2236 iamborum

1095 2247 1272 2278 inventione
1286 2247 1372 2288 puris
1387 2247 1498 2278 iambis
1512 2246 1657 2288 componi
1670 2246 1804 2278 solebat.

1138 2290 1217 2320 256.-
1231 2290 1374 2320 stabiles.-
1399 2289 1556 2329 eleganter
1569 2287 1699 2330 spondei
1713 2287 1826 2319 dicun-

1098 2337 1147 2361 tur
1167 2332 1296 2366 stabiles,
1315 2331 1389 2372 quia
1407 2341 1469 2360 non
1487 2330 1603 2361 saliunt
1623 2335 1826 2371 curruntque,

1097 2373 1188 2403 sicuti
1212 2373 1348 2413 percitus
1374 2373 1508 2408 iambus.
1532 2371 1586 2403 sed
1611 2371 1746 2413 pondere
1768 2382 1826 2403 suo

1098 2415 1243 2445 retardati
1258 2425 1359 2445 moras
1374 2414 1503 2445 faciunt.
1546 2413 1585 2444 In
1591 2415 1670 2453 jura
1684 2419 1826 2453 paterna,

1097 2457 1130 2487 in
1150 2457 1223 2498 jura
1244 2456 1302 2487 sibi
1324 2456 1381 2487 soli
1405 2456 1507 2487 adhuc
1528 2455 1663 2498 propria.
1685 2454 1779 2492 avita,
1797 2460 1829 2487 et

1094 2498 1276 2530 haereditate
1288 2498 1375 2539 quasi
1392 2504 1531 2539 accepta.

1139 2542 1211 2572 257.
1237 2541 1420 2576 Commodus,
1437 2539 1605 2574 officiosus,
1625 2539 1828 2579 obsequiosus

1097 2584 1182 2622 (nos,
1201 2581 1371 2624 ges‘zitlig);
1395 2588 1431 2613 ut
1453 2592 1522 2624 sup.
1546 2582 1610 2612 Οὐ.
1632 2581 1674 2616 iv,
1695 2582 1727 2616 8,
1750 2583 1777 2619 l,
1797 2586 1830 2613 et

1097 2625 1198 2667 Epist.
1214 2625 1247 2660 ii,
1269 2626 1295 2662 1,
1311 2625 1386 2654 227.
1424 2624 1492 2654 Non
1505 2629 1540 2654 ut
1555 2625 1592 2654 de
1605 2624 1671 2654 sede
1685 2625 1827 2660 secunda,

1098 2673 1171 2698 cett.
1187 2667 1229 2697 ita
1244 2672 1362 2701 tamen,
1378 2670 1414 2696 ut
1433 2665 1579 2714 spondeo,
1594 2665 1627 2696 in
1647 2664 1828 2696 societatem

1097 2719 1185 2739 suam
1212 2714 1346 2749 recepto,
1371 2713 1552 2749 neutiquam
1576 2707 1745 2738 secundam
1772 2713 1828 2737 aut

1098 2756 1240 2792 quartam
1267 2750 1371 2780 sedem
1401 2749 1534 2785 cederet,
1565 2749 1606 2779 ob
1638 2748 1827 2789 singularem

1099 2793 1227 2824 sortasse
1247 2791 1308 2821 vim
1324 2801 1387 2832 qua
1405 2791 1460 2822 ille
1474 2791 1512 2822 ad
1533 2800 1623 2822 aures
1641 2790 1673 2821 iu
1689 2789 1827 2821 secunda

1096 2842 1127 2866 et
1141 2839 1253 2876 quarta
1268 2833 1340 2864 sede
1356 2832 1485 2864 accidit.

1137 2876 1320 2908 258—261.
1352 2875 1413 2906 Hic
1437 2881 1466 2906 et
1491 2875 1523 2904 in
1549 2874 1635 2910 Acci,
1661 2878 1737 2905 cett.
1755 2873 1825 2915 jam

1096 2918 1244 2950 Horatius
1266 2922 1388 2959 poetam
1413 2916 1562 2948 Latinum
1586 2915 1736 2958 tragicum
1760 2915 1824 2947 Ac-
