1884 3288
0 301 16 386 „53-

663 210 960 262 LIBERI,
993 212 1035 253 6.

1583 214 1636 255 13

657 403 936 447 CARMEN
969 403 1050 447 VI.

618 546 684 577 AD
729 545 1080 578 AGRIPPAM.

357 641 602 684 Scmssmus
623 640 761 684 Vario
782 640 907 683 fortis
929 647 974 682 et
993 639 1187 682 hostium

354 709 524 759 Victor,
547 708 730 751 Maeonii
749 709 948 751 carminis
971 708 1076 758 aliti,

357 776 503 826 Quam
523 791 614 819 rem
636 792 821 832 cumque
843 776 968 818 ferox
990 777 1173 819 navibus
1194 782 1270 818 aut
1291 776 1415 831 equis

417 844 550 887 Miles
573 852 616 887 te
638 846 750 888 duce
772 845 974 900 gesserit.

270 912 299 954 5
355 911 470 964 Nos,
492 911 710 969 Agrippa,
732 927 875 968 neque
895 913 991 955 haec
1013 913 1177 962 dicere,
1199 926 1280 954 nec
1302 926 1479 968 gravem

354 979 522 1023 Pelidae
543 980 814 1024 stomachum
835 981 992 1024 cedere
1014 981 1164 1031 nescii,

355 1047 455 1091 Nec
477 1063 632 1091 cursus
655 1048 842 1105 duplicis
864 1064 943 1105 per
965 1065 1082 1092 mare
1106 1048 1272 1099 Ulixei,

417 1117 517 1160 Nec
539 1133 696 1160 saevam
716 1116 893 1173 Pelopis
915 1118 1094 1160 domum

67 1214 221 1258 Neptuno
244 1215 382 1256 (potenti
408 1218 501 1248 maris
526 1217 599 1255 Deo,
622 1217 665 1249 cf.
691 1227 761 1260 sup.
788 1217 827 1248 ad

66 1258 101 1295 3,
117 1258 164 1298 l,)
177 1258 395 1302 suspendisse,
410 1259 441 1291 id
458 1265 591 1292 testatur
607 1271 696 1292 sacer
712 1260 745 1291 in
759 1261 830 1302 ejus

66 1306 130 1333 tem
155 1301 186 1334 lo
207 1301 311 1345 paries
333 1313 388 1345 per
410 1303 546 1334 votivam
569 1303 725 1339 tabulam,
751 1303 829 1339 sive,

66 1343 100 1376 id
142 1349 226 1382 ocet,
240 1355 337 1387 quam
352 1345 437 1382 vovi,
453 1346 549 1377 affixa
571 1345 604 1377 in
626 1346 697 1388 ejus
711 1346 831 1388 templo

66 1386 200 1428 tabula3
222 1388 398 1431 exprimere
420 1394 527 1421 autem
551 1388 601 1420 his
617 1389 717 1420 voluit
740 1395 832 1432 poeta

65 1429 130 1463 fere
162 1430 246 1464 hoc:
267 1441 327 1473 ego
350 1437 523 1482 perspecta
548 1437 604 1463 tua
633 1432 763 1474 perfidia
792 1443 831 1464 ex

65 1472 192 1516 laqueis
230 1473 328 1506 uibus
349 1486 383 1507 in
405 1485 543 1507 amorem
567 1480 658 1506 tuum
681 1486 731 1508 me
754 1476 830 1507 irre-

6 1543 11 1547 .
67 1515 196 1554 tiveras,
233 1527 353 1557 eorum,
367 1528 451 1562 quos
466 1523 553 1559 grato
568 1517 675 1550 animo
690 1529 830 1557 veneror,

66 1559 221 1592 beneficio
240 1560 375 1594 feliciter
387 1561 555 1604 expeditus
570 1572 653 1593 sum.
690 1562 741 1594 De
756 1562 830 1600 ritu,

65 1612 163 1646 quem
180 1603 328 1635 Horatius
343 1605 457 1646 tangit,
472 1615 513 1636 ex
526 1614 603 1646 quo,
618 1604 673 1647 qui
697 1605 777 1637 salvi
791 1616 831 1637 ex

41 1669 50 1678 .
67 1645 234 1688 naufragio
261 1653 481 1683 enataverunt.
508 1653 597 1679 votas
625 1654 728 1680 vestes
757 1659 831 1680 cum

67 1689 189 1726 tabula,
217 1689 251 1722 in
277 1699 341 1732 qua
365 1690 485 1734 scripta
510 1690 559 1722 vel
586 1691 672 1734 picta
698 1692 758 1723 fuit
783 1702 833 1723 res

89 1742 142 1764 um
175 1731 348 1769 acciderat,
379 1734 412 1766 in
445 1740 506 1766 tem
533 1733 564 1764 lo
592 1734 644 1766 dei
676 1734 834 1766 salutiferi

67 1742 260 1819 ἓσωτῆρος)
277 1782 430 1820 tanquam
455 1777 617 1818 ἁναθημα
639 1777 833 1820 suspendere

67 1818 235 1859 solebant5
258 1819 302 1852 cf.
325 1819 414 1862 Virg.
438 1821 520 1852 AEn.
544 1820 599 1856 xii,
624 1821 688 1852 766
711 1831 779 1864 sqq.
802 1826 834 1852 et

71 1861 227 1896 Juvenal.
242 1862 299 1900 xii,
314 1864 369 1896 27.

308 1948 509 1981 CARMEN
537 1948 598 1981 VI.

115 1991 168 2023 M.
190 1990 367 2035 Vipsanius
393 1991 546 2034 Agrippa.
570 1991 636 2023 dux
663 1990 719 2023 ille
743 2000 833 2032 egre.

69 2033 152 2076 gius,
167 2040 200 2066 et
218 2034 392 2076 insignium
407 2034 610 2066 victoriarum
634 2034 735 2076 gloria
757 2045 834 2066 con·

70 2075 214 2120 spicuus,
229 2077 314 2109 haud
330 2077 485 2110 immerito
499 2087 626 2110 carmen
643 2078 683 2108 ab
701 2077 834 2109 Horatio

68 2119 103 2152 in
131 2119 202 2163 ejus
230 2121 343 2153 laudes
369 2121 503 2153 bellicas
538 2120 748 2164 compositum
780 2131 833 2152 ex-

70 2169 215 2206 spectare
244 2169 378 2207 poterat.
423 2164 495 2196 Nec
525 2164 594 2196 liaec
621 2174 694 2195 eum
723 2163 836 2195 fefellit

69 2207 278 2249 exspectatio.
322 2208 406 2239 Nam
436 2207 581 2249 quamvis
610 2207 763 2238 Horatius
787 2207 834 2238 A·

69 2249 192 2324 grippae
205 2249 239 2282 in
256 2250 316 2282 hoc
339 2251 479 2283 carmine
502 2250 673 2293 significat,
692 2261 725 2281 se
740 2260 833 2291 gran-

93 2292 169 2324 ioris
179 2292 269 2325 illius
281 2294 424 2337 spiritus,
438 2304 502 2336 quo
517 2299 618 2336 poetae
630 2293 713 2336 epici
729 2304 835 2324 assur-

69 2340 163 2378 gunt,
185 2342 359 2380 expertem.
380 2343 412 2369 et
435 2337 566 2380 proinde
588 2337 660 2379 ejus
686 2336 836 2367 laudibus

69 2378 225 2411 canendis
239 2380 334 2422 plane
350 2380 500 2423 imparem
517 2390 588 2412 esse
603 2392 611 2418 ;
633 2384 740 2411 tamen
757 2379 836 2410 mira

70 2422 210 2464 quadam
233 2427 299 2455 arte
320 2428 354 2455 et
375 2423 498 2465 spiritu,
522 2433 619 2466 quem
641 2422 836 2459 dissimulat,

71 2463 227 2498 altissimo
253 2465 334 2508 Agri
358 2476 445 2509 pam,
470 2476 544 2498 cum
576 2465 646 2510 ipso
673 2467 780 2498 Marte
806 2471 838 2498 et

70 2507 257 2540 clarissimis
279 2508 478 2552 antiquitatis
500 2509 648 2541 heroibus
674 2519 836 2552 compara-

72 2555 155 2588 tum,
171 2552 304 2584 summis
327 2551 360 2584 in
378 2552 438 2584 hoc
462 2551 530 2594 ipso
553 2552 692 2584 carmine
713 2552 839 2584 extollit

70 2593 232 2626 laudibus.
276 2597 354 2628 Com
381 2595 499 2626 aranda
520 2601 598 2627 sunt
613 2595 743 2626 omnino
762 2605 837 2627 cum

73 2637 134 2669 hoc
155 2637 295 2671 carmine
317 2638 350 2670 in
366 2662 374 2670 .
392 2638 449 2670 lib.
473 2637 507 2674 ii,
530 2639 580 2675 12.
603 2645 635 2670 et
656 2638 698 2674 iv,
716 2640 767 2676 15,
783 2638 839 2670 ubi

74 2690 131 2724 per
165 2680 300 2713 eandem
336 2687 435 2714 artem
470 2686 502 2713 et
539 2681 838 2719 dissimulationem,

73 2723 162 2766 quod
187 2734 221 2756 se
245 2731 396 2768 praestare
423 2734 517 2767 posse
541 2730 635 2766 negat
658 2730 764 2767 poeta,
790 2725 840 2757 vel

76 2765 215 2800 maxime
237 2773 376 2811 praestat.
421 2768 496 2799 Non
518 2777 600 2810 opus
625 2773 686 2803 est,
705 2773 742 2799 ut
763 2778 839 2800 cum

75 2809 269 2859 quibusdam
289 2810 515 2853 interpretibus
536 2816 713 2842 statuamus
735 2811 838 2842 Hora-

76 2857 157 2884 tium
173 2864 208 2886 se
230 2853 407 2886 excusandi
428 2863 526 2886 causa
547 2853 633 2896 apud
649 2853 838 2896 Agrippam,

77 2895 133 2939 qui
146 2895 188 2933 ei,
203 2896 292 2940 quod
307 2897 396 2928 nullo
419 2896 524 2928 adhuc
547 2896 688 2928 carmine
703 2907 752 2928 res
769 2897 841 2939 ejus

76 2946 183 2981 gestas
194 2939 406 2983 celebrasset,
423 2939 671 2982 exprobraverit,
686 2938 746 2971 hoc
769 2951 839 2972 car-

76 2992 150 3014 men
172 2981 359 3025 scripsisse3
381 2982 495 3025 quidni
517 2981 616 3019 enim,
632 2982 718 3025 quod
741 2983 840 3026 scrip-

76 3024 120 3057 sit
141 3024 258 3058 iu‘hoc
281 3025 435 3064 carmine,
452 3026 521 3058 Non
546 3036 612 3067 ego,
636 3027 787 3068 Agrippa,
810 3028 842 3058 id

873 1217 949 1248 mihi
981 1228 1111 1255 sumam,
1140 1222 1176 1247 ut
1205 1217 1311 1248 laudes
1339 1222 1410 1248 tuas
1438 1228 1558 1252 canam,
1586 1217 1639 1248 hoe

873 1261 954 1291 enim
985 1262 1077 1301 epicis
1104 1267 1133 1292 et
1160 1261 1346 1291 sublimioris
1373 1261 1502 1300 spiritus
1529 1261 1638 1300 poetis.

873 1304 974 1344 qualis
1003 1310 1046 1335 est
1074 1304 1198 1339 Varius,
1228 1305 1463 1344 relinquendum
1490 1309 1557 1340 est,·
1585 1313 1640 1344 ego

876 1346 945 1387 lyra
964 1357 1026 1376 mea
1048 1358 1107 1376 non
1128 1347 1294 1387 gravioris,
1308 1347 1359 1377 sed
1378 1346 1498 1377 levioris
1517 1352 1640 1377 tantum

874 1391 1052 1429 argumenti
1068 1400 1114 1420 res
1130 1394 1264 1419 tractare
1282 1400 1412 1429 possum,
1427 1394 1540 1431 sponte
1563 1388 1641 1420 scri·

875 1431 949 1463 bere
971 1432 1097 1474 potuit?
1144 1431 1292 1463 Ceterum
1315 1431 1469 1480 Agrippa,
1486 1431 1543 1473 qui
1565 1441 1639 1462 cum

875 1474 1046 1506 multarum
1069 1474 1217 1511 aliarum,
1239 1479 1307 1506 tum
1330 1476 1475 1506 Actiacae
1496 1474 1642 1517 inprimis

874 1517 1014 1549 victoriae
1038 1528 1099 1549 non
1128 1517 1229 1549 solum
1257 1517 1426 1560 particepS,
1451 1518 1506 1549 sed
1529 1517 1642 1562 praeci-

875 1571 961 1604 puus
988 1561 1058 1603 ejus
1085 1567 1196 1592 auctor
1222 1561 1322 1592 fuisse
1349 1561 1542 1604 perhibetur,
1572 1561 1640 1592 Au-

875 1610 970 1646 gusto
993 1611 1056 1636 tam
1085 1610 1195 1646 gratus
1222 1603 1293 1641 fuit,
1317 1610 1354 1635 ut
1374 1603 1402 1635 ei
1428 1604 1526 1635 filiam
1549 1614 1642 1635 suam

877 1647 1000 1680 Juliam
1017 1647 1049 1678 in
1067 1647 1302 1678 matrimonium
1319 1647 1422 1679 daret.

924 1691 952 1726 1,
976 1692 1008 1722 2.
1031 1691 1179 1722 Scriberis
1197 1690 1308 1721 Vario.-
1334 1700 1397 1721 non
1419 1701 1439 1722 a
1461 1700 1523 1725 me.
1545 1690 1599 1722 sed
1624 1700 1644 1721 a

878 1732 979 1765 Vario
1014 1733 1155 1764 carmine
1190 1733 1415 1764 celebraberis.
1467 1734 1560 1764 Vario
1594 1738 1644 1764 est

877 1783 972 1807 casus
987 1776 1109 1807 tertius.
1159 1777 1257 1811 Varii,
1274 1782 1309 1807 ut
1330 1775 1464 1818 insignis
1479 1781 1546 1807 tum
1563 1781 1642 1807 tem·

877 1819 961 1861 poris
986 1824 1085 1861 poetae
1108 1818 1205 1861 epici,
1229 1824 1292 1850 tam
1319 1819 1436 1850 Noster
1458 1820 1526 1851 Sat.
1547 1818 1570 1855 i,
1591 1819 1642 1854 10.

878 1863 910 1899 4,
942 1863 1046 1904 Epist.
1082 1861 1123 1892 ad
1158 1861 1224 1892 Pis.
1262 1863 1317 1899 55.
1354 1871 1451 1903 quam
1486 1861 1644 1904 Virgilius

879 1906 948 1936 Ecl.
980 1905 1024 1940 ix,
1052 1905 1107 1940 35,
1137 1904 1342 1935 honorificam
1372 1904 1567 1936 mentionem
1597 1905 1644 1936 fa-

877 1948 980 1980 ciunt.
1026 1947 1172 1979 Eundem
1206 1947 1346 1979 nobilem
1381 1947 1479 1979 fuisse
1516 1954 1642 1990 poetam

878 1991 1032 2033 tragicum
1065 1996 1198 2022 testatur
1226 1989 1459 2028 Quintilianus,
1489 1991 1545 2032 qui
1573 1990 1644 2033 ejus

878 2034 1043 2076 Thyesten
1077 2033 1211 2065 cuilibet
1242 2034 1429 2066 Graecorum
1467 2034 1646 2076 comparari

877 2087 969 2119 posse
995 2077 1124 2119 judicat
1155 2088 1186 2112 x,
1220 2078 1249 2112 l,
1279 2078 1335 2108 98.
1386 2077 1522 2113 Maeonii,
1554 2077 1585 2109 h.
1614 2089 1645 2110 e.

880 2119 1024 2156 Homeri,
1049 2131 1067 2151 a
1091 2120 1191 2162 patria
1216 2119 1346 2151 Homeri
1369 2121 1516 2162 Smyrna,
1540 2121 1644 2152 Μεθο-

880 2163 941 2195 niae
972 2163 1038 2195 sive
1070 2163 1180 2205 Lydiae
1210 2162 1300 2194 urbe.
1345 2163 1470 2195 Maeonii
1498 2165 1645 2195 carminis

879 2208 962 2244 aliti.
979 2207 1011 2237 h.
1024 2217 1052 2238 e.
1076 2206 1204 2238 canenti
1219 2212 1251 2238 et
1271 2205 1303 2236 in
1325 2206 1424 2237 altum
1439 2206 1592 2242 evolanti.
1609 2213 1646 2239 ut

880 2250 998 2282 cecinit
1012 2256 1044 2281 et
1060 2249 1092 2281 in
1110 2250 1208 2282 altum
1225 2249 1362 2280 evolavit
1379 2250 1548 2288 Homerus,
1566 2249 1598 2281 h.
1614 2261 1643 2282 e.

880 2299 981 2335 poetae
1003 2293 1106 2335 epico‚
1128 2292 1236 2335 qualis
1261 2292 1323 2324 fuit
1347 2293 1516 2324 Homerus.
1561 2294 1645 2330 Ales,

881 2346 936 2378 pro
964 2347 1076 2378 cycno,
1100 2342 1136 2367 ut
1157 2337 1246 2366 albus
1268 2337 1331 2367 ales
1354 2335 1411 2367 inf.
1441 2335 1475 2371 ii.
1500 2337 1556 2371 20,
1585 2337 1646 2374 10;

879 2391 993 2421 cycnus
1015 2385 1122 2411 autem
1146 2388 1202 2422 pro
1225 2384 1328 2421 poeta,
1347 2384 1380 2410 ut
1401 2377 1456 2410 inf.
1480 2377 1524 2414 iv,
1540 2380 1573 2414 2,
1591 2381 1646 2418 25,

880 2433 995 2464 cycnus
1014 2423 1164 2454 Dircaeus.
1210 2423 1280 2453 Ales
1300 2423 1447 2453 carminis
1463 2421 1564 2463 lyrica
1587 2433 1645 2454 au-

880 2465 985 2502 dacia,
1003 2476 1058 2507 pro
1075 2471 1178 2508 poeta,
1194 2464 1251 2507 qui
1266 2465 1354 2496 canit
1367 2475 1507 2497 carmen.

925 2509 958 2540 3.
985 2509 1086 2543 Quam
1101 2519 1164 2539 rem
1185 2519 1313 2549 cumque
1326 2514 1403 2540 cett.
1426 2507 1552 2550 supple,
1570 2507 1647 2540 scri-

881 2551 982 2588 benti,
1012 2552 1045 2583 h.
1070 2562 1100 2583 e.
1125 2551 1264 2582 canenti.
1310 2551 1448 2583 Navibus
1471 2558 1527 2582 aut
1551 2554 1646 2593 equis,

883 2595 915 2626 h.
930 2605 958 2627 e.
975 2600 1032 2626 aut
1047 2594 1125 2625 mari
1142 2600 1197 2626 aut
1213 2599 1304 2626 terra.

925 2640 958 2673 5.
977 2639 1008 2669 6.
1034 2638 1108 2675 Nos,
1124 2639 1277 2678 Agrippa,
1295 2647 1388 2678 neque
1409 2641 1485 2668 cett.
1509 2646 1621 2668 sensus
1637 2648 1644 2668 z

882 2692 940 2722 ego
956 2691 1019 2712 non
1036 2680 1138 2721 magis
1152 2691 1201 2712 res
1215 2686 1287 2711 tuas
1302 2686 1407 2722 gestas
1424 2689 1538 2711 canere
1551 2690 1648 2721 quam

883 2724 1030 2762 Iliadem,
1059 2729 1115 2755 aut
1150 2722 1340 2764 Odysseam,
1373 2728 1428 2754 aut
1460 2722 1648 2764 tragoediam

882 2767 1024 2809 aliquam
1048 2766 1186 2798 scribere
1209 2765 1334 2804 audeo,
1358 2776 1429 2796 sum
1447 2765 1532 2797 enim
1555 2771 1650 2808 poeta

883 2810 1001 2847 tenuis,
1014 2816 1051 2842 ‘et
1065 2809 1121 2840 illa
1143 2810 1285 2841 carmina
1300 2814 1376 2841 sunt
1391 2808 1568 2850 grandioris
1582 2808 1648 2850 spi-

884 2854 972 2885 ritus.
1020 2853 1154 2884 Gravem
1185 2852 1300 2884 Pelidae
1330 2852 1527 2887 stomachum,
1555 2851 1586 2882 h.
1617 2862 1648 2882 e.

885 2896 1025 2928 Achillis
1045 2895 1154 2938 (Pelei
1174 2895 1249 2935 filii)
1267 2895 1356 2932 iram,
1375 2896 1498 2935 (μῆνιν
1516 2895 1650 2932 namsi-

884 2939 969 2972 άδεω
982 2939 1178 2981 Ἀχιλῆος),
1195 2948 1290 2980 quam
1306 2938 1425 2970 cecinit
1444 2938 1600 2968 Homerus
1616 2937 1648 2967 in

885 2983 1001 3015 Iliade.
1048 2983 1161 3013 Cedere
1183 2983 1287 3018 nescii,
1306 2981 1361 3023 qui
1385 2991 1402 3011 a
1426 2991 1459 3012 se
1483 2979 1651 3021 impetrare

887 3037 950 3058 non
973 3030 1108 3069 poterat,
1131 3030 1168 3056 ut
1191 3022 1425 3066 Agamemnoni
1447 3023 1487 3054 ob
1510 3028 1650 3064 ereptam
