1904 3314
295 213 380 253 480

790 215 1322 258 EPISTOLARUM

327 313 378 352 15
408 312 492 354 Hae
513 312 690 355 latebrae
710 313 872 365 dulces,
893 322 937 357 et
950 317 1053 371 jam,
1076 317 1111 357 si
1131 317 1287 365 credis,
1311 330 1502 366 amoenae,

410 379 668 421 Incolumem
690 382 767 422 tibi
787 397 852 422 me
872 389 1080 436 praestant
1102 383 1428 437 Septembribus
1450 383 1580 424 horis.

407 445 478 486 Tu
500 453 615 487 recte
637 448 753 496 vivis,
776 449 810 488 si
833 463 955 489 curas
977 463 1071 490 esse
1091 450 1206 503 quod
1229 449 1375 490 audis:

407 512 626 554 Jactamus
642 515 897 568 jampridem
919 515 1052 555 omnis
1072 522 1113 556 te
1134 515 1273 556 Roma
1295 515 1479 555 beatum.

406 578 492 619 Sed
514 594 677 628 vereor,
699 595 751 620 ne
773 581 841 621 eui
862 581 915 620 de
937 587 979 620 te
1000 580 1096 634 plus
1118 595 1244 634 quam
1265 581 1343 621 tibi
1363 580 1539 630 credas;

321 644 376 685 20
406 644 529 686 Neve
550 653 674 699 putes
695 645 820 686 alium
842 647 1034 699 sapiente
1057 647 1254 699 bonoque
1275 647 1474 694 beatum3

405 711 518 760 Neu,
542 712 575 751 si
597 719 638 752 te
659 711 843 766 populus
866 726 1013 751 sanum
1033 719 1235 764 recteque
1250 711 1457 752 valentem

405 776 600 826 Dictitet,
624 777 830 818 occultam
852 778 1013 818 febrem
1035 779 1115 818 sub
1138 785 1303 831 tempus
1325 778 1483 818 edendi

404 842 674 892 Dissimules,
696 844 832 884 donec
853 845 1044 884 manibus
1066 850 1224 884 tremor
1243 845 1402 884 incidat
1423 843 1576 884 unctis.

409 909 647 949 Stultorum
668 910 862 950 incurata
881 911 1023 963 pudor
1042 909 1175 950 malus
1195 909 1339 951 ulcera
1359 909 1481 951 celat.

319 976 374 1016 25
405 975 450 1015 Si
470 976 564 1029 quis
587 975 698 1016 bella
718 976 794 1016 tibi
817 982 930 1016 terra
949 982 1138 1030 pugnata
1158 977 1348 1030 marique

404 1043 545 1091 Dicat,
569 1049 611 1082 et
631 1041 698 1081 his
719 1043 859 1082 verbis
882 1056 1035 1082 vacuas
1058 1043 1318 1095 permulceat
1339 1057 1462 1083 aures
1480 1058 1488 1082 :

404 1113 431 1130 “
456 1108 565 1148 Tene
585 1108 724 1162 magis
743 1109 902 1148 salvum
916 1108 1104 1162 populus
1125 1108 1238 1157 velit,
1261 1123 1316 1148 an
1329 1109 1535 1163 populum
1556 1114 1614 1158 lu,

407 1176 554 1215 Servet
575 1174 618 1214 in
640 1174 854 1229 ambiguo,
879 1175 950 1228 qui
972 1174 1151 1214 consulit
1172 1180 1213 1214 et
1234 1175 1313 1215 tibi
1333 1181 1374 1215 et
1395 1175 1503 1223 urbi,

401 1241 576 1296 Jupiter
588 1240 624 1287 ‚·'’
654 1238 845 1294 Augusti
864 1240 1013 1281 laudes
1031 1255 1263 1295 agnoscere
1285 1242 1422 1295 possis
1440 1244 1456 1283 ἲ

317 1307 373 1347 30
403 1307 548 1354 Quum
568 1306 726 1360 pateris
749 1306 916 1360 sapiens
939 1308 1273 1360 emendatusque
1299 1309 1454 1356 vocari,

402 1373 715 1426 Respondesne
736 1379 824 1421 tuo,
847 1373 915 1413 dic
938 1373 1086 1421 sodes,
1101 1373 1269 1413 nomine
1282 1373 1529 1428 P—Nempe

400 1437 481 1479 Vir
501 1440 638 1479 bonus
661 1446 704 1478 et
723 1439 914 1492 prudens
937 1439 1021 1479 dici
1041 1438 1243 1479 delector.

1306 1439 1404 1493 Ego
1426 1453 1474 1480 ac
1495 1446 1554 1480 tu.

402 1505 491 1551 Qui
511 1504 630 1545 dedit
649 1504 731 1546 hoc
751 1504 894 1553 hodie,
917 1519 1024 1553 cras,
1049 1505 1083 1543 si
1103 1504 1229 1554 volet,
1251 1505 1440 1555 auseret3
1472 1511 1531 1555 ut,
1555 1505 1592 1546 si

288 1649 435 1686 salubris,
462 1656 499 1681 ut
523 1650 607 1691 apud
629 1650 721 1680 Ovid.
740 1650 834 1679 Trist.
858 1648 904 1684 iii,
932 1650 964 1685 3,
987 1649 1019 1685 9,

289 1694 371 1723 cibus
394 1694 480 1723 utilis
502 1703 590 1732 aegro,
605 1696 636 1722 et
659 1692 741 1722 Met.
757 1691 823 1728 xiii,
843 1691 917 1726 630,
941 1693 1021 1721 venti

290 1735 391 1765 utiles.

341 1777 390 1810 15,
416 1776 467 1806 16.
492 1775 548 1806 Hoe
578 1777 707 1812 latebrae,
736 1775 786 1806 hic
810 1775 957 1814 angulus,
986 1780 1021 1805 ut

295 1817 445 1848 Horatius
469 1827 540 1859 sup.
561 1817 622 1849 Od.
642 1817 676 1854 ii,
697 1819 727 1852 6,
754 1818 792 1848 16
815 1817 853 1848 de
877 1818 1022 1848 Tarento.

294 1859 470 1894 Bentleius.
487 1859 538 1890 cui
554 1865 616 1890 tam
633 1859 726 1891 lectio
742 1861 842 1895 etiam,
865 1861 889 1889 si
911 1860 1019 1894 credis,

291 1912 423 1936 amoenoe,
439 1911 533 1942 quam
550 1904 664 1940 etjam,
681 1903 705 1931 si
721 1904 828 1936 credis,
841 1913 956 1932 amoenae
967 1900 1019 1931 sri-

292 1943 395 1983 gebat,
420 1943 589 1984 proposuit,
603 1950 630 1974 et
655 1945 739 1990 (jam
753 1946 779 1974 si
800 1945 913 1982 credis)
930 1954 1020 1974 amoe-

290 1995 357 2021 nae5
382 1985 435 2015 sed
452 1995 508 2015 nec
524 1985 581 2015 hoc
598 1985 674 2015 mihi
695 1985 816 2027 placet:
843 1995 883 2015 an
899 1985 1021 2026 scripsit

291 2025 419 2057 sortasse
446 2026 606 2063 Horatius,
630 2027 684 2057 Hae
711 2029 829 2058 latebrae
851 2028 963 2062 dulces,
993 2033 1019 2058 et

293 2074 364 2105 tam,
388 2071 412 2099 si
440 2070 546 2103 credis,
575 2071 716 2099 amoenae?
761 2070 940 2099 Incolumem
968 2071 1021 2099 tibi

290 2120 346 2145 me,
363 2115 435 2140 cett.
451 2120 554 2141 mense
570 2111 742 2151 Septembri
757 2121 806 2141 me
827 2111 949 2141 salvum
973 2116 1019 2140 at-

289 2161 352 2193 que
375 2151 561 2182 incolumem
585 2152 639 2182 tibi
662 2152 795 2189 sistunt;
819 2152 852 2183 h.
869 2163 898 2183 e.
914 2162 931 2182 e
946 2152 1020 2183 villa

289 2203 369 2228 mea,
393 2193 446 2224 ubi
471 2204 555 2224 nunc
587 2194 747 2228 delitesco,
774 2199 835 2224 tam
862 2194 960 2229 dulci,
993 2194 1018 2225 si

288 2234 401 2273 credis,
416 2241 510 2277 atque
526 2246 662 2270 amoena,
686 2235 792 2266 salvus
815 2241 909 2276 atque
932 2235 1016 2267 inco-

289 2276 382 2307 lumis
396 2287 502 2308 mense
513 2277 683 2319 Septembri
698 2278 736 2308 ad
753 2283 782 2308 te
798 2277 913 2308 redibo.

335 2320 386 2350 17.
409 2320 441 2350 Si
464 2331 553 2350 curas
573 2330 630 2350 esse
651 2322 727 2360 quod
747 2322 845 2357 audis,
863 2319 888 2349 si
911 2319 1017 2350 studes

288 2365 319 2391 te
343 2361 438 2391 talem
467 2362 603 2403 praebere
625 2361 728 2402 qualis
749 2366 782 2391 tu
805 2371 871 2392 esse
894 2361 1017 2403 (audis)

287 2401 411 2434 diceris.

334 2446 384 2475 18.
410 2445 513 2475 Omnis
527 2445 632 2481 Roma,
651 2455 705 2476 nos
718 2455 825 2476 omnes
841 2444 989 2476 Romani.

331 2487 467 2518 19-23,
499 2488 555 2517 Sed
580 2498 689 2522 vereor,
715 2498 763 2523 ne,
789 2492 863 2517 cett.
890 2486 943 2517 sed
966 2498 1017 2518 ve-

287 2537 365 2565 reor,
381 2539 420 2559 ne
436 2529 564 2559 aliorum
580 2530 618 2560 de
634 2535 663 2560 te
684 2529 755 2571 plus
777 2538 869 2570 quam
894 2534 947 2559 tuo
970 2529 1016 2571 ip.

286 2570 352 2601 sius
373 2570 495 2612 judicio
519 2571 622 2602 credas
647 2571 739 2613 (quia
765 2571 859 2612 probe
889 2571 960 2607 scis,
987 2577 1016 2602 te

285 2622 347 2643 non
371 2622 438 2643 esse
463 2623 533 2644 eum
559 2613 612 2654 qui
635 2623 703 2644 esse
727 2612 881 2652 diceris);
912 2623 1017 2644 vereor

285 2664 386 2696 porro,
409 2665 448 2685 ne
474 2655 580 2691 alium,
604 2665 697 2696 quam
720 2665 791 2685 eum
815 2655 868 2695 qui
892 2655 1015 2696 sapiens

282 2702 315 2728 et
330 2697 429 2727 bonus
445 2697 495 2732 sit,
508 2697 631 2728 beatum
648 2697 783 2735 habeas;
805 2706 910 2728 vereor
925 2697 1012 2728 deni-

281 2748 355 2780 que,
379 2749 430 2774 ne.
455 2739 528 2770 licet
555 2749 661 2769 omnes
691 2745 721 2770 te
751 2748 860 2769 sanum
890 2749 957 2770 esse
984 2745 1015 2770 et

281 2781 360 2812 bene
375 2781 476 2812 valere
491 2779 644 2815 dictitent,
661 2791 766 2823 reapse
788 2785 891 2811 tamen
916 2791 1012 2821 aegro-

282 2828 338 2860 tes,
363 2822 416 2854 sed
439 2822 548 2853 similis
573 2823 614 2853 sis
638 2823 665 2853 ei
690 2827 803 2863 aegroto
821 2822 876 2862 qui
897 2823 1011 2853 febrem

279 2865 341 2896 sub
357 2864 469 2896 edendi
485 2871 543 2896 tem
570 2875 615 2900 us,
631 2875 670 2895 ne
686 2864 748 2895 cibi
771 2863 830 2894 sibi
853 2864 1006 2905 denegen-

279 2912 340 2944 tur,
365 2907 513 2942 occultat,
560 2917 636 2938 onec
669 2907 772 2943 febris,
801 2916 871 2937 curn
900 2917 1009 2937 manus

277 2954 405 2981 tremere
417 2948 581 2991 incipiunt,
594 2948 752 2991 prodatur.
798 2949 844 2979 Ex
859 2948 1008 2983 hocloco,

1063 1647 1147 1678 haud
1163 1647 1319 1689 vulgarem
1338 1647 1470 1678 Horatio
1486 1658 1558 1679 cum
1575 1647 1725 1686 Quinctio
1743 1647 1791 1679 in·

1064 1690 1238 1721 tercessisse
1271 1690 1439 1720 amicitiam
1474 1690 1549 1720 satis
1574 1695 1657 1722 certe
1687 1690 1794 1729 colligi

1064 1737 1175 1772 potest.
1220 1731 1300 1769 Quis
1315 1733 1397 1771 enim
1417 1737 1520 1763 sumat
1540 1732 1613 1766 sibi.
1631 1731 1791 1773 cuiquam,

1065 1773 1125 1803 nisi
1158 1773 1267 1804 intimo
1302 1772 1413 1810 amico,
1443 1773 1544 1805 dicere
1572 1773 1622 1804 vel
1649 1774 1794 1812 scribere,

1066 1821 1086 1833 ‘¹
1100 1821 1134 1846 tu
1157 1826 1219 1847 non
1241 1826 1275 1847 es
1296 1815 1321 1845 is
1343 1815 1398 1856 qui
1420 1825 1487 1847 esse
1509 1815 1631 1851 videris,
1651 1815 1703 1847 vel
1724 1825 1792 1847 esse

1064 1857 1176 1888 diceris
1189 1869 1198 1895 ;
1220 1863 1253 1888 tu
1263 1857 1338 1888 vitia
1351 1863 1416 1893 tua,
1430 1857 1512 1888 sicut
1523 1863 1655 1899 aegrotus
1663 1857 1793 1896 febrem,

1063 1899 1274 1931 dissimulas.¹'
1329 1900 1375 1929 Ne
1401 1902 1450 1930 cui
1479 1901 1515 1930 de
1544 1905 1572 1930 te
1607 1901 1687 1939 plus.
1719 1904 1794 1931 cett.

1065 1942 1218 1972 Baxterus
1234 1941 1394 1973 commode
1410 1941 1498 1972 affert
1518 1951 1638 1972 versum
1661 1941 1791 1973 Catonis

1065 1983 1086 2018 i,
1107 1985 1156 2020 14,
1175 1985 1250 2014 Plus
1265 1985 1334 2014 aliis
1349 1985 1385 2014 de
1400 1990 1438 2021 te,
1451 1994 1536 2024 quam
1555 1989 1589 2013 tu
1604 1984 1659 2014 eibi
1673 1986 1790 2015 credere

1064 2027 1136 2056 noli.
1178 2028 1282 2057 Alium
1302 2028 1441 2065 sapiente,
1465 2026 1587 2060 Graece.
1605 2026 1716 2058 ἄλλον
1733 2026 1791 2058 τοῦ

1066 2069 1177 2109 σοφοῦ,
1199 2069 1351 2099 diversum
1370 2077 1388 2097 a
1409 2067 1558 2109 sapiente,
1577 2067 1676 2098 alium
1693 2069 1742 2106 (v.
1759 2079 1790 2100 c.

1064 2109 1208 2150 divitem)
1225 2119 1318 2152 quam
1335 2109 1528 2150 sapientem
1551 2108 1595 2140 sic
1618 2109 1676 2139 inf.
1690 2110 1718 2140 E
1741 2109 1793 2141 ist.

1065 2150 1097 2185 ii,
1119 2153 1145 2187 l,
1161 2153 1234 2188 240,
1251 2153 1329 2182 alius
1347 2151 1487 2192 Lysippo,
1503 2151 1594 2187 alius,
1610 2160 1703 2192 quam
1752 2160 1789 2193 y·

1062 2202 1087 2222 si
1133 2203 1179 2224 us.

1090 2203 1155 2264 Ρ2ρ3.
1179 2235 1323 2265 Manibus
1332 2236 1449 2266 unctis:
1466 2234 1674 2275 significanter
1686 2245 1792 2266 manus

1056 2275 1122 2316 jam
1136 2275 1282 2306 dicuntur
1295 2283 1412 2313 τινι-[ιω
1437 2286 1520 2311 nam,
1537 2276 1592 2317 qui
1601 2277 1683 2308 inter
1695 2275 1791 2308 eden-

1059 2319 1132 2348 dum
1150 2323 1295 2354 tremunt,
1311 2319 1390 2349 cibis
1409 2323 1538 2348 tremore
1560 2317 1708 2353 excussis,
1725 2328 1791 2349 ma-

1062 2369 1121 2390 nus
1150 2361 1378 2391 commaculare
1415 2359 1533 2390 solent:
1571 2366 1678 2390 unctas
1709 2359 1788 2400 jam,

1061 2402 1208 2442 pollutaS,
1232 2403 1470 2438 contaminatus,
1493 2400 1556 2432 vid.
1583 2411 1654 2444 sup.
1676 2402 1717 2432 ad
1747 2402 1789 2432 Ε-

1061 2443 1133 2484 pod.
1148 2445 1181 2481 5,
1198 2445 1248 2474 19.

1103 2486 1155 2516 24.
1182 2486 1284 2516 Pudor
1303 2486 1410 2522 malus,
1433 2484 1638 2526 importunus,
1661 2489 1698 2516 ut
1717 2494 1790 2528 sup.

1061 2528 1127 2558 Sat.
1142 2527 1175 2561 ii.
1191 2528 1223 2563 3,
1242 2528 1295 2558 39.

1102 2570 1240 2600 26-28.
1265 2570 1370 2604 Dicat,
1383 2573 1495 2600 canat:
1513 2578 1636 2604 vacuas.
1652 2572 1791 2610 patentes

1058 2611 1182 2642 canenti
1197 2622 1205 2649 3
1228 2611 1403 2651 elegantius
1415 2621 1469 2652 pro
1483 2610 1614 2651 vulgari,
1626 2615 1710 2641 tuas.
1737 2610 1789 2641 Ad

1058 2654 1152 2684 verba
1175 2663 1246 2694 quae
1271 2658 1454 2694 sequuntur,
1483 2652 1561 2684 Tene
1584 2653 1691 2693 magis,
1715 2657 1790 2683 cett.

1060 2696 1131 2726 Vet.
1147 2695 1254 2726 Schol.
1271 2695 1424 2730 observat,
1442 2694 1514 2725 Haec
1529 2696 1608 2724 enim
1629 2694 1739 2725 Variae
1753 2695 1789 2725 de

1058 2739 1195 2778 Augusto
1209 2738 1366 2777 scripserat
1377 2748 1388 2774 ,·
1411 2741 1481 2766 sunt
1500 2742 1600 2767 autem
1619 2746 1654 2766 ex
1667 2736 1788 2766 nobilis-

1055 2781 1124 2810 simo
1142 2780 1330 2821 Panegyrico
1344 2779 1488 2819 Augusti.
1521 2776 1668 2808 Horatius
1682 2777 1787 2819 igitur,

1056 2821 1110 2862 qui
1126 2822 1237 2862 quavis
1253 2826 1372 2862 arrepta
1386 2818 1550 2851 occasione
1566 2818 1700 2859 Augusti
1717 2819 1787 2850 lau-

1052 2864 1106 2894 des
1129 2863 1318 2894 carminibus
1340 2861 1405 2893 suis
1427 2861 1547 2896 inserit,
1563 2871 1646 2892 nunc
1661 2861 1700 2892 de
1722 2870 1786 2891 una

1052 2905 1166 2942 fidelia,
1182 2905 1266 2946 quod
1281 2905 1312 2935 in
1327 2903 1487 2946 proverbio
1501 2902 1625 2939 dicitur,
1642 2902 1721 2934 duos
1733 2903 1787 2934 de-

1053 2948 1138 2979 albat
1152 2946 1301 2989 parietes;
1326 2955 1395 2977 nam
1413 2944 1500 2978 Varii
1516 2944 1671 2980 simuhut
1681 2944 1788 2986 magni
