1904 3314
374 206 746 253 EPISTOLA
783 207 883 250 AD
923 209 1252 255 PISONES.

1528 214 1611 256 567

184 311 306 360 Quin
328 311 420 354 sine
440 310 561 354 rivali
583 318 712 366 teque
734 315 778 352 et
800 316 874 352 tua
897 309 1014 352 solus
1036 326 1219 354 amares.

65 377 153 421 445
182 378 266 422 Vir
284 379 427 422 bonus
447 386 492 422 et
511 379 708 434 prudens
728 392 880 420 versus
901 378 1198 434 reprehendet
1218 380 1395 431 inertes,

183 445 391 503 Culpabit
411 447 559 497 duros,
581 446 780 490 incomtis
803 445 951 488 allinet
972 453 1114 488 atrum

181 514 455 557 Transverso
474 514 638 557 calamo
659 515 845 569 signum,
867 515 1096 556 ambitiosa
1117 517 1284 559 recidet

184 581 467 632 Ornamenta,
489 597 641 637 pamm
654 581 788 624 ’claris
810 581 950 623 lucem
971 582 1076 624 dare
1099 591 1242 639 coget,

182 649 358 707 Arguet
379 650 580 705 ambigue
601 650 779 700 dictum,
801 650 1010 692 mutanda
1030 652 1200 693 notabit
1218 668 1227 692 ε

66 717 155 760 450
183 717 282 761 Fiet
300 718 609 769 Aristarchus3
643 732 731 760 non
753 718 883 767 dicet,
906 718 997 760 Cur
1018 733 1101 774 ego
1123 720 1308 762 amicum

183 785 418 830 offendam
437 788 480 829 in
501 787 660 842 nugis?

720 786 807 828 Hae
828 802 956 842 nugae
980 788 1092 829 seria
1113 788 1276 830 ducent

183 853 237 896 In
255 853 366 897 mala
386 855 577 897 derisum
599 854 732 897 semel
753 863 1075 910 exceptumque
1098 857 1285 899 sinistre.

183 921 250 964 Ut
267 921 379 964 mala
399 937 527 978 quem
549 923 718 965 scabies
738 930 814 964 aut
833 923 1012 965 morbus
1034 925 1181 979 regius
1204 931 1345 980 urget,

181 989 278 1033 Aut
297 990 510 1034 fanaticus
531 1007 655 1035 error
675 1000 719 1035 et
739 992 949 1034 iracunda
970 992 1131 1043 Diana,

111 1133 189 1170 436,
202 1133 278 1166 437.
299 1134 332 1166 Si
342 1138 480 1167 carmina
491 1138 608 1168 condes.
644 1136 694 1167 Tu
705 1134 813 1176 igitur,

67 1175 94 1207 si
115 1186 224 1208 versus
243 1187 263 1208 a
288 1182 320 1209 te
342 1177 442 1210 factos
461 1178 620 1214 recitabis,
643 1189 720 1210 cave
742 1178 814 1217 tibi,

67 1228 109 1251 ue
130 1229 274 1262 unquam
297 1225 330 1252 te
351 1219 466 1252 ludant
488 1226 709 1253 assentatores.
751 1222 814 1251 Sub

67 1262 172 1302 vulpe,
200 1263 262 1294 sub
290 1268 402 1295 astutae
428 1263 534 1306 vulpis
562 1264 726 1306 pellicula,
754 1264 814 1295 sub

67 1303 185 1336 callido
206 1303 352 1347 pectore3
375 1308 478 1346 vulpes
496 1307 593 1342 enim,
613 1307 730 1338 animal
750 1307 815 1338 cal-

39 1361 49 1364 ·
66 1345 269 1385 lidissimum,
284 1349 472 1391 proverbiali
494 1349 654 1381 locutione
678 1360 733 1391 pro
747 1350 814 1380 cal-

66 1388 134 1422 lido
147 1390 262 1434 quovis
276 1391 423 1434 ponitur:
447 1392 576 1423 Persius
592 1403 623 1428 v,
645 1394 718 1427 116,
738 1393 811 1428 117,

68 1432 254 1466 Pellieulam
269 1441 396 1466 veterem
407 1437 530 1473 retines,
542 1442 571 1466 et
576 1436 687 1478 fronte
701 1437 814 1475 politus

68 1477 213 1508 Animam
227 1479 338 1518 vapido
351 1489 449 1509 servas
463 1479 516 1509 sub
530 1487 647 1518 pectore
662 1480 791 1517 vulpem.

112 1519 189 1552 438.
213 1520 406 1555 Quintilius:
430 1531 524 1563 quam
539 1531 632 1552 carus
651 1521 746 1552 fuerit
761 1521 812 1553 hic

71 1561 250 1600 Quintilius
276 1563 422 1602 Horatio,
451 1569 580 1606 apparet
607 1574 647 1596 ex
674 1564 815 1596 carmine

68 1614 135 1647 quo
164 1605 236 1648 ejus
265 1612 395 1638 mortem
425 1606 565 1642 deflevit,
596 1617 667 1649 sup.
698 1607 763 1639 Od.
792 1607 814 1644 i,

69 1648 126 1686 24,
141 1648 197 1679 ubi
211 1649 252 1681 de
267 1659 305 1681 eo
320 1648 392 1680 vide
406 1649 440 1680 in
457 1649 592 1691 Argum.

113 1691 300 1732 439—4541.
323 1692 378 1724 Ad
397 1704 523 1735 negares
545 1697 649 1734 repete
666 1694 711 1723 si.-
736 1691 763 1722 si
782 1697 817 1723 tu

67 1732 201 1771 dicereS,
231 1740 263 1766 te
291 1734 341 1766 bis
370 1741 479 1777 terque
514 1736 630 1766 frustra
663 1734 816 1775 corrigere

68 1781 208 1809 tentasse
246 1778 332 1820 quod
371 1778 550 1816 Quintilius
594 1777 815 1819 corrigendum

70 1825 310 1857 monstraverat,
323 1820 407 1852 idem
422 1827 452 1852 te
466 1826 567 1852 totum
582 1821 686 1851 locum
699 1820 814 1856 delere,

67 1867 103 1894 et
124 1863 207 1895 male
228 1863 403 1896 elaboratos
418 1874 525 1896 versus
545 1864 583 1895 de
605 1863 727 1904 integro
748 1863 814 1894 ela-

69 1905 182 1937 borare
193 1906 339 1948 jubebat.
374 1907 460 1938 Male
474 1908 590 1938 tornati
605 1916 720 1942 versus,
733 1906 815 1938 male

71 1949 260 1992 compositi3
298 1957 450 1988 tornatus,
484 1951 621 1986 caelatus,
656 1950 814 1989 emolitus,

69 1994 236 2024 anxiatus
263 1993 416 2024 translata
451 1998 526 2024 sunt
562 1993 602 2024 ab
630 1992 814 2029 artificibus,

4 2070 11 2074 ⁵
66 2033 127 2077 'qui
149 2045 230 2078 opus
247 2035 378 2078 aliquod
399 2036 451 2068 vel
473 2042 563 2068 torno
582 2035 747 2076 effingunt,
766 2035 815 2067 vel

70 2077 156 2110 coelo
178 2079 380 2122 exsculpunt,
395 2079 446 2111 vel
468 2079 544 2110 lima
565 2079 742 2120 expoliunt,
765 2078 814 2110 vel

70 2120 157 2153 ucis
182 2121 355 2164 levigatum
385 2122 431 2154 sic
454 2131 563 2154 versus
586 2121 815 2162 elegantissimi

69 2171 142 2236 ff.
171 2164 276 2207 Epist.
309 2164 345 2201 ii,
376 2167 410 2204 2,
438 2166 481 2196 92
521 2165 670 2196 Coelutum
713 2176 817 2196 novem

111 2209 174 2238 usis
193 2218 268 2248 opus
282 2213 450 2244 vocantur,
466 2207 522 2239 ubi
537 2207 608 2239 vide
632 2212 716 2238 not-z
742 2218 816 2240 cum

70 2248 161 2281 addit
183 2250 336 2282 Horatius
355 2252 465 2283 incudi
487 2252 623 2287 reddere,
643 2256 762 2292 perstat
784 2249 817 2280 in

69 2289 212 2335 imagine
231 2293 272 2325 ab
293 2293 411 2326 artifice
428 2295 566 2336 quodam
589 2293 754 2331 translata,
777 2293 818 2324 ab

36 2359 42 2364 .
69 2343 110 2366 eo
130 2335 256 2368 scilicet
269 2337 326 2380 qui
340 2347 433 2380 opus,
450 2336 536 2379 quod
553 2336 716 2377 diffingere
736 2336 816 2372 vult,

69 2375 186 2411 iterum
208 2381 307 2412 tradit
324 2382 454 2419 int-udi,
479 2380 526 2412 sic
542 2390 614 2422 sup.
631 2379 695 2411 Od.
719 2380 741 2415 i,
764 2380 818 2415 35,

71 2419 127 2458 ³9,
149 2423 192 2454 40
206 2422 337 2466 serrum
361 2430 497 2455 retusum
523 2424 633 2454 incude
658 2422 819 2465 diffingere

72 2461 201 2497 dieitur.
231 2466 347 2498 Junxit
361 2466 457 2508 igitur
474 2466 626 2498 Horatius
640 2465 722 2497 duas
737 2465 820 2497 inter

69 2515 105 2539 σο
124 2505 291 2550 imagines,
310 2510 440 2541 alteram
464 2510 505 2540 ab
528 2509 648 2540 artifice
663 2508 719 2550 qui
739 2518 819 2551 opus

29 2583 31 2586 ,
73 2553 164 2583 ωηο
184 2551 288 2593 fingit.
306 2553 436 2584 alteram
459 2553 500 2583 ab
521 2562 558 2583 eo
574 2552 630 2594 qui
652 2551 818 2583 metallum

13 2597 44 2635 2*
65 2591 191 2636 incude
211 2594 359 2638 diffingit,
373 2595 528 2634 ductam;
553 2594 638 2636 quod
660 2605 733 2626 cum
756 2605 820 2626 non

67 2633 302 2682 fine-possent
321 2637 471 2670 auctioris
491 2637 613 2679 ingenii
633 2637 702 2674 viri,
720 2637 819 2669 Bent-

21 2681 30 2693 ”’
67 2677 168 2717 ἱόν,
196 2680 454 2723 Cuningbamus,
484 2686 516 2712 et
543 2680 611 2717 alii,
641 2680 716 2711 huic
750 2680 821 2712 loco

73 2723 286 2761 emendando,
301 2724 418 2756 frustra
431 2729 520 2767 puto,
535 2723 736 2755 insudarunt.

10 2787 11 2791 =
39 2768 48 2801 ’.-
77 2769 86 2776 ”
118 2766 196 2799 442.
222 2767 357 2804 Vertere,
372 2773 508 2804 mutare,
523 2766 703 2799 emendare.

54 2810 60 2816 '
118 2809 196 2847 443,
210 2811 288 2842 444.
310 2811 446 2842 Nullum
471 2811 560 2842 ultra
583 2810 719 2845 verbum,
746 2814 822 2841 cett.

49 2857 120 2885 u
144 2853 276 2886 verbum
303 2853 430 2896 quidem
460 2853 610 2889 addebat,
639 2862 698 2883 nec
728 2861 824 2894 opera

56 2899 136 2939 7τᾶ.
153 2904 204 2927 ιω
229 2895 292 2928 lius
307 2895 459 2940 impedire
475 2896 635 2931 studebat,
651 2896 823 2937 quominus

51 2935 137 2974 W
163 2907 228 2973 soli
253 2939 383 2982 tuisque
409 2940 553 2972 versibus
590 2938 731 2982 placeres
760 2940 824 2970 sine

58 2980 182 3020 †=v'·io·t=·‚
209 2981 279 3015 sine
313 2983 411 3015 ullius
447 2982 578 3015 invidia.
631 2980 697 3019 Qui
735 2980 822 3019 facit,

55 3023 164 3067 J'qum!
178 3035 271 3058 nemo
284 3025 400 3059 imitari
417 3026 496 3064 vult,
510 3035 574 3058 uon
590 3025 685 3058 habet
697 3026 823 3056 rivalem

857 1139 890 1166 et
912 1134 1077 1166 aemulum.
1123 1133 1298 1166 Commode
1317 1135 1494 1167 Lambinus
1517 1135 1608 1168 affert

858 1176 964 1208 locum
983 1178 1147 1210 Ciceronis
1164 1178 1203 1209 ad
1220 1178 1262 1215 Q.
1281 1177 1470 1215 Frat.iii,8,
1487 1179 1606 1211 Hirrus

858 1222 1044 1263 auctorsore
1060 1223 1198 1252 videtur.
1230 1221 1256 1251 Ο
1270 1221 1346 1252 Dii!
1369 1233 1457 1263 quam
1473 1223 1605 1262 ineptus,

857 1275 948 1304 quam
965 1275 993 1295 se
1007 1266 1068 1305 ipse
1083 1274 1190 1295 amans
1203 1265 1268 1295 sine
1283 1266 1389 1295 rivali.
1431 1265 1604 1296 Insumebat

859 1316 914 1348 per
925 1317 1056 1347 zeugma
1069 1307 1209 1349 proximo
1220 1313 1343 1338 tantum
1357 1307 1475 1338 nomini
1486 1318 1606 1348 operam

859 1350 1132 1380 accommodatum
1170 1356 1231 1384 est,
1267 1350 1307 1380 ad
1345 1351 1468 1381 verbum
1506 1351 1606 1387 aliud,

858 1402 888 1421 v.
905 1401 934 1421 c.
954 1392 1103 1428 addebat,
1123 1392 1307 1434 adjiciebat,
1325 1393 1374 1424 vel
1397 1393 1514 1429 simile,
1530 1404 1606 1436 sup-

857 1434 1007 1476 plendum
1024 1441 1083 1466 est.

901 1478 977 1509 445.
1004 1478 1111 1509 Versus
1127 1479 1249 1514 inertes,
1267 1477 1386 1519 quibus
1401 1477 1489 1510 deest
1504 1483 1606 1521 poetae

859 1518 906 1550 vis
929 1525 960 1551 et
981 1520 1157 1562 ingenium,
1178 1520 1385 1562 inelegantes,
1401 1522 1534 1554 moleste
1556 1522 1606 1553 iu-

858 1563 1018 1599 cedentes,
1032 1563 1152 1605 jejuni.

903 1607 1088 1638 446—448.
1101 1607 1365 1638 Incomtis'allinet
1375 1613 1479 1638 atrum
1492 1608 1606 1639 Trans-

859 1659 942 1679 verso
969 1651 1095 1687 calamo,
1122 1655 1198 1681 cett.
1245 1650 1367 1681 Versus
1397 1651 1607 1691 negligenter,

860 1696 987 1729 temere,
1006 1697 1038 1723 et
1059 1692 1127 1723 sine
1150 1698 1216 1723 arte
1238 1691 1338 1730 fusos,
1355 1698 1531 1724 transversa
1553 1703 1609 1735 per

858 1734 1017 1765 calamum
1042 1735 1172 1770 lineola,
1189 1735 1240 1766 vel
1265 1735 1421 1774 asterisco,
1440 1736 1491 1767 vel
1515 1735 1607 1767 obelo

860 1778 915 1816 (ut
944 1788 1052 1808 versus
1078 1778 1232 1819 quosdam
1261 1778 1447 1809 Homericos
1469 1778 1608 1809 Aristar-

859 1819 957 1859 chus)
1003 1821 1137 1851 notabit.
1202 1821 1391 1852 Ornamenta
1434 1823 1604 1858 ambiciosa,

860 1862 1008 1904 placendi
1030 1869 1062 1895 et
1077 1874 1165 1894 vanae
1189 1863 1295 1905 gloriae
1318 1863 1486 1906 captandae
1510 1874 1607 1896 causa

860 1906 1025 1938 ambitiose
1049 1906 1239 1948 conquisita,
1266 1908 1471 1943 linui-tantia,
1495 1914 1531 1938 ut
1555 1908 1604 1938 di-

859 1955 977 1980 cuutur
999 1960 1070 1992 sup.
1095 1950 1198 1992 Epist.
1219 1949 1253 1986 ii,
1270 1950 1302 1987 2,
1322 1951 1394 1981 122.
1441 1950 1546 1993 Coget,
1561 1961 1607 1983 sc.

859 1992 1053 2034 scriptorem.

903 2036 979 2067 449.
1003 2037 1134 2077 Arguet,
1157 2034 1322 2072 indicabit,
1347 2040 1383 2066 ut
1405 2045 1479 2078 sup.
1499 2035 1562 2068 Od.
1582 2035 1604 2074 i,

862 2078 914 2114 13,
930 2079 963 2114 7,
980 2084 1012 2110 et
1028 2078 1129 2120 Epod.
1148 2080 1199 2115 ll,
1218 2080 1269 2110 10.

909 2122 1093 2153 450—452.
1131 2122 1338 2156 Aristarchus.
1381 2121 1608 2161 grammaticus

861 2162 1112 2200 Alexandrinus,
1143 2164 1199 2206 qui
1233 2175 1289 2207 pro
1326 2163 1431 2195 lubitu
1469 2165 1608 2196 Homero

860 2216 969 2238 versus
998 2207 1215 2250 abjudicabat,
1243 2217 1361 2249 eosque
1387 2207 1490 2244 obelo,
1522 2208 1554 2238 h.
1577 2219 1608 2240 e.

862 2259 949 2288 veru,
966 2256 1144 2282 transversa
1165 2250 1295 2286 lineola,
1315 2251 1458 2286 notabat,
1481 2261 1607 2292 prover-

861 2291 938 2324 biali
962 2293 1122 2325 locutione
1149 2304 1204 2336 pro
1228 2293 1342 2335 quovis
1364 2303 1473 2325 severo
1499 2293 1610 2336 judice

861 2335 1011 2377 ponitur:
1056 2336 1129 2368 vide
1164 2337 1309 2380 inprimis
1345 2336 1384 2368 de
1420 2347 1458 2368 eo
1489 2337 1610 2369 Illustr.

865 2378 972 2410 Wolfii
999 2379 1129 2421 Proleg.
1155 2379 1195 2411 ad
1225 2381 1354 2411 Homer.
1379 2380 1441 2411 vol.
1466 2379 1488 2418 i,
1511 2382 1526 2419 §
1552 2382 1607 2416 45,

863 2432 895 2469 p.
910 2422 996 2461 2473
1020 2423 1192 2454 Villoison.
1216 2423 1249 2454 in
1269 2422 1429 2454 Anecdot.
1446 2423 1553 2455 Graec.
1568 2424 1607 2455 T.

862 2464 897 2499 ii,
914 2475 944 2506 p.
964 2466 1037 2502 172,
1054 2471 1087 2497 et
1102 2466 1135 2497 in
1152 2466 1280 2508 Proleg.
1297 2467 1337 2498 ad
1357 2467 1489 2498 Homer.
1507 2477 1538 2509 p.
1558 2467 1608 2498 17.

864 2507 936 2538 Non
959 2510 1052 2544 dicet,
1078 2509 1143 2540 Cur
1170 2521 1235 2551 ego,
1260 2514 1335 2541 cett.
1360 2519 1424 2540 non
1449 2509 1546 2546 dicet,
1576 2515 1611 2540 ut

863 2549 946 2581 alius
960 2551 1090 2583 sortasse
1110 2551 1216 2583 miuus
1237 2563 1366 2584 severus
1389 2557 1422 2583 et
1443 2553 1539 2595 paulo
1559 2552 1608 2583 in-

863 2592 1045 2635 dulgentior
1084 2594 1198 2636 judex,
1244 2599 1265 2614 ¹¹
1281 2606 1338 2627 cur
1374 2606 1434 2636 ego
1472 2596 1610 2627 amicum

863 2645 971 2667 meum
996 2636 1029 2668 in
1059 2637 1186 2669 levioris
1214 2640 1365 2671 momenti
1393 2639 1533 2681 peccatis
1561 2639 1608 2669 of—

865 2678 992 2711 fendam
1003 2679 1040 2710 ²3³
1064 2691 1141 2717 non,
1165 2680 1308 2723 inquam,
1332 2681 1374 2712 ita
1398 2682 1484 2713 dicet
1507 2681 1611 2719 Quin·

866 2721 977 2761 tilius}
1000 2733 1073 2754 nam
1095 2724 1164 2755 haec
1180 2723 1250 2766 ipsa
1265 2724 1394 2761 leviora,
1411 2735 1475 2755 non
1490 2731 1611 2756 mature

865 2766 1066 2807 reprehensa,
1082 2773 1192 2809 postea
1214 2768 1307 2799 bonae
1328 2767 1420 2799 famae
1440 2768 1613 2810 scriptoris,

864 2809 963 2840 semel
977 2809 1103 2852 decepti
1117 2815 1151 2841 et
1169 2820 1279 2852 parum
1300 2811 1471 2843 honorifice
1485 2812 1525 2842 ab
1541 2810 1612 2842 aliis

865 2849 1045 2892 dijudicati,
1060 2853 1233 2885 nocebunt.

913 2896 1098 2928 453—456.
1125 2896 1169 2927 Ut
1181 2898 1365 2932 malu,cett.
1403 2898 1527 2938 Junge:
1551 2897 1614 2931 Qui

866 2941 1003 2980 sapiunt,
1030 2946 1148 2980 poetam
1177 2951 1331 2976 vesanum,
1358 2946 1395 2970 ut
1424 2950 1496 2971 euin
1529 2951 1612 2980 quem

865 2984 1128 3024 scabies—urget,
1168 2984 1235 3014 Aut
1268 2984 1438 3024 fanaticus
1478 2993 1563 3014 error
1599 2994 1614 3013 e

867 3027 1020 3057 iracunda
1045 3026 1163 3064 Diana,
1187 3028 1296 3057 timent
1327 3027 1462 3067 tetigisse
1475 3025 1615 3068 fugiimt
