1884 3288
323 192 403 232 198

872 190 1268 233 CARMINUM

490 292 516 331 5
546 291 691 332 Mater
711 305 822 331 saeva
843 291 1117 346 Cupidinum,
1486 348 1496 357 .

604 359 729 399 Circa
749 357 884 398 lustra
905 357 1052 399 decem
1072 358 1246 399 flectere
1267 356 1464 398 mollibus

546 424 576 465 J
578 439 644 465 am
665 424 818 465 durum
837 425 1037 478 imperiis.

1097 424 1199 474 Abi,

601 491 702 538 Quo
723 491 892 532 blandae
906 491 1112 545 juvenum
1133 498 1175 531 te
1193 497 1392 535 revocant
1411 503 1575 544 preces.

544 556 862 611 Tempestivius
882 558 926 597 in
946 558 1118 598 domum

464 624 515 664 10

543 691 838 733 Comissabere
860 691 1054 740 Maximi,

602 624 755 674 Paulli,
776 624 1006 678 purpureis
1028 622 1115 664 ales
1137 622 1341 673 oloribus,

601 758 647 798 Si
669 765 830 799 torrere
845 758 971 811 jecur
991 757 1146 812 quaeris
1167 756 1380 798 idoneum.

542 823 742 877 Namque
763 830 806 864 et
826 822 994 872 nobiliS,
1015 830 1057 864 et
1078 824 1250 873 decens,

602 890 662 931 Et
683 905 761 944 pro
784 889 973 931 sollicitis
994 904 1079 930 non
1101 891 1253 931 tacitus
1271 890 1367 939 reis,

462 955 514 995 15
543 955 603 997 Et
624 964 794 998 centum
816 970 923 1011 puer
944 957 1108 1006 artium,

598 1022 708 1064 Late
730 1024 852 1077 signa
872 1023 982 1063 feret
1002 1022 1159 1063 militiae
1180 1029 1266 1063 tuae
1283 1040 1293 1072 3

542 1089 604 1130 Et
623 1091 882 1143 quandoque
903 1089 1118 1143 potentior

598 1155 753 1209 Largis
774 1155 1020 1195 muneribus
1041 1155 1182 1195 riserit
1201 1153 1354 1202 aemuli,

539 1221 734 1263 Albanos
755 1236 891 1277 prope
914 1229 955 1262 te
975 1220 1092 1262 lacus

455 1289 511 1328 20

537 1351 629 1394 Illic
651 1352 830 1406 plurima
850 1354 1024 1394 naribus

598 1287 738 1329 Ponet
759 1302 1046 1337 marmoream,
1069 1288 1149 1328 sub
1171 1289 1292 1328 trabe
1314 1288 1456 1329 citrea.

594 1419 741 1460 Duces
765 1427 872 1469 tura,
890 1419 1077 1474 lyraeque
1097 1427 1140 1460 et
1162 1420 1431 1474 Berecyntiae

309 1538 355 1574 iii,
370 1540 402 1575 9,
416 1540 448 1576 9,
466 1539 514 1570 Me
524 1551 604 1570 nunc
623 1540 743 1571 Thressa
762 1542 851 1572 Chloe
864 1541 974 1582 regit),
987 1551 1042 1583 pro

313 1580 444 1621 vulgari,
463 1592 535 1612 cum
559 1592 694 1613 amarem
716 1583 884 1614 Cinaram:
910 1583 948 1614 de
970 1589 1043 1614 nota

308 1622 458 1664 loquendi
494 1624 624 1659 ratione,
652 1635 716 1665 qua
743 1636 835 1666 regno
867 1625 1042 1666 puellarum

310 1665 444 1706 subjecti
473 1675 540 1696 esse
567 1666 716 1696 dicuntur
744 1676 849 1697 earum
879 1673 1041 1703 amatores,

309 1705 373 1737 vid.
391 1707 551 1737 Burm.ad
570 1709 708 1749 Propert.
724 1708 768 1741 iii.
786 1710 836 1743 18,
854 1711 885 1739 8.
930 1709 1040 1740 Bonae:

308 1749 437 1779 observa
466 1749 526 1779 vim
561 1750 655 1791 hujus
680 1750 827 1792 epitheti3
859 1750 1041 1781 mollissimo

308 1791 390 1821 enim
404 1791 499 1821 animi
516 1802 608 1822 sensu
627 1792 807 1834 simpliciter
821 1795 923 1823 bonam
939 1799 1041 1828 vocat,

309 1833 360 1863 cui
376 1833 449 1863 olim
466 1835 606 1864 immunis
621 1835 792 1875 placuerat,
808 1835 850 1866 cf.
865 1834 923 1865 inf.
941 1835 1039 1876 Epist.

308 1874 331 1908 i,
357 1876 407 1910 14,
425 1876 479 1910 33,
500 1881 532 1905 et
548 1877 611 1911 cui,
626 1882 661 1907 ut
682 1877 830 1908 Horatius
849 1876 905 1907 ins.
924 1876 966 1911 iv,
989 1879 1039 1912 13,

309 1917 362 1952 22,
380 1917 434 1952 ait,
448 1919 544 1948 breves
557 1918 739 1960 Annosfuta
753 1921 913 1949 dederunt.
952 1919 1038 1949 Flec-

310 1964 371 1988 tere
396 1959 532 1989 mollibus
554 1960 623 1989 Jmn
647 1963 758 1990 durum
784 1963 927 2001 imperiis,
953 1961 1040 1991 novis

309 2001 466 2031 amoribus
497 2011 546 2031 me
574 2002 721 2032 emollire'
741 2003 820 2034 velle
842 2003 909 2044 jam
935 2003 1039 2033 durio-

308 2052 371 2073 rem
390 2049 497 2073 contra
514 2053 568 2074 eos
589 2044 703 2074 sactum
719 2055 726 2081 ;
740 2046 871 2086 flectere
887 2045 927 2075 ab
949 2045 1039 2086 equis

306 2084 440 2115 durioris
454 2085 527 2120 oris,
543 2085 754 2127 quiflectemlo
770 2089 858 2128 (sup.
874 2086 919 2121 iii,
938 2089 968 2121 7.
985 2089 1038 2123 25,

297 2127 425 2166 flectere
445 2138 552 2167 equum
571 2126 681 2167 sciens)
707 2129 883 2164 domantur,
907 2129 1039 2159 transla-

307 2174 384 2198 tum.
429 2169 482 2200 Cl.
506 2169 636 2200 Mitsch.
662 2176 821 2211 comparat
844 2171 1038 2202 Hermesian.

307 2211 397 2251 Eleg.
427 2221 456 2242 v.
487 2212 541 2242 35.
585 2213 687 2248 Quam
720 2212 854 2242 suaviter
883 2213 1037 2242 contraria

305 2254 443 2283 moltibus
464 2258 495 2284 et
515 2255 638 2290 durum,
659 2259 693 2283 ut
711 2254 806 2295 paulo
826 2259 897 2284 ante
914 2265 986 2284 saeva
1008 2259 1039 2284 et

305 2296 452 2330 dulcium,
483 2294 542 2325 sibi
575 2296 792 2337 respondeant,
824 2295 1038 2337 unusquisque

304 2337 396 2368 facile
430 2337 550 2368 sentiet.
604 2337 766 2373 Revoeanr,
795 2349 850 2379 pro
885 2338 1037 2380 simplice,

303 2385 428 2414 vocant,
447 2385 479 2410 ut
494 2380 575 2420 apud
596 2380 664 2411 Liv.
686 2391 716 2415 v,
733 2381 784 2418 35,
800 2383 833 2411 in
847 2386 963 2419 partem
984 2391 1032 2411 re-

301 2432 405 2452 vocare
420 2432 487 2462 pro,
502 2431 622 2453 voca-re.

346 2465 465 2494 9-20.
490 2464 712 2503 Tempestivius,
723 2463 947 2505 opportunius;
963 2471 1032 2495 tem-

300 2507 409 2544 pestive
431 2505 525 2541 enim,
551 2506 581 2544 h.
604 2517 631 2537 e.
651 2506 738 2547 justo
758 2512 894 2547 tempore
913 2506 960 2536 vel
978 2517 1034 2548 op-

301 2553 443 2588 portune,
467 2547 598 2578 veniunt
621 2549 675 2589 qui
699 2547 864 2579 desiderati
888 2549 1033 2588 veniunt3

301 2589 346 2620 sic
365 2591 566 2630 tempestivum
581 2591 694 2631 passim
718 2590 756 2621 de
777 2591 868 2621 rebus
888 2601 959 2631 quae
979 2601 1034 2632 op-

300 2637 433 2672 portuno
444 2633 493 2663 vel
507 2642 564 2662 suo
577 2638 712 2674 tempore
727 2633 825 2670 fiunt;
850 2632 906 2662 inf,
929 2632 1034 2674 Epist.

300 2674 334 2708 ii,
352 2675 382 2710 2,
402 2676 474 2710 142,
497 2677 679 2714 tempestivus
694 2677 796 2713 pueris
811 2676 966 2705 concedere
986 2677 1034 2705 lu-

299 2717 381 2746 dum.
427 2717 554 2747 Paulli:
580 2717 800 2756 intelligendus
824 2717 952 2747 fortasse
975 2722 1031 2754 est,

299 2764 334 2788 ut
358 2758 500 2789 nonnulli
525 2759 734 2800 suspicantur,
760 2757 892 2788 Paullus
917 2759 1031 2789 Fabius

300 2800 474 2836 Maximus,
495 2811 586 2842 quem
609 2800 746 2842 quidem,
761 2800 904 2841 quamvis
924 2806 1032 2842 postea

298 2841 421 2873 demum
437 2853 489 2874 an.
512 2843 552 2874 U.
568 2843 606 2874 C.
626 2854 778 2874 nccxmrr
793 2853 864 2873 cum
882 2844 924 2878 Q.
942 2843 1029 2873 AElio

297 2885 460 2916 Tuberone
480 2885 588 2916 consul
612 2885 680 2922 fuit,
699 2884 792 2915 variis
811 2890 915 2915 tamen
930 2885 1027 2915 nomi-

297 2926 389 2958 nibus
416 2927 481 2968 jam
509 2932 574 2958 tum
601 2927 681 2958 inter
707 2926 874 2958 nobiliores
898 2926 1027 2967 juvenes

1085 1541 1285 1582 conspicuum
1299 1540 1404 1577 fuisse.
1420 1550 1438 1571 e
1453 1539 1611 1577 laudibus,
1625 1551 1704 1582 quas
1714 1541 1817 1574 brevi-

1085 1588 1130 1614 ter
1155 1590 1186 1613 et
1217 1582 1411 1623 παροδικῶς
1434 1583 1534 1623 quasi,
1563 1584 1617 1613 sed
1646 1583 1815 1615 admodum

1085 1624 1203 1659 dextre,
1220 1625 1292 1655 huic
1308 1625 1436 1655 carmini
1453 1624 1600 1655 Horatius
1611 1624 1755 1664 intexuit,
1766 1627 1815 1657 lu-

1085 1668 1226 1697 culenter
1239 1672 1375 1708 apparet.
1419 1667 1588 1706 purpureis
1601 1668 1662 1698 ales
1674 1669 1815 1704 oloribus,

1084 1719 1164 1749 quae,
1179 1714 1328 1750 tanquam
1348 1709 1423 1744 ates,
1440 1719 1532 1740 curru
1551 1709 1659 1740 nitidis
1678 1710 1814 1742 oloribus

1080 1750 1192 1791 juncto
1209 1761 1263 1794 per
1282 1761 1380 1782 aerem
1401 1751 1519 1782 veheris
1534 1762 1542 1781 :
1565 1751 1607 1782 cf.
1625 1761 1694 1798 sup.
1714 1753 1754 1783 ad
1770 1753 1815 1790 iii,

1084 1794 1137 1829 28,
1153 1794 1208 1823 15:
1226 1803 1399 1833 purpureus
1410 1793 1524 1834 passim
1536 1793 1576 1824 de
1587 1794 1744 1826 coloribus
1753 1795 1814 1826 ful-

1084 1835 1163 1875 gidis
1185 1841 1216 1866 et
1238 1835 1365 1876 pulchre
1393 1835 1573 1866 nitentibus.
1619 1836 1815 1868 Comissabere

1084 1878 1116 1907 in
1141 1879 1269 1908 domum.
1314 1878 1472 1908 Comissari
1495 1888 1560 1919 pro,
1584 1887 1616 1908 se
1640 1878 1813 1918 transferre,

1083 1924 1119 1949 ut
1136 1920 1317 1950 Graecorum
1337 1919 1563 1960 εἰσκωμάζειν,
1578 1919 1617 1951 de
1636 1930 1699 1961 quo
1713 1921 1814 1952 multa.

1081 1961 1225 2002 exempla
1241 1961 1367 2002 collegit
1378 1961 1525 1993 Amiciss.
1540 1961 1668 1994 Jacobs.
1681 1962 1714 1993 in
1731 1962 1812 1994 Ani-

1082 2003 1218 2034 madver.
1236 2003 1275 2033 ad
1299 2003 1430 2034 Anthol.
1449 2004 1511 2034 vol.
1533 2004 1566 2039 ii,
1582 2004 1620 2034 Τ.
1639 2003 1673 2042 ἱὶ,
1688 2015 1719 2046 p.
1738 2006 1813 2037 205.

1083 2045 1327 2076 Comissationes
1362 2051 1466 2076 autem
1501 2051 1534 2077 et
1567 2045 1640 2076 laeta
1670 2046 1814 2078 convivia

1081 2087 1222 2128 inprimis
1238 2087 1354 2118 Veneri
1369 2093 1400 2118 et
1414 2088 1483 2129 ejus
1497 2087 1667 2119 comitibus
1681 2094 1764 2130 grata
1782 2095 1814 2121 et

1078 2129 1222 2169 jucunda
1242 2136 1337 2160 sunt:
1363 2130 1403 2160 cf.
1419 2132 1536 2161 Anacr.
1551 2130 1592 2166 vi,
1613 2131 1662 2162 12.
1704 2131 1810 2167 Jecur.

1082 2177 1118 2201 ut
1133 2171 1260 2202 aliarum
1277 2171 1494 2213 cupiditatum,
1506 2171 1549 2202 ita
1565 2172 1678 2203 amoris
1688 2183 1813 2215 quoque

1080 2214 1201 2244 sedem:
1228 2213 1290 2243 vid.
1306 2215 1406 2255 'l'oup.
1427 2213 1469 2244 adv
1489 2213 1624 2254 Longin.
1641 2224 1672 2256 p.
1689 2216 1763 2251 302,
1780 2221 1812 2246 et

1080 2254 1121 2285 cf.
1139 2265 1208 2296 sup.
1231 2256 1270 2285 ad
1292 2255 1314 2289 i,
1340 2257 1388 2291 13,
1407 2258 1436 2286 4.
1482 2255 1637 2291 Idoneum,
1658 2265 1705 2287 sc.
1725 2258 1811 2298 quod

1080 2302 1227 2327 torreatur
1248 2297 1415 2327 amoribus.
1461 2297 1586 2334 Decens,
1610 2298 1751 2339 pulcher,
1777 2310 1811 2330 a-

1082 2339 1216 2376 mabilis,
1237 2344 1271 2369 ut
1293 2348 1360 2381 sup.
1385 2341 1406 2376 i,
1431 2340 1482 2375 18,
1506 2341 1537 2375 6,
1564 2341 1660 2370 Vama
1681 2342 1808 2379 decens,-

1076 2385 1108 2410 et
1128 2381 1245 2422 passim
1261 2380 1346 2411 alibi.
1394 2382 1460 2412 Non
1478 2383 1598 2416 tacitus,
1619 2381 1722 2413 litotes
1742 2394 1812 2431 pro„

1075 2422 1219 2454 disertus.
1249 2424 1375 2454 Centum
1383 2427 1591 2463 puerarrium,
1603 2424 1810 2466 complurium

1076 2464 1186 2495 artium
1208 2464 1337 2495 scientia
1357 2465 1507 2502 imbutus,
1529 2466 1675 2509 pluribus>
1689 2467 1810 2499 artibus

1077 2506 1169 2537 simul
1186 2507 1356 2543 excellens,
1374 2508 1450 2538 nihil
1464 2508 1613 2551 ampliuS.
1657 2508 1699 2539 Et
1711 2521 1810 2550 quan—

1076 2550 1168 2589 doque
1195 2551 1341 2590 poeentior
1371 2550 1482 2592 Largis
1509 2551 1683 2581 muneribus
1707 2553 1810 2583 riserit

1076 2592 1187 2628 amuli,
1199 2598 1228 2622 et
1242 2591 1368 2632 quando
1382 2602 1414 2623 se
1430 2602 1449 2622 a
1462 2592 1568 2634 puella
1579 2602 1636 2623 sua
1650 2591 1689 2623 iis
1704 2592 1810 2624 rivali-

1078 2633 1147 2667 bus,
1172 2633 1226 2674 qui
1248 2633 1342 2674 largis
1363 2635 1544 2665 muneribus
1565 2634 1646 2665 viam
1673 2635 1713 2666 ad
1737 2646 1807 2667 eam

1079 2675 1312 2711 affectaverant,
1328 2686 1390 2706 non
1405 2676 1472 2707 sine
1481 2676 1622 2724 jucunda
1637 2677 1733 2708 animi
1751 2688 1806 2709 vo-

1076 2717 1193 2758 luptate
1213 2718 1371 2759 praelatum
1394 2727 1461 2748 esse
1482 2718 1686 2749 intellexerit:
1709 2731 1808 2760 qua-n-

1075 2762 1166 2799 doque
1192 2770 1245 2800 pro
1269 2759 1421 2801 simplice,
1448 2760 1586 2801 quando,
1610 2765 1644 2791 ut
1669 2761 1805 2793 carmine

1074 2808 1222 2842 sequente
1251 2811 1279 2833 v.
1308 2803 1359 2832 34.
1408 2802 1530 2836 Riserit,
1563 2812 1608 2833 sc.
1643 2803 1808 2835 aemulum.

1073 2845 1203 2874 Albanos
1243 2854 1334 2883 prope
1378 2845 1470 2874 lucus.
1527 2844 1626 2875 Lacus
1668 2845 1806 2876 Albanus

1072 2888 1187 2926 (nunc,
1210 2885 1292 2927 Lago
1315 2887 1347 2916 di
1373 2886 1471 2917 Castel
1495 2886 1666 2928 Gandolfn)
1690 2886 1749 2917 suit
1771 2887 1809 2918 in·

1071 2938 1193 2958 nemore
1222 2927 1287 2958 sive
1317 2928 1388 2958 luco
1422 2928 1558 2965 Albano,
1584 2928 1622 2959 de
1652 2938 1715 2970 quo
1741 2929 1804 2960 vid'.
