1904 3314
327 193 413 234 536

659 194 1020 237 EPISTOLA
1057 194 1152 236 AD
1191 193 1510 235 PISONES.

390 293 416 332 5
445 291 695 347 Spectatum
714 295 888 335 admissi
906 295 1036 335 risum
1056 294 1251 343 teneatis,
1273 293 1421 334 amici?

446 358 634 409 Credite,
656 359 848 409 Pisones,
870 360 940 401 isti
960 358 1117 400 tabulae
1138 359 1230 400 fore
1250 359 1404 399 librum

446 424 723 474 Persimilem,
745 427 882 480 cujus,
904 425 1019 466 velut
1039 426 1143 480 aegri
1165 426 1337 473 somnia,
1360 439 1479 464 vanae

446 490 683 545 Fingentur
704 491 882 545 species,
905 498 952 532 ut
972 505 1049 532 nec
1069 505 1162 545 peS,
1184 505 1262 531 nec
1283 497 1411 544 caput
1431 490 1506 530 uni

447 556 678 598 Reddatur
698 557 857 598 formae.
919 558 1161 605 Pictoribus
1183 565 1310 610 atque
1332 557 1470 610 poetis

366 623 417 663 10
448 623 672 670 Quidlibet
694 623 879 664 audendi
901 638 1067 677 semper
1087 623 1167 664 fuit
1188 638 1310 676 aequa
1331 629 1535 677 potestas.

450 688 628 739 Scimus,
651 697 694 730 et
713 690 821 730 hanc
841 691 1003 730 veniam
1023 690 1295 743 petimusque
1316 690 1550 742 damusque
1571 686 1768 729 vicissim.

507 755 595 796 Sed
616 771 715 804 non,
737 763 785 796 ut
805 755 983 809 placidis
1005 762 1155 796 coeant
1176 756 1374 806 immitia3
1405 770 1503 804 non,
1525 762 1574 796 ut

450 821 682 875 Serpentes
705 822 853 862 avibus
873 822 1153 875 geminentur,
1176 821 1356 874 tigribus
1377 821 1488 875 agni.

339 957 483 988 solemus.
512 957 605 995 Quod
621 958 646 988 si
662 963 855 999 reputassent
870 967 972 988 secum
990 967 1067 986 non-

339 999 420 1029 nulli
449 999 639 1040 interpretes,
667 1010 730 1030 non
761 1009 882 1041 operam
914 999 946 1028 in
976 998 1070 1037 hujus

339 1040 486 1071 carminis
509 1041 668 1071 sententiis
693 1041 914 1082 praeceptisque
938 1039 976 1070 ad
1003 1050 1068 1070 cer-

339 1087 405 1112 tum
433 1083 570 1113 ordinem
595 1083 756 1113 artificiose
783 1088 814 1113 et
838 1091 942 1112 severa
969 1091 1068 1121 gram-

339 1124 524 1154 maticorum
542 1124 711 1155 subtilitate
726 1125 805 1155 inter
821 1134 853 1154 se
867 1122 1070 1154 conciliandis

340 1165 557 1206 perdidissent.
602 1166 739 1202 Titulus,
774 1166 828 1206 qui
865 1166 960 1205 vulgo
997 1165 1069 1195 huic

340 1207 470 1237 carmini
487 1207 663 1249 praefigitur.
678 1209 735 1239 Ars
753 1209 880 1241 Poetica.
898 1213 942 1237 est
959 1207 1070 1237 Gram-

340 1249 523 1280 maticorum
539 1249 710 1280 inventum.
745 1249 916 1291 Separatim
933 1249 999 1279 sine
1015 1249 1070 1279 du-

340 1290 392 1321 bio
415 1291 495 1322 hanc
513 1291 652 1333 Epistola
668 1291 765 1322 edidit
782 1291 949 1329 Horatius3
973 1295 1073 1331 potest

339 1332 437 1372 igitur
451 1333 506 1363 illa
518 1335 563 1364 vel
579 1333 619 1363 ad
632 1333 744 1363 librum
761 1334 930 1364 secundum
948 1333 1071 1373 Episto-

341 1374 441 1404 larum
462 1375 574 1410 referri,
593 1374 642 1406 vel
663 1375 845 1416 simpliciter
868 1374 1009 1415 Epistola
1032 1373 1070 1404 ad

342 1415 474 1447 Pisones
490 1416 604 1447 vocari.

385 1459 556 1500 Praecepta.
572 1458 683 1489 futuris
701 1458 800 1499 poetis
819 1463 851 1488 et
873 1456 1073 1499 scriptoribus

340 1499 375 1530 in
395 1500 454 1530 hac
477 1501 617 1542 Epistola
639 1501 679 1530 ab
695 1501 823 1531 Horatio
846 1499 1014 1541 proposita,
1032 1500 1073 1529 V.

344 1541 395 1573 Cl.
412 1543 592 1576 Wetzelius.
615 1542 647 1572 in
667 1541 796 1582 gratiam
817 1552 920 1572 eorum
941 1541 995 1582 qui
1018 1540 1074 1571 illa

342 1593 407 1614 uuo
418 1585 528 1614 obtutu
543 1594 729 1624 cognoscere
740 1590 771 1614 et
787 1583 917 1614 lustrare
932 1583 1073 1624 cupiant,

345 1625 455 1666 paucis
488 1626 588 1656 verbis
620 1635 766 1667 expressa
802 1625 897 1666 hujus
931 1624 1074 1656 carminis

344 1667 437 1697 fronti
454 1668 658 1708 praeponenda
678 1666 806 1698 curavit.
840 1666 992 1707 Equidem
1008 1666 1075 1708 ipse

343 1707 383 1738 de
397 1709 560 1751 praeceptis
575 1720 646 1750 quae
666 1709 751 1741 dedit
766 1708 916 1739 Horatius
937 1719 992 1740 suo
1008 1709 1075 1739 loco

345 1759 448 1790 agam.

389 1794 503 1823 l—ll.
520 1792 660 1824 Primum
672 1794 868 1834 Praeceptum
882 1805 888 1822 :
907 1793 974 1828 Rei,
987 1805 1073 1833 quom

343 1835 484 1866 describit
510 1842 605 1874 poeta.
631 1846 727 1866 omues
755 1847 790 1866 ac
819 1836 945 1875 singulm
974 1842 1075 1874 partes

343 1879 516 1915 respondere
530 1883 558 1907 et
572 1879 791 1907 accommodata>
806 1887 860 1907 esse
876 1878 991 1907 debent.

390 1918 420 1947 1.
445 1919 586 1948 Humano
602 1921 706 1958 capiti,
720 1925 796 1950 cett.
827 1920 933 1954 Poeta,
946 1918 999 1960 qui
1017 1919 1073 1949 ali·

345 1958 422 1999 quid
437 1959 526 2000 fingit
540 1960 630 2001 cujus
646 1966 746 2002 partes
762 1961 803 1991 rei
826 1961 905 1991 flctae
923 1972 982 1991 non
1002 1971 1076 1990 con-

343 2000 485 2038 veniunt,
510 2002 620 2031 similis
646 2008 694 2033 est
719 2003 842 2044 pictori,
868 2002 921 2042 qui
950 2003 1077 2033 formam

345 2042 483 2083 aliquam
514 2053 552 2073 ex
583 2044 740 2074 hominum
770 2050 802 2074 et
826 2045 979 2075 variorum
1010 2044 1078 2075 ani-

345 2085 474 2115 malium
508 2085 653 2115 membris
691 2086 819 2116 ridicule
854 2087 1011 2128 componit
1048 2093 1080 2117 et

345 2126 474 2167 effingit.

389 2169 530 2198 Humano
553 2170 666 2208 capiti:
691 2169 783 2209 quale
806 2175 902 2210 caput
926 2169 1075 2200 Horatius

344 2209 544 2246 intellexerit,
568 2221 622 2253 per
644 2212 796 2241 mulierem
812 2212 977 2253 formosam
1000 2222 1029 2242 v.
1055 2214 1074 2241 4

345 2252 538 2293 designatur.

389 2296 486 2325 2—4.
507 2295 550 2325 'Et
564 2297 663 2325 varius
679 2296 818 2325 imlucere
833 2295 948 2333 plumas
962 2307 969 2323 .·
993 2294 1074 2330 haec,

345 2335 447 2367 deleta
474 2336 674 2367 distinctione
704 2343 773 2378 post
796 2338 922 2375 plumas,
948 2347 1009 2366 non
1037 2336 1076 2366 ad

347 2377 566 2420 praecedentia,
584 2378 637 2408 sed
663 2378 701 2408 ad
723 2379 884 2419 sequentia
903 2378 1019 2416 refer03
1045 2384 1077 2408 ut

347 2419 399 2456 sit,
415 2426 447 2451 et
461 2420 536 2451 varii
558 2420 668 2451 coloris
689 2430 806 2461 pennas
824 2420 968 2450 membris
984 2420 1074 2450 undi-

348 2471 410 2502 que
430 2462 554 2493 collatis
571 2462 750 2503 appingere.
794 2462 940 2492 India-ere
955 2462 993 2493 de
1011 2462 1075 2504 pic—

347 2503 475 2539 toribus,
492 2504 547 2545 qui
562 2504 709 2545 penicillo
723 2503 856 2534 colorem
874 2503 1001 2544 pictura:
1019 2504 1076 2534 ali-

346 2545 398 2576 cui
421 2545 550 2576 illinunt
570 2546 619 2577 vel
644 2546 833 2577 immittunt:
859 2546 944 2576 Plin.
970 2547 1010 2577 H.
1032 2547 1076 2576 N.

348 2598 443 2623 xxxv,
463 2589 511 2621 16,
531 2590 652 2619 colorem
672 2590 812 2618 inducere
834 2590 970 2628 picturae.
1018 2588 1071 2618 Vct-

347 2631 419 2666 rias,
436 2629 632 2661 versicolores
647 2642 653 2667 ;
678 2630 721 2660 sic
738 2640 819 2671 saepe
835 2633 936 2660 varius
952 2630 1077 2670 (ποίκι-

347 2671 435 2710 λος).
483 2673 621 2712 Undique
657 2673 774 2702 collutis
807 2674 952 2706 membris,
983 2671 1016 2701 h.
1050 2683 1078 2703 e.

347 2713 929 2755 membrisundequaque,i.e.aquovis
938 2713 1078 2751 animali,

349 2755 508 2786 translatis
524 2762 555 2787 et
570 2756 710 2786 ridiculae
726 2755 840 2796 speciei
855 2762 1076 2796 repraesentan-

348 2797 397 2828 dae
414 2797 583 2836 adhibitis3
607 2798 651 2829 sic
671 2798 763 2839 plane
779 2800 911 2837 undique
928 2808 998 2839 sup.
1015 2798 1077 2830 Od.

348 2838 371 2875 i,
392 2840 441 2877 16,
461 2841 512 2876 14,
527 2841 639 2871 Fertur
656 2841 845 2870 Prometheus
862 2841 970 2870 addere
989 2843 1074 2879 prin-

347 2883 408 2922 cipi
424 2882 510 2914 Limo
530 2889 648 2914 coactus
665 2883 846 2922 particulam
863 2883 994 2922 undique
1013 2882 1073 2912 De-

342 2931 464 2961 sectam,
479 2931 507 2956 et
523 2926 621 2956 insani
637 2925 726 2955 leonis
746 2924 809 2954 Vim
827 2925 970 2954 stomacho
985 2935 1074 2964 appo·

1110 958 1200 987 tuisse
1228 964 1338 988 nostro.
1387 957 1439 992 Ut,
1464 956 1509 987 ita
1533 955 1661 998 quidem
1690 959 1737 992 ut,
1765 959 1841 986 cett.

1111 999 1233 1032 Atrum,
1259 997 1390 1035 foedum,
1413 1003 1544 1039 turpem,
1566 1002 1601 1028 ut
1621 998 1716 1037 phocae
1741 1002 1842 1036 turpes

1113 1039 1197 1080 apud
1213 1039 1304 1079 Virg.
1322 1040 1402 1070 Geo.
1420 1038 1464 1074 iv,
1482 1040 1556 1070 395.
1594 1039 1720 1069 Desinat
1736 1040 1765 1069 in
1781 1040 1840 1078 pis-

1112 1092 1170 1111 cem
1185 1093 1192 1110 .-
1218 1081 1308 1120 Virg.
1324 1081 1402 1112 AEn.
1419 1092 1450 1115 x,
1461 1082 1521 1110 211
1541 1081 1579 1111 de
1594 1079 1733 1114 Tritone.
1747 1079 1842 1110 From

1112 1124 1255 1153 hominem
1268 1124 1405 1163 profert,
1422 1125 1454 1152 in
1468 1124 1579 1162 pristin
1593 1123 1701 1152 desinit
1717 1123 1813 1153 alvus.

1155 1167 1186 1194 5.
1209 1165 1380 1204 Spectatum
1395 1166 1527 1199 admissi,
1540 1169 1613 1195 cett.
1625 1174 1713 1199 num.
1725 1173 1844 1205 quaeso,

1114 1206 1206 1237 amici
1231 1206 1392 1248 (Pisones,
1408 1205 1446 1237 ad
1467 1216 1546 1248 quos
1569 1205 1684 1247 scripta
1706 1211 1754 1236 est
1774 1206 1842 1236 baec

1114 1248 1254 1289 epistola,
1270 1248 1438 1290 appellat),
1453 1249 1480 1278 si
1499 1248 1596 1289 pictor
1617 1247 1739 1289 copiam
1755 1247 1844 1279 vobis

1115 1290 1238 1321 fecisset
1248 1290 1400 1330 ejusmodi
1410 1296 1613 1320 monstrosam
1621 1289 1756 1331 speciem
1768 1299 1843 1321 con-

1115 1333 1296 1373 templandi,
1330 1342 1414 1366 num,
1444 1331 1586 1373 inquam.
1620 1341 1638 1362 a
1667 1331 1728 1362 risu
1754 1331 1843 1363 vobis

1115 1379 1284 1415 temperare
1299 1373 1430 1414 possetis
1441 1374 1453 1402 'l

1157 1417 1252 1446 6-9,
1276 1416 1407 1450 Credite,
1427 1416 1560 1448 Pisones.
1577 1418 1651 1446 cett.
1685 1415 1757 1446 Jam
1773 1414 1842 1444 Ho-

1116 1458 1224 1492 ratius,
1246 1457 1323 1498 quid
1346 1457 1405 1488 sibi
1423 1455 1554 1487 voluerit
1575 1466 1647 1487 cum
1672 1455 1792 1492 tabula,
1810 1455 1844 1487 iu

1117 1510 1178 1540 qua
1194 1505 1364 1534 monstrosa
1390 1499 1486 1529 forma
1502 1507 1520 1528 a
1536 1497 1650 1540 pictore
1665 1497 1772 1539 aliquo
1790 1507 1844 1529 ex-

1117 1541 1215 1571 hibita
1233 1541 1282 1574 sit.
1299 1540 1308 1570 i
1333 1551 1364 1571 se
1379 1539 1525 1582 explicat.
1566 1540 1706 1570 Turbant
1719 1545 1844 1571 senten-

1119 1582 1204 1617 tiam,
1227 1583 1282 1623 qui
1307 1551 1504 1613 distinctione
1527 1581 1642 1623 majore
1666 1583 1846 1623 pomamiei

1118 1625 1253 1658 sublata,
1284 1627 1373 1655 amici
1405 1629 1436 1655 et
1467 1624 1587 1654 Pisones
1614 1623 1762 1665 jungunt.
1806 1624 1847 1655 L.

1119 1667 1209 1708 Calp.
1223 1666 1366 1697 Pisonem
1381 1677 1418 1697 ex
1431 1671 1521 1706 gente
1536 1665 1730 1696 nobilissima
1744 1671 1846 1696 ortum

1118 1708 1224 1744 fuisse,
1234 1709 1299 1750 jam
1312 1708 1342 1738 in
1354 1708 1485 1748 Argum.
1496 1707 1613 1738 monui.
1630 1707 1749 1738 Pisones
1760 1706 1843 1739 sciti-

1118 1756 1196 1781 ceta
1209 1751 1386 1790 Calp0.fi1io
1398 1751 1511 1781 Numae
1523 1749 1683 1792 Pompilii,
1694 1749 1846 1790 originem

1116 1803 1204 1824 suam
1224 1793 1425 1834 repetebant3
1447 1792 1530 1823 unde
1553 1791 1610 1822 inf.
1626 1801 1654 1822 v.
1675 1792 1737 1822 292
1755 1791 1844 1823 Pom-

1114 1836 1208 1875 pilius
1229 1837 1352 1875 sanguis
1366 1839 1529 1864 vocantur.
1571 1834 1642 1865 Jam
1658 1837 1729 1875 post
1747 1833 1844 1876 scrip-

1117 1883 1180 1907 tam
1202 1877 1283 1906 hanc
1304 1875 1476 1918 Epistolam
1499 1877 1536 1906 L.
1551 1875 1609 1907 Cal
1635 1897 1644 1906 .
1657 1874 1731 1906 Piso
1748 1876 1791 1908 U.
1806 1876 1847 1908 C.

1120 1929 1324 1950 Dccxxxvrtr
1348 1929 1419 1949 cum
1436 1918 1485 1948 M.
1500 1916 1590 1948 Livio
1640 1927 1710 1947 ruso
1725 1917 1846 1949 Libone

1121 1961 1229 1991 consul
1259 1960 1338 1991 suit:
1369 1959 1434 1991 vid.
1465 1958 1605 1997 Freinsh.
1635 1958 1747 2001 Suppl.
1776 1959 1846 1990 Liv.

1121 2003 1245 2036 cxxxvi,
1262 2003 1315 2034 51.
1358 2003 1446 2032 Idem
1464 2007 1571 2044 postea
1586 2001 1655 2032 urbi
1679 2001 1846 2043 praefectus

1121 2050 1165 2074 est
1182 2055 1200 2075 a
1215 2044 1358 2075 Tiberio:
1382 2043 1445 2074 vid.
1462 2045 1590 2075 Sueton.
1606 2043 1678 2074 Tib.
1691 2044 1744 2079 42.
1759 2043 1847 2075 Vell.

1124 2088 1245 2117 Patere.
1261 2086 1292 2121 ii,
1305 2087 1357 2117 98.
1388 2086 1445 2116 Isti
1456 2087 1575 2119 tabulae.
1587 2084 1620 2115 in
1631 2094 1695 2126 qua
1706 2084 1788 2127 pieta
1798 2091 1848 2117 est

1118 2135 1302 2161 monstrosa.
1327 2138 1419 2169 quam
1445 2127 1521 2165 dixi,
1544 2126 1675 2169 speeies.
1718 2127 1846 2159 Librum

1117 2173 1247 2210 —eujus
1274 2170 1301 2199 F
1302 2172 1446 2211 ingentur
1474 2171 1590 2210 species,
1614 2176 1650 2200 ut
1677 2179 1731 2200 nec
1754 2179 1847 2209 pes—-

1120 2212 1280 2243 Reddatur
1291 2212 1412 2252 formoe.
1429 2211 1462 2242 h.
1479 2221 1509 2242 e.
1522 2218 1656 2252 poetam,
1670 2220 1767 2252 aquo
1786 2211 1848 2242 sor.

1117 2263 1187 2289 mae,
1212 2253 1310 2284 veluti
1331 2252 1452 2283 somnia
1476 2253 1552 2284 febri
1575 2253 1757 2287 laborantis.
1781 2258 1846 2284 tam

1117 2305 1206 2326 vanae
1230 2301 1262 2326 et
1276 2294 1414 2325 ridiculae
1437 2295 1600 2335 fingentur,
1615 2299 1652 2325 ut
1664 2294 1720 2325 uni
1738 2294 1844 2326 formae

1118 2347 1176 2367 nec
1205 2347 1270 2379 peS,
1295 2347 1351 2367 nec
1379 2342 1484 2378 caput,
1507 2337 1591 2377 quod
1615 2336 1644 2367 ei
1671 2336 1847 2373 conveniat,

1119 2379 1280 2409 tribuatur.
1310 2379 1370 2409 Pro
1371 2379 1534 2419 fingentur
1545 2378 1578 2409 in
1590 2377 1732 2420 pluribus
1744 2378 1847 2410 Codd.

1119 2421 1199 2461 apud
1224 2421 1317 2451 Feam
1336 2426 1366 2451 et
1389 2420 1421 2450 in
1441 2420 1584 2451 omnibus
1607 2419 1745 2461 antiquis
1759 2419 1848 2452 editt.

1118 2463 1197 2493 male
1213 2462 1523 2503 legiturfirzgimtur5
1548 2472 1618 2493 nam
1634 2462 1768 2510 primum
1776 2463 1845 2503 fin-

1115 2512 1231 2544 geritur
1247 2504 1410 2545 respondet
1431 2503 1535 2534 futuro
1548 2503 1621 2547 fore
1639 2514 1673 2535 m
1686 2514 1717 2535 v-
1730 2504 1771 2542 63
1793 2504 1847 2536 de-

1120 2545 1192 2577 inde
1210 2546 1276 2588 jam
1292 2552 1398 2576 monet
1416 2546 1565 2577 Horatius
1586 2546 1705 2577 futuros
1723 2545 1848 2578 demum

1119 2594 1238 2629 poetas,
1258 2593 1289 2619 et
1314 2587 1440 2629 proinde
1463 2588 1584 2619 Pisonis
1603 2587 1703 2619 filium
1721 2597 1848 2630 quoqne

1121 2635 1197 2660 natu
1229 2630 1387 2671 majorem,
1416 2629 1456 2660 ad
1487 2629 1595 2671 poesin
1627 2628 1847 2671 adspirantem.

1126 2672 1179 2707 Ut,
1193 2672 1274 2703 sicut
1288 2683 1317 2702 v.
1340 2673 1372 2707 3,
1389 2682 1453 2714 pro,
1468 2671 1510 2701 ita
1525 2670 1651 2712 quidem
1673 2676 1720 2702 ut.
1763 2671 1845 2703 Red-

1120 2716 1224 2752 datur,
1239 2714 1340 2749 detur,
1356 2713 1439 2755 quod
1454 2713 1587 2744 debebat
1601 2712 1679 2744 dmi.
1715 2713 1847 2745 Pictori-

1121 2757 1173 2787 bus
1187 2763 1275 2797 atque
1287 2757 1390 2796 poetis,
1401 2760 1475 2786 cett.
1501 2756 1546 2785 At
1562 2754 1660 2797 poetis
1674 2760 1769 2797 atque
1781 2755 1848 2798 pic-

1120 2798 1249 2835 toribus,
1265 2802 1401 2839 opponat
1416 2796 1492 2827 mihi
1511 2796 1634 2838 aliquis,
1650 2807 1769 2838 semper
1791 2807 1847 2828 au-

1119 2840 1227 2871 dacius
1243 2839 1361 2881 aliquid
1375 2838 1509 2880 fingendi
1523 2839 1596 2870 data
1610 2843 1656 2870 est
1670 2838 1807 2870 licentia.

1163 2883 1298 2913 12-23.
1321 2881 1499 2912 Secundum
1517 2880 1733 2922 Praeceptum:
1757 2881 1848 2912 Poeta

1118 2936 1176 2955 non
1201 2926 1284 2955 debet
1308 2934 1403 2955 secum
1428 2925 1632 2965 repugnantia
1656 2924 1848 2964 conjungere,
