1904 3314
315 189 400 231 306

852 190 1284 235 SATIRARUM

430 291 613 334 Insidias
633 293 742 343 fieri,
764 295 1033 348 pretiumque
1054 293 1238 343 avellier,
1259 301 1357 334 ante

321 358 400 399 105
430 358 572 407 Quam
591 374 772 401 mercem
793 361 991 402 ostendi?
1051 361 1261 415 Leporem
1282 366 1456 400 venator
1476 366 1520 400 ut
1539 360 1630 402 alta

430 426 484 467 In
504 427 598 468 nive
615 433 813 476 sectetur,
828 428 1015 482 positum
1036 428 1100 467 sic
1121 433 1298 481 tangere
1316 426 1432 474 nolit,

431 492 600 543 Cantat,
623 500 666 534 et
687 495 878 548 opponit,
901 494 1028 534 Meus
1047 499 1110 534 est
1130 508 1247 534 amor
1267 493 1365 533 huic
1384 492 1534 533 similis
1544 510 1560 541 ,·
1590 507 1686 534 nam

437 559 480 598 T
474 560 694 600 ransvolett
713 560 757 600 in
776 561 908 600 medio
921 560 1085 614 posita,
1107 565 1149 600 et
1154 559 1382 614 fugientia
1402 564 1563 613 captat.

431 624 609 666 Hiscine
631 625 847 667 versiculis
870 640 1019 679 speras
1041 626 1118 666 tibi
1138 639 1267 679 posse
1289 624 1457 666 dolores

321 690 402 731 110
431 689 577 744 Atque
598 698 727 732 aestus
747 705 956 745 curasque
976 705 1127 745 graves
1149 705 1172 731 e
1193 697 1366 744 pectore
1388 689 1508 732 tolli?

431 757 603 807 Nonne,
627 758 898 811 cupidinibus
920 764 1079 798 statuat
1100 764 1250 797 natura
1271 757 1442 798 modum
1462 771 1603 811 quem,

433 823 552 870 Quid
571 823 722 872 latura,
743 824 824 863 sibi
844 824 949 877 quid
971 825 1024 864 sit
1044 823 1230 863 dolitura
1250 830 1462 876 negatum,

433 890 642 936 Quaerere
662 889 758 943 plus
778 889 970 942 prodest,
992 896 1034 929 et
1054 889 1178 929 inane
1199 889 1449 929 abscindere
1471 888 1622 930 soldo?

431 954 550 995 Num
571 955 662 1004 tibi,
685 969 816 1008 quum
837 954 979 996 fauces
1001 955 1087 995 urit
1109 955 1215 1002 sitis,
1238 969 1367 995 aurea
1386 955 1542 1008 quaeris

322 1021 402 1061 115
432 1021 623 1062 Pocula?
655 1036 754 1061 num
774 1021 965 1061 esuriens
987 1020 1154 1061 fastidis
1175 1020 1313 1060 omnia
1334 1027 1490 1073 praeter

433 1086 647 1127 Pavonem
664 1087 1005 1140 rhombumque?
1028 1093 1193 1126 tument
1210 1086 1287 1126 tibi
1306 1100 1437 1139 quum
1450 1085 1640 1140 inguina,
1655 1101 1770 1137 num,
1789 1087 1824 1128 si

430 1152 601 1193 Ancilla
618 1160 692 1193 aut
714 1167 842 1193 verna
862 1159 928 1193 est
947 1159 1107 1206 praesto
1129 1166 1250 1206 puer,
1271 1152 1456 1205 impetus
1476 1152 1520 1192 in
1540 1166 1668 1206 quem

432 1218 647 1259 Continuo
667 1219 756 1268 fiat,
779 1218 896 1259 malis
918 1218 1126 1272 tentigine
1148 1218 1319 1271 rumpi?

430 1284 533 1325 Non
554 1301 658 1339 ego3
690 1300 871 1339 namque
892 1285 1124 1338 parabilem
1146 1299 1239 1324 amo
1260 1284 1472 1325 Venerem
1493 1283 1756 1339 facilemque.

322 1351 402 1391 120
433 1351 565 1401 Illam,
588 1353 694 1392 Post
715 1352 856 1406 paulo,
881 1351 957 1392 sed
978 1350 1126 1404 pluris,
1150 1351 1184 1391 si
1206 1351 1358 1391 exierit
1378 1352 1454 1399 vir,

432 1417 595 1466 Gallis3
627 1418 752 1465 hanc,
777 1417 1054 1458 Philodemus
1075 1417 1147 1465 ait,
1172 1418 1265 1464 sibi,
1288 1432 1383 1470 quae
1404 1431 1542 1471 neque
1563 1433 1716 1472 magno

435 1483 530 1524 Stet
551 1485 703 1537 pretio,
726 1499 866 1538 neque
887 1490 1125 1532 cunctetur,
1149 1498 1279 1536 quum
1299 1490 1365 1523 est
1379 1484 1502 1537 jussa
1520 1484 1677 1525 venire.

320 1570 370 1600 De
394 1571 495 1607 Catia,
516 1571 604 1602 foedae
631 1571 770 1601 libidinis
792 1577 944 1605 matrona,
969 1581 1051 1610 quae,

319 1612 398 1641 stola
416 1623 475 1642 non
491 1613 637 1647 demissa,
655 1614 707 1643 sed
725 1623 845 1643 sursum
865 1618 972 1646 tracta,
987 1613 1052 1653 pel-

318 1653 411 1684 licere
427 1654 573 1684 studebat
588 1654 780 1688 libidinosos,
797 1654 859 1684 vid.
874 1654 979 1684 Schol.

361 1696 415 1725 96.
443 1696 538 1732 Vallo,
555 1697 644 1731 stola,
663 1703 810 1735 tanquam
827 1696 919 1726 vallo.

355 1737 413 1767 97.
437 1737 514 1774 Hoc,
526 1738 736 1768 obstaculum.
765 1738 874 1768 Muttoe
887 1748 940 1774 res,
953 1737 1051 1768 multa

318 1778 392 1809 alia.

361 1822 414 1850 98.
438 1821 588 1857 Custodes,
605 1821 729 1851 fuerunt
754 1821 932 1862 plerumque
953 1832 1051 1852 eunu-

317 1861 381 1896 chi,
404 1862 457 1902 qui
482 1862 629 1893 matronis
658 1863 870 1893 custodiendis
894 1870 925 1893 et
946 1864 1049 1894 obser·

317 1903 429 1933 vandis
458 1903 530 1933 addi
558 1905 717 1934 solebant:
747 1904 808 1934 vid.
838 1915 916 1944 quos
946 1905 1052 1936 laudat

318 1944 481 1975 Heindorf.
527 1945 667 1981 λοι-τίσω
696 1945 874 1976 interclusae
903 1947 985 1977 enim
1012 1948 1051 1977 ab

318 1986 404 2016 aditu
427 1986 551 2016 fuerunt
573 1993 732 2022 matronae,
753 1998 824 2018 cum
847 1988 878 2017 in
901 1988 1012 2019 lectica
1034 2000 1052 2019 a

317 2027 483 2058 lecticariis
511 2028 559 2058 vel
587 2035 721 2068 quatuor
744 2030 792 2059 vel
820 2039 873 2059 sex
903 2031 949 2061 vel
981 2038 1050 2061 octo

317 2069 514 2110 (octophoris)
529 2075 740 2111 portarentur:
765 2071 806 2101 cf.
821 2070 859 2100 ad
877 2071 997 2103 Catull.
1018 2084 1048 2107 x,

318 2120 348 2140 v.
365 2111 403 2141 16
416 2117 448 2141 et
460 2112 512 2141 20.
538 2112 707 2150 Ciniflones,
722 2111 777 2151 qui
792 2112 972 2152 crispabant
985 2123 1048 2143 ma-

316 2158 473 2183 tronarum
495 2153 607 2187 crines,
629 2152 705 2184 dicti
731 2153 784 2189 ita,
808 2154 882 2194 quia
904 2155 941 2184 ad
965 2155 1048 2185 cala-

316 2195 424 2225 mistra
457 2194 670 2225 calefacienda
702 2205 818 2235 prunas
855 2196 913 2225 sub
947 2196 1050 2226 cinere

316 2235 420 2267 flando
449 2236 661 2270 suscitabant3
689 2236 761 2266 hinc
794 2237 944 2278 appellati
975 2243 1050 2268 sunt

314 2277 407 2307 etiam
424 2280 580 2308 cinerarii.
626 2277 793 2308 Parasitae:
814 2288 886 2318 ergo
902 2279 1049 2310 matronis

315 2329 438 2360 quoque
453 2319 584 2350 assidere
601 2319 742 2350 solebant
756 2319 959 2356 mulierculae,
976 2331 1047 2361 quae

315 2361 496 2401 garrulitate
520 2370 577 2391 sua
596 2370 699 2391 earum
715 2361 845 2402 gratiam
865 2368 1001 2403 captare,
1018 2369 1048 2394 et

316 2401 361 2433 sic
384 2402 455 2433 illas
478 2402 620 2433 liberales
641 2412 714 2443 erga
741 2413 772 2434 se
795 2402 920 2435 reddere
943 2404 1048 2435 stude-

315 2444 403 2476 bant.

359 2486 433 2516 100.
458 2486 542 2522 Rem,
559 2496 682 2517 omnem
698 2486 832 2528 corporis
848 2487 988 2518 formam.

360 2529 430 2558 101.
453 2529 615 2558 Alteram‘l
629 2530 733 2565 obstat,
747 2529 842 2559 altera
859 2529 936 2559 nihil
950 2530 1047 2560 offen-

313 2568 410 2600 diculi
445 2569 501 2600 tibi
538 2569 667 2610 objicit;
698 2571 774 2606 sive,
807 2577 841 2601 ut
875 2571 1046 2618 explicant,

313 2610 399 2652 quod
423 2611 463 2641 ad
486 2611 613 2642 alteram
636 2612 758 2648 attinet,
778 2612 810 2642 in
835 2622 872 2643 ea
893 2613 970 2643 nihil
992 2613 1048 2644 tibi

313 2653 426 2683 obstat.
459 2653 537 2688 Cois,
553 2659 626 2684 cett.
638 2653 756 2694 junge:
781 2660 823 2684 est
839 2655 942 2693 (licet,
957 2654 1049 2686 ἔστιν

315 2693 415 2731 ἰδεῖν)
430 2696 487 2725 tibi
504 2697 602 2726 videre
618 2695 831 2734 (libertinam)
847 2707 927 2734 paene
942 2704 973 2727 ut
990 2709 1047 2727 nu-

311 2738 380 2767 dam
398 2737 475 2771 Cois,
492 2747 558 2778 pro,
577 2737 608 2766 in
632 2737 706 2768 Cois
723 2737 870 2774 vestibus,
887 2739 1047 2779 bombyci-

312 2777 372 2814 nis,
385 2785 417 2809 et
430 2779 469 2809 ob
483 2777 665 2810 tenuitatem
683 2778 847 2809 admodum
864 2779 1046 2820 pellucidis:

312 2819 431 2850 Tibull.
456 2819 490 2855 ii,
511 2821 544 2856 3,
565 2821 619 2855 53,
639 2820 699 2850 Illa
720 2822 803 2860 gerit
824 2827 913 2851 vestes
933 2828 1046 2858 tenues,

310 2861 512 2903 quassemina
530 2863 591 2892 Coa
608 2861 724 2899 Texuit,
741 2869 866 2893 auratas
886 2864 1046 2902 disposuit-

310 2914 365 2943 que
380 2905 443 2935 vias
456 2914 467 2941 ‚·
490 2903 545 2935 ubi
561 2903 625 2936 vid.
640 2904 839 2945 Interpretes.
869 2905 963 2937 Ovid.
978 2905 1048 2938 Art.

1095 1569 1168 1600 Am.
1193 1571 1226 1606 ii,
1242 1572 1315 1609 298,
1332 1572 1398 1602 Sive
1420 1573 1478 1602 erit
1494 1573 1527 1602 in
1550 1571 1628 1608 Cois,
1646 1572 1704 1603 Coa
1724 1575 1826 1606 decere

1093 1618 1181 1651 puta.

1142 1655 1213 1684 104.
1257 1654 1395 1685 Pretium
1421 1657 1555 1694 avellier,
1581 1655 1746 1698 pecuniam
1771 1667 1826 1699 pro

1096 1706 1196 1726 merce
1211 1696 1324 1736 cupide
1340 1696 1461 1727 auferri.

1141 1739 1318 1768 105—108.
1378 1739 1476 1768 Poeta
1516 1739 1711 1776 sententiam,
1755 1743 1826 1772 “ea

1094 1790 1165 1820 quae
1182 1780 1274 1810 facile
1290 1779 1398 1810 haberi
1412 1779 1538 1822 possint,
1549 1781 1642 1821 vulgo
1656 1782 1826 1821 contemni,

1094 1831 1131 1851 ea
1155 1831 1226 1852 vero
1249 1832 1319 1862 quae
1343 1832 1405 1851 non
1427 1822 1494 1853 sine
1516 1822 1698 1855 difficultate
1719 1824 1826 1856 haberi

1094 1864 1222 1904 possint,
1246 1864 1358 1905 cupide
1382 1864 1522 1906 appeti,’'
1543 1875 1596 1906 per
1622 1865 1823 1903 cantilenam,

1094 1911 1160 1935 tum
1190 1905 1263 1936 satis
1292 1912 1408 1941 notam,
1437 1916 1455 1936 a
1483 1906 1678 1938 Callimacho
1706 1907 1739 1939 in
1765 1909 1825 1950 Ep.

1094 1947 1189 1977 xxxiii
1218 1947 1361 1983 relatam,
1381 1947 1535 1989 exprimit.
1579 1949 1643 1985 Qui
1669 1955 1825 1982 matronas

1093 1995 1239 2025 sectatur,
1268 1996 1383 2024 cantat,
1414 1996 1450 2020 ut
1479 1990 1671 2031 (quomodo)
1700 1999 1823 2023 venator

1094 2031 1219 2069 leporem
1243 2033 1276 2061 in
1298 2032 1362 2061 ulta
1384 2033 1451 2061 nive
1473 2038 1611 2070 sectetur,
1632 2035 1760 2072 positum
1783 2037 1825 2066 sie

1094 2073 1247 2113 (leporem
1267 2072 1299 2102 in
1314 2073 1415 2104 medio
1433 2073 1480 2104 vel
1500 2080 1573 2105 ante
1591 2075 1685 2116 pedes
1705 2075 1823 2106 cuban-

1093 2115 1172 2150 tem)
1211 2121 1333 2154 tcmgere
1367 2116 1443 2146 nolit
1459 2126 1471 2152 ‚·
1508 2122 1537 2146 et
1572 2118 1707 2156 apponit,
1741 2117 1824 2149 Huic

1093 2156 1267 2196 (venatori)
1290 2158 1396 2187 similis
1417 2164 1460 2187 est
1481 2168 1560 2188 meus
1581 2159 1824 2200 (matronarum)

1092 2208 1185 2231 amor.
1204 2202 1277 2228 cett.
1299 2199 1381 2238 apud
1399 2198 1631 2230 Callimachum
1652 2200 1675 2230 1.
1691 2200 1712 2230 1.
1737 2201 1825 2233 Xon)-

1090 2239 1151 2279 μὸς
1160 2239 1240 2279 ἔρως
1251 2238 1389 2270 τοῖόσδε·
1399 2240 1439 2270 τὰ
1449 2240 1510 2281 μὲν
1519 2239 1689 2282 φεύγοντα
1699 2241 1826 2276 διώκειν

1092 2280 1176 2318 Οἵδε,
1189 2281 1230 2311 τὰ
1245 2279 1271 2310 δ’
1283 2280 1320 2312 ἐν
1331 2280 1438 2322 μέσσῳ
1452 2282 1583 2321 κείμενα
1597 2282 1825 2330 rapere-rarat.

1091 2321 1141 2352 Sic
1160 2324 1307 2361 positum:
1333 2322 1357 2352 si
1374 2322 1523 2353 Horatius
1543 2323 1668 2365 sex-ipsu
1683 2327 1739 2362 sic,
1755 2326 1822 2359 haec

1090 2363 1243 2404 particula
1273 2363 1458 2405 explicanda
1482 2364 1614 2400 videtur,
1639 2369 1682 2397 sic
1709 2374 1825 2407 temere,

1092 2411 1128 2435 ut
1151 2416 1218 2447 sup.
1243 2405 1306 2436 Od.
1330 2405 1364 2440 ii,
1383 2407 1433 2440 ll,
1453 2407 1503 2440 14.
1523 2408 1571 2438 vel
1594 2408 1649 2438 hac
1671 2409 1754 2440 Pinu.
1767 2413 1824 2450 ja.

1091 2454 1186 2477 centes
1206 2449 1246 2478 sic
1266 2454 1370 2478 temere
1385 2447 1456 2488 (sed
1476 2447 1519 2478 ibi
1539 2455 1644 2480 temere
1665 2451 1823 2492 adjectum

1090 2489 1154 2529 est)
1170 2501 1178 2527 ;
1202 2489 1251 2519 vel
1269 2491 1311 2520 sic
1332 2492 1424 2520 estin
1439 2491 1544 2525 medio,
1560 2491 1643 2532 quod
1666 2493 1696 2523 in
1715 2504 1746 2524 v.
1765 2494 1822 2526 108

1091 2531 1131 2561 ad
1159 2533 1253 2570 posita
1280 2531 1424 2568 additui-3
1443 2533 1554 2570 positus
1581 2533 1663 2572 tepus
1685 2533 1752 2575 jam
1777 2541 1824 2567 est

1092 2573 1181 2614 lepus
1197 2583 1260 2603 non
1279 2583 1404 2603 currens
1418 2578 1450 2604 et
1462 2573 1594 2613 fugiens,
1610 2574 1663 2605 sed
1679 2575 1712 2606 in
1727 2577 1826 2609 cubili
1864 2603 1869 2609 .

1088 2614 1208 2655 jacens.
1252 2614 1405 2655 Equidem
1433 2619 1534 2646 tamen
1565 2626 1618 2656 pro
1646 2620 1688 2648 sic
1717 2619 1823 2650 malim

1092 2658 1161 2693 sed,-
1195 2656 1240 2687 sic
1273 2656 1378 2687 omnia
1407 2656 1486 2687 bene
1522 2655 1581 2687 sibi
1618 2660 1820 2701 respondent:

1092 2699 1175 2739 apud
1206 2698 1435 2729 Callimachum
1461 2708 1587 2740 quoque
1615 2706 1661 2731 est
1685 2701 1707 2732 l.
1731 2702 1752 2732 l.
1780 2703 1823 2734 τὰ

1091 2741 1240 2781 μὲν-τὰ
1266 2738 1310 2770 δέ.
1357 2740 1494 2770 Fortasse
1517 2746 1548 2771 et
1571 2741 1604 2771 in
1625 2752 1656 2773 v.
1677 2743 1747 2778 108,
1768 2754 1823 2786 pro

1091 2789 1119 2812 et
1124 2783 1288 2822 fugientia
1304 2781 1406 2823 aptius
1421 2781 1543 2822 legeris,
1558 2789 1589 2812 at
1594 2783 1770 2824 fugientia.

1138 2823 1317 2854 ΙΙΙ-113.
1375 2822 1503 2854 Nonne?
1545 2833 1674 2855 sensus:
1720 2836 1824 2860 nonne

1090 2864 1200 2897 utilius
1223 2870 1271 2896 est
1287 2874 1435 2905 qumi-ere,
1451 2875 1543 2906 quem
1565 2866 1688 2898 modum
1714 2874 1824 2901 natura

1090 2905 1122 2937 in
1138 2906 1300 2949 explendis
1318 2905 1544 2948 cupiditatibus
1560 2908 1727 2941 tenendum
1742 2920 1823 2952 prae-
