1884 3288
297 197 348 239 16

855 200 1254 245 CARMINUM

518 298 684 354 Aptum
705 300 808 341 dicit
827 302 948 356 equis
970 301 1114 358 Argos
1137 304 1334 359 ditesque
1356 305 1578 360 Mycenas.

442 366 491 406 10

578 366 654 407 Me
676 381 754 408 nec
774 373 857 408 tam
879 368 1045 422 patiens
1069 369 1367 420 Lacedaemon,

517 432 560 473 N
565 447 614 474 ec
635 440 720 474 tam
741 433 927 475 Larissae
949 435 1159 488 percussit
1180 451 1354 491 campus
1376 438 1541 492 opimae,

576 499 718 545 Quam
739 500 890 540 domus
911 500 1123 542 Albuneae
1143 504 1397 552 resonantis,

518 564 578 605 Et
598 580 791 620 praeceps
813 566 943 616 Anio,
965 582 1014 608 ac
1036 567 1222 609 Tiburni
1241 568 1378 620 lucus,
1401 577 1444 611 et
1464 571 1550 612 uda.

573 631 810 674 Mobilibus
830 623 1020 687 pomaria
1038 635 1150 676 rivis.

435 698 486 738 15
516 695 656 738 Albus
678 706 726 739 ut
748 700 931 741 obscuro
953 700 1150 755 deterget
1171 702 1316 743 nubila
1337 703 1447 744 coelo

573 764 698 818 Saepe
719 765 878 814 Notus,
901 780 1038 821 neque
1059 769 1241 821 parturit
1262 769 1418 810 imbres

514 830 779 884 Perpetuos:
813 831 872 873 sic
896 838 941 873 tu
963 834 1132 887 sapiens
1153 834 1275 876 finire
1297 842 1507 878 memento

571 897 807 939 Tristitiam
828 898 1010 952 vitaeque
1030 899 1200 942 labores

514 963 651 1012 Molli,
674 964 847 1013 Plance,
869 979 1008 1014 mero;
1041 980 1116 1007 seu
1139 974 1180 1008 te
1202 967 1410 1022 fulgentia
1429 968 1562 1023 signis

427 1030 483 1070 20

512 1097 690 1137 Tiburis
713 1099 861 1138 umbra
881 1099 956 1139 tui.

570 1031 723 1071 Castra·
743 1038 905 1079 tenent,
922 1047 999 1073 seu
1020 1033 1152 1075 densa
1172 1037 1336 1076 tenebit

1017 1099 1190 1141 Teucer
1211 1101 1423 1142 Salamina
1443 1108 1694 1156 patremque

567 1163 715 1210 Quum
735 1163 918 1218 fugeret,
941 1171 1081 1206 tamen
1105 1167 1190 1206 uda
1213 1167 1346 1220 Lyaeo

512 1229 729 1284 Tempora
749 1230 935 1284 populea
956 1230 1091 1272 fertur
1113 1233 1298 1274 vinxisse
1320 1248 1491 1282 corona,

568 1296 638 1337 Sic
661 1297 804 1337 tristes
826 1297 996 1337 adfatus
1019 1299 1199 1341 amicos:

425 1364 480 1405 25
512 1362 612 1410 Quo
634 1378 710 1404 nos
732 1378 914 1417 cumque
936 1363 1045 1405 feret
1065 1365 1213 1407 melior
1233 1365 1425 1408 Fortuna
1443 1371 1636 1422 parente,

568 1430 744 1480 Ibimus,
767 1445 791 1471 0
814 1430 916 1471 socii
937 1431 1212 1487 comitesque.

282 1562 413 1604 Indeque
429 1564 762 1603 decerptam—olivam.
782 1562 815 1593 h.
839 1572 866 1593 e.
885 1567 916 1593 et
937 1573 1024 1604 quae-

279 1604 370 1635 sitam
387 1604 447 1635 sibi
466 1615 504 1636 ex
520 1606 578 1636 hoc
594 1607 700 1645 (inde)
718 1605 862 1636 Athenas
877 1605 1026 1635 carmini-

281 1646 342 1677 bus
357 1647 535 1678 celebrandi
550 1648 652 1678 studio
669 1647 794 1678 laudem
817 1646 936 1694 (fronti
950 1658 1026 1686 prtr-

278 1690 407 1728 ponere)
436 1689 562 1731 publice
596 1700 659 1731 prae
693 1699 726 1719 se
756 1689 857 1725 ferre3
887 1688 963 1726 sive,
992 1689 1024 1719 in

279 1730 430 1761 canendis
456 1731 590 1762 Athenis
618 1731 742 1761 laudem
766 1736 797 1761 et
825 1712 940 1760 fa'mam
966 1730 1025 1761 sibi

278 1782 435 1814 quaerere.
466 1783 537 1803 nam
563 1773 617 1814 qui
639 1773 671 1803 in
695 1773 841 1804 honmem
871 1772 1022 1803 Minervae

277 1821 409 1850 canunt,
425 1825 529 1846 eorum
541 1814 632 1846 fronti
647 1817 844 1855 praepvmtur
855 1814 886 1844 h.
900 1824 926 1844 e.
942 1825 1021 1855 prae-

277 1855 382 1897 figitur
397 1867 514 1887 corona
524 1857 679 1897 oleagina,
692 1857 765 1898 quia
778 1857 860 1887 oliva
871 1856 1022 1888 Minervae

278 1908 366 1929 sacra
381 1904 446 1937 est3
469 1899 553 1930 sicut
572 1899 694 1947 proprie
713 1902 810 1933 lauro,
826 1898 879 1939 qui
897 1898 1019 1939 Apolli-

279 1949 362 1974 nem,
391 1923 511 1976 hed’era,
539 1941 593 1981 qui
620 1941 794 1976 Bacchum,
824 1947 934 1980 myrto,
965 1940 1020 1981 qui

278 1991 325 2012 res
350 1983 482 2014 Veneris
510 1983 559 2014 vel
582 1983 748 2013 amatorias
774 1987 904 2018 canunt,
931 1991 1020 2013 coro

277 2029 404 2055 uantur.
450 2025 522 2055 Olea
544 2035 669 2072 quoque
689 2024 745 2054 suit
767 2024 929 2072 praemium
951 2023 1018 2054 vic-

273 2070 375 2096 torum
403 2066 434 2097 in
458 2066 680 2114 certaminibus
701 2066 766 2096 illis
787 2066 927 2107 poeticiS,
949 2067 1016 2104 (τε-

274 2109 490 2156 τραλογίαις)
517 2119 587 2149 quae
617 2108 648 2138 in
679 2108 911 2143 lanathenaeis,
938 2107 1022 2138 ludis

274 2149 441 2186 Minervae,
459 2150 711 2182 instituebantur.

316 2193 350 2222 9.
374 2194 470 2234 Argos
484 2205 521 2232 ay
515 2199 586 2223 tum
603 2195 685 2233 equis
705 2192 947 2240 (ἱπποτρόφον,
967 2194 1020 2224 ἱπ-

275 2234 444 2274 πόβοτον)
460 2235 500 2265 01)
517 2235 651 2275 egregia,
670 2245 740 2275 quae
760 2234 804 2265 ibi
826 2236 921 2273 fuere,
946 2246 1017 2277 pas-

272 2286 342 2307 cua.
386 2278 451 2316 Arg
453 2288 482 2307 os
497 2282 602 2307 autem
623 2277 711 2307 sedes
726 2277 846 2308 Junoni
866 2276 926 2307 fuit
948 2288 1017 2318 gra-

271 2318 403 2354 tissima,
419 2319 503 2349 unde
520 2318 656 2349 Pindaro
672 2319 766 2350 Nem.
785 2318 828 2356 ix,
850 2320 881 2355 3,
900 2319 1017 2350 dicitur

260 2358 306 2391 'H
312 2372 375 2402 ρας
390 2360 482 2402 δῶμα
499 2359 693 2403 θεοπρεπὲς.

317 2403 367 2438 10,
397 2404 446 2434 ll.
472 2404 607 2438 Patiens,
631 2403 671 2433 ob
692 2412 835 2443 magnam
861 2402 1014 2440 laborum,

268 2443 386 2485 quibus
416 2444 560 2487 Spartani
589 2454 608 2475 a
637 2444 750 2476 teneris
780 2446 1013 2482 exercebantur,

269 2486 462 2528 patientiam.
508 2487 546 2517 In
567 2486 626 2518 hoc
642 2496 734 2517 sensu
751 2487 808 2517 inf.
826 2487 927 2528 Epist.
942 2487 963 2524 i,
981 2489 1011 2522 7,

266 2529 323 2565 40,
349 2529 478 2570 Ulysses
501 2528 616 2559 dicitur
632 2530 761 2568 patiens.
808 2529 909 2559 [miss
899 2540 933 2560 «α»
949 2532 1012 2569 opi-

265 2581 320 2601 mae
340 2581 479 2611 campus:
504 2580 576 2611 ager
599 2571 680 2601 circa
695 2570 782 2600 Laris
770 2581 862 2603 <sam.
879 2572 1012 2602 thessa-

266 2611 317 2643 liae
361 2612 521 2654 oppidum,
566 2612 791 2644 fertilissimus.
850 2613 1012 2650 Percussit,

266 2653 391 2695 gravius
419 2665 474 2697 pro
504 2655 635 2695 vulgari,
665 2655 772 2690 movit,
803 2654 907 2695 cepit3
940 2666 1011 2686 nam

259 2696 320 2738 qui
344 2697 555 2728 vehementius
577 2697 685 2738 aliqua
706 2707 737 2728 re
760 2697 948 2734 afficiuntur,
973 2708 1011 2728 ea

265 2741 385 2778 percuti
401 2739 450 2770 vel
466 2741 504 2770 ici
520 2739 678 2770 dicuntur.

309 2781 425 2816 1213.
451 2781 563 2812 Domus
584 2782 743 2812 Albuneae:
764 2781 829 2822 jam
850 2781 1006 2812 Tiburtini

258 2822 330 2863 agri
353 2823 566 2854 amoenitatem
590 2823 753 2854 luculenta
777 2823 846 2863 ejus
869 2823 1005 2865 descrip-

256 2865 346 2896 ›tione
383 2865 598 2903 commendat,
637 2865 748 2896 transit
785 2875 855 2895 eum
894 2865 1007 2896 fluvius

263 2903 390 2944 Albula,
413 2907 467 2950 qui
490 2907 522 2938 in
550 2889 633 2939 sorite
659 2909 793 2937 Albunea
821 2907 927 2942 oritur,
952 2908 1005 2938 ubi

253 2949 399 2991 ejusdem
423 2949 557 2981 nominis
580 2949 729 2991 Nympha
749 2949 853 2980 sedem
882 2950 928 2980 iel
953 2952 1004 2980 do-

1068 1575 1148 1594 mum
1161 1573 1248 1594 suam
1259 1563 1366 1595 habet.
1406 1564 1601 1596 Resonantis:
1623 1564 1727 1596 duleis
1737 1575 1810 1597 cum

1069 1615 1225 1637 murmure
1246 1606 1435 1648 prosilientis
1452 1616 1543 1652 aquae
1563 1606 1685 1638 sonitus
1704 1607 1809 1638 suavi·

1068 1647 1134 1678 teri
1139 1647 1185 1689 psi
1203 1649 1358 1690 Nymphae
1370 1647 1528 1679 tribuitur.
1573 1649 1706 1690 Praeeps
1720 1650 1810 1681 Δηίο-

1068 1692 1147 1720 Anio
1170 1691 1274 1738 (nunc
1299 1689 1475 1729 Teverone),
1499 1690 1552 1732 qui
1571 1701 1624 1738 per
1643 1702 1732 1740 agros
1753 1692 1808 1723 Ti-

1067 1731 1232 1762 burtinos
1224 1743 1257 1762 m
1278 1732 1415 1763 Tiberim
1437 1732 1584 1768 decurrit,
1606 1732 1676 1765 ideo
1695 1733 1810 1766 dicitur

1064 1783 1202 1823 praecep⁸3
1217 1775 1301 1822 quod
1316 1784 1410 1816 prope
1430 1774 1530 1806 'libur
1547 1775 1588 1806 de
1607 1776 1736 1823 scopulo
1755 1777 1809 1808 tri-

1066 1816 1153 1856 ginta
1172 1816 1295 1848 circiter
1307 1816 1429 1847 cubitos
1451 1826 1484 1848 se
1504 1817 1705 1866 praecipitans
1723 1823 1808 1849 eata.-

1065 1863 1183 1888 ractam
1213 1862 1316 1899 (nunc
1342 1859 1371 1888 Ια
1400 1865 1518 1890 caseata
1541 1859 1676 1896 dictam)
1702 1860 1810 1893 efficit.

1066 1900 1194 1930 Tiburni
1207 1902 1306 1931 lucus:
1324 1900 1481 1932 memoriae
1493 1901 1542 1931 vel
1555 1901 1656 1933 cultui
1668 1902 1808 1941 Tiburni,

1064 1941 1118 1982 qui
1146 1952 1218 1972 cum
1249 1942 1394 1973 fratribus
1415 1942 1492 1980 suis,
1516 1943 1629 1974 Catillo
1655 1949 1688 1975 et
1714 1945 1805 1980 Cora,

1064 1983 1189 2014 Tiburis
1204 1984 1344 2016 conditor
1359 1984 1454 2016 fuisse
1473 1985 1598 2022 dicitur,
1614 1985 1698 2016 haud
1713 1986 1808 2019 dubie

1062 2035 1160 2056 sacer.

1108 2069 1157 2103 15,
1205 2068 1538 2100 iambus—Notus
1574 2069 1807 2110 (λευκόνοτος)

1063 2090 1179 2140 coeluin
1202 2110 1308 2141 album
1330 2111 1394 2142 sive
1416 2121 1559 2142 serenum
1581 2111 1736 2152 reddens3
1759 2113 1806 2144 sic

1063 2153 1146 2191 nigri
1168 2154 1248 2183 venti
1268 2162 1338 2194 sup.
1360 2155 1391 2188 5,
1415 2154 1447 2188 7,
1467 2153 1521 2184 ubi
1543 2153 1584 2184 cf.
1605 2159 1670 2185 not.
1684 2165 1692 2192 3
1717 2136 1806 2196 riiger

1066 2193 1169 2224 Eurus
1198 2194 1255 2224 inf.
1287 2195 1388 2236 Epod.
1419 2196 1468 2231 10,
1498 2197 1538 2232 53
1566 2197 1668 2227 clarus
1694 2198 1740 2237 Aq
1743 2198 1805 2228 uilo

1064 2235 1103 2266 V'
1098 2245 1152 2275 irg
1179 2236 1258 2267 Geo.
1284 2248 1306 2274 1,
1332 2237 1415 2275 460;
1443 2218 1569 2268 candi’di
1596 2208 1740 2269 Favoniiq
1742 2238 1802 2270 inf.

1062 2277 1108 2312 iii,
1120 2278 1152 2313 7,
1168 2279 1196 2308 1.
1241 2279 1410 2320 Detmeta
1425 2281 1572 2320 detergeo
1618 2279 1768 2328 Nequepa

1061 2321 1139 2350 turit
1162 2321 1268 2351 imbres
1293 2321 1473 2361 Perpetuos:
1494 2321 1550 2351 ius.
1574 2321 1667 2352 Od.
1659 2321 1692 2359 ni,
1714 2324 1746 2358 9,
1771 2324 1800 2359 l,

1062 2361 1130 2391 Non
1145 2372 1255 2402 semper
1268 2364 1372 2394 imbres
1388 2364 1516 2394 nubibus
1529 2364 1658 2403 hispidos
1670 2365 1802 2396 Manane

1059 2405 1092 2433 in
1107 2414 1206 2444 agras.

1106 2447 1154 2482 19,
1170 2447 1223 2476 20.
1250 2446 1359 2477 Molli:
1384 2446 1492 2477 vnium
1513 2451 1669 2478 vetustum
1686 2446 1802 2479 dieitur

1055 2489 1153 2524 molle,
1178 2494 1211 2518 ut
1236 2487 1290 2519 inf.
1317 2488 1415 2531 Epist.
1437 2488 1460 2525 i,
1490 2490 1540 2525 15,
1569 2490 1618 2526 18,
1642 2490 1725 2521 lene.-
1751 2492 1800 2522 Ad

1056 2539 1136 2560 mare
1157 2541 1224 2560 cum
1243 2533 1321 2565 veni,
1339 2541 1514 2571 generosum
1534 2538 1563 2562 et
1583 2532 1648 2562 lene
1667 2535 1799 2572 requiro.

1055 2572 1113 2601 Spu
1136 2573 1224 2602 densa
1248 2574 1358 2603 tenebit
1378 2573 1498 2604 Tiburis
1516 2574 1623 2603 umbra
1645 2575 1711 2604 tui.-
1733 2574 1799 2607 sive

1056 2613 1159 2654 potius
1181 2614 1280 2645 Tibur
1306 2614 1488 2646 rusticatum
1514 2613 1594 2652 ibis3
1620 2614 1678 2646 hoc
1701 2615 1798 2654 enim,

1058 2661 1091 2686 ut
1110 2655 1246 2686 diximus
1261 2657 1292 2687 in
1315 2662 1507 2697 argumento,
1524 2656 1644 2687 Planco
1666 2659 1798 2690 suadere

1054 2697 1177 2728 videtur
1199 2699 1360 2729 Horatius.
1406 2699 1463 2728 Tui
1483 2699 1531 2730 vel
1547 2698 1630 2739 quod
1645 2698 1771 2730 Tibur
1763 2711 1796 2732 in

1053 2739 1174 2812 deliciis
1202 2740 1260 2772 fuit
1286 2741 1418 2778 Planco,
1440 2740 1488 2772 vel
1515 2708 1599 2782 qiilod
1621 2740 1729 2772 villam
1753 2743 1796 2774 ibi

1051 2782 1092 2812 ha
1115 2788 1158 2812 u1t

1092 2825 1129 2854 21
1146 2834 1216 2866 sqq
1242 2823 1353 2854 Teucer
1363 2824 1615 2860 Salaminamett,
1630 2825 1794 2862 Telamon,

1050 2866 1210 2897 Salamine
1226 2875 1370 2906 regnans,
1386 2867 1465 2896 duos
1481 2866 1571 2902 filios,
1587 2867 1744 2898 Teucrum
1764 2874 1796 2900 et

1050 2907 1193 2949 Ajacem,
1204 2918 1241 2939 ea
1255 2907 1431 2939 conditione
1447 2909 1478 2938 in
1490 2907 1609 2940 bellum
1621 2909 1793 2950 Trojanum

1049 2950 1201 2991 proficimi
1218 2959 1329 2991 passus
1340 2957 1421 2986 etat,
1439 2956 1474 2981 ut
1489 2955 1597 2982 neuter
1611 2950 1679 2983 sine
1694 2952 1792 2983 altero
