1904 3314
671 178 900 221 LIBER
931 179 970 231 Ι,
999 181 1041 221 6.

197 283 303 326 Non
325 284 464 326 minus
484 283 655 338 ignotos
676 280 917 336 generosis.

1542 187 1628 227 333

980 279 1084 328 Quo
1106 281 1200 331 tibi,
1222 281 1359 332 Tulli,

107 351 172 399 ,25
202 351 385 394 Sumere
406 350 654 406 depositum
675 348 856 398 clavum,
878 347 1063 402 fierique
1086 349 1295 392 tribuno?

197 419 365 462 Invidia
386 418 587 468 accrevit,
610 417 780 472 privato
798 425 904 471 ‘quae
924 417 1064 459 minor
1085 424 1220 460 esset.

197 487 317 530 Nam
337 495 386 530 ut
407 487 594 543 quisque
614 485 792 527 insanus
814 485 949 540 nigris
970 485 1161 527 medium
1181 486 1379 541 impediit
1402 502 1501 530 crus

196 555 410 606 Pellibus,
431 561 476 597 et
492 554 628 596 latum
649 554 823 596 demisit
843 561 1024 610 pectore
1046 553 1237 606 clavum3

195 622 338 666 Audit
357 623 577 673 continuo,
602 622 714 670 Quis
735 622 866 664 homo
887 622 972 674 hic,
995 630 1071 665 aut
1093 639 1181 679 quo
1202 630 1327 679 patre
1349 628 1510 667 natus?

109 691 168 733 30
198 691 277 742 Ut,
299 691 335 732 si
355 691 431 746 qui
452 697 651 746 aegrotet,
675 706 763 745 quo
784 691 937 732 morbo
959 691 1141 742 Barrus,
1164 691 1319 734 haberi

199 759 262 802 Et
282 759 429 815 cupiat
450 758 680 810 formosus,
703 765 775 800 eat
796 774 1072 814 quacunque,
1094 759 1251 815 puellis

197 827 368 883 Injiciat
389 842 539 869 curam
560 827 786 882 quaerendi
808 826 979 882 singula
997 845 1006 878 3
1040 828 1158 883 quali

194 895 262 938 Sit
282 894 405 947 facie,
427 910 542 946 sura,
565 894 683 950 quali
703 895 833 950 pede,
857 896 1004 946 dente,
1027 896 1183 952 capillo
1206 913 1215 938 z

197 964 285 1016 Sic,
308 964 384 1020 qui
403 965 631 1020 promittit,
654 964 784 1015 cives,
808 964 962 1006 urbem
985 964 1067 1006 sibi
1088 980 1221 1016 curae,

74 1053 85 1059 ·
108 1033 167 1076 35
195 1033 431 1090 Imperium
453 1033 560 1084 fore,
583 1040 627 1075 et
647 1032 830 1084 Italiam,
854 1040 898 1074 et
919 1032 1106 1076 delubra
1128 1034 1326 1077 Deorum
1344 1054 1354 1087 3

196 1101 300 1150 Quo
322 1108 448 1158 patre
471 1102 526 1144 sit
546 1109 688 1152 natuS,
710 1116 813 1143 num
833 1102 982 1157 ignota
1003 1110 1140 1145 matre
1161 1104 1436 1156 inhonestus,

195 1169 363 1212 Omnes
385 1169 589 1212 mortales
613 1184 766 1212 curare
787 1176 831 1211 et
852 1185 1048 1224 quaerere
1071 1172 1201 1227 cogit.

193 1237 331 1284 Tune,
347 1238 462 1293 Syri,
487 1238 657 1289 Damae,
680 1245 756 1279 aut
777 1237 968 1293 Dionysi
988 1238 1119 1290 filius,
1143 1241 1279 1283 audes

191 1306 399 1363 Dejicere
420 1320 444 1348 e
466 1320 572 1347 saxo
595 1306 724 1356 cives,
747 1313 823 1347 aut
845 1306 1018 1349 tradere
1042 1307 1239 1351 Cadmo?

73 1435 156 1472 buit,
182 1435 261 1480 quid
288 1446 358 1475 1108,
381 1435 438 1479 qui
463 1436 559 1478 longe
584 1435 701 1469 rectius
726 1436 824 1479 vulgo

74 1479 191 1512 sentire
219 1478 373 1515 videmur,
405 1479 445 1512 de
477 1479 643 1512 nobilitate
676 1480 824 1518 hominis,

74 1522 181 1564 qualis
208 1529 257 1555 est
284 1522 446 1559 Levium,
472 1523 621 1565 judicare
651 1524 824 1556 debemus!

74 1566 225 1608 Namque
245 1566 414 1607 fingamus,
430 1566 582 1608 populum
602 1566 699 1598 malle
722 1567 825 1598 Laevi-

73 1619 128 1645 no,
152 1619 249 1652 quam
274 1609 390 1646 Decio,
413 1608 534 1640 homini
556 1619 648 1646 nov0‚
674 1609 825 1641 honorem

72 1652 278 1690 demandare,
290 1652 340 1684 vel
353 1662 497 1684 severum
508 1662 672 1684 censorem
685 1652 825 1695 Appium

73 1705 124 1728 me
149 1695 232 1733 ideo,
258 1695 335 1738 quia
359 1705 423 1726 non
447 1705 547 1727 essem
575 1701 663 1738 patre
686 1695 827 1737 ingenuo

73 1743 179 1778 natus,
215 1744 330 1771 senatu
368 1748 516 1777 movere3
551 1738 703 1780 quidnam
737 1738 824 1781 judi-

71 1781 211 1814 candum
227 1783 332 1814 esset'!
356 1781 504 1824 equidem
523 1781 713 1823 judicarem,
729 1782 760 1812 id
776 1782 827 1814 vel

71 1825 184 1858 merito
198 1825 316 1858 sactum
333 1835 415 1861 esse,
432 1826 584 1866 quoniam
602 1824 777 1856 noluissem
792 1825 825 1856 in

71 1874 155 1900 sorte
184 1878 256 1900 mea
282 1873 316 1900 et
345 1867 417 1899 vitae
447 1878 527 1899 meae
560 1867 742 1899 conditione
772 1879 825 1900 ac-

73 1911 261 1953 quiescere;
282 1921 391 1944 verum
415 1910 574 1942 enimvero
597 1910 683 1953 (sed)
708 1911 754 1943 sic
779 1917 827 1943 est

72 1953 239 1986 hominum
269 1953 446 1997 ingenium,
478 1954 632 1996 ignobiles
665 1965 758 1997 aeque
789 1966 826 1986 ac

69 1998 196 2030 nobiles
217 2003 293 2030 sunt
312 1997 422 2039 gloriae
443 1996 705 2040 appetentissimi.
752 1998 826 2036 Nos,

71 2050 118 2072 sc.
134 2051 184 2074 me
206 2046 239 2073 et
263 2040 355 2077 alios,
371 2039 428 2082 qui
446 2041 531 2072 ultra
547 2040 660 2082 vulgus
685 2040 826 2083 sapiunt.

73 2083 189 2116 Decio.-
213 2084 442 2126 intelligendus
465 2089 515 2116 est
539 2085 581 2115 P.
604 2083 725 2115 Decius
747 2085 825 2116 Mus

72 2126 167 2169 (Liv.
190 2127 258 2164 viii,
282 2126 334 2169 9),
352 2126 420 2169 qui,
439 2132 474 2158 ut
500 2126 625 2163 Cicero,
649 2127 742 2158 homo
765 2128 826 2159 fuit

69 2181 176 2207 novin,
191 2170 227 2203 h.
252 2181 283 2203 e.
307 2169 428 2213 primus
442 2169 499 2212 qui
519 2181 536 2202 e
560 2169 682 2201 familia
705 2181 764 2202 sua
783 2171 824 2202 ad

72 2213 291 2256 magistratum
311 2213 496 2256 perveniret.
540 2214 658 2253 Appius
672 2226 682 2244 .·
704 2212 824 2246 intelli.

72 2257 197 2298 gendus
216 2262 266 2289 est
278 2256 404 2300 Appius
421 2255 578 2288 Claudius
599 2255 752 2294 Pulcher,
768 2258 821 2298 qui

69 2309 195 2332 summa
213 2299 380 2333 severitate
400 2309 565 2330 censuram
582 2298 719 2341 gessisse
741 2300 820 2332 dici-

69 2347 141 2375 tur:
165 2342 238 2376 Cic.
257 2343 297 2375 de
321 2342 399 2374 Div.
418 2341 441 2381 i,
459 2343 529 2374 16.-
554 2343 600 2379 Si,
623 2342 706 2380 ideo,
722 2343 822 2385 quod.

69 2385 110 2417 In
142 2388 270 2428 pmpria
299 2388 398 2427 pelle.-
430 2396 486 2428 per
519 2387 629 2426 pellem
665 2390 820 2427 propriam

69 2427 214 2472 intellige
235 2435 350 2462 sortem
377 2429 494 2470 cuique
513 2429 683 2471 propriam,
706 2436 820 2461 sortem

68 2471 104 2504 in
135 2483 200 2515 qua
227 2472 302 2515 quis
331 2478 426 2504 natus
453 2477 513 2504 est.
558 2473 710 2504 Erasmus
739 2473 822 2505 hanc

69 2515 297 2559 proverbialem
317 2515 512 2547 locutionem
537 2515 649 2558 repetit
671 2526 690 2546 a
715 2516 823 2548 fabula

70 2559 189 2602 AEsopi
221 2558 262 2591 de
298 2558 388 2590 asino
419 2559 578 2596 Cumano,
608 2557 663 2600 qui
692 2559 822 2591 leonina

69 2601 153 2645 pelle
188 2601 322 2634 indutus
358 2601 408 2634 leo
442 2600 551 2632 haberi
582 2601 694 2633 voluit.
741 2603 820 2634 Con-

68 2647 212 2684 strictoe3
235 2655 309 2677 natn
336 2644 450 2677 Gloria
465 2644 603 2676 vinculis
626 2645 718 2686 quasi
743 2656 820 2677 con-

69 2687 196 2730 stringit
217 2687 279 2720 sibi
299 2687 446 2727 deditos;
468 2698 524 2730 pro
548 2687 685 2729 vulgari,
710 2694 822 2731 captos

69 2730 238 2774 splendore
263 2731 393 2773 gloriae:
418 2730 476 2762 ins.
500 2730 604 2773 Epist.
630 2730 664 2767 ii,
691 2732 721 2770 l,
747 2733 820 2770 177,

68 2785 182 2807 cums
198 2774 313 2807 Gloria:
336 2773 454 2806 dieitur
472 2781 621 2812 ventosus,
637 2773 671 2805 b.
692 2785 721 2806 e.
738 2785 821 2807 vano

68 2817 237 2860 splendore
250 2817 389 2860 fulgens.
433 2817 561 2860 Ignotus
575 2827 644 2860 pro,
659 2816 820 2859 ignobilis,

146 2859 188 2892 im
204 2859 289 2903 apud
304 2859 482 2892 Horatium.

54 2927 67 2930 -
114 2903 256 2936 24—29.
296 2903 366 2940 Quo
381 2903 544 2946 (antique,
560 2908 596 2934 ut
610 2903 748 2941 videtur,
766 2915 822 2947 pro

70 2947 152 2986 quoi,
167 2945 240 2984 eui)
255 2948 323 2984 tibi,
337 2946 466 2978 cuinam
488 2946 653 2978 commodo
670 2947 727 2978 tibi
751 2947 822 2985 fuit,

72 2988 151 3031 quid
179 2988 239 3021 tibi
268 2989 407 3032 pmfuit=
435 2989 494 3023 inf.
521 2990 626 3032 Epist.
654 2990 676 3027 i,
708 2993 740 3030 5,
770 2992 822 3030 12,

870 1437 939 1471 Quo
957 1439 1044 1474 mihi,
1057 1438 1198 1480 fortuna
1220 1442 1246 1470 si
1269 1451 1329 1470 mm
1352 1442 1530 1473 conceditur
1552 1444 1628 1474 uti?

872 1480 959 1512 Tulli
982 1482 1092 1524 (Titii,
1114 1481 1223 1513 Bentl.
1252 1482 1355 1522 Fea):
1381 1484 1491 1516 Schol.
1514 1485 1625 1527 Cruq„

872 1523 996 1556 Tullius
1028 1526 1077 1557 hic
1112 1532 1220 1557 senatu
1252 1533 1349 1557 motus
1383 1533 1425 1558 est
1458 1540 1477 1558 α
1509 1529 1625 1560 Caesare

870 1569 955 1607 quasi
983 1569 1206 1608 Pompeianus:
1229 1571 1322 1600 acciso
1346 1582 1414 1602 vero
1437 1572 1555 1603 Caesare
1576 1583 1626 1602 re-

870 1612 948 1650 cepit
963 1613 1073 1642 iterum
1091 1613 1188 1642 latum
1202 1613 1336 1649 clavum,
1350 1614 1382 1645 h.
1396 1624 1426 1645 e.
1441 1616 1623 1646 senatoriam

870 1654 1054 1694 dignitatem
1085 1654 1231 1696 (insigne
1263 1656 1474 1696 senatorum),
1505 1665 1534 1688 et
1567 1661 1625 1688 tri-

871 1696 970 1727 bunus
989 1698 1123 1727 militum
1137 1699 1250 1740 suctus
1265 1705 1319 1728 est.
1364 1699 1499 1737 Sumere,
1515 1710 1561 1732 sc.
1583 1701 1623 1733 de

870 1737 1007 1780 integro.
1053 1741 1242 1780 Depnsitum,
1270 1746 1382 1772 senatu
1407 1742 1493 1773 enirn
1518 1748 1627 1774 motus

870 1780 1028 1823 deponere
1052 1783 1189 1814 debebat
1213 1783 1337 1825 insigne
1361 1790 1553 1822 senatorum,
1579 1788 1625 1817 la-

872 1831 934 1855 tum
967 1826 1087 1856 clarum
1119 1826 1270 1868 (limbum
1301 1837 1496 1870 purpureum
1527 1829 1625 1860 vestis

870 1877 955 1898 oram
979 1868 1211 1907 ambientem->2
1238 1869 1281 1900 cf.
1303 1871 1343 1900 ad
1370 1872 1439 1902 Sat.
1465 1870 1488 1907 i,
1509 1873 1541 1908 5,
1568 1873 1624 1904 36.

874 1910 1020 1947 Tribnno,
1042 1912 1157 1944 Graece
1183 1923 1250 1956 pro,
1276 1913 1461 1944 tribunum:
1486 1914 1528 1945 cf.
1553 1926 1626 1958 sup.

871 1954 911 1984 ad
937 1955 1003 1985 Sat.
1024 1954 1046 1992 i,
1071 1956 1100 1991 1,
1126 1956 1176 1987 19.
1221 1956 1299 1986 Erat
1323 1962 1427 1988 autem
1454 1967 1551 2000 penes
1573 1959 1627 1990 tri-

870 1996 973 2028 bunos
1003 2009 1133 2040 quoque
1154 2001 1212 2040 jus
1243 1999 1300 2029 lan*
1331 2001 1435 2031 clavi:
1466 2000 1537 2032 Cic.
1569 2012 1626 2044 pro

871 2039 1003 2071 Cluent.
1018 2052 1048 2072 c.
1064 2043 1118 2073 54.

912 2084 966 2115 27.
1009 2084 1062 2120 Ut,
1083 2091 1260 2127 postquam,
1283 2083 1431 2117 simulac.
1478 2086 1625 2125 Insanus,

870 2126 926 2168 qui
939 2126 1035 2158 stulte
1047 2128 1108 2159 sibi
1121 2128 1227 2171 placet
1238 2127 1270 2159 in
1282 2129 1421 2160 externis
1432 2128 1625 2172 insignibus.

869 2169 964 2200 homo
994 2181 1121 2209 vanus;
1154 2170 1230 2202 hinc
1270 2171 1327 2202 inf.
1361 2173 1427 2204 Sat.
1456 2172 1491 2209 ii,
1528 2174 1560 2210 2,
1592 2177 1625 2212 5,

856 2213 1018 2254 fingeres,
1051 2214 1169 2256 quibus
1204 2214 1464 2257 exsplendescere
1499 2217 1629 2249 student

868 2255 1035 2294 beatiores,
1060 2258 1210 2288 dicuntur
1234 2260 1350 2289 insani.
1398 2259 1510 2301 Nigris
1531 2262 1623 2300 pelli-

868 2300 940 2330 bus:
965 2299 1005 2331 ad
1027 2299 1165 2342 insignia
1182 2300 1372 2332 nobiliorum
1390 2307 1420 2333 et
1442 2309 1624 2335 senatorum

867 2341 1070 2384 pertinebant
1083 2355 1209 2386 quoque
1225 2344 1307 2385 nigri
1332 2344 1447 2376 coloris
1468 2346 1622 2388 corrigiae,

866 2386 985 2427 quibus
1007 2386 1088 2418 inter
1102 2397 1135 2419 se
1156 2387 1318 2430 impeditis
1336 2388 1424 2420 cruci
1446 2389 1624 2432 adstringe-

866 2429 982 2461 bantur
996 2430 1111 2462 calcei.

911 2473 1052 2504 30—35.
1089 2474 1143 2510 Ut,
1158 2475 1196 2512 si,
1211 2479 1287 2505 cett.
1311 2484 1444 2506 sensus:
1468 2477 1622 2517 quemad-

866 2515 1009 2552 modum,
1031 2516 1058 2547 si
1081 2517 1154 2558 quis
1176 2516 1285 2548 eodem
1311 2527 1375 2558 quo
1400 2519 1521 2550 Barrus
1546 2520 1622 2552 vitio

864 2558 997 2597 laboret,
1030 2559 1062 2590 h.
1099 2570 1129 2591 e.
1168 2559 1324 2591 formosus
1357 2561 1466 2593 haberi
1499 2563 1621 2611 cupiat,

866 2611 974 2633 curam
1010 2602 1140 2644 puellis,
1170 2613 1365 2645 quacunque
1397 2610 1461 2641 eat,
1495 2605 1622 2648 injiciat

865 2645 1029 2686 qnaerendi
1052 2645 1192 2687 singula,
1209 2646 1297 2688 quali
1313 2646 1355 2678 sit
1370 2646 1462 2682 facie.
1479 2655 1557 2680 cett.
1574 2649 1620 2681 sic

865 2687 904 2724 is,
927 2688 983 2729 qui
1008 2690 1140 2720 summis
1166 2689 1339 2720 honoribus
1363 2696 1493 2722 ornatus
1516 2703 1620 2724 rerum

864 2731 1064 2774 publicarum
1100 2731 1295 2764 defensorem
1327 2733 1375 2764 vel
1405 2744 1509 2766 rerum
1540 2735 1621 2766 divi-

865 2785 977 2806 narum
1011 2781 1188 2808 curatorem
1224 2786 1258 2807 se
1296 2776 1472 2818 profitetur,
1502 2788 1619 2809 unum-

865 2828 1024 2860 quemque
1037 2818 1078 2850 de
1099 2829 1159 2851 sua
1173 2819 1307 2860 origine,
1322 2825 1430 2850 utrum
1446 2820 1563 2852 nobilis
1578 2831 1619 2852 an

865 2860 1015 2902 ignobilis
1045 2862 1098 2897 sit,
1125 2873 1267 2904 quaerere
1295 2863 1393 2903 cogit.
1437 2863 1490 2894 De
1518 2864 1621 2894 Burro

866 2905 909 2935 cf.
935 2915 1006 2947 sup.
1036 2904 1077 2936 ad
1105 2907 1172 2938 Sat.
1197 2907 1227 2942 1,
1253 2907 1284 2942 4,
1312 2907 1386 2936 110.
1432 2906 1550 2936 Huberi
1577 2907 1618 2937 Ει

866 2951 973 2988 cupiat
996 2948 1175 2990 formosus:
1205 2949 1285 2985 vitii.
1314 2948 1401 2990 quod
1434 2949 1533 2980 Barro
1563 2949 1618 2979 tri-

867 2991 988 3028 buitur,
1016 3002 1118 3034 genus
1144 2992 1213 3034 jam
1241 2991 1438 3033 designatur,
1469 2990 1619 3033 cupiebat
