1884 3288
314 205 399 244 210

875 201 1271 244 CARMINUM

603 302 691 349 Qui
711 302 871 356 primus
893 300 1001 342 alma
1022 302 1114 342 risit
1133 302 1304 351 adorea,

600 368 735 409 Dirus
756 383 834 423 per
854 369 984 430 urbes
1006 367 1115 409 Afer
1135 375 1183 410 ut
1203 368 1347 418 Italas,

659 435 752 476 Ceu
771 435 938 476 flamma
959 449 1034 488 per
1056 435 1205 482 taedas,
1227 435 1293 476 vel
1313 434 1459 476 Eurus

713 501 798 543 Per
820 501 985 542 Siculas
1007 502 1213 555 equitavit
1231 502 1383 543 undas.

515 568 571 608 45
602 567 707 610 Post
725 568 809 610 hoc
831 567 1029 609 secundis
1052 582 1186 620 usque
1205 567 1425 608 laboribus

600 634 796 675 Romana
816 635 954 688 pubes
976 634 1121 682 crevit,
1143 640 1186 674 et
1206 634 1334 687 impio

657 701 839 743 Vastata
860 700 1093 741 Poenorum
1115 698 1299 740 tumultu

711 767 829 808 Fana
850 767 970 808 Deos
991 766 1182 806 habuere
1204 773 1366 806 rectos:

601 834 811 887 Dixitque
833 833 1004 874 tandem
1024 832 1217 886 perfidus
1240 832 1481 874 Hannibal:

516 903 571 942 50
601 901 743 951 Cervi,
765 900 964 956 luporum
986 900 1134 954 praeda
1154 900 1383 954 rapacium,

319 1056 385 1094 equi
399 1055 511 1085 suboles
526 1066 633 1096 magno
647 1056 688 1086 sic
701 1056 824 1095 pulvere
841 1056 954 1096 gaudet
968 1066 976 1084 .·
1001 1055 1049 1084 Sic

317 1098 432 1127 vitulus
466 1098 548 1127 molli
578 1098 684 1136 prcrlia
713 1098 822 1138 fronte
861 1099 963 1137 cupit.-
1007 1096 1049 1127 cf.

318 1138 453 1170 Mitsch.
500 1140 650 1170 Doctrina
665 1141 713 1169 sed
729 1141 787 1170 vim.
808 1145 957 1178 promovet
973 1140 1048 1168 insi-

318 1187 390 1215 tam,
406 1181 459 1211 sed
475 1181 583 1211 insitas
607 1181 703 1211 animi
725 1181 803 1211 vires
826 1182 883 1222 (τὸ
899 1179 1048 1222 ἐγγενὲς)

317 1223 403 1254 elicit
419 1229 451 1254 et
466 1234 609 1254 exercere
631 1223 723 1254 docet
748 1222 912 1253 institutio.
957 1223 1052 1253 Com-

316 1265 407 1296 mode
424 1265 455 1295 in
472 1266 554 1296 banc
572 1264 758 1296 sententiam
783 1265 892 1295 laudat
916 1264 1052 1304 Boettig.

319 1306 389 1338 Cic.
414 1317 468 1349 pro
491 1307 592 1338 Arch.
616 1308 704 1338 Poet.
730 1309 760 1342 7,
783 1309 880 1347 Atque
902 1308 977 1337 ide-m
1001 1317 1053 1347 ego

318 1352 471 1386 contendo,
486 1361 575 1389 quum
591 1352 630 1380 ιιιΙ
647 1357 786 1379 natm-am
809 1351 942 1379 eaimiam
966 1356 1053 1388 alque

315 1392 465 1422 illust-rem
480 1394 632 1422 accesserit
649 1393 727 1421 ratio
742 1393 870 1431 quaedum
884 1392 1049 1431 con-forma-

318 1435 415 1473 tioque
429 1436 582 1470 doctrinar,
599 1440 661 1463 tum
679 1435 756 1464 iliud
774 1435 869 1464 nescio
882 1435 954 1472 quid
975 1444 1050 1472 μιγε-

317 1478 436 1506 clarum
460 1487 494 1506 uc
519 1477 675 1515 singulare
713 1477 804 1506 solere
837 1479 976 1505 cautere:
1008 1475 1051 1505 cf.

317 1527 398 1559 quos
414 1517 522 1548 laudat
534 1518 666 1548 Mitscli.
685 1518 817 1554 Quinct.
836 1518 915 1547 Inst.
930 1518 984 1547 Or.
996 1516 1050 1552 xii,

317 1562 350 1595 2,
367 1567 398 1590 et
414 1560 524 1600 Eurip.
539 1560 620 1590 Hec.
633 1560 708 1590 600.
758 1559 926 1599 Utcunque,
951 1568 1050 1599 quan-

318 1601 509 1642 docunque;
539 1613 630 1632 mores
656 1602 842 1643 defeceram,
869 1601 920 1631 ubi
950 1600 1052 1630 insitae

318 1643 423 1674 animo
440 1643 519 1674 vires
535 1645 619 1683 (benc
634 1652 717 1677 nara,
734 1649 768 1673 ut
782 1643 885 1672 statim
907 1642 1054 1672 Horatius

317 1686 384 1726 ipse
398 1685 565 1726 explicat,)
579 1695 639 1716 non
652 1690 847 1719 exercentur,
859 1683 903 1714 ibi
917 1684 1053 1714 studium

318 1727 415 1757 animi
441 1727 603 1758 excolendi
627 1727 727 1767 friget.
776 1727 953 1757 ludecarane
985 1729 1054 1757 hene

317 1777 390 1800 ἰιαια
405 1770 513 1809 culpae,
525 1770 607 1800 bona
620 1770 738 1800 indoles
753 1769 808 1808 (τὸ
825 1769 957 1810 εὐφυὲς)
971 1768 1054 1799 vitiis

318 1813 537 1852 corrumpitur.

362 1855 500 1885 37—48.
525 1854 606 1887 Quid
622 1855 735 1889 deheim,
750 1865 766 1883 o
789 1853 896 1888 Roma,
923 1853 1052 1883 Neroni-

318 1898 382 1930 bus,
403 1897 494 1926 Testis
511 1896 824 1934 Mamm-umstumen,
843 1901 918 1926 cett.
964 1896 1050 1931 Quo-

316 1939 408 1968 modo
424 1938 511 1967 salus
528 1944 641 1973 vestra,
658 1948 675 1967 o
699 1937 848 1972 Romani,
865 1937 896 1967 in
912 1937 1050 1978 antiquae

317 1981 478 2011 Neronum
512 1979 612 2018 gentis
643 1979 754 2010 virtute
781 1979 914 2020 reposita
948 1979 1050 2014 suerit,

317 2021 511 2053 nobilissima
528 2021 580 2051 illa
598 2031 715 2062 pugna.
733 2032 796 2061 qua
814 2021 992 2052 Hasdrubal
1011 2021 1050 2052 ad

317 2064 434 2094 flumen
458 2064 639 2094 Metaurum
663 2073 681 2093 a
706 2064 745 2094 C.
766 2063 901 2094 Claudio
924 2063 1051 2094 Nerone

318 2106 462 2136 devictus
476 2111 534 2142 est,
551 2111 698 2141 testatum
722 2114 740 2134 a
756 2105 848 2144 cujus
862 2111 987 2140 eventu,
1005 2106 1051 2135 uti

317 2147 432 2182 omnis.
458 2158 530 2188 quae
559 2147 714 2177 Romanis
737 2147 884 2187 deinceps
909 2147 1050 2186 contigit,

313 2189 466 2226 secunda,
483 2189 526 2219 ita
542 2189 656 2225 omnis,
671 2199 766 2230 quam
778 2189 872 2219 Poeni
885 2188 1050 2230 postillam

316 2232 434 2274 experti
461 2237 545 2266 sunt,
573 2232 706 2262 adversa
733 2231 856 2261 fortuna
882 2230 1049 2271 repetenda

316 2274 386 2305 suit.
433 2273 514 2304 Rem
531 2273 617 2303 illam
642 2272 838 2314 improvisam
854 2279 885 2303 et
906 2272 1047 2314 inopina-

315 2323 391 2351 tam.
413 2325 507 2356 quam
531 2315 571 2347 C.
590 2315 744 2346 Claudius
769 2315 865 2350 Nero,
880 2315 1002 2350 consul,
1017 2316 1048 2345 in

316 2358 400 2389 bello
415 2357 538 2388 Punico
553 2358 702 2392 secundo,
721 2357 762 2387 A.
780 2357 824 2388 U.
842 2367 962 2391 nvai,
980 2356 1048 2387 seli-

316 2400 443 2431 cissimo
471 2406 585 2431 eventu
617 2409 710 2429 ausus
738 2405 797 2434 est,
828 2404 943 2430 narrat.
977 2398 1046 2429 Liv.

315 2443 415 2477 xxvii,
439 2443 479 2472 43
502 2452 572 2482 sqq.
620 2441 711 2472 Clam
736 2451 844 2481 nempe
869 2441 990 2474 castris,
1016 2441 1049 2471 in

316 2483 432 2525 quibus
449 2484 513 2521 ille,
526 2483 697 2514 Hannibali
711 2484 885 2524 opposituS,
898 2493 930 2513 se
946 2482 1048 2513 adhuc

315 2531 468 2562 tenuerat,
484 2537 553 2556 cum
571 2525 693 2556 delecta
709 2536 802 2556 manu
827 2525 954 2559 relictis,
976 2535 1047 2555 cum

314 2579 332 2599 e
347 2568 488 2600 Lucania
505 2568 535 2598 in
562 2568 722 2599 Umbriam
746 2567 839 2598 celeri
863 2567 970 2598 itinere
993 2567 1046 2598 de-

314 2610 398 2642 latus
424 2616 515 2645 esset,
541 2615 628 2640 tanta
657 2611 779 2640 fortuna
802 2609 845 2639 ibi
871 2609 910 2639 ad
933 2609 1048 2640 flumen

314 2653 492 2684 Metaurum
524 2653 639 2694 (nune,
668 2652 798 2686 Melum,
828 2651 888 2687 vel.
920 2650 1048 2690 Metro)

306 2695 439 2731 ‚adortus
466 2700 513 2725 est
540 2694 720 2730 exercitum,
746 2704 839 2734 quem
868 2693 1046 2724 Hasdrubal

313 2738 397 2770 fratri
413 2748 469 2768 suo
487 2736 658 2766 Hannibali
674 2735 790 2766 auxilio
805 2735 956 2766 ducturus
969 2742 1047 2772 erat,

312 2787 349 2812 ut
369 2779 531 2810 occidione
554 2788 624 2808 eum
647 2788 717 2808 cum
740 2778 839 2819 ipsius
861 2777 939 2808 duce
963 2778 1045 2808 occi—

311 2823 398 2854 deret
410 2833 418 2860 3
432 2831 504 2862 quae
520 2820 645 2861 quidem
655 2821 783 2850 victoria
795 2819 1046 2860 splendidissima

311 2875 382 2896 cum
401 2864 469 2894 sola
485 2863 655 2893 futurarum
673 2861 870 2894 victoriarum
892 2862 1044 2893 Romanis

311 2916 408 2938 causa
421 2904 583 2940 extitisset,
600 2906 652 2935 ille
672 2905 796 2944 pulcher
818 2905 889 2938 dies,
907 2906 957 2944 qui
978 2908 1041 2943 pri—

311 2961 375 2982 mus
389 2948 517 2991 fugatis
538 2948 664 2978 tenebris
686 2946 864 2989 (propulso,
879 2945 963 2987 quod
985 2946 1042 2979 im-

1093 1054 1232 1085 minebat
1256 1055 1426 1090 Romanis,
1449 1052 1606 1096 periculo)
1621 1054 1701 1084 alma
1715 1055 1824 1086 adorea

1093 1099 1173 1132 risit,
1206 1098 1305 1136 (alma
1339 1098 1471 1128 victoria:
1505 1097 1571 1128 tuce
1606 1097 1824 1136 cupiendum)

1094 1149 1213 1174 eorum,
1226 1149 1296 1180 quae
1310 1139 1405 1170 Roma
1421 1140 1523 1170 debeat
1541 1138 1721 1174 Neronibus,
1737 1139 1825 1170 testis

1094 1180 1250 1212 laudatur.
1293 1181 1430 1212 Adana.-
1453 1180 1541 1212 Plin.
1555 1180 1642 1216 xviii.
1653 1182 1685 1216 3,
1719 1182 1825 1212 loriam

1096 1235 1114 1253 a
1139 1223 1244 1264 fizrris
1286 1223 1392 1254 honore
1410 1225 1565 1265 *adoream
1599 1223 1691 1265 appel
1707 1223 1823 1263 abant3

1096 1268 1202 1295 adorea
1221 1264 1352 1300 scilicet,
1369 1267 1442 1296 ador
1455 1266 1570 1307 velsen-
1583 1267 1722 1296 adoreum
1739 1266 1826 1307 (nos.

1097 1306 1228 1345 Dinkel)
1260 1314 1329 1348 post
1362 1312 1479 1349 partam
1517 1307 1676 1338 victoriam
1708 1307 1826 1349 praemii

1097 1348 1166 1379 loco
1202 1348 1353 1380 militibus
1387 1349 1533 1380 distribui
1567 1349 1706 1386 solebam
1743 1349 1826 1381 unde

1093 1393 1202 1421 adorea
1239 1401 1294 1432 pro
1324 1391 1393 1431 ipsa
1421 1391 1549 1422 victon'a
1575 1391 1711 1432 ponitur.
1771 1392 1824 1428 Ut,

1095 1439 1282 1474 postquam;
1323 1434 1362 1463 ab
1394 1443 1430 1464 eo
1466 1433 1538 1464 iude
1566 1439 1714 1474 tempore,
1751 1444 1826 1474 quo.

1097 1476 1184 1516 Aser,
1218 1475 1396 1505 Hannibal:
1437 1476 1536 1510 dims,
1565 1474 1675 1506 Livius
1701 1486 1826 1517 quoque

1097 1516 1159 1554 xxi,
1187 1518 1219 1552 4,
1248 1517 1286 1546 ad
1309 1516 1499 1548 Hannibalis
1530 1517 1606 1548 vitia
1630 1518 1826 1549 inhumanam

1095 1558 1164 1599 ejus
1180 1560 1389 1589 crudelitatem
1405 1558 1514 1590 refert:
1539 1559 1583 1590 cf.
1596 1569 1667 1602 sup.
1677 1559 1717 1590 ad
1732 1559 1779 1596 iii,
1792 1561 1824 1596 6,

1096 1601 1150 1631 36.
1176 1601 1369 1642 Ceuflamma
1382 1612 1435 1640 per
1447 1603 1553 1636 tardas,
1565 1601 1723 1633 scrutere
1733 1602 1824 1639 solet,

1096 1642 1180 1682 quod
1195 1643 1235 1673 ad
1252 1649 1356 1673 notam
1371 1642 1541 1682 zeugmatis
1549 1643 1679 1684 figuram
1689 1654 1728 1676 ex
1742 1646 1824 1684 equi-

1099 1684 1368 1715 taviteliciendum
1383 1692 1442 1716 est..
1477 1685 1537 1715 Per
1549 1687 1666 1717 Siculas
1679 1688 1825 1727 equitavit

1096 1729 1205 1762 undas,
1228 1737 1283 1768 per
1307 1737 1390 1758 mare
1418 1727 1559 1758 Siculum
1581 1727 1826 1760 concitatissimo

1098 1767 1216 1810 impetu
1238 1769 1308 1800 fier-ri
1333 1769 1420 1800 solet.
1466 1770 1569 1801 Eur-m
1589 1770 1658 1811 jam
1678 1773 1824 1811 equitare,

1099 1817 1134 1842 ut
1162 1811 1320 1852 Zephyrus
1343 1811 1427 1853 apud
1454 1812 1636 1854 Euripidem
1667 1813 1827 1845 Phoeniss.

1098 1854 1172 1887 220,
1188 1853 1355 1890 ἱππεύειν,
1371 1854 1410 1884 ad
1434 1853 1566 1885 celerem
1588 1855 1659 1896 ejus
1673 1854 1824 1897 impetum

1095 1895 1322 1936 designandum
1354 1896 1479 1927 dicitur.
1511 1896 1642 1928 Eadem
1666 1897 1706 1928 de
1730 1908 1826 1930 causa

1097 1938 1255 1979 Zephyrus
1278 1937 1360 1979 apud
1383 1939 1504 1970 Catull.
1519 1938 1595 1974 lxvi.
1609 1940 1651 1971 54
1675 1939 1826 1972 Chloridis

1095 1981 1155 2010 ales
1185 1991 1274 2020 equus
1304 1986 1443 2016 vocatur,
1469 1981 1526 2012 ubi
1553 1981 1623 2012 vide
1645 1987 1711 2012 not.
1754 1983 1824 2015 Nec

1096 2022 1156 2052 alio
1183 2022 1316 2052 consilio
1341 2024 1422 2054 Euro
1447 2025 1513 2063 equi
1541 2023 1599 2054 Eoi
1624 2024 1711 2065 apud
1737 2025 1826 2065 Virg.

1095 2065 1173 2094 AEn.
1196 2064 1230 2100 ii,
1255 2066 1329 2099 417,
1354 2071 1386 2096 et
1416 2065 1568 2106 Aquiloni
1601 2068 1669 2106 equi
1697 2065 1824 2098 Thraces

1095 2106 1180 2147 apud
1196 2106 1269 2138 Val.
1286 2107 1394 2138 Flacc.
1411 2107 1433 2142 i,
1450 2108 1525 2144 610,
1541 2107 1730 2140 tribuuntur.
1750 2109 1824 2140 Huc

1095 2149 1228 2184 aceedit,
1245 2149 1328 2188 quod
1344 2149 1500 2181 ἱππεύειν
1515 2149 1596 2190 apud
1612 2150 1742 2182 Grecos
1752 2161 1824 2193 pas-

1094 2189 1152 2219 sim
1175 2190 1214 2221 de
1236 2190 1393 2227 omnibus,
1415 2191 1470 2232 qui
1492 2191 1694 2224 concitatiore
1708 2191 1825 2234 impetu

1092 2237 1199 2266 ruunt,
1229 2232 1361 2263 dicitur:
1397 2233 1543 2274 exempla
1567 2234 1607 2264 ad
1632 2235 1665 2264 h.
1690 2234 1712 2265 l.
1738 2236 1825 2267 dedit
1879 2243 1884 2246 “

1094 2273 1144 2305 cl.
1166 2273 1299 2304 Mitsch.
1321 2274 1366 2304 uti
1389 2274 1450 2306 fere
1471 2285 1542 2316 sup.
1564 2275 1609 2313 iii,
1626 2277 1652 2312 l,
1668 2277 1722 2312 40.
1738 2288 1822 2317 eques

1093 2314 1132 2346 de
1147 2315 1258 2356 quovis
1273 2316 1326 2357 qui
1341 2317 1433 2348 celeri
1447 2328 1542 2348 cursu
1557 2318 1704 2350 aufertur.
1748 2320 1767 2351 J
1773 2330 1821 2351 am

1095 2367 1166 2388 vero
1196 2368 1265 2388 curn
1308 2358 1390 2399 apud
1427 2359 1554 2390 Graecos
1593 2361 1823 2398 καθιππεύειν,

1092 2399 1367 2436 καθιππάζεσθαι
1396 2402 1524 2443 χώραν,
1554 2401 1594 2433 de
1629 2413 1667 2434 eo
1699 2413 1824 2446 quoque

1092 2441 1180 2473 hoste
1209 2442 1272 2472 dici
1299 2443 1399 2473 soleat
1426 2443 1527 2486 (vide,
1555 2454 1648 2485 quem
1686 2445 1825 2488 Boettig.

1093 2483 1213 2521 laudat,
1230 2485 1420 2525 wesseling.
1444 2485 1482 2516 ad
1507 2485 1640 2518 Diodor.
1661 2487 1726 2519 Sic.
1743 2489 1780 2519 T.
1803 2489 1824 2525 i,

1091 2536 1122 2566 p.
1137 2526 1218 2566 631)
1235 2525 1291 2567 qui
1314 2526 1412 2558 feroce
1436 2527 1555 2569 impetu
1581 2529 1824 2570 populabundus

1092 2574 1201 2599 terram
1217 2569 1353 2609 aliquam
1366 2575 1561 2610 pervagatur.
1577 2571 1674 2602 facile
1685 2581 1704 2602 a
1726 2579 1823 2614 paret,

1092 2620 1186 2650 quam
1199 2616 1270 2652 apte
1285 2613 1418 2651 equitare
1434 2611 1606 2644 Hannibali
1621 2612 1702 2645 simu
1720 2637 1727 2650 .
1745 2615 1821 2646 sero·

1092 2652 1167 2683 citer
1182 2663 1235 2694 per
1250 2653 1348 2684 Italas
1361 2654 1453 2685 urbes
1475 2654 1588 2690 ruenti,
1606 2656 1822 2688 accommoda-

1090 2699 1157 2725 tum
1173 2695 1234 2733 sit;
1256 2700 1288 2725 et
1304 2695 1351 2726 sic
1368 2695 1424 2726 inf.
1449 2697 1551 2737 Epod.
1579 2697 1629 2732 16,
1657 2698 1707 2733 12,
1723 2705 1756 2729 et
1773 2699 1823 2734 17.

1090 2737 1143 2772 74,
1181 2737 1218 2772 is,
1255 2737 1309 2778 qui
1343 2737 1530 2769 insolentius
1563 2737 1646 2770 hosti
1681 2738 1824 2778 insultat,

1089 2781 1196 2819 equitis
1225 2777 1362 2820 imagine
1390 2780 1603 2811 adumbratur.
1655 2781 1728 2812 Post
1758 2783 1822 2819 hoc,

1091 2821 1146 2852 ἐπὶ.
1163 2823 1272 2856 τοῦτο,
1298 2827 1366 2863 post
1388 2822 1467 2852 hanc
1491 2821 1618 2854 Claudii
1641 2823 1821 2864 victoriam;

1086 2865 1224 2894 secundis
1246 2865 1405 2899 laboribus,
1429 2863 1638 2904 significanter
1658 2865 1699 2896 de
1722 2866 1819 2898 victo·

1087 2905 1152 2940 nis,
1168 2905 1200 2936 in
1225 2915 1369 2947 prospero
1396 2906 1550 2942 laborum.
1565 2917 1646 2955 quos
1659 2907 1776 2940 milites
1789 2909 1821 2940 in

1086 2948 1170 2979 bello
1186 2947 1351 2986 sustinent,
1364 2958 1511 2980 successu
1523 2949 1632 2991 positis
1645 2961 1655 2990 ;
1673 2952 1819 2987 tumultu,
