1884 3288
617 208 842 253 LIBER
872 208 958 259 III,
989 209 1060 251 21.

360 313 622 368 Plerumque
643 312 780 354 duro:
813 319 862 353 tu
884 311 1144 367 sapientium

278 382 330 423 15

419 382 557 424 Cur-as
578 388 622 422 et
643 395 848 423 arcanum
861 381 1016 435 jocoso

475 448 715 491 Consilium
735 449 898 503 retegis
921 447 1057 503 Lyaeo
1075 464 1085 489 ε

359 518 434 560 Tu
455 533 576 573 spem
599 517 770 559 reducis
794 517 1012 559 mentibus
1034 516 1173 558 anxiis

359 585 577 640 Viresque
595 602 604 627 ε
637 593 682 627 et
703 584 830 626 addis
853 598 1016 626 cornua
1037 583 1235 638 pauperi,

417 653 526 695 Post
548 661 591 695 te
613 668 755 708 neque
777 653 910 694 iratos
932 652 1135 694 trementi

273 722 330 763 20

476 721 652 778 Regum
673 722 833 777 apices,
856 735 999 775 neque
1023 720 1202 762 militum
1223 734 1356 761 arma.

361 788 430 831 Te
453 789 603 840 Liber,
625 798 684 840 et,
707 790 742 831 si
762 788 863 831 laeta
884 789 1039 838 aderit,
1062 788 1232 838 Venus,

362 858 619 914 Segnesque
641 858 804 900 nodum
825 857 991 899 solvere
1015 857 1199 907 Gratiae,

421 926 633 982 Vivaeque
654 927 899 982 producent
919 925 1121 975 lucernae,

481 995 603 1037 Dum
622 995 796 1045 rediens
818 994 941 1050 fugat
963 1002 1080 1035 astra
1102 992 1316 1035 Phoebus.

75 1128 134 1160 inf.
148 1130 218 1161 Sat.
232 1129 268 1166 ii,
290 1130 319 1167 1,
336 1130 390 1168 72,
405 1132 554 1171 sapientia
573 1130 661 1162 Lae1i.
707 1131 822 1163 Utrum

77 1172 154 1204 Cato
161 1173 278 1214 Major,
290 1182 316 1204 ε.
324 1173 496 1211 Censorius,
505 1183 546 1204 an
558 1173 708 1205 Uticensis
718 1174 824 1210 fuerit,

75 1225 173 1257 quem
201 1216 300 1259 paulo
329 1215 458 1247 liberius
489 1227 720 1259 nonnunquam
750 1218 824 1248 vino

74 1257 250 1290 indulsisse
262 1264 402 1298 narrant,
419 1258 605 1301 interpretes
620 1261 701 1291 inter
714 1270 746 1291 se
760 1260 825 1291 dis-

74 1311 128 1341 ere
170 1306 217 1333 nt.
265 1301 435 1334 Uticensem
468 1302 710 1344 intelligendum
744 1313 826 1339 esse,

75 1354 132 1386 pro
155 1350 242 1376 atum
271 1343 331 1376 ivit
357 1344 493 1376 Mitsch.
539 1346 689 1377 Ceterum
714 1353 827 1388 praeter

76 1387 140 1419 alia
163 1387 225 1420 huc
252 1387 390 1430 pertinet
416 1389 516 1419 Mart.
541 1388 574 1426 ii,
599 1389 652 1424 89,
680 1389 710 1424 l,
737 1389 826 1423 Quod

74 1433 170 1462 nimio
195 1433 311 1474 gaudes
334 1438 449 1463 noctem
471 1434 638 1472 producere
664 1434 743 1469 vino,
771 1432 825 1475 Ig-

77 1485 183 1506 nosco.-
205 1476 327 1512 vitium,
344 1474 462 1511 Gaure,
480 1475 604 1506 Catonis
619 1476 718 1506 habes.

125 1518 266 1549 13-—'2o.
291 1517 339 1548 Tu
354 1518 420 1550 lene
436 1525 618 1550 tormentum
634 1519 755 1560 ingenio
769 1519 825 1548 ad-

77 1571 172 1593 moves
189 1560 374 1602 Plerumque
395 1563 484 1597 duro,
504 1567 538 1592 tu
563 1561 647 1592 haud
667 1571 736 1592 raro
753 1567 824 1592 tan-

77 1613 175 1646 quam
193 1603 266 1636 lene
279 1603 458 1635 durioribus
473 1604 610 1646 ingeniis
626 1604 827 1636 emolliendis

78 1646 240 1678 adhiberis
258 1646 442 1683 remedium,
461 1647 493 1677 h.
509 1657 539 1678 e.
554 1653 589 1678 tu
605 1647 696 1685 facis,
716 1653 752 1678 ut
766 1647 826 1679 du-

77 1690 158 1722 riora
179 1689 308 1731 ingenia
336 1689 525 1728 mitescant;
551 1692 616 1721 lene
644 1697 827 1722 tormentum

79 1736 236 1766 admovere
258 1735 336 1765 duro
359 1735 494 1776 ingenio,
517 1733 551 1764 h.
567 1743 596 1764 e.
620 1733 685 1765 leni
707 1733 828 1765 ratione

77 1776 144 1808 vim
169 1776 336 1808 admovere
358 1776 437 1808 duro
466 1775 606 1817 ingenio,
638 1787 684 1807 sc.
713 1782 747 1807 ut
775 1776 830 1807 fiat

80 1818 190 1852 mitius
211 1825 243 1852 et
257 1819 395 1851 mollius.
441 1820 528 1851 Hine
544 1820 600 1851 inf.
617 1819 651 1850 in
671 1819 773 1861 Epist.
789 1819 828 1850 ad

80 1861 153 1894 Pis.
169 1873 200 1894 v.
221 1863 296 1898 435,
313 1862 353 1894 de
367 1862 454 1898 vino,
475 1863 570 1904 Reges
585 1865 734 1894 dicuutur
750 1864 828 1893 mul-

82 1907 122 1937 tiz
136 1917 247 1948 urgere
263 1907 403 1942 eulullis,
422 1906 463 1936 Et
481 1912 618 1948 torquere
640 1917 731 1941 mero,
746 1916 831 1947 quem

79 1951 262 1990 perspexisse
283 1949 423 1980 laborant
433 1961 445 1987 ‚·
470 1954 503 1981 et
526 1949 629 1992 Epist.
652 1949 673 1986 i,
700 1950 750 1984 18,
775 1950 829 1986 38,

83 1992 336 2033 Commissumque
350 1998 442 2035 teget,
457 1999 486 2023 et
509 1994 579 2023 vino
599 1998 696 2024 tortus
714 1999 743 2022 et
767 1994 828 2023 ira.

83 2034 238 2067 Amiciss.
251 2035 385 2067 Jacobs.
402 2034 434 2066 in
449 2034 624 2077 Animadv.
642 2034 682 2066 ad
694 2034 830 2066 Anthol.

85 2078 194 2110 Graec.
210 2079 247 2110 T.
262 2077 298 2114 ii,
314 2089 348 2121 p.
362 2079 417 2114 29,
434 2078 519 2110 hunc
541 2078 647 2110 locum
667 2083 830 2121 comparat

83 2131 156 2153 cum
175 2120 363 2164 Asclepiad.
382 2121 490 2153 Carm.
513 2132 544 2158 x,
564 2123 593 2158 1,
611 2122 650 2152 T.
665 2121 688 2158 i,
705 2132 737 2163 p.
756 2122 830 2153 136.

84 2163 238 2196 Similiter
259 2163 317 2196 inf.
337 2163 383 2200 iii,
401 2166 456 2201 28,
472 2166 504 2200 4.
522 2165 656 2196 Munitae
675 2166 831 2205 sapientiae

83 2209 146 2239 vim
166 2208 310 2240 adhibere
354 2217 399 2244 ro,
421 2208 496 2239 vino
517 2207 706 2250 indulgere;
730 2214 762 2239 et
784 2207 830 2239 sic

84 2249 171 2294 apud
196 2250 255 2282 Sil.
281 2250 330 2282 Ita
347 2273 356 2282 .
382 2251 425 2288 xi,
450 2251 528 2287 287,
554 2251 674 2282 Bacchi
700 2261 833 2283 munera

83 2295 196 2326 duram
209 2299 337 2325 mentem
352 2294 454 2326 laxare
473 2294 636 2326 dicuntur.
681 2294 832 2326 Ceterum

83 2342 270 2380 comparant
289 2347 416 2379 quoque
436 2337 626 2379 Bacchylid.
649 2348 680 2372 x,
710 2339 738 2372 1,
761 2337 831 2368 An-

84 2379 162 2413 thol.
185 2381 295 2413 Graec.
311 2380 351 2411 T.
365 2380 389 2416 i,
407 2391 438 2423 p.
461 2381 516 2417 94,
541 2379 675 2412 Γλυκεῖ’
696 2380 833 2423 ἀνάγκα

85 2422 249 2467 σευομένα
272 2423 419 2456 κυλίκων
434 2423 596 2464 Θάλπησι
615 2423 738 2466 θυμόν.
785 2424 831 2455 Tu

83 2469 268 2508 sapientium
293 2466 393 2498 Caras
413 2473 443 2498 et
464 2478 614 2498 arcanum
626 2470 730 2508 jocoso
753 2467 831 2498 Con-

85 2511 189 2542 silium
203 2511 315 2552 retegis
330 2509 420 2552 Lyceo
430 2522 439 2540 .·
461 2510 623 2553 explicant
639 2510 679 2541 de
694 2509 833 2552 philoso-

85 2552 173 2596 phis,
188 2563 269 2595 quos
283 2551 392 2584 vinum
407 2552 540 2585 disertos
555 2553 674 2591 faciat3
698 2558 731 2584 et
745 2565 835 2584 curas

86 2597 128 2628 de
145 2605 254 2628 eorum
279 2595 552 2634 meditationibus,
576 2597 737 2627 consili-um
763 2607 836 2628 vero

87 2639 128 2672 de
149 2649 257 2672 eorum
277 2638 405 2682 placitis
423 2645 454 2671 et
474 2638 609 2671 decretis
627 2639 835 2682 interpretan-

89 2687 151 2715 tur.
195 2683 257 2714 Sed
272 2689 308 2714 ut
316 2682 566 2724 praetermittam,
578 2693 669 2714 usum
685 2682 837 2724 loquendi

88 2735 265 2768 repugnare
285 2725 380 2769 plane
404 2725 478 2756 huic
501 2725 682 2768 explicandi
710 2726 837 2763 rationi,

90 2769 163 2842 quis
174 2778 316 2810 unquam
330 2767 457 2799 tandem
471 2768 689 2811 philosophos,
703 2774 738 2799 ut
751 2775 838 2811 pate-

105 2811 212 2843 aciant
229 2822 302 2853 quae
321 2811 527 2843 commentati
549 2811 623 2849 sint,
644 2822 756 2853 quaeve
774 2818 838 2842 sta-

93 2859 198 2891 tuant,
219 2854 287 2886 viui
306 2854 434 2886 demum
454 2855 571 2886 haustu
593 2854 714 2896 impelli
736 2854 840 2886 dixit?

93 2897 164 2928 Irno
174 2907 231 2940 per
243 2900 391 2938 sapientes
407 2904 501 2940 poeta
518 2897 596 2928 mihi
612 2896 778 2939 designare
795 2898 841 2929 vi-

93 2938 186 2972 detur
198 2950 252 2972 eos
268 2940 324 2983 qui
337 2940 429 2976 alias,
446 2940 563 2983 quibus
575 2941 659 2972 curis
670 2941 838 2981 agitentur,

94 2993 206 3024 que
223 2993 329 3015 secum
354 2983 493 3021 volvant,
512 2984 684 3025 prudenter
701 2989 733 3015 et
748 2989 840 3016 caute

95 3024 200 3058 animo
216 3032 363 3068 premunt
383 3032 414 3058 et
430 3032 557 3068 tegunt,
574 3027 655 3058 inter
673 3028 748 3058 vina
768 3038 840 3060 vero

867 1129 1010 1161 animum
1026 1130 1183 1172 aperiunt,
1200 1134 1231 1160 et
1243 1129 1298 1170 (ut
1311 1128 1428 1159 Noster
1443 1127 1501 1160 inf.
1514 1127 1619 1170 Epist.

867 1173 891 1209 i,
907 1175 939 1210 5,
958 1174 1011 1208 16,
1033 1174 1074 1204 de
1092 1172 1187 1204 ebriis
1210 1171 1368 1214 loquitur)
1393 1178 1496 1212 operta
1514 1173 1618 1202 reclu-

868 1218 957 1247 dunt.
1005 1217 1120 1253 Jocoso,
1142 1215 1310 1251 efficiente,
1338 1220 1374 1245 ut
1396 1215 1468 1256 quis
1489 1214 1620 1255 jocosus

870 1265 902 1290 et
920 1259 1030 1290 hilaris
1045 1259 1111 1290 fiat.
1158 1259 1203 1289 Tu
1225 1269 1304 1298 spem
1326 1259 1447 1289 reducis
1470 1259 1621 1289 mentibus

869 1304 989 1333 anaiis:
1019 1302 1093 1335 binc
1116 1301 1175 1333 inf.
1201 1301 1244 1337 iv.
1272 1302 1323 1336 12,
1351 1302 1402 1336 19,
1427 1300 1535 1332 vinum
1558 1311 1622 1340 spes

871 1357 961 1376 novas
977 1347 1101 1383 donare,
1117 1352 1148 1376 et
1164 1344 1266 1386 Epist.
1289 1344 1311 1379 i,
1334 1345 1386 1380 15,
1408 1345 1456 1379 19.
1476 1344 1553 1374 Cum
1567 1354 1618 1384 spe

870 1390 964 1419 divite
978 1390 1010 1418 in
1020 1399 1110 1419 venas
1120 1390 1313 1428 animumque
1324 1398 1461 1423 manare,
1475 1393 1508 1417 et
1518 1386 1622 1429 Epist.

870 1430 893 1467 i,
910 1433 942 1466 5,
961 1432 1012 1466 17,
1025 1442 1087 1470 spes
1103 1437 1187 1462 ratas
1196 1431 1372 1470 essejnbere
1387 1429 1516 1461 dicitur.
1563 1430 1619 1461 Cl.

871 1474 1007 1506 Mitsch.
1028 1474 1060 1504 in
1086 1474 1206 1505 Annal.
1224 1485 1254 1516 p.
1271 1474 1347 1509 708,
1364 1479 1526 1515 comparat
1541 1472 1620 1504 Pin-

871 1517 938 1548 dari
955 1518 1081 1559 Fragm.
1102 1517 1275 1559 quoddam,
1298 1516 1383 1558 quod
1406 1516 1440 1546 in
1464 1516 1621 1558 Excerpto

869 1561 893 1591 l.
909 1560 954 1596 xi,
971 1561 1122 1592 Athenaei
1137 1560 1223 1602 apud
1236 1560 1423 1591 Casaubon.
1447 1558 1623 1591 Animadv.

869 1603 914 1640 xi,
938 1615 968 1635 c.
995 1605 1026 1640 4,
1056 1615 1088 1646 p.
1114 1604 1190 1639 782,
1215 1603 1340 1645 legitur.
1392 1603 1548 1644 Viresque:
1578 1603 1619 1634 cf.

871 1647 1001 1678 Homer.
1014 1646 1110 1678 Iliad.
1131 1646 1172 1683 vi,
1185 1648 1263 1683 261,
1285 1652 1317 1677 et
1337 1646 1381 1683 ix,
1399 1647 1476 1677 702.
1524 1647 1622 1677 Addis

870 1701 986 1721 cornua
1012 1692 1162 1730 pauperi.-
1194 1701 1309 1720 cornua
1346 1699 1403 1731 pro
1434 1689 1556 1724 robore,
1588 1689 1620 1719 in

871 1743 935 1775 quo
949 1732 1021 1774 quis
1037 1733 1184 1763 fiduciam
1206 1733 1316 1775 ponit;
1340 1731 1415 1762 hinc
1438 1743 1554 1763 cornua
1569 1742 1621 1762 su-

872 1787 952 1807 mere
981 1775 1170 1818 proverbiali
1193 1774 1353 1806 locutione
1381 1774 1543 1810 dicuntur,
1568 1775 1624 1816 qui

874 1819 972 1850 nimia
993 1819 1026 1849 in
1042 1818 1160 1850 viribus
1176 1818 1241 1849 suis
1255 1818 1373 1849 fiducia
1394 1817 1495 1860 posita
1511 1817 1623 1848 feroci-

873 1873 941 1894 ores
954 1862 1045 1893 fiunt.
1090 1861 1255 1893 Horatium
1269 1861 1413 1892 imitatus
1426 1866 1473 1892 est
1485 1860 1623 1892 Ovidius

875 1905 947 1936 Art.
964 1907 1041 1936 Am.
1056 1903 1078 1942 i,
1091 1906 1168 1939 238.
1184 1912 1215 1935 et
1231 1904 1343 1935 Amor.
1359 1903 1407 1941 iii,
1422 1905 1475 1940 ll,
1489 1905 1523 1934 5.
1572 1903 1624 1935 Ad

875 1948 1065 1982 sententiam
1088 1948 1166 1979 facit
1188 1947 1364 1979 Macedon.
1389 1946 1454 1983 xxi,
1482 1947 1511 1982 l,
1534 1947 1567 1982 2,
1590 1947 1624 1978 in

874 1990 1010 2022 Anthol.
1041 1991 1148 2022 Graec.
1178 1991 1216 2021 T.
1254 1991 1296 2027 iv,
1328 2001 1361 2033 p.
1392 1991 1446 2025 86,
1478 1988 1625 2032 Ἀνέρες,

875 2033 941 2066 οἶσι
964 2034 1115 2078 μέμηλεν
1143 2033 1318 2075 ἀπέμονος
1345 2034 1444 2076 ὄργια
1471 2032 1624 2074 Βάκχου,

872 2077 1036 2110 Ἐλπὶσιν
1052 2077 1220 2120 ἡμερίδων
1243 2076 1366 2120 ῥίψατε
1394 2077 1461 2115 τὴν
1488 2077 1626 2116 πενίην.

876 2122 949 2152 Post
974 2128 1012 2157 te,
1038 2131 1167 2152 munere
1194 2126 1249 2152 tuo
1273 2125 1451 2152 recreatus:
1482 2118 1627 2152 similiter

874 2174 945 2207 sup.
969 2164 991 2202 i,
1022 2165 1071 2200 18.
1096 2166 1129 2199 5,
1155 2170 1219 2205 post
1245 2166 1329 2195 vina.
1388 2163 1488 2194 Iratos
1516 2174 1625 2203 regum

874 2209 984 2248 apices,
1000 2208 1149 2239 iratorum
1170 2218 1280 2250 regum
1301 2206 1486 2249 potentiam.
1532 2209 1629 2247 Apes,

900 2251 931 2282 ui
949 2251 1029 2282 alias
1043 2256 1092 2283 est
1109 2250 1235 2292 insigne
1255 2250 1466 2285 sacerdotum,
1483 2249 1552 2291 jam
1570 2261 1627 2292 pro

877 2262 1057 2326 diademate
1071 2294 1120 2325 vel
1136 2293 1255 2336 insigni
1271 2293 1364 2335 regia:
1388 2293 1551 2335 dignitatis
1571 2303 1627 2335 po-

877 2337 984 2375 nitur3
1017 2338 1056 2369 τὸ
1083 2340 1188 2374 iratos,
1216 2338 1302 2379 quod
1327 2336 1367 2367 ad
1390 2347 1498 2379 regum
1521 2336 1628 2368 referri

877 2381 983 2417 debet,
1000 2380 1203 2423 exquisitiore
1224 2380 1345 2411 ratione
1365 2380 1405 2411 ad
1421 2381 1520 2420 apices
1536 2386 1629 2422 poeta

876 2424 1007 2455 retulit:
1033 2431 1067 2455 ut
1091 2423 1188 2455 Ovid.
1210 2423 1321 2454 Amor.
1345 2422 1391 2459 iii,
1417 2423 1450 2459 6,
1471 2423 1526 2459 36,
1554 2423 1628 2453 Cor-

877 2479 939 2498 nua
957 2470 982 2499 si
999 2474 1054 2499 tua
1070 2469 1218 2499 nuncubi
1231 2473 1315 2502 sunt,
1329 2467 1468 2503 Acheloe,
1479 2467 1630 2507 requiras,

878 2511 1025 2542 Herculis
1049 2513 1131 2542 irata
1153 2511 1228 2553 (pro
1247 2509 1385 2551 *vulgar-i,
1410 2509 1503 2551 irati)
1517 2509 1631 2550 fracm

878 2565 1002 2596 querere
1015 2565 1122 2585 manu.

923 2598 1067 2628 21-24.
1087 2597 1352 2637 Te—producent,
1364 2595 1461 2637 paulo
1474 2595 1631 2627 audacius

880 2650 949 2682 pro,
965 2640 1158 2675 convivium,
1175 2639 1260 2680 quod
1277 2645 1333 2670 tuo
1346 2648 1476 2670 munere
1490 2639 1632 2671 celebra·

881 2682 976 2719 bitur,
992 2683 1025 2714 in
1042 2684 1175 2714 multam
1194 2687 1318 2714 noctem
1336 2682 1531 2724 protrahent.
1577 2682 1631 2712 Li-

882 2729 944 2762 ber,
978 2733 1127 2768 tanquam
1158 2727 1270 2757 laetitiae
1296 2727 1398 2761 dator,
1424 2732 1458 2755 ut
1484 2725 1633 2756 Bacchus

883 2775 1014 2801 vocatur
1036 2769 1120 2812 apud
1143 2769 1234 2811 Virg.
1259 2769 1340 2800 AEn.
1366 2768 1388 2804 i,
1413 2769 1487 2799 734.
1533 2768 1631 2804 Lena,

883 2813 1031 2855 propitia.
1076 2813 1208 2847 Gratioe,
1225 2818 1375 2853 tanquam
1389 2810 1513 2842 decoris
1528 2816 1560 2843 et
1576 2811 1632 2841 ho-

885 2855 1060 2887 nestat—isin
1072 2855 1225 2887 conviviis
1242 2855 1399 2897 magistrae
1416 2860 1448 2885 et
1464 2854 1611 2885 custodes
1625 2866 1633 2892 ;

884 2910 986 2940 segnes
1000 2901 1110 2930 nodum
1122 2901 1244 2934 solvere,
1254 2899 1370 2930 Graece
1383 2908 1449 2939 pro,
1465 2897 1504 2928 ad
1517 2897 1632 2928 nodum

882 2941 1083 2979 solvendum,
1102 2942 1134 2972 h.
1149 2952 1177 2973 e.
1192 2953 1264 2984 quae
1286 2951 1349 2972 non
1371 2940 1476 2974 facile,
1499 2950 1562 2980 quo
1583 2939 1632 2969 in-

885 2986 984 3016 vicem
1004 2985 1086 3016 inter
1105 2995 1138 3016 se
1161 2995 1251 3016 nexae
1274 2991 1361 3021 sunt,
1378 2983 1507 3014 solvunt
1522 2981 1634 3011 vincu-

886 3028 951 3059 lum
967 3039 975 3067 3
1000 3027 1075 3060 hinc
1094 3028 1218 3070 junctis
1234 3028 1381 3059 manibus
1399 3027 1479 3057 inter
1494 3034 1527 3055 se
1545 3033 1634 3055 nexae
