1884 3288
633 236 869 276 HORATII
899 235 946 274 M
951 234 1111 274 ETRA.
1543 233 1641 274 xxiii

45 352 58 380 ζ’
93 347 223 387 untes,
251 345 462 392 systemata
490 340 590 388 (nos,
624 338 816 387 Strophen
843 350 874 375 s.
909 336 1102 384 Stanzen)
1135 335 1306 375 efficiunt
1335 336 1408 374 sibi
1436 336 1476 374 in
1511 335 1633 375 vicem

40 410 55 451 ῗ
94 403 220 456 quoad
242 403 466 454 rhythmum
493 401 643 440 similia.
699 400 847 447 Quodsi
875 407 961 451 post
983 401 1120 439 seriem
1143 400 1320 438 binorum
1345 412 1527 438 versuum
1554 401 1634 451 pri-

92 479 200 504 mum
217 477 339 516 genus
356 463 468 509 redit,
487 470 655 514 systema
672 469 731 502 est
745 466 942 514 δίστροφον;
970 476 1021 503 ex
1038 476 1114 514 quo
1127 462 1222 514 quid
1238 461 1290 500 sit
1304 464 1520 513 τρίστροφον,
1535 463 1631 511 μονό-

53 554 60 558 «
93 542 246 580 “pepon
265 529 519 578 τετράστροφον
531 525 645 564 facile
663 531 782 576 patet.

379 719 654 759 VERSUUM
684 719 1063 758 SINGULORUM
1094 718 1337 757 GENERA.

668 858 702 882 a.
770 844 907 882 Versus
925 842 1096 882 iambici.

25 939 42 987 '5
86 963 122 1002 l.
157 963 306 1003 Versus
323 962 508 1003 iambicus
527 962 692 1002 dimeter
711 963 942 1002 acatalectus
960 977 991 1002 s.
1012 962 1292 1014 quaternarius.

429 1026 479 1040 υ-
536 1025 586 1040 ν-
685 1026 734 1039 U—
820 1025 873 1040 υδι

462 1087 481 1094 -
538 1082 618 1096 νυν
685 1087 734 1094 -ι-

431 1139 512 1154 —UU

398 1197 551 1234 Inar-sit
570 1198 784 1235 aestuosius.
841 1196 964 1248 Epod.
982 1196 1022 1243 3,
1045 1196 1107 1236 18.

410 1260 481 1298 Vel
498 1260 632 1298 kaedus
650 1265 804 1309 ereptus
824 1260 924 1309 lupo.
981 1259 1105 1310 Epod.
1130 1259 1169 1306 2,
1191 1259 1255 1298 60.

398 1322 546 1360 Imbres
565 1322 746 1373 nivesque
766 1328 978 1371 comparat.
1036 1321 1158 1372 Epod.
1178 1321 1218 1368 2,
1236 1321 1301 1359 30.

398 1384 515 1422 Forti
532 1397 740 1435 sequamur
747 1390 918 1434 pectore.
975 1383 1101 1435 Epod.
1124 1384 1162 1429 l,
1185 1383 1246 1421 14.

402 1448 440 1486 V
436 1445 556 1499 idelre
566 1445 838 1498 propeflrantes
857 1447 1019 1485 domum.
1079 1446 1202 1497 Epod.
1222 1446 1261 1493 2,
1283 1446 1347 1484 62.
1365 1455 1370 1458 ’

396 1512 471 1549 Ast
489 1524 556 1562 eqo
577 1509 582 1561 1
604 1509 772 1548 vicissim
793 1510 929 1548 risero.
985 1509 1112 1561 Epod.
1134 1509 1196 1554 15,
1216 1509 1281 1548 20.

186 1572 249 1612 Cf.
271 1572 319 1611 de
336 1573 407 1612 hoc
428 1586 542 1612 versu
559 1586 667 1610 num.
687 1571 740 1611 20
758 1578 799 1611 et
817 1571 881 1610 21.

187 1636 263 1675 Est
281 1636 322 1674 in
341 1643 463 1676 metro
480 1650 531 1675 xv
549 1642 589 1675 et
609 1635 685 1674 xvi.

16 1750 50 1827 ζ
77 1757 117 1797 2.
148 1758 291 1798 Versus
307 1758 494 1808 iambicus
511 1759 687 1798 trimeter
705 1756 924 1798 catalectus.

397 1821 547 1835 υ-υ-
637 1821 694 1835 ν-
752 1822 809 1835 υ-
882 1821 1012 1835 ν·)ί

526 1877 584 1891 υυ
638 1883 695 1889 --

13 1955 26 1986 ἶ
396 1945 494 1984 Mea
512 1946 660 1984 renidet
677 1947 718 1983 in
737 1946 845 1983 domo
865 1946 1043 1984 lacunar.
1098 1945 1140 1990 ii,
1162 1944 1224 1991 18,
1244 1945 1282 1982 2.

16 2013 30 2020 “’
393 2008 486 2048 Jam
507 2014 543 2046 te
556 2013 702 2058 premet
721 2022 797 2046 nox
806 2009 1043 2059 fabulaeque
1062 2021 1206 2046 manes.
1262 2008 1288 2052 i,
1308 2006 1348 2054 4,
1371 2007 1431 2045 16.

392 2071 631 2123 Reyumlque
645 2069 794 2124 puelris
814 2085 881 2110 nec
900 2071 1062 2110 satelles
1080 2071 1173 2110 orci.
1229 2071 1270 2116 ii,
1293 2069 1354 2115 18,
1374 2069 1440 2110 34.

11 2146 27 2191 ,¹ss
185 2135 258 2174 Est
274 2135 316 2174 in
334 2140 458 2173 metro
475 2134 531 2172 xii
549 2141 590 2173 et
609 2134 715 2172 xviii.

14 2193 30 2248 ἓ

76 2275 115 2314 3.
142 2275 292 2316 Versus
309 2276 496 2315 iambicus
514 2276 688 2314 nimeter
706 2274 938 2314 acatalectus
956 2288 987 2314 s.
1006 2273 1191 2313 senarius.

189 2338 209 2353 ν
237 2343 257 2350 “
346 2338 366 2352 ⁰
389 2343 409 2349 “
482 2338 502 2352 ⁹
681 2337 701 2351 υ
860 2337 909 2350 ⁹-
938 2336 990 2350 ⁹⁸
1050 2343 1064 2365 1

189 2399 210 2408 —
237 2401 257 2408 -
334 2396 354 2410 υ
376 2395 396 2409 υ
420 2395 440 2410 U

191 2452 300 2467 νῦ·
576 2451 625 2466 νυ

188 2509 296 2524 -ιυυ
484 2509 504 2523 U
683 2508 762 2524 νυν

181 2577 328 2623 δαίειί
346 2577 432 2628 ipsa
452 2577 579 2615 Roma
596 2576 742 2616 viribus
761 2577 853 2614 ruit.
911 2575 1037 2627 Epod.
1059 2575 1122 2622 16,
1141 2575 1180 2614 2.

180 2639 275 2679 Heu
293 2653 350 2678 me
362 2653 437 2690 per
454 2639 602 2687 urbem,
622 2653 712 2678 nam
728 2640 849 2691 pudet
869 2640 969 2677 tanti
987 2638 1094 2677 mali.
1151 2638 1279 2689 Epod.
1303 2637 1365 2684 11,
1387 2638 1421 2682 7.

186 2704 275 2743 Tibi
291 2703 482 2753 hospitale
493 2709 629 2753 pectus
648 2709 686 2741 et
699 2716 814 2755 purae
832 2715 980 2740 manus.
1038 2701 1160 2753 Epod.
1183 2701 1246 2747 17,
1265 2700 1330 2740 49'.

147 2795 151 2799 κ
182 2763 387 2818 ΒενίΡεΙνε
405 2766 537 2804 lunam
555 2766 711 2805 vocibus
723 2766 866 2816 possim
884 2767 987 2803 meis.
1044 2764 1167 2816 Epod.
1190 2764 1252 2810 17,
1272 2764 1335 2810 78.

550 2954 561 2975 ¹
579 2954 666 2986 Nota
682 2954 695 2996 ΙΙ
711 2953 817 2986 locum
832 2963 961 2985 eaesurae
976 2951 1133 2993 designat.
