1904 3314
333 218 418 259 668

329 314 418 357 queis
437 314 615 357 (conviviis)
638 315 742 358 Epod.
769 317 819 352 11,
838 316 871 347 9.
916 316 948 346 in
971 325 1062 356 grege

330 362 440 388 taurus
453 358 520 389 Sat.
536 358 557 394 i,
573 359 606 393 3,
623 359 697 389 110.
739 357 772 388 in
792 358 882 389 turba
896 358 963 388 Sat.
977 357 1013 394 ii,
1029 359 1062 392 6,

327 399 385 429 28.
429 399 461 429 in
478 405 570 439 gente
584 399 717 430 Meneni
733 400 798 430 Sat.
813 399 847 435 ii,
862 401 894 436 3,
909 400 984 430 287.
1029 399 1062 430 in

331 439 430 471 classe
445 441 583 471 secunda
598 442 664 471 Sat.
676 441 698 476 i,
714 442 746 477 2,
765 442 816 472 47.
846 441 877 471 in
893 440 1062 471 amicorum

333 491 461 512 numero
477 483 544 513 Sat.
561 483 583 518 i,
599 483 630 517 6,
646 484 700 513 62.
743 493 867 514 suorum
889 482 922 512 in
938 492 1065 512 numero

333 523 399 553 Sat.
414 522 449 559 ii,
464 524 497 559 6,
514 525 568 554 42.
615 523 647 554 in
663 534 775 564 magno
786 525 900 565 populo
917 525 982 554 Sat.
997 524 1018 559 i.
1033 525 1065 559 6,

335 564 388 595 79.
431 564 463 594 in
491 565 588 596 Fabia
612 566 730 604 (tribu)
759 567 814 606 Ep.
840 565 862 601 i,
885 566 915 602 6,
939 566 991 596 52.
1032 565 1065 595 in

333 605 491 636 nobilibus
514 606 657 637 trimetris
680 608 741 648 Ep.
763 608 803 637 ad
824 607 892 638 Pis.
915 608 988 637 259.
1031 606 1062 637 in

333 647 471 679 carmine
485 647 561 679 ibid.
576 649 650 680 351.
691 649 750 680 hoc
770 648 882 679 eratin
898 649 975 678 votis
999 649 1063 679 Sat.

333 688 368 725 ii,
383 690 415 726 6,
435 691 464 720 l.
510 690 544 720 in
560 700 651 720 versu
666 690 807 721 faciendo
823 691 888 720 Sat.
901 690 922 725 i,
941 691 992 725 10,
1011 691 1062 721 70.

332 729 366 761 in
394 736 466 762 cute
490 732 628 762 curanda
657 733 717 773 Ep.
743 732 765 766 i,
793 733 824 766 2,
847 733 901 762 29.
946 732 976 761 in
1000 742 1065 762 aevo

332 771 414 814 aptis
434 782 587 803 moramur
610 774 669 814 Ep.
692 773 731 803 ad
749 772 815 804 Pis.
841 774 911 803 178.
954 772 986 803 in
1002 783 1066 803 una

334 823 367 844 re
392 824 572 845 consumere
596 824 700 845 curam
727 815 794 844 Sat.
821 813 854 849 ii,
881 816 912 850 4,
935 815 989 845 48.
1033 814 1065 844 in

334 854 394 886 hac
418 866 450 886 re
473 866 536 886 una
558 857 616 898 ΕΡ.
640 856 663 891 i,
688 857 739 890 10,
759 858 789 886 2.
830 855 935 896 justus
952 855 983 886 in
1003 866 1065 887 uno

335 897 400 938 Ep.
413 897 450 934 ii,
468 899 499 933 1,
517 898 568 928 18.
614 902 661 927 est
679 897 790 927 modus
805 897 836 927 in
856 898 947 928 rebus
961 898 1027 927 Sat.
1042 899 1064 933 i,

337 939 368 973 1,
399 939 472 969 106.
511 939 604 970 rebus
633 938 666 969 in
694 939 798 970 arduis
825 939 888 970 Od.
914 939 947 975 ii,
975 940 1007 976 3,
1038 941 1066 970 l.

335 979 428 1011 rebus
447 981 481 1011 in
499 980 626 1021 trepidis
646 980 709 1011 Od.
728 980 774 1018 iii,
791 982 823 1015 2,
846 981 878 1010 6.
923 979 957 1010 in
978 980 1067 1011 rebus

334 1020 485 1062 jucundis
508 1022 574 1052 Sat.
596 1022 629 1058 ii,
652 1023 683 1056 6,
701 1023 754 1053 96.
797 1021 908 1053 mediis
934 1021 966 1051 in
989 1026 1065 1051 tem-

337 1063 507 1104 pestatibus
530 1063 615 1094 urbis
645 1064 705 1104 Ep.
730 1063 764 1098 ii,
790 1064 822 1098 2,
851 1065 902 1093 85.
945 1062 978 1092 in
1005 1063 1068 1093 vita

336 1105 405 1135 Sat.
423 1104 456 1141 ii,
479 1106 512 1140 8,
534 1106 566 1135 4.
609 1105 642 1134 in
664 1104 832 1135 amicorum
854 1104 937 1134 vitiis
959 1104 1024 1134 Sat.
1043 1104 1066 1141 i,

336 1146 369 1181 3,
386 1147 442 1177 26.
486 1145 519 1176 in
535 1145 616 1176 vitiis
633 1146 822 1176 constantior
838 1146 905 1176 Sat.
920 1144 954 1180 ii,
971 1146 1003 1180 7,
1019 1147 1069 1176 19.

338 1186 372 1217 in
396 1186 534 1218 amicitia
555 1188 620 1218 Sat.
640 1187 662 1222 i,
679 1188 711 1222 3,
729 1188 783 1218 41.
826 1187 859 1217 in
878 1196 980 1217 amore
1001 1187 1070 1218 Sat.

338 1227 374 1263 ii,
394 1230 425 1266 3,
440 1230 525 1268 2673
549 1230 608 1270 Ep.
626 1228 650 1266 i,
672 1230 704 1263 6,
727 1230 778 1260 66.
821 1229 854 1259 in
871 1229 1020 1270 praeclara
1038 1239 1070 1260 re

338 1271 404 1317 881.
426 1270 458 1306 ii,
474 1272 506 1306 5,
522 1273 575 1302 45.
618 1270 651 1301 in
669 1271 756 1318 tenui
776 1280 808 1301 re
827 1271 887 1311 Ep.
910 1270 931 1307 i,
947 1271 1000 1306 20,
1015 1271 1069 1301 20.

339 1322 373 1400 ξε
390 1318 571 1396 sxpssffi
841 1322 1070 1385 cissis?

339 1405 363 1430 1,
383 1396 415 1430 6,
441 1396 489 1426 17.
532 1401 669 1436 quantus
688 1396 909 1434 sit‚1)ossenus
926 1395 959 1425 in
979 1405 1068 1436 para-

339 1435 427 1467 sitis!
459 1437 520 1478 Ep.
546 1437 579 1475 ii,
609 1438 637 1474 1,
666 1437 739 1467 173.
790 1437 823 1467 in
852 1437 950 1467 Satira
978 1437 1070 1467 nimis

340 1478 406 1509 Sat.
420 1477 453 1515 ii,
473 1480 501 1516 1,
516 1479 545 1510 1.
588 1478 621 1508 in
635 1479 756 1519 mappis
777 1484 914 1519 quantus
927 1480 1069 1509 sumtus'l

340 1520 408 1551 Sat.
425 1519 459 1556 ii,
478 1522 509 1556 4,
528 1521 581 1552 81.
626 1519 658 1550 in
680 1520 777 1561 pretio
798 1525 847 1550 est
867 1521 927 1562 Ep.
947 1521 986 1550 ad
1005 1521 1070 1551 Pis.

339 1562 415 1593 372.
459 1568 533 1592 sunt
559 1562 592 1592 in
618 1561 734 1592 honore
759 1562 819 1603 Ep.
851 1561 891 1592 ad
920 1561 987 1592 Pis.
1016 1563 1070 1592 71.

383 1603 435 1634 siti
461 1603 493 1633 in
518 1604 637 1635 soenore
663 1603 780 1633 nummi
807 1605 872 1634 Sat.
901 1602 923 1638 i,
947 1605 978 1640 2,
1007 1605 1069 1642 l3;

372 1655 402 1686 p.
418 1645 457 1676 ad
471 1644 539 1676 Pis.
554 1646 628 1675 421.
670 1644 704 1675 in
719 1650 803 1676 veste
815 1646 880 1676 Sat.
896 1644 930 1680 ii,
947 1646 979 1682 6,
999 1646 1071 1676 106.

341 1686 375 1717 in
394 1686 486 1717 annis
510 1687 575 1717 Sat.
596 1685 629 1722 ii,
649 1687 680 1721 3,
701 1687 775 1717 310.
816 1686 849 1717 in
871 1686 1072 1728 compedibus

342 1728 405 1776 Ep.
419 1727 442 1763 i,
458 1729 509 1764 16,
525 1729 580 1758 76.
617 1733 805 1769 conspectus
820 1729 851 1758 in
867 1738 940 1759 auro
957 1729 1018 1770 Ep.
1032 1729 1072 1760 ad

344 1770 410 1802 Pis.
427 1771 503 1801 228.
544 1769 577 1800 in
592 1780 662 1800 rosa
675 1771 766 1808 (rosis
781 1770 954 1810 coronatus)
971 1770 1034 1801 Od.
1049 1770 1071 1806 i,

342 1813 375 1847 5,
402 1813 430 1842 l.
473 1811 507 1842 in
531 1811 653 1853 propria
676 1812 757 1852 pelle
779 1812 939 1852 quiescere
963 1814 1028 1843 Sat.
1051 1812 1073 1849 i,

341 1853 374 1890 6,
397 1854 448 1884 22.
503 1853 536 1884 in
559 1858 643 1884 metu
665 1863 731 1884 esse
756 1853 855 1894 Epod.
881 1855 911 1888 1.
939 1855 988 1884 17.
1041 1853 1074 1885 in

342 1895 438 1937 culpa
451 1895 510 1936 Ep.
526 1895 548 1931 i,
567 1897 618 1931 14,
634 1896 685 1926 13.
722 1900 805 1925 totus
820 1895 852 1926 in
866 1895 930 1926 illis
945 1895 1074 1937 (nugis)

345 1937 411 1968 Sat.
426 1937 448 1972 i,
466 1938 498 1973 9,
515 1938 548 1968 2.
594 1937 696 1967 omnis
714 1936 747 1967 in
762 1937 820 1967 hoc
836 1947 904 1968 sum
926 1939 986 1978 Ep.
1004 1938 1026 1974 i,
1042 1939 1072 1974 1,

345 1979 397 2009 11.
438 1978 470 2008 in
492 1988 526 2010 se
544 1978 612 2020 ipso
636 1984 718 2010 totus
739 1979 806 2009 Sat.
832 1979 866 2016 ii,
889 1980 919 2014 7,
943 1981 996 2010 86.
1041 1979 1074 2010 in

343 2019 403 2051 hoc
421 2021 574 2059 (ducenda
596 2023 659 2051 vita
678 2021 737 2059 est)
756 2020 856 2062 Epod.
878 2021 929 2058 17,
946 2022 998 2051 63.
1041 2020 1074 2052 in

343 2062 489 2102 ambiguo
503 2067 550 2092 est
566 2063 626 2103 Ep.
642 2062 664 2097 i,
683 2063 734 2098 16,
750 2063 802 2092 28.
846 2063 1022 2093 laborantes
1041 2062 1073 2093 in

343 2113 408 2134 uno
426 2103 582 2144 Penelope
599 2109 630 2135 et
649 2103 739 2135 Circe
759 2103 821 2134 Od.
838 2103 859 2139 i,
879 2105 929 2139 17,
948 2105 997 2134 19.
1042 2104 1075 2135 in

346 2144 506 2192 Charybdi
525 2145 663 2176 laborare
684 2146 746 2175 Od.
766 2144 788 2180 i,
805 2146 858 2181 27,
874 2147 928 2176 29.
972 2145 1074 2177 molli-

344 2187 406 2218 bus
427 2197 461 2218 m
478 2187 582 2228 pueris
603 2192 658 2217 aut
675 2187 708 2216 in
731 2187 843 2227 puellis
865 2197 952 2218 urere
974 2187 1075 2228 Epod.

347 2230 399 2264 11,
418 2230 449 2260 4.
491 2228 524 2259 in
546 2234 685 2259 matrona
706 2238 816 2269 pecces
838 2229 903 2259 Sat.
926 2228 947 2263 i,
968 2229 999 2263 2,
1022 2230 1075 2260 63.

347 2270 466 2302 Villius
487 2269 520 2300 in
543 2271 660 2301 Fausta
682 2270 778 2300 Sullae
805 2279 897 2309 gener
924 2270 999 2300 ibid.
1021 2271 1075 2302 64.

345 2312 378 2343 in
392 2312 575 2353 Ganymede
586 2313 665 2343 flavo
682 2311 787 2342 alitem
798 2317 940 2352 expertus
951 2311 1073 2342 fidelem

346 2355 409 2385 Od.
423 2353 464 2390 iv,
481 2355 511 2388 4,
528 2355 560 2384 4.
604 2359 639 2384 tu
659 2353 704 2383 nil
720 2353 876 2394 reprendis
891 2353 923 2384 in
943 2354 1076 2384 Homero

347 2397 415 2427 Sat.
437 2394 461 2431 i,
489 2397 538 2431 10,
562 2397 614 2426 52.
668 2400 717 2426 est
741 2395 772 2425 in
793 2395 950 2436 juvencis,
976 2400 1024 2426 est
1044 2395 1076 2426 in

347 2437 437 2478 equis
453 2442 586 2484 patrum
612 2437 710 2467 virtus
737 2437 798 2468 Od.
822 2437 863 2472 iv,
886 2438 918 2473 4,
941 2438 994 2467 30.
1050 2437 1076 2467 si

346 2479 490 2568 33:39..ss
505 2479 727 2562 15¹?5‘53.::.23.
741 2478 998 2556 g{‘,‚·'{,1‚’‘},‘³‚·2(¹‚‚⁵·
1017 2480 1076 2551 ἐξ.

346 2563 374 2594 si
391 2567 450 2594 ent
468 2572 502 2593 m
518 2568 549 2594 te
568 2563 633 2593 Sat.
653 2562 674 2598 i,
696 2563 729 2597 2,
750 2564 804 2593 43.
847 2572 904 2593 cur
921 2573 979 2602 ego
998 2562 1076 2592 ami-

346 2615 417 2636 cum
433 2604 586 2636 offendam
602 2605 633 2635 in
649 2605 762 2645 nugis'!
787 2605 846 2646 Ep.
862 2605 901 2634 ad
918 2605 985 2634 Pis.
1002 2606 1077 2636 451.

347 2647 380 2678 in
394 2646 494 2677 cicere
509 2646 590 2677 bona
606 2647 730 2688 perdere
751 2647 817 2677 Sat.
830 2645 864 2683 ii,
879 2647 910 2682 3,
930 2647 1000 2677 182.
1042 2647 1075 2682 2,

345 2691 382 2720 de
395 2694 474 2719 certo
489 2694 635 2727 tempore:
659 2688 691 2718 in
706 2688 780 2718 hora
802 2689 869 2719 Sat.
885 2688 907 2724 i,
921 2689 952 2724 4,
969 2689 1000 2719 9.
1042 2687 1076 2718 in

347 2729 434 2762 dulci
445 2729 578 2771 juventa
599 2729 660 2761 Od.
680 2729 702 2764 i,
722 2731 773 2766 16,
789 2731 844 2761 23.
886 2730 919 2760 in
939 2729 1009 2760 loco
1027 2732 1078 2771 (in

349 2772 492 2812 tempore)
510 2771 572 2803 Od.
587 2771 629 2806 iv,
649 2773 700 2806 12,
716 2773 770 2803 28.

389 2815 557 2855 inaequalis.
600 2812 678 2844 vixit
694 2814 758 2844 Sat.
773 2813 806 2849 ii,
822 2814 852 2847 7.
868 2815 917 2844 10.
961 2813 1076 2844 calices

347 2857 412 2887 Sat.
427 2855 461 2891 ii,
477 2856 510 2892 6,
526 2856 579 2887 68.
622 2857 658 2887 εἰσ
672 2857 708 2886 iis
727 2867 790 2896 quae
810 2856 929 2895 aliquid
943 2858 1075 2887 reddunt

346 2898 511 2939 inequale:
534 2902 639 2930 tonsor
660 2898 721 2940 Ep.
743 2897 765 2935 i,
792 2898 820 2935 1,
843 2898 896 2929 94.
941 2897 1077 2939 procella

347 2940 411 2973 Od.
427 2939 462 2977 ii,
478 2940 510 2977 9,
524 2940 556 2972 3.

870 229 1014 258 INDEX
1036 228 1241 258 VERBORU
1247 228 1292 255 M.

1149 316 1319 346 inaesmare.
1361 314 1507 345 inaestuet
1543 313 1618 345 bilis
1653 311 1833 355 praem-diis

1106 356 1370 428 Egonffimizie’zsiffre.
1405 395 1636 428 inamarescunt
1649 394 1752 438 epuloe
1766 395 1834 426 Sat.

1105 439 1275 511 1133&sssz
1307 481 1337 514 1,
1354 479 1467 515 siccus,
1483 479 1586 510 inanis
1602 488 1712 520 sperne
1726 477 1832 508 cibum

1107 521 1198 553 vilem
1215 523 1280 552 Sat.
1295 521 1327 559 ii,
1343 523 1374 558 2,
1390 522 1442 552 14.
1485 520 1587 551 inanis
1604 525 1711 551 venter
1727 520 1795 550 Sat.
1810 518 1832 555 i,
1898 502 1904 514 r

1107 564 1138 598 6,
1165 564 1236 594 127.
1279 563 1359 593 laeva
1381 564 1448 593 Sat.
1471 561 1505 598 ii,
1527 563 1557 599 7,
1575 563 1606 592 9.
1649 562 1743 592 funus
1765 562 1834 602 (ubi
1888 563 1898 577 ¹⁴

1105 613 1239 635 mortuus
1253 617 1310 635 non
1324 603 1423 643 adest)
1437 604 1499 634 Od.
1512 603 1610 639 ii,20,
1621 604 1678 635 21.
1705 613 1833 644 agen..-

1107 646 1225 677 donum
1245 646 1378 687 lymphae
1402 645 1466 676 od.
1485 645 1531 682 iii,
1556 647 1607 680 ιι,
1627 645 1680 676 26.
1723 646 1755 680 2,
1775 654 1834 674 me·
1891 630 1904 681 ,ἐξ

1106 689 1203 727 toph„
1223 690 1355 723 inutilis,
1374 690 1419 718 nil
1436 688 1554 718 valens:
1577 688 1671 717 minae
1686 685 1786 727 Epod.
1803 686 1835 721 6,
1892 695 1904 710 .-

1109 730 1140 759 3.
1183 739 1274 771 opera
1291 730 1349 770 Ep.
1368 729 1407 759 ad
1423 729 1490 760 Pis.
1506 729 1580 760 443.
1623 728 1718 759 decus
1733 726 1835 769 Epod.

1109 773 1139 807 5,
1161 772 1190 801 7.
1234 781 1345 801 nomen
1371 772 1429 812 Ep.
1451 770 1473 807 i,
1497 772 1547 807 17,
1568 772 1622 801 41.
1666 769 1750 800 tituli
1771 770 1838 800 sat.

1108 811 1140 849 ii,
1157 813 1188 848 3,
1203 813 1277 842 212.
1321 812 1448 842 ambitio
1463 814 1522 853 Ep.
1536 813 1570 848 ii,
1586 813 1617 848 2,
1633 812 1709 842 206.
1743 810 1838 841 inane

1110 853 1292 884 abscindere
1312 853 1424 884 soldo‘!
1447 855 1514 884 Sat.
1529 854 1551 891 i,
1566 855 1599 889 2,
1619 854 1689 884 113.
1732 852 1839 883 inania
1890 875 1891 878 η

1108 901 1214 937 captat
1231 896 1289 936 Ep.
1305 895 1344 925 ad
1357 896 1422 926 Pis.
1438 896 1512 926 230.
1550 897 1582 933 3,
1594 905 1704 926 vanus.-
1726 893 1837 925 inanes

1110 936 1168 968 hoc
1181 937 1272 978 juvat
1288 938 1352 967 Sat.
1368 936 1390 972 i,
1407 938 1439 972 4,
1455 938 1508 967 76.
1837 963 1840 966 .

1151 980 1296 1009 inaniter.
1338 989 1442 1009 meum
1475 978 1530 1020 qui
1563 982 1673 1019 pectus
1706 975 1839 1008 inaniter

1110 1019 1198 1059 angit
1214 1021 1274 1060 Ep.
1289 1019 1322 1056 ii,
1340 1021 1368 1056 l,
1385 1021 1460 1050 211.

1153 1063 1305 1092 ineratus.
1336 1061 1458 1092 inarata
1471 1060 1563 1092 tellus
1578 1061 1722 1092 Cererem
1738 1059 1840 1092 reddit

1110 1102 1211 1143 Epod.
1230 1103 1281 1138 16,
1298 1103 1350 1133 43.

1154 1146 1304 1175 inardere.
1336 1143 1447 1175 inarsit
1461 1142 1598 1175 humeris
1609 1142 1756 1175 Herculis
1769 1153 1838 1174 mu-

1114 1195 1174 1216 nus
1190 1186 1289 1226 Epod.
1305 1187 1336 1222 3,
1353 1187 1403 1216 18.

1155 1229 1299 1258 inaudax.
1343 1227 1444 1267 fugies
1459 1226 1570 1268 proelia
1584 1226 1648 1258 Od.
1662 1226 1709 1263 iii,
1723 1227 1777 1262 20,
1793 1227 1825 1257 3.

1154 1270 1310 1300 inaurare.
1353 1275 1388 1300 ut
1410 1274 1439 1300 te
1461 1269 1592 1300 fortun-«e
1613 1268 1698 1299 rivus
1719 1269 1841 1299 inauret

1112 1310 1172 1352 Ep.
1188 1310 1209 1347 i,
1229 1312 1279 1347 12,
1294 1312 1326 1342 9.

1154 1354 1338 1384 incantatus.
1381 1351 1542 1383 incantata
1570 1351 1697 1383 vincula
1725 1352 1792 1383 Sat.
1818 1350 1840 1387 ἰ,

1112 1394 1143 1430 8,
1161 1395 1213 1425 49.

1155 1435 1363 1477 incastigatus.
1408 1446 1466 1467 nec
1488 1446 1538 1467 me
1557 1435 1694 1467 dimittes
1714 1433 1842 1465 incasti-

1113 1482 1219 1518 gatum
1236 1479 1295 1519 Ep.
1310 1478 1332 1513 i,
1350 1478 1401 1512 10,
1416 1479 1468 1508 45.

1154 1521 1306 1550 incautus.
1349 1529 1444 1549 sanus
1466 1529 1503 1549 ac
1525 1528 1588 1549 non
1608 1517 1755 1549 incautus
1776 1517 1842 1548 Sat.

1113 1560 1136 1597 i,
1154 1561 1185 1596 3,
1202 1562 1254 1591 62.
1298 1560 1415 1591 incauti
1435 1565 1606 1601 sequuntur
1626 1561 1689 1602 Ep.
1711 1558 1751 1589 ad
1773 1558 1842 1590 Pis.
1893 1575 1896 1579 ⁴

1114 1603 1188 1633 456.
1230 1614 1258 1634 c.
1276 1613 1368 1643 gen„-
1392 1612 1455 1632 non
1476 1602 1604 1633 incauta
1620 1601 1716 1633 futuri
1734 1602 1799 1632 Sat.
1818 1600 1841 1638 i,

1157 1687 1300 1717 incedere.
1342 1684 1462 1716 incedis
1483 1695 1538 1726 per
1558 1684 1646 1726 ignes
1666 1683 1843 1726 suppositos

1115 1727 1212 1758 cineri
1233 1727 1340 1758 doloso
1359 1728 1422 1758 Od.
1441 1726 1473 1762 ii,
1495 1727 1524 1763 l,
1540 1727 1572 1758 7.
1614 1726 1694 1758 lenis
1713 1726 1842 1757 incedas

1116 1779 1170 1809 per
1191 1770 1268 1800 fines
1285 1779 1370 1800 meos
1388 1774 1420 1800 et
1437 1767 1543 1810 aprica
1562 1778 1633 1799 rura
1652 1768 1715 1800 Od.
1729 1767 1773 1805 iii,
1791 1769 1842 1803 18,

1117 1812 1148 1842 3.
1189 1821 1378 1852 quacunque
1407 1810 1505 1844 libido
1533 1815 1592 1847 est,
1621 1809 1732 1842 incedo
1759 1809 1844 1840 solus

1117 1853 1182 1883 Sat.
1211 1853 1233 1888 i,
1262 1854 1293 1889 6,
1324 1853 1396 1883 112.
1454 1851 1604 1894 superbus
1630 1863 1700 1884 meo
1728 1850 1846 1882 incedis

1116 1894 1199 1925 malo
1215 1895 1315 1935 Epod.
1334 1896 1384 1930 15,
1403 1895 1454 1924 18.

1159 1938 1326 1968 incendere.
1350 1934 1491 1968 incendit
1503 1944 1553 1966 me
1565 1934 1645 1967 acris
1653 1939 1766 1966 natura
1780 1935 1846 1966 Sat.

1117 1976 1150 2013 ii,
1167 1979 1198 2015 6,
1213 1979 1265 2009 48.

1158 2021 1343 2050 incendium.
1387 2017 1534 2050 incendio
1561 2029 1604 2049 nu
1627 2023 1692 2049 tam
1715 2017 1848 2049 abstulit

1116 2061 1201 2103 palla
1218 2060 1318 2102 Epod.
1337 2063 1368 2097 5,
1384 2061 1438 2092 66.
1481 2065 1588 2092 noctes
1600 2029 1729 2101 diesque
1741 2059 1846 2090 formi-

1116 2104 1190 2134 dare
1211 2103 1309 2133 malos
1331 2103 1426 2138 fures,
1448 2101 1594 2133 incendia
1615 2102 1682 2133 Sat.
1700 2101 1722 2138 i,
1743 2103 1773 2137 1,
1793 2102 1847 2133 77.

1117 2145 1261 2184 neglecta
1275 2145 1376 2175 solent
1389 2144 1535 2175 incendia
1554 2153 1675 2174 sumere
1689 2142 1769 2174 vires
1783 2143 1845 2184 Ep.

1117 2186 1139 2222 i,
1157 2188 1208 2221 18,
1224 2188 1276 2217 85.
1305 2185 1452 2218 incendia
1466 2186 1545 2217 ridet
1558 2186 1617 2226 Ep.
1632 2184 1668 2221 ii,
1687 2186 1717 2221 1,
1732 2186 1804 2216 121.

1161 2230 1321 2267 inceptum.
1363 2228 1470 2268 gravia
1504 2233 1537 2258 et
1566 2236 1682 2267 magna.
1711 2226 1848 2268 professa

1119 2270 1180 2310 Ep.
1202 2269 1240 2300 ad
1262 2269 1331 2300 Pis.
1353 2271 1404 2300 14.
1445 2269 1550 2310 qualis
1570 2269 1610 2300 ab
1630 2268 1755 2309 incepto
1775 2278 1846 2311 pro·

1118 2311 1245 2342 cesserit
1260 2311 1320 2352 Ep.
1335 2310 1374 2341 ad
1389 2310 1454 2341 Pis.
1474 2312 1544 2342 127.

1120 2394 1127 2400 ·
1161 2355 1326 2424 inc-ternorse.
1357 2353 1444 2423 pipeg
1458 2352 1577 2424 a7lgnm,
1592 2361 1666 2383 cum
1681 2351 1746 2383 sale
1759 2350 1847 2392 nigro

1119 2404 1203 2425 mere
1219 2404 1270 2424 um
1310 2400 1353 2424 at.
1369 2404 1402 2430 u,
1443 2416 1452 2429 ,
1511 2415 1520 2424 .

1161 2437 1303 2467 incertus.
1348 2437 1378 2471 1.
1403 2435 1533 2466 honores
1559 2434 1621 2465 Od.
1647 2433 1694 2470 iii,
1714 2435 1769 2469 29,
1791 2436 1846 2465 51.

1120 2479 1230 2509 Venus
1244 2479 1309 2508 Sat.
1325 2477 1348 2512 i,
1363 2478 1395 2512 3,
1414 2478 1486 2508 109.
1530 2486 1614 2507 mare
1631 2475 1732 2518 Epod.
1744 2477 1778 2512 9,
1793 2477 1847 2507 32.

1118 2520 1150 2550 2.
1167 2522 1202 2550 de
1216 2522 1331 2550 animo:
1353 2518 1500 2555 incertus,
1515 2526 1677 2550 scamnum
1692 2518 1848 2549 faceretne

1120 2561 1267 2602 Priapum
1287 2562 1353 2592 Sat.
1374 2560 1396 2597 i,
1416 2562 1448 2598 8,
1468 2561 1499 2592 2.
1542 2562 1575 2596 3,
1594 2562 1724 2591 nesciens
1742 2571 1798 2600 quo
1819 2570 1848 2590 u

1119 2610 1235 2634 vertat:
1259 2613 1314 2645 pes
1335 2602 1437 2644 Epod.
1459 2603 1509 2638 11,
1529 2603 1585 2634 20.
1629 2601 1714 2633 oculi
1733 2602 1794 2644 Ep.
1811 2601 1846 2637 ii,

1123 2647 1151 2682 1,
1171 2646 1241 2675 188.
1331 2649 1337 2654 ”

1162 2688 1300 2718 incessus.
1342 2685 1496 2717 incessum
1511 2683 1668 2716 Turbonis
1683 2685 1765 2716 rides
1779 2685 1846 2716 Sat.

1120 2728 1154 2766 ii,
1170 2730 1201 2766 3,
1217 2730 1291 2762 310.

1162 2773 1300 2802 incestus.
1345 2771 1376 2806 1,
1392 2778 1512 2800 amores
1527 2767 1590 2799 od.
1604 2767 1651 2804 iii,
1666 2769 1698 2804 6,
1713 2769 1768 2799 23.
1811 2769 1844 2803 2.

1119 2813 1254 2844 scelestus
1283 2813 1400 2843 nialus:
1433 2810 1534 2852 judex
1567 2809 1630 2841 od.
1659 2809 1706 2846 iii,
1734 2811 1768 2845 3,
1795 2810 1847 2841 19.

1118 2854 1202 2885 triste
1217 2853 1354 2885 bidental
1366 2853 1493 2884 moverit
1500 2852 1638 2884 incestus
1652 2852 1715 2894 Ep.
1725 2851 1762 2882 ad
1777 2851 1844 2882 Pis.

1118 2897 1193 2927 472.
1238 2895 1392 2937 Diespiter
1412 2894 1571 2936 neglectus
1588 2893 1709 2926 incesto
1726 2892 1846 2925 addidit

1118 2937 1271 2980 integrum
1287 2938 1350 2970 Od.
1364 2935 1410 2974 iii,
1424 2937 1456 2973 2,
1472 2937 1525 2967 30.
