1884 3288
282 192 339 231 24

829 188 1233 232 CARMINUM

573 288 682 330 Arte
702 295 891 330 materna
910 290 1082 344 rapidos
1104 296 1336 331 morantem

492 355 543 395 10
572 354 813 396 Fluminum
832 354 979 409 lapsus
1001 355 1246 409 celeresque
1269 362 1431 405 ventos,

573 421 787 464 Blandum
807 429 850 463 et
871 423 1028 463 auritas
1050 422 1210 462 fidibus
1229 422 1394 462 canoris

965 489 1137 529 Ducere
1159 503 1357 545 quercus.

574 555 694 602 Quid
714 555 833 609 prius
856 555 993 595 dicam
1015 554 1148 595 solitis
1169 554 1366 595 Parentis

577 622 834 663 Laudibus?
866 622 940 675 qui
960 636 1028 662 res
1047 621 1265 662 hominum
1286 635 1334 662 ac
1356 621 1564 670 Deorum,

495 690 544 729 15
575 688 663 735 Qui
683 703 797 728 mare
819 702 866 729 ac
888 695 1037 736 terras,
1059 688 1270 741 variisque
1291 687 1495 728 mundum

967 754 1200 808 Temperat
1220 754 1366 795 horis?

576 821 704 862 Unde
726 821 783 861 nil
804 821 939 874 majus
960 827 1189 874 generatur
1209 821 1317 874 ipso,

576 887 672 929 Nec
693 889 808 942 viget
829 887 1062 941 quidquam
1083 886 1214 927 simile
1235 893 1309 927 aut
1331 879 1589 928 secundum:

578 954 801 995 Proximos
823 953 881 994 illi
906 961 1044 994 tamen
1065 954 1287 1007 occupavit

488 1021 543 1060 20

967 1019 1108 1061 Pallas
1129 1021 1327 1061 honores.

576 1086 744 1128 Proeliis
765 1087 921 1136 audant,
943 1101 1082 1140 neque
1103 1094 1145 1127 te
1167 1086 1315 1135 silebo,

574 1152 722 1202 Liber,
744 1160 786 1194 et
807 1153 928 1193 saevis
948 1152 1115 1192 inimica
1135 1151 1272 1205 Virgo

291 1239 350 1271 lini
374 1251 468 1281 quam
497 1240 603 1271 Musis
630 1250 716 1271 sacer
746 1247 803 1272 est.
850 1241 923 1272 Jam
953 1250 1023 1271 vero

293 1293 364 1313 cum
377 1283 520 1313 'l‘hraciae
534 1294 622 1313 mons
638 1283 761 1313 Hoemus
786 1283 869 1317 Lini,
894 1282 1022 1316 Musaei,

293 1330 325 1355 et
340 1325 480 1366 Orphei'
474 1325 614 1366 inprimis
627 1325 818 1355 carminibus
842 1323 1022 1356 celebratis-

293 1366 392 1397 simus
409 1367 460 1402 sit,
476 1373 546 1414 apte
561 1378 593 1398 in
610 1367 667 1397 hoc
684 1377 808 1408 quoque
824 1372 929 1398 monte
945 1368 1020 1396 Mu-

293 1418 396 1438 sarum
413 1409 544 1439 carmini
559 1419 700 1439 resonare
714 1408 873 1439 dicuntur.

338 1451 368 1486 7,
397 1452 428 1482 8.
463 1451 550 1481 Unde
573 1452 700 1481 vmalem
723 1457 798 1481 cett.
822 1460 948 1481 sensus.
983 1459 1021 1480 ex

292 1501 354 1532 quo
378 1497 481 1524 monte
504 1493 676 1534 promiscue
691 1493 911 1523 confluxerunt
932 1491 1022 1522 undi-

292 1544 355 1574 que
369 1535 495 1566 arbores
510 1535 549 1565 ad
571 1534 759 1565 audiendum
782 1535 955 1581 Orpheum,
972 1534 1022 1564 cui

293 1581 392 1612 tanta,
417 1587 481 1618 qua
499 1586 516 1606 a
532 1582 628 1607 matre
650 1586 707 1607 sua
729 1577 871 1618 Calliope
885 1576 1024 1606 imbutus

295 1617 406 1665 fuerat,
424 1619 556 1649 canendi
570 1624 636 1649 erat
651 1628 700 1648 ars
716 1625 810 1659 atque
827 1618 972 1652 dulcedo,
989 1623 1025 1647 ut

294 1659 364 1700 ejus
379 1661 526 1691 audiendi
550 1661 646 1701 gratia
664 1660 794 1691 flumina
810 1670 918 1690 cursus
941 1658 1022 1700 rapi-

292 1701 360 1736 dos,
376 1707 408 1732 et
423 1702 506 1733 venti
520 1702 650 1732 celerem
666 1702 816 1749 impetum
831 1702 1019 1736 inhiberent,

293 1745 370 1784 quin
388 1754 520 1785 quercus
530 1745 605 1774 adeo
615 1744 739 1774 blandis
748 1755 775 1785 eJ
781 1754 816 1774 us
831 1743 1022 1775 carminibus

293 1795 382 1816 aures
413 1786 782 1827 praeberent.1socatem
809 1784 1023 1828 (φωνήεντα)

293 1834 495 1866 cantantem,
518 1828 661 1858 similiter
683 1829 796 1858 chordae
811 1829 923 1858 ιοεαίεε
942 1828 1025 1875 apud

292 1870 412 1900 Tibull.
434 1871 466 1905 ii,
486 1851 522 1905 '5,
546 1871 578 1900 3.
625 1870 757 1901 Temere.-
783 1870 849 1900 haec
871 1869 1025 1911 particula

293 1911 415 1951 egregie
438 1922 500 1943 rem
524 1912 645 1953 pingit;
670 1913 791 1944 arbores
815 1921 937 1953 nempe,
961 1921 1023 1952 quo

293 1963 450 1994 quamque
466 1954 606 1994 rapiebat
620 1963 731 1984 caecus
746 1952 890 1995 impetus,
906 1959 1022 1987 temera

293 1993 326 2026 h.
340 2005 369 2026 e.
382 1995 511 2026 consuse
526 2003 556 2026 et
571 1995 638 2027 sine
652 1995 771 2031 ordine,
794 2005 856 2036 prae
877 1994 1024 2026 audiendi

293 2037 464 2079 cupiditate
479 2038 620 2068 ruebant.

338 2082 369 2110 9.
391 2081 466 2110 Arte
481 2089 527 2110 sc.
541 2079 687 2114 canendi,
700 2085 847 2116 materna,
863 2078 915 2109 cui
932 2077 1024 2108 innu-

294 2114 385 2152 tritus
401 2121 460 2152 fuit
475 2122 619 2168 Orpbeus
635 2131 653 2151 a
668 2127 765 2152 matre
787 2131 843 2152 sua
867 2119 1024 2160 Calliope.

295 2163 475 2199 Mmmarztem
490 2163 522 2193 h.
537 2174 564 2194 e.
576 2163 749 2194 sistentem.

341 2206 390 2242 ll,
409 2206 467 2238 12„
485 2205 800 2240 Blandum—ducere,
824 2203 935 2237 Glaece
958 2214 1023 2245 pro,

294 2246 408 2278 blande
434 2248 611 2283 ducentem,
640 2247 671 2279 h.
686 2258 715 2278 e.
743 2252 806 2276 tam
831 2246 946 2276 blande
969 2255 1023 2276 ca-

295 2294 433 2324 nentem,
465 2294 499 2319 ut
526 2289 664 2320 duceret.
720 2290 855 2323 Carior-is,
888 2287 1022 2318 suaviter

295 2331 500 2367 sonanfibus3
523 2331 567 2362 sic
584 2330 640 2360 inf.
655 2332 758 2372 Epist.
771 2330 805 2366 ii,
816 2331 848 2366 2,
861 2330 914 2364 76,
924 2340 1023 2360 versus

294 2375 410 2404 emim-i.
455 2373 589 2408 Quercus
611 2373 769 2409 audacter,
790 2373 843 2403 sed
870 2372 1022 2413 apposite,

274 2414 442 2445 Ndicuntur
466 2417 587 2451 (ινιτ-ἤιε,
613 2414 687 2456 qnia
712 2413 858 2445 audiendi
880 2424 963 2444 nunc
985 2413 1024 2444 iis

294 2456 440 2488 tribuitur
472 2456 621 2489 facultas:
660 2467 732 2487 cum
768 2456 884 2487 dilectu
920 2461 1024 2488 autem

318 2500 399 2530 osuit
413 2510 548 2539 quercus,
565 2504 609 2535 ut,
625 2509 696 2529 cum
712 2498 776 2529 illae
792 2499 928 2534 arbores,
946 2498 1024 2529 alias

292 2508 374 2572 Euri:
380 2541 479 2576 simae,
502 2540 570 2582 jam
593 2540 711 2584 Orphei
736 2540 925 2571 carminibus
955 2550 1023 2581 per-

293 2592 395 2614 cussae
419 2589 450 2614 et
467 2583 611 2613 delenitae
636 2593 703 2614 esse
727 2582 883 2616 dicantur,
907 2587 1025 2622 quanta

294 2625 341 2655 vis
363 2625 433 2667 ejus
457 2624 647 2671 carminibus
670 2623 773 2661 fuerit,
798 2625 848 2655 vel
872 2630 1023 2664 quantum

292 2666 326 2697 in
342 2668 519 2699 universum
540 2666 642 2709 poesis
656 2667 770 2701 valeat,
787 2676 824 2697 eo
845 2665 945 2714 magis
967 2676 1007 2707 ap

295 2715 411 2757 pareat.
458 2708 601 2739 Imitatus
615 2714 664 2739 est
678 2708 761 2741 hunc
787 2709 890 2738 locum
913 2677 1022 2739 Sidon.

294 2761 324 2781 c.
340 2750 374 2787 ii,
390 2752 443 2787 71,
462 2751 524 2785 Qui
538 2757 629 2782 cantu
637 2751 727 2792 flexit
743 2751 884 2790 scopulos,
899 2751 1020 2791 digitis-

292 2803 348 2832 que
361 2795 478 2824 canoris
503 2793 653 2832 Compulit
674 2794 791 2823 auritas
813 2794 852 2822 ud
873 2793 1020 2831 plecte-um

293 2845 417 2866 currere
428 2837 517 2865 situas
527 2845 538 2871 ,·
565 2835 665 2869 Quum
673 2840 786 2865 starem
802 2834 896 2864 Hebri
906 2834 1019 2870 latices,

292 2887 440 2917 cursuque
463 2879 556 2918 ligato
582 2877 732 2908 Fluminis
757 2878 879 2907 attoniti
902 2886 1020 2907 carmen

293 2921 386 2961 magis
401 2921 485 2950 unda
497 2921 604 2951 sitiret.

1113 1239 1248 1270 13—16.
1269 1239 1382 1275 Solitis,
1399 1238 1430 1270 h.
1445 1249 1472 1270 e.
1487 1248 1565 1287 quas
1580 1238 1671 1280 vulgo
1693 1245 1794 1281 poetae

1066 1282 1239 1312 carminum
1263 1291 1387 1311 suorum
1405 1279 1595 1328 principium
1621 1281 1722 1313 facere
1743 1292 1793 1313 so-

1067 1323 1151 1353 lent:
1179 1323 1269 1363 Virg.
1297 1323 1368 1354 Ecl.
1391 1322 1436 1358 iii,
1459 1323 1512 1358 60,
1542 1325 1586 1353 Ab
1610 1323 1683 1354 Jove
1703 1326 1795 1363 prin-

1064 1367 1189 1404 cipium,
1219 1366 1288 1395 Mus
1279 1376 1335 1402 <ae;
1361 1365 1443 1395 Jovis
1467 1367 1562 1395 omnia
1587 1366 1690 1404 plena.
1734 1365 1795 1397 Res

1065 1408 1226 1440 hominum,
1254 1407 1285 1437 h.
1306 1417 1332 1437 e.
1357 1406 1429 1444 sata,
1450 1406 1603 1438 fortunam
1621 1406 1793 1439 hominum.

1066 1449 1231 1483 Mundum,
1255 1449 1286 1479 h.
1300 1459 1329 1480 e.
1347 1448 1463 1479 coelum
1486 1449 1671 1490 (κόσμον);
1693 1449 1796 1491 desig-

1066 1497 1157 1522 natur
1181 1497 1285 1521 autem
1309 1500 1362 1532 per
1388 1501 1479 1527 mare,
1506 1497 1614 1525 terras.
1639 1497 1670 1522 et
1689 1493 1795 1523 coelum

1067 1532 1210 1563 universa
1226 1543 1326 1563 rerum
1339 1539 1460 1563 natum.
1494 1532 1614 1564 Catull.
1625 1532 1702 1570 lxiv,
1717 1534 1793 1571 205,

1069 1575 1134 1609 Quo
1150 1586 1229 1605 nunc
1241 1582 1267 1604 et
1284 1576 1372 1605 tellus
1385 1581 1471 1614 atque
1491 1575 1614 1605 horrida
1627 1581 1795 1607 contremu-

1066 1623 1157 1647 erunt
1167 1617 1310 1656 AEquora,
1325 1619 1528 1656 concussitque
1541 1618 1683 1647 micantia
1696 1619 1795 1649 sidera

1067 1660 1226 1694 mundus,
1249 1659 1311 1689 ubi
1329 1658 1398 1688 vide
1420 1668 1490 1699 quae
1513 1659 1553 1689 de
1573 1668 1647 1690 voce
1665 1661 1796 1691 mundus

1064 1706 1171 1730 notata
1185 1706 1267 1732 sunt.
1315 1700 1469 1740 Vnt-iisque
1488 1702 1632 1730 mundum
1653 1706 1796 1741 temperat

1066 1743 1165 1772 hur-is?
1188 1742 1219 1772 h.
1234 1753 1261 1773 e.
1278 1742 1454 1774 moderatur
1469 1741 1602 1774 siderum
1618 1752 1744 1774 cursum
1761 1743 1795 1775 in
1835 1775 1839 1777 ,

1067 1785 1148 1814 coelo
1162 1784 1217 1821 ita,
1233 1790 1268 1815 ut
1283 1785 1374 1815 variae
1389 1785 1476 1820 horaz,
1492 1784 1523 1814 h.
1537 1794 1566 1815 e.
1583 1785 1659 1815 anni
1673 1785 1794 1817 vicissi-

1068 1827 1192 1856 tudines
1208 1826 1356 1857 existant.
1402 1826 1463 1858 Ins.
1477 1825 1508 1856 in
1518 1826 1620 1868 Epist.
1629 1827 1668 1858 ad
1684 1826 1753 1859 Pis.
1763 1839 1795 1861 v.

1065 1869 1140 1903 302.
1155 1869 1215 1899 Sub
1234 1870 1316 1899 verni
1331 1870 1470 1908 temporis
1479 1869 1591 1900 horam.

1111 1912 1247 1940 17-20.
1275 1911 1360 1942 Unde
1376 1912 1420 1942 nil
1434 1913 1531 1959 majus
1542 1916 1708 1958 generatur
1721 1912 1796 1960 ipso,

1065 1951 1099 1982 h.
1123 1963 1150 1982 e.
1171 1962 1189 1982 a
1215 1962 1278 1992 quo
1304 1953 1392 1988 nihil,
1415 1953 1500 1999 quod
1523 1953 1592 1994 ipso
1616 1952 1719 1994 majus
1743 1953 1799 1991 sit,

1067 1999 1265 2034 procreatur3
1288 2004 1358 2024 nam
1375 2005 1429 2035 qui
1444 2001 1629 2035 sequuntur,
1643 2005 1722 2036 quos
1741 2005 1797 2036 ge-

1068 2035 1186 2066 neravit
1199 2035 1323 2076 Jupiter
1337 2035 1460 2071 liberos,
1468 2036 1623 2072 Minerva,
1635 2037 1795 2071 Bacchus

1069 2077 1186 2111 Diana,
1207 2083 1238 2108 et
1259 2077 1412 2114 Phoebus,
1439 2077 1531 2119 longe
1541 2083 1639 2126 patre
1660 2077 1796 2110 minores

1068 2119 1117 2150 vel
1133 2118 1293 2150 inferiores
1306 2126 1397 2150 sunt:
1422 2105 1518 2151 nolim
1540 2119 1632 2160 igitur
1652 2122 1732 2152 unde
1755 2121 1796 2152 ad

1068 2161 1216 2202 prosaicae
1225 2161 1372 2192 orationis
1380 2161 1514 2193 indolem
1524 2172 1597 2193 cum
1607 2162 1659 2194 cl.
1663 2163 1796 2195 Mitsch.

1067 2213 1133 2244 pro,
1156 2214 1247 2244 quare
1262 2204 1434 2250 explicare.
1482 2204 1568 2235 Unde
1610 2214 1654 2241 ro,
1677 2214 1696 2235 a
1716 2215 1793 2246 quo,

1068 2246 1194 2286 passim.
1238 2245 1290 2276 Sic
1313 2246 1370 2277 inf.
1383 2246 1406 2281 i,
1424 2247 1478 2282 28,
1499 2247 1553 2283 28,
1612 2248 1668 2278 nde
1688 2253 1794 2286 potest,

1066 2289 1119 2317 tibi
1139 2288 1254 2329 defluat
1274 2298 1354 2327 aequo
1373 2289 1418 2318 Ab
1441 2288 1525 2319 Jove.
1571 2287 1724 2326 Sat.i,6,
1741 2290 1793 2326 12,

1065 2337 1182 2366 contra,
1200 2330 1367 2366 Laevinum,
1391 2330 1493 2361 Valeri
1506 2341 1610 2372 g,emu
1633 2331 1714 2362 unde
1736 2331 1795 2363 Su-

1063 2374 1171 2410 petbus
1188 2372 1370 2412 Tarquinius
1385 2383 1475 2414 regno
1493 2374 1598 2412 pulsus
1610 2373 1696 2414 suit.
1743 2373 1795 2404 Vi-

1065 2421 1116 2455 get
1139 2424 1194 2456 pro
1214 2413 1347 2454 vulgari,
1369 2420 1426 2452 est,
1451 2413 1570 2446 existit.
1613 2417 1678 2446 Aut
1690 2425 1795 2446 secun-

1067 2458 1150 2491 dum,
1179 2461 1234 2486 aut
1259 2456 1342 2497 quod
1366 2455 1538 2487 secundum
1563 2455 1668 2487 statim
1692 2457 1733 2488 ab
1757 2467 1795 2488 eo

1067 2497 1170 2528 locum
1185 2504 1329 2539 occupet.
1371 2498 1580 2546 Proaimpsilli
1595 2505 1692 2530 tamen
1706 2509 1795 2530 occu-

1065 2542 1150 2579 pavit
1179 2540 1283 2570 Pallas
1306 2541 1443 2572 honores:
1469 2539 1627 2576 nimirum,
1653 2540 1680 2571 si
1703 2550 1795 2572 nemo

1067 2581 1238 2613 secundum
1253 2582 1414 2615 tertiumve
1429 2582 1469 2612 ab
1487 2581 1603 2624 aliquo.
1616 2562 1719 2614 locum
1741 2593 1795 2614 oc-

1066 2630 1171 2665 cupat,
1199 2624 1333 2666 primum
1362 2624 1470 2655 locum.
1497 2623 1614 2655 tenenti
1644 2627 1795 2664 proximus

1065 2675 1189 2707 quoque
1213 2671 1262 2697 est
1285 2666 1340 2697 ille
1365 2667 1419 2713 qui
1445 2671 1591 2714 quartum
1612 2665 1795 2714 quintumve

1066 2708 1106 2738 ab
1134 2718 1171 2738 eo
1202 2707 1306 2739 locum
1334 2707 1464 2740 obtinet.
1515 2707 1661 2739 Minerva
1689 2707 1795 2749 igitur,

1065 2749 1207 2790 quamvis
1230 2750 1322 2790 longe
1346 2750 1394 2780 ab
1410 2748 1499 2781 Jovis
1517 2749 1681 2791 majestate
1700 2750 1795 2782 dista-

1064 2791 1129 2826 bat,
1159 2802 1222 2833 prae
1251 2791 1361 2822 ceteris
1394 2796 1498 2823 tamen
1527 2791 1588 2822 diis
1615 2791 1794 2834 deabusque

1065 2833 1302 2864 honoratissima
1339 2833 1407 2864 fuit.
1468 2832 1555 2864 Plat.
1589 2834 1736 2875 Sympos.
1772 2835 1794 2871 i.

1064 2886 1096 2917 p.
1112 2877 1186 2910 617,
1204 2875 1225 2913 ἡ
1243 2875 1273 2907 δὲ
1296 2875 1426 2914 Ἀθηνᾶ
1448 2875 1601 2927 φαίνεται
1621 2875 1683 2908 τὸν
1707 2877 1795 2916 πλη-

1063 2918 1198 2950 σίονάεὶ
1213 2920 1270 2949 τοῦ
1281 2918 1357 2956 Διὸς
1373 2917 1482 2950 τόποι(
1497 2917 1639 2959 ἔχουσαι
1663 2918 1707 2949 cf.
1719 2919 1795 2950 Cal-
