1904 3314
676 187 902 231 LIBER
934 187 992 238 ΙΙ,
1029 188 1065 229 l.
1551 189 1635 230 5¹3

211 291 396 334 Sudoris
417 291 658 341 minimum;
692 290 769 331 sed
792 289 926 330 habet
947 288 1175 331 Comoedia
1194 294 1315 331 tanto

97 357 180 400 170
212 358 318 401 Plus
341 359 498 409 oneris,
521 363 684 413 quanto
706 357 844 398 veniae
863 357 1019 398 minus.

1081 355 1294 411 Adspice,
1318 355 1501 398 Plautus

209 426 313 474 Quo
334 433 463 482 pacto
484 431 631 481 partes
653 431 821 466 tutetur
841 425 1022 466 amantis
1044 423 1229 479 ephebi!

207 494 272 536 Ut
291 495 427 551 patris
448 493 618 543 attenti,
638 492 806 534 lenonis
828 500 877 534 ut
897 492 1118 534 insidiosi!

207 562 411 610 Quantus
433 561 488 602 sit
510 560 771 602 Dossennus
793 560 1003 601 edacibus
1022 560 1067 601 in
1087 560 1314 614 parasitis!

205 629 350 677 Quam
371 642 457 669 non
477 627 688 670 adstricto
709 634 938 683 percurrat
959 626 1127 683 pulpita
1149 642 1277 670 socco
1295 630 1305 669 l

91 696 171 738 175
201 695 350 738 Gestit
369 696 482 737 enim
502 707 722 737 nummum
742 695 785 736 in
806 693 973 736 loculos
994 695 1237 746 demittere,
1259 702 1360 750 post
1382 695 1466 736 hoc

203 762 408 813 Securus,
430 762 572 812 cadat,
594 778 650 804 an
670 769 790 805 recto
812 769 897 804 stet
919 762 1067 804 fabula
1088 762 1188 804 talo.

201 830 347 878 Quem
366 829 466 872 tulit
485 831 542 872 ad
565 845 735 873 scenam
756 837 935 871 ventoso
957 829 1112 871 Gloria
1132 845 1279 880 curru,

200 898 435 940 Exanimat
453 897 598 940 lentus
621 903 857 953 spectator,
881 896 1058 939 sedulus
1081 897 1230 939 inflat:

202 965 275 1008 Sic
294 965 404 1016 leve,
427 966 488 1007 sic
509 980 691 1021 parvum
711 972 792 1015 est,
815 966 1003 1006 animum
1023 966 1143 1020 quod
1166 965 1308 1008 laudis
1331 980 1507 1007 avarum

87 1032 173 1074 180
202 1032 386 1076 Subruit
406 1048 457 1076 ac
476 1032 642 1075 reficit!

704 1032 864 1075 Valeat
885 1048 954 1075 res
974 1033 1157 1083 ludicra,
1181 1034 1217 1075 si
1236 1049 1304 1076 me

201 1100 353 1143 Palma
371 1107 531 1156 negata
548 1115 756 1150 macrum,
778 1100 940 1142 donata
957 1100 1129 1142 reducit
1150 1100 1355 1155 opimum.

201 1167 330 1224 Saepe
350 1169 479 1210 etiam
500 1169 708 1210 audacem
729 1168 854 1223 fugat
874 1167 958 1210 hoc
979 1175 1203 1222 terretque
1225 1175 1416 1222 poetam,

202 1235 337 1284 Quod
357 1251 538 1278 numero
559 1235 722 1291 plures,
745 1237 905 1277 virtute
926 1243 970 1277 et
992 1235 1157 1277 honore
1179 1235 1383 1284 minores,

199 1302 371 1346 Indocti
393 1304 627 1359 stolidique
645 1311 689 1345 et
711 1304 966 1358 depugnare
987 1303 1144 1358 parati,

79 1436 114 1468 in
130 1436 241 1468 tabula
254 1442 360 1469 cerata
374 1436 497 1468 inverso
512 1437 594 1479 stylo
606 1436 828 1485 complanatur

79 1485 114 1511 et
141 1479 276 1516 deletur,
310 1481 410 1511 litura
447 1487 588 1511 vocatur.
649 1481 733 1510 Hinc
771 1479 828 1512 inf.

82 1521 188 1564 Epist.
209 1522 250 1553 ad
273 1522 343 1554 Pis.
361 1533 392 1553 v.
413 1523 489 1560 293,
514 1533 641 1554 cannen
666 1525 744 1564 quod
767 1534 827 1554 non

79 1566 179 1596 multa
200 1566 264 1596 dies
285 1572 315 1596 et
339 1567 437 1596 multa
462 1567 559 1596 litura
582 1568 726 1601 coercitit,
750 1565 783 1596 h.
797 1575 827 1596 e.

80 1607 168 1650 quod
194 1618 258 1638 non
278 1607 334 1639 diu
357 1608 556 1650 inultumque
577 1608 774 1639 elaboratum
796 1613 828 1639 et

79 1660 137 1693 per
153 1650 280 1682 lituram
295 1660 316 1681 a
327 1650 412 1680 vitiis
425 1651 602 1682 cohibitum
612 1656 644 1682 et
659 1656 827 1693 purgatum

79 1699 140 1729 est,
155 1693 404 1736 reprehenditur.

126 1736 310 1768 168—170.
340 1736 500 1771 Creditur,
526 1741 600 1767 cett.
632 1735 829 1767 'Comoedio-

81 1789 151 1810 rum
182 1778 341 1810 confectio
371 1778 536 1809 minimum
568 1778 684 1810 laboris
713 1779 828 1810 habere

81 1826 223 1864 putatur.
255 1821 333 1863 quia.
363 1820 506 1859 materia,
538 1821 570 1852 iu
605 1821 708 1852 medio
735 1822 828 1863 quasi

81 1864 196 1907 posita,
205 1875 224 1896 e
234 1863 299 1895 vita
307 1864 468 1895 communi
477 1863 594 1906 petitur
609 1875 618 1902 ;
642 1864 697 1895 sed
708 1871 827 1905 quanto

80 1906 187 1938 minus
201 1906 301 1939 veniae
316 1906 410 1938 datur
425 1906 655 1938 comoediarum
672 1907 826 1949 scriptori,

80 1948 114 1980 in
129 1959 162 1981 re
176 1949 338 1981 communi
393 1949 511 1986 ecanti,
527 1955 616 1980 tanto
639 1949 710 1992 plus
725 1960 827 1992 operae

83 1991 158 2024 huic
174 1992 219 2024 rei
233 1960 480 2034 impenciZendum
497 1998 556 2024 est.

128 2035 312 2066 170—176.
335 2037 476 2075 Adspice,
495 2035 639 2070 Plautus,
656 2040 730 2066 cett.
753 2035 772 2066 J
778 2044 827 2065 am

82 2077 234 2109 Horatius
255 2077 407 2110 Plautum
423 2083 455 2108 et
475 2077 646 2117 ignobilem
668 2078 827 2119 quendam

79 2126 204 2162 poetam
234 2121 406 2157 comicum,
437 2120 657 2155 Dossennum,
683 2120 722 2151 de
752 2130 825 2162 pro·

79 2162 187 2194 ductis
200 2163 233 2194 in
250 2173 376 2194 scenam
398 2163 552 2204 personis,
576 2173 687 2205 parum
706 2169 825 2194 naturae

79 2205 304 2238 convenienter
333 2212 436 2247 partes
471 2215 545 2236 suas
583 2205 825 2242 sustinentibus,

81 2253 182 2279 notat.
227 2249 295 2284 Quo
308 2249 499 2288 pacto—Ut,
517 2259 613 2290 quam
632 2248 725 2280 male.

126 2291 201 2322 172.
223 2292 357 2329 Attenti,
370 2301 415 2322 sc.
431 2290 471 2322 ad
486 2301 563 2327 rem,
583 2291 616 2322 h.
631 2301 660 2326 e,
678 2291 777 2327 avari,
790 2296 827 2322 ut

80 2343 152 2376 sup.
167 2333 269 2376 Epist.
282 2333 306 2369 i,
322 2334 354 2368 7,
370 2334 425 2365 91.

128 2377 201 2408 173.
225 2377 371 2412 Quantus
384 2379 424 2408 sit
448 2378 632 2411 Dossennus,
649 2382 723 2408 cett.
738 2376 825 2407 vide-

81 2424 132 2450 tur
159 2419 350 2451 Dossennus
373 2418 457 2450 risus
485 2418 635 2461 captandi
661 2429 759 2450 causa
792 2419 826 2450 iu

78 2461 285 2511 exprimenda
298 2461 506 2503 parasitorum
529 2461 685 2493 edacitate
709 2462 824 2493 nimius

79 2505 199 2544 fulsum
223 2505 297 2536 hinc
314 2504 468 2540 Quantus,
484 2514 530 2535 sc.
547 2509 650 2546 poeta.

127 2547 202 2579 1⁷4.
227 2547 326 2582 Quam
352 2558 413 2578 ‘non
438 2549 597 2582 adstricto,
621 2551 698 2578 cett.
720 2546 825 2576 histri·

80 2598 170 2625 oues,
184 2590 241 2632 qui
255 2601 337 2622 socco
351 2601 411 2620 non
426 2590 545 2620 arctius
561 2591 706 2619 adstricto
730 2589 780 2629 (h.
796 2599 826 2620 e.

80 2631 172 2668 laxo)
204 2643 260 2674 per·
287 2634 412 2674 pulpita
450 2631 652 2666 incedebant,
686 2637 825 2662 externae

79 2674 282 2717 negligentiae
311 2675 440 2717 culpam
474 2674 535 2704 sibi
569 2673 826 2713 contrahebant;

81 2717 143 2766 isac
157 2717 296 2760 imagine
309 2717 407 2759 igitur
417 2717 484 2758 jam
502 2716 662 2748 Dossenni
679 2715 712 2746 in
727 2716 826 2757 scrip-

22 2780 26 2782 -
80 2765 122 2791 na
135 2759 302 2792 comoediis
318 2760 442 2792 incuria
457 2765 553 2802 atque
563 2759 756 2800 negligentia
771 2759 826 2790 de-

23 2819 26 2825 2
81 2801 236 2846 signatur.

27 2856 38 2889 ’ᾗ
81 2845 178 2884 idem,
192 2847 276 2889 quod
293 2857 323 2877 v.
338 2846 392 2882 79,
409 2857 530 2876 crocum
542 2846 695 2887 floresque
708 2855 828 2885 perum-

302 2804 452 2834 Ceterum
493 2804 615 2842 pulpita
650 2812 829 2842 percurrere

85 2889 205 2920 bulon.

872 1436 1070 1472 Dossennus,
1085 1435 1165 1467 nihil
1182 1435 1276 1478 plane
1292 1445 1420 1471 curans,
1436 1441 1543 1467 utrum
1556 1436 1621 1468 illae

870 1479 1090 1514 exsibileutur,
1106 1490 1147 1510 an
1163 1480 1310 1521 plausum
1329 1479 1444 1510 serant,
1484 1479 1621 1516 Fabula,

871 1533 943 1563 quae
965 1521 1112 1564 displicet
1135 1521 1378 1563 spectatoribus,
1402 1523 1523 1557 cadere,
1547 1533 1621 1564 quae

872 1565 987 1607 placet.
1012 1572 1093 1597 stare
1115 1565 1176 1605 (cf.
1196 1575 1269 1606 sup.
1291 1565 1332 1596 ad
1356 1565 1423 1596 Sat.
1443 1565 1466 1600 i,
1490 1566 1540 1603 10,
1562 1565 1619 1606 17)

871 1607 988 1638 dicitur
1002 1620 1009 1638 z
1035 1614 1116 1638 recto
1131 1610 1207 1642 tato,
1222 1607 1310 1638 firmo
1325 1607 1416 1648 quasi
1433 1607 1526 1650 pede.

918 1651 990 1681 177.
1014 1651 1063 1681 Ad
1077 1660 1207 1685 scenam,
1224 1650 1264 1680 ad
1280 1650 1404 1680 fabulas
1419 1649 1618 1682 scribendas:

874 1692 988 1723 Gloriae
997 1704 1118 1727 currus,
1131 1693 1186 1734 qui
1203 1702 1274 1734 sup.
1288 1694 1354 1722 Sat.
1366 1692 1388 1727 i,
1405 1694 1436 1729 6,
1448 1694 1489 1723 23
1506 1693 1622 1723 dicitur

862 1736 1006 1777 fulgens,
1030 1734 1263 1775 significantius
1287 1734 1320 1765 h.
1343 1734 1364 1764 l.
1381 1735 1497 1766 dicitur
1518 1742 1621 1766 vento-

871 1789 932 1811 sus,
946 1777 1148 1820 ὑπηνέμιος,
1165 1777 1346 1819 explicante
1362 1777 1476 1809 Vossio
1495 1777 1527 1808 iu
1550 1789 1619 1819 my-

871 1819 1068 1860 thologische
1086 1820 1203 1855 Briefe,
1219 1820 1258 1850 T.
1274 1819 1308 1854 ii,
1325 1830 1357 1861 p.
1378 1821 1454 1851 171.

918 1864 989 1894 178.
1010 1864 1135 1897 Lentus,
1148 1862 1372 1901 ἀναίσθητος.
1386 1863 1481 1904 cujus
1493 1863 1621 1895 animus

872 1916 912 1937 ne
928 1906 1092 1937 minimum
1116 1906 1245 1947 quidem
1268 1912 1482 1936 commovetur
1502 1906 1620 1938 sabulae

872 1949 1008 1980 actione.
1054 1949 1233 1982 Exanimat.
1258 1947 1376 1978 fabulae
1401 1948 1522 1979 auctori
1547 1949 1618 1979 ani-

872 2002 959 2022 mum
974 1990 1067 2034 quasi
1081 1991 1185 2039 eripit,
1203 2000 1257 2032 pro
1273 1990 1408 2031 vulgari,
1423 2001 1507 2027 eum,
1523 2002 1620 2033 quem

873 2034 972 2075 gloria
1001 2033 1042 2065 ad
1079 2033 1262 2065 scribendas
1300 2033 1477 2065 comoedias
1506 2034 1620 2070 aufert,

873 2077 1057 2118 gravissimo
1084 2077 1190 2108 dolore
1218 2075 1327 2107 afficit.
1386 2076 1528 2113 Sedulus,
1563 2077 1620 2118 qui

870 2119 976 2150 animo
992 2125 1113 2151 attento
1135 2124 1355 2160 commotoque
1379 2124 1514 2160 spectat.
1561 2120 1617 2151 In-

859 2166 938 2203 stat,
954 2162 1088 2204 inspirat
1102 2161 1256 2196 animum,
1272 2172 1410 2202 eumque
1425 2162 1561 2193 extollit.

917 2205 1098 2236 179-181.
1138 2205 1188 2235 Sic
1226 2206 1298 2241 teve,
1328 2210 1405 2235 cett.
1438 2215 1456 2235 a
1484 2216 1516 2236 re
1553 2212 1617 2237 tam

871 2247 943 2282 levi,
970 2253 1034 2278 tam
1065 2257 1174 2290 parva,
1208 2257 1226 2278 a
1254 2253 1467 2288 spectatorum
1497 2248 1621 2280 scilicet

871 2289 988 2321 fabulae
1005 2295 1062 2321 aut
1075 2289 1339 2332 applaudentium
1362 2296 1418 2321 aut
1440 2300 1511 2321 eam
1534 2291 1616 2323 exsi-

871 2333 1039 2364 bilantium
1055 2332 1195 2370 arbitrio,
1206 2332 1323 2375 pendet
1337 2339 1498 2375 poetarum
1511 2334 1618 2375 gloriae

871 2375 1059 2424 cupidorum
1104 2382 1168 2406 tam
1213 2375 1302 2406 dolor
1336 2386 1433 2417 quam
1471 2378 1619 2419 voluptas

871 2418 969 2449 ammi
982 2430 989 2448 ε
1013 2420 1150 2449 αηίνηιιηι
1161 2418 1302 2456 Subruit,
1313 2419 1479 2455 subvertit,
1494 2422 1617 2455 evertit,

868 2461 1026 2504 pervertit.
1074 2461 1180 2492 Valeat
1196 2472 1242 2492 res
1259 2462 1394 2496 ludicra,
1418 2462 1510 2504 longe
1533 2473 1552 2493 a
1567 2473 1617 2494 me

869 2504 952 2535 absit
968 2503 1011 2535 rei
1037 2503 1167 2535 ludicrae
1183 2504 1250 2535 sive
1274 2504 1453 2535 fabularum
1478 2506 1616 2537 scriben-

868 2547 980 2577 darum
1000 2546 1155 2581 studium,
1180 2546 1206 2576 si
1232 2553 1332 2588 poetae
1356 2547 1422 2578 vita
1441 2553 1505 2579 tam
1526 2548 1618 2590 inops

869 2595 901 2620 et
927 2598 1034 2620 macra
1056 2599 1151 2637 quarn
1178 2590 1341 2631 opulenta,
1367 2589 1401 2620 in
1427 2591 1539 2632 populi
1563 2598 1618 2623 aut

870 2642 934 2662 non
959 2631 1091 2663 faventis
1111 2637 1166 2662 aut
1185 2632 1320 2663 faventis
1343 2633 1446 2674 posita
1464 2640 1512 2665 est
1535 2635 1618 2665 arbi-

870 2674 940 2705 trio.
974 2674 1131 2715 „Reducin
1148 2675 1384 2706 accommodate
1404 2675 1445 2706 ad
1469 2677 1562 2708 verba
1579 2679 1619 2708 ab

871 2716 1106 2759 Olympionicis
1127 2717 1298 2748 translata:
1331 2719 1440 2749 Palma
1463 2728 1619 2761 negata—

870 2762 1002 2790 donata.-
1035 2770 1107 2802 sup.
1138 2760 1202 2791 Od.
1228 2759 1273 2794 iv,
1305 2762 1337 2796 2,
1374 2761 1424 2796 17,
1452 2762 1522 2792 Sive
1549 2775 1618 2804 quos

874 2803 950 2833 Elea
964 2805 1083 2833 domum.
1098 2804 1219 2833 reducit
1240 2803 1349 2834 Palma
1365 2806 1499 2835 coelestis.

919 2846 1100 2876 182—186.
1122 2845 1202 2885 Saepe
1226 2848 1328 2881 etiam,
1351 2852 1428 2878 cett.
1481 2848 1618 2878 Sensus:

874 2898 959 2930 saepe
983 2887 1161 2919 audacioris
1189 2887 1268 2919 adeo
1291 2896 1324 2919 et
1349 2889 1542 2920 sublimioris
1569 2889 1618 2919 in·

130 2931 205 2967 1⁷5.
223 2930 298 2962 176.
322 2930 422 2961 Gestit
443 2932 534 2965 enim,
559 2934 634 2961 cett.
681 2929 774 2960 Lucri
799 2934 839 2965 et·
874 2930 959 2972 genii
982 2936 1106 2972 poetam
1123 2940 1140 2960 a
1165 2940 1197 2962 re
1215 2930 1339 2961 ludicra
1362 2931 1487 2973 repellit
1507 2937 1539 2962 et
1562 2931 1617 2962 de-

20 2959 21 2962 *
38 2999 45 3002 ,,
85 2974 238 3006 mercedis
259 2978 382 3005 tantum
406 2983 505 3004 causa
527 2972 701 3003 comoedias
723 2971 833 3003 scribit
869 2979 968 3046 lterret
983 2973 1055 3008 hoc,
1070 2972 1155 3014 quod
1175 2974 1254 3012 plebs
1269 2974 1411 3014 (egregie
1428 2974 1521 3015 plane
1542 2974 1620 3004 duo-

832 3028 851 3047 L
