1904 3314
374 194 456 235 528

862 193 1387 235 EPISTOLARUM

485 291 692 342 Audebit,
714 307 979 347 quaecunque
1000 307 1149 347 parum
1172 292 1412 347 splendoris
1432 292 1668 344 habebunt,

484 359 544 400 Et
567 361 655 401 sine
677 360 867 414 pondere
889 366 1028 408 erunt,
1049 367 1092 400 et
1112 360 1272 400 honore
1293 360 1467 414 indigna
1487 359 1690 410 ferentur,

483 425 631 466 Verba
650 440 818 466 movere
837 425 945 474 loco,
967 426 1156 479 quamvis
1178 426 1308 466 invita
1327 426 1547 476 recedant,

482 491 544 531 Et
563 498 785 532 versentur
806 491 946 531 adhuc
967 492 1078 531 intra
1101 490 1330 545 penetralia
1350 491 1510 533 Vestae.

373 556 452 596 115
482 556 727 597 Obscurata
746 556 820 597 diu
839 555 1000 610 populo
1018 557 1157 597 bonus
1177 563 1312 605 eruet,
1335 563 1462 610 atque

483 623 681 664 Proferet
700 624 743 663 in
762 622 899 663 lucem
921 623 1115 676 speciosa
1135 622 1340 664 vocabula
1360 637 1515 672 rerum,

482 689 608 738 Quae,
630 689 780 742 priscis
801 696 1030 729 memorata.
1051 689 1285 729 Catonibus
1307 696 1435 743 atque
1457 689 1678 743 Cethegis,

481 754 611 795 Nunc
633 755 737 795 situs
759 754 948 794 informis
969 755 1124 807 premit
1144 760 1187 794 et
1208 754 1379 795 deserta
1399 762 1587 796 vetustas
1605 772 1614 796 :

482 818 709 860 Adsciscet
729 835 850 868 nova,
872 834 968 873 quae
989 820 1155 873 genitor
1174 821 1427 873 produxerit
1448 836 1566 861 usus.

373 886 455 927 120
484 885 727 927 Vehemens
748 893 791 926 et
810 885 997 939 liquidus
1018 900 1213 939 puroque
1235 885 1464 926 simillimus
1483 887 1598 927 amni

481 951 654 992 Fundet
674 966 793 1005 opes,
818 951 1071 1004 Latiumque
1092 951 1238 991 beabit
1259 951 1387 992 divite
1408 951 1564 1006 lingua.

482 1017 766 1057 Luxuriantia
785 1022 1040 1070 compescet,
1063 1016 1183 1055 nimis
1205 1030 1357 1070 aspera
1376 1031 1479 1058 sano

482 1083 663 1122 Levabit
683 1081 814 1131 cultu,
836 1083 992 1121 virtute
1014 1081 1201 1121 carentia
1221 1081 1340 1122 tollet
1357 1098 1366 1121 :

482 1148 694 1187 Ludentis
717 1147 900 1200 speciem
921 1147 1054 1194 dabit,
1077 1153 1119 1186 et
1141 1147 1424 1200 torquebitur,
1446 1155 1494 1188 ut
1513 1148 1587 1202 qui

371 1214 450 1254 125
479 1212 610 1254 Nunc
632 1213 844 1267 Satyrum,
866 1226 977 1253 nunc
998 1218 1208 1265 agrestem
1229 1212 1419 1267 Cyclopa
1438 1220 1644 1255 movetur.

364 1335 456 1366 beato
471 1335 559 1377 quasi
575 1340 605 1366 et
626 1335 711 1366 dulci
733 1334 828 1364 animi
849 1344 942 1364 sensu
963 1333 1093 1374 scripse-

365 1383 446 1408 runt.
482 1378 656 1408 Obversata
668 1377 797 1407 Horatio
810 1376 841 1406 in
855 1376 913 1406 hoc
929 1377 998 1406 loco
1011 1375 1094 1405 vide-

366 1426 416 1449 tur
443 1418 608 1460 descriptio
630 1417 750 1448 Suffeni
773 1417 853 1458 apud
878 1417 997 1447 Catull.
1020 1416 1095 1452 xxii,

369 1462 406 1490 14
428 1471 510 1501 sqq„
533 1461 615 1490 Idem
636 1461 755 1501 inficeto
777 1466 815 1490 est
842 1461 988 1500 inflectitur
1012 1469 1094 1493 rure,

366 1502 463 1532 Simul
477 1508 610 1541 poemata
622 1503 750 1541 attigit‚·
773 1511 863 1540 neque
877 1502 954 1530 idem
966 1511 1097 1539 unquam

367 1544 463 1584 AEque
485 1551 527 1574 est
556 1545 668 1579 beatus,
699 1554 733 1573 uc
758 1554 857 1581 poema
884 1553 951 1572 cum
977 1543 1095 1572 scribit:

367 1585 440 1615 Tam
454 1587 566 1627 gaudet
585 1586 615 1614 in
631 1595 670 1619 se,
688 1592 804 1624 tamque
820 1594 848 1614 se
863 1586 923 1623 ipse
939 1585 1082 1613 miratur.

411 1628 482 1658 109.
506 1627 701 1666 Legitimum.
718 1625 757 1655 ad
772 1625 868 1665 leges,
883 1635 960 1666 quas
978 1625 1011 1654 in
1030 1634 1098 1665 sqq.

364 1667 462 1703 dedit,
477 1667 693 1709 compositum,
708 1667 837 1696 bonum.

411 1711 483 1740 110.
507 1709 583 1739 Cum
606 1710 728 1743 tabulis,
751 1713 825 1738 cett.
845 1708 947 1738 bonus
969 1707 1099 1748 scriptor

365 1751 489 1781 tabulas
503 1755 635 1786 ceratas,
653 1750 684 1780 in
705 1749 819 1790 quibus
838 1749 962 1784 scribat,
978 1758 1014 1779 eo
1031 1748 1096 1780 ani-

365 1802 416 1823 mo
431 1797 543 1828 sumet,
559 1801 621 1833 quo
634 1801 757 1822 severus
777 1797 807 1822 et
827 1791 976 1821 honestus
993 1800 1099 1821 censor

365 1835 460 1864 sumit
481 1834 605 1864 tabulas
628 1832 804 1869 censorias;
835 1832 1096 1874 quemadmodum

366 1875 449 1906 enim
465 1876 566 1906 bonus
579 1885 688 1906 censor
701 1874 839 1905 notanda
852 1875 884 1904 in
896 1874 1011 1905 tabulis
1023 1884 1096 1905 cen-

365 1916 452 1947 soriis
481 1916 611 1947 notabit.
641 1917 685 1947 ita
717 1917 817 1947 bonus
845 1916 973 1956 scriptor
1003 1915 1097 1946 corri-

365 1958 467 1999 genda
482 1959 515 1988 in
530 1958 646 1988 tabulis
661 1957 771 1988 ceratis
783 1958 924 1998 corriget.

412 2001 485 2030 111.
508 2001 648 2036 Audebit,
678 2009 740 2029 non
768 1999 934 2029 dubitabit.
981 1999 1096 2028 Parum

364 2042 528 2080 splendoris
547 2042 705 2076 habebunt,
750 2051 835 2070 arum
854 2040 1018 2081 elegantiae
1041 2040 1095 2071 ha-

365 2083 502 2113 bebunt:
527 2082 605 2112 refer
627 2083 707 2112 hanc
727 2051 914 2112 focutionem
936 2081 974 2112 ad
998 2093 1095 2112 censo-

365 2135 438 2160 rem,
454 2123 507 2165 qui
521 2123 627 2164 Equiti
644 2124 799 2158 Romano,
814 2135 919 2162 parum
933 2125 1096 2163 splendoris

367 2166 497 2201 habenti,
528 2164 712 2211 (splendori,
744 2164 798 2204 qui
830 2164 931 2205 Equiti
958 2165 998 2194 ob
1027 2164 1097 2205 ejus

367 2207 492 2238 divitias
535 2207 737 2241 tribuebatur,
779 2216 840 2236 non
879 2205 1095 2247 respondenti)

366 2260 471 2289 equum
487 2249 646 2279 adimebat.

412 2291 484 2320 112.
509 2290 547 2319 Et
562 2292 625 2320 sine
637 2290 765 2329 pondere
779 2294 884 2318 erunt:
901 2299 972 2330 sup.
990 2289 1058 2318 Sat.
1074 2287 1096 2323 i,

370 2333 420 2368 10,
451 2334 503 2369 54,
538 2331 643 2361 Versus
673 2333 825 2370 gravitate
860 2332 995 2360 minares.
1054 2330 1094 2360 Et

368 2374 474 2403 honore
493 2374 619 2413 indigna
630 2373 788 2414 ferentur,
806 2377 837 2402 et
852 2381 960 2413 parurn
977 2376 1048 2412 apta
1064 2377 1096 2402 et

365 2415 520 2446 concinna
531 2413 768 2455 judicabuntur.

411 2457 485 2487 113.
511 2456 626 2486 Movere
650 2457 719 2490 loco,
743 2454 866 2496 ejicere,
890 2454 1012 2491 delere;
1043 2464 1095 2485 ac·

365 2497 558 2530 commodate
579 2498 619 2527 ad
642 2506 812 2530 censorem,
840 2495 893 2536 qui
919 2497 1023 2526 honore
1044 2498 1092 2526 in-

365 2542 470 2582 dignas
481 2549 498 2570 e
513 2543 622 2569 senatu
633 2540 762 2568 movebat
774 2538 820 2569 vel
833 2537 989 2578 ejiciebat.
1033 2537 1095 2568 lnf.

364 2582 397 2612 in
422 2581 522 2623 Epist.
540 2580 580 2610 ad
604 2580 671 2610 Pis.
693 2590 723 2610 v.
746 2580 822 2615 293,
845 2589 969 2610 carmen
991 2589 1093 2620 repre-

363 2622 562 2653 hendendum
585 2621 818 2661 dicitur—quod
835 2633 893 2652 uon
914 2621 1015 2651 Multa
1035 2623 1096 2652 dies

363 2672 392 2695 et
406 2666 502 2695 multa
521 2665 615 2694 litura
629 2664 770 2694 coercuit.

410 2707 422 2736 1
434 2707 480 2736 14.
506 2705 546 2735 Et
557 2711 712 2735 versentur
728 2705 826 2734 adhuc
835 2706 916 2734 intra
928 2705 1093 2743 penetralia

366 2748 467 2783 Vestae,
493 2753 526 2778 et
546 2746 660 2780 adhuc.
684 2752 834 2787 tanquam
858 2746 890 2775 in
914 2746 1020 2776 Vestae
1043 2755 1092 2775 sa·

363 2789 474 2825 erario,
492 2788 575 2828 quod
595 2793 660 2819 erat
682 2787 713 2817 in
737 2787 849 2818 aedium
872 2786 1091 2828 penetralibus,

363 2830 481 2861 intacta.
493 2835 525 2860 et
538 2828 729 2860 inviolabilia
749 2829 878 2864 lateant,
895 2828 927 2857 h.
943 2838 971 2858 e.
985 2833 1017 2858 et
1037 2829 1090 2858 ad-

363 2872 426 2903 huc
441 2871 559 2902 intacta
571 2871 602 2901 in
620 2870 776 2911 scriptoris
790 2869 905 2900 scrinio
919 2875 1090 2901 serventur.

410 2914 586 2944 115—118.
611 2913 774 2942 Obscuram
792 2914 858 2946 diu,
876 2916 948 2942 cett.
965 2912 1087 2951 Junge:

1139 1333 1242 1364 Bonus
1256 1332 1426 1374 (poetavel
1443 1333 1592 1375 scriptor)
1607 1334 1731 1373 speciosa
1748 1333 1871 1376 (splen-

1138 1374 1223 1409 dida,
1254 1384 1355 1405 rerum
1391 1374 1526 1416 speciem
1562 1375 1737 1406 luculenter
1769 1375 1871 1417 expri-

1138 1415 1271 1455 mentia)
1292 1427 1393 1446 rerum
1411 1417 1565 1452 vocabula,
1588 1427 1662 1457 quoe,
1683 1418 1789 1455 priscis
1810 1417 1871 1447 Ca-

1138 1459 1254 1488 tonibus
1281 1464 1368 1498 atque
1399 1458 1535 1498 Cethegis
1567 1464 1727 1488 memorata
1761 1460 1870 1498 (usur-

1140 1499 1244 1540 pata),
1274 1499 1413 1540 informis
1440 1500 1516 1530 situs
1542 1505 1570 1529 et
1597 1501 1712 1530 deserta
1740 1506 1871 1531 vetustas

1141 1552 1221 1571 nunc
1234 1543 1354 1580 premit,
1367 1541 1486 1580 populo,
1506 1540 1558 1571 cui
1578 1541 1634 1571 illa
1647 1543 1701 1572 diu
1715 1542 1872 1573 obscurata

1141 1588 1224 1618 sunt,
1241 1589 1324 1612 eruet
1338 1588 1425 1622 atque
1448 1584 1479 1613 in
1499 1583 1592 1613 lucem
1611 1583 1755 1624 proferet.
1799 1584 1871 1622 Spe-

1141 1626 1218 1654 ciosa
1234 1625 1375 1654 vocabula
1386 1634 1505 1654 rerum.-
1521 1623 1579 1655 ins.
1589 1624 1623 1654 in
1635 1623 1736 1666 Epist.
1749 1624 1789 1655 ad
1802 1625 1871 1656 Pin.

1139 1676 1171 1696 v.
1188 1666 1262 1700 319,
1277 1667 1401 1705 speciosa
1418 1666 1661 1696 locis—Fabula.

1185 1708 1258 1737 117.
1284 1707 1395 1738 Priscis
1410 1708 1582 1738 Catonibus.
1625 1708 1673 1738 M.
1689 1707 1769 1739 Cato
1785 1708 1868 1739 Cen-

1141 1747 1240 1779 sorius
1254 1750 1336 1790 (nat.
1351 1749 1393 1780 U.
1403 1749 1443 1780 C.
1457 1759 1556 1783 mox,
1573 1754 1662 1780 mort.
1675 1749 1779 1788 Deru)
1791 1749 1869 1780 dici-

1142 1796 1191 1820 tur
1218 1793 1346 1830 priscus.
1370 1789 1444 1831 quia
1469 1790 1640 1832 priscorum
1666 1800 1783 1821 morum
1813 1791 1872 1822 fuit

1140 1832 1449 1863 observantissimus:
1482 1831 1547 1862 vid.
1569 1842 1638 1874 sup.
1659 1832 1723 1863 od.
1743 1831 1789 1867 iii,
1812 1834 1867 1869 21,

1143 1875 1194 1908 11,
1209 1875 1298 1913 prisci
1319 1875 1438 1904 Catonis
1458 1874 1570 1904 Virtus.
1615 1874 1764 1915 Cethegis·
1809 1874 1870 1906 Ce-

1141 1915 1253 1956 thegus
1263 1916 1372 1946 consul
1389 1915 1448 1945 fuit
1457 1916 1499 1947 U.
1511 1916 1551 1946 C.
1563 1925 1700 1946 nxtvux
1713 1927 1721 1945 ε
1746 1915 1816 1947 Cic.
1830 1917 1870 1947 de

1143 1958 1266 1987 Senect.
1290 1958 1338 1992 14,
1355 1957 1402 1988 Μ.
1415 1967 1484 1987 vero
1501 1957 1674 1998 Cethegum,
1691 1967 1775 1998 quem
1793 1965 1870 1988 recte

1139 1999 1272 2029 Suadela·
1302 1999 1461 2029 medullam
1490 2000 1567 2030 dixit
1598 1998 1729 2033 Ennius,
1757 2006 1869 2040 quanto

1138 2042 1236 2071 studio
1250 2042 1378 2072 exerceri
1400 2042 1432 2070 in
1449 2042 1572 2071 dicendo
1592 2041 1762 2071 videbamus
1780 2043 1869 2072 etiam

1138 2083 1255 2112 senem?
1277 2082 1319 2112 cf.
1333 2082 1466 2112 eundem
1482 2082 1574 2112 Brut.
1594 2082 1642 2112 15.

1185 2125 1255 2154 119.
1281 2124 1352 2158 Qum
1368 2126 1486 2164 genitor
1502 2124 1678 2163 produxerit
1697 2134 1780 2159 uma,
1796 2134 1867 2165 quai

1140 2174 1215 2195 usus
1237 2170 1268 2195 et
1288 2165 1483 2206 progenuerit
1506 2170 1536 2195 et
1558 2165 1780 2205 publicaverit:
1811 2166 1869 2198 inf.

1139 2206 1171 2235 in
1188 2206 1288 2247 Epist.
1303 2207 1342 2236 ad
1360 2206 1427 2236 Pis.
1449 2207 1500 2242 71,
1525 2207 1578 2241 72,
1603 2206 1676 2240 Qua
1695 2217 1777 2237 nunc
1797 2214 1869 2238 sunt

1139 2249 1172 2277 in
1201 2248 1307 2277 honore
1336 2249 1489 2282 vocabula,
1514 2249 1539 2277 si
1565 2249 1641 2278 volet
1663 2257 1746 2282 usus,
1773 2249 1868 2282 Quem

1137 2299 1224 2328 penes
1233 2290 1391 2318 arbitrium
1401 2296 1441 2319 est
1456 2291 1546 2328 enjus
1561 2295 1588 2319 et
1603 2299 1706 2319 norma
1717 2290 1868 2330 loquendi.

1181 2331 1254 2365 120,
1279 2331 1352 2360 121.
1389 2330 1474 2360 Idem
1505 2330 1605 2360 bouus
1635 2336 1726 2371 poeta
1755 2331 1870 2362 dicitur

1137 2372 1294 2408 vehemens,
1317 2371 1442 2411 largiter
1464 2371 1562 2402 fluens
1583 2371 1784 2413 fervensque;
1815 2383 1868 2404 ac-

1137 2413 1330 2444 commodate
1353 2413 1391 2443 ad
1414 2423 1549 2446 amnem.
1568 2412 1624 2454 qui
1639 2419 1688 2444 est
1701 2413 1868 2445 vehemens

1138 2465 1209 2485 cum
1224 2454 1348 2495 largiter
1363 2454 1443 2485 fluit.
1493 2454 1655 2490 Vehemens,
1669 2454 1791 2487 duabus
1804 2466 1818 2486 s
1841 2457 1866 2486 l-

1136 2496 1217 2526 labis
1236 2496 1521 2538 pronunciandum.
1564 2497 1724 2536 Liquidum,
1739 2507 1801 2528 nou
1829 2509 1866 2528 u-

1137 2538 1287 2573 tulentus,
1301 2543 1336 2568 ut
1352 2538 1495 2568 Lucilius
1511 2538 1578 2568 Sat.
1592 2537 1614 2575 i,
1629 2539 1661 2573 4.
1682 2538 1731 2569 11.

1182 2581 1253 2610 121.
1287 2579 1407 2610 Fundet
1436 2589 1518 2618 opes:
1555 2589 1613 2620 per
1639 2589 1704 2618 opes
1725 2578 1867 2620 intellige

1138 2621 1297 2651 verborum
1322 2620 1605 2661 sententiarumque
1629 2620 1750 2668 copiam
1773 2625 1867 2662 atque

1137 2662 1328 2693 ubertatem:
1353 2662 1410 2693 inf.
1424 2662 1456 2692 in
1474 2663 1499 2692 E
1522 2661 1574 2692 ist.
1588 2662 1627 2692 ad
1643 2662 1708 2693 Pis.
1722 2662 1796 2698 307,
1819 2664 1866 2693 m’l

1136 2706 1264 2734 scribens
1282 2706 1353 2743 ipse,
1369 2705 1483 2739 docebo,
1501 2673 1590 2734 {Inde
1607 2710 1756 2744 parentur
1777 2714 1841 2743 opes
1850 2715 1862 2742 ‚-

1136 2748 1206 2786 quiri
1220 2747 1286 2776 atat
1315 2746 1460 2786 brmetque
1472 2751 1596 2785 poetam.
1879 2751 1881 2753 '

1181 2789 1252 2818 122.
1314 2789 1491 2817 uxuriantia
1517 2792 1692 2826 compescet:
1729 2796 1800 2827 quae
1831 2786 1864 2819 in

1135 2829 1260 2859 nimiam
1278 2827 1498 2859 abundantiam
1518 2832 1718 2859 excreverunt
1739 2826 1865 2866 recidet,

1137 2876 1169 2900 ut
1185 2870 1379 2901 abundantes
1394 2879 1494 2901 ramos
1512 2869 1544 2900 in
1562 2868 1722 2900 arboribus
1742 2869 1862 2901 lum-w*-

1135 2914 1266 2943 antibus.
