1884 3288
309 203 389 244 112

852 202 1252 247 CARMINUM

643 299 812 342 Natalis
833 300 964 351 horae,
986 317 1060 343 seu
1083 309 1287 356 tyrannus

498 367 554 408 20

696 366 923 421 Hesperiae
943 367 1230 422 Capricornus
1251 368 1402 409 undae:

584 431 826 487 Utrumque
846 440 1037 474 nostrum
1057 434 1294 474 incredibili
1315 435 1442 475 modo

584 497 809 539 Consentit
829 505 1005 539 astrum.

1063 498 1131 538 Te
1151 497 1181 538 J
1182 499 1271 538 ovis
1293 499 1421 551 impio

639 563 798 604 Tutela
818 563 1005 604 Saturno
1026 562 1243 616 refulgens

698 629 885 684 Eripuit,
907 628 1177 681 volucrisque
1198 628 1293 668 Fati

499 696 555 736 25
585 695 794 745 Tardavit
814 694 916 744 alas,
939 709 1068 748 quum
1088 692 1274 747 populus
1295 693 1496 746 frequens

587 761 756 802 Laetum
777 761 954 802 theatris
977 767 1040 800 ter
1061 760 1227 813 crepuit
1249 773 1421 800 sonum:

641 827 717 867 Me
739 833 914 867 truncus
935 825 1110 879 illapsus
1132 818 1309 866 cerebro

696 891 954 940 Sustulerat,
976 891 1058 931 nisi
1079 891 1253 931 Faunus
1274 891 1405 931 ictum

584 958 753 998 Dextra
773 957 971 1006 levasset,
995 956 1316 997 Mercurialium

499 1023 556 1064 30
586 1022 743 1064 Custos
764 1023 962 1063 virorum.
1023 1022 1229 1063 Reddere
1250 1022 1438 1063 victimas

641 1088 888 1142 AEdemque
908 1088 1090 1129 votivam
1110 1094 1343 1128 memento:

698 1154 794 1195 Nos
814 1153 1014 1195 humilem
1035 1154 1236 1194 feriemus
1257 1168 1423 1208 agnam.

302 1300 474 1331 Parcarum
500 1297 640 1330 consiliis
666 1302 697 1328 et
724 1297 884 1332 societate,
915 1303 950 1328 ut
979 1296 1038 1328 dea

304 1340 480 1383 πάρεδρος,
503 1344 632 1382 apparet
653 1340 795 1374 Justitia,
819 1339 914 1377 Δίκη,
932 1349 1003 1379 quae
1019 1348 1037 1369 a

302 1393 436 1418 summa,
456 1392 520 1424 qua
542 1392 590 1413 res
610 1381 763 1412 humanas
779 1381 964 1416 moderatur,
982 1390 1037 1422 po-

302 1430 414 1456 testate
427 1431 528 1464 potens
543 1423 666 1454 dicitur.

347 1466 484 1496 17—22.
522 1466 587 1496 Sub
623 1465 862 1506 quibuscunque
899 1463 1034 1499 tandem,

302 1512 366 1538 tam
390 1507 499 1538 faustis
518 1517 611 1548 quarn
629 1506 786 1540 infaustis.
808 1505 960 1536 sideribus
980 1516 1037 1546 ego

241 1587 247 1590 ‚
304 1554 398 1580 natus
414 1559 495 1585 sum,
511 1549 640 1579 mirifice
657 1553 739 1579 certe
754 1548 810 1578 illa
825 1558 896 1578 cum
912 1546 962 1583 iis,
979 1549 1037 1578 sub

306 1590 422 1632 quibus
439 1595 471 1621 tu
494 1596 585 1621 natus
601 1600 647 1626 es,
667 1589 886 1627 consentiunt;
909 1594 1039 1629 uterque

304 1633 400 1668 enim,
410 1632 477 1673 jam
490 1632 586 1662 semel
602 1642 640 1662 ex
651 1637 802 1672 praesente
819 1630 888 1660 vitae
902 1630 1042 1671 periculo

307 1680 448 1704 servatus
466 1673 656 1703 simillimam
678 1678 790 1702 sortem
811 1677 958 1713 expertus
974 1677 1041 1710 est3

305 1725 379 1755 ergo
395 1717 487 1757 (nam
504 1715 570 1745 haec
583 1713 744 1745 conclusio
760 1713 834 1743 inde
846 1713 917 1744 elici
933 1712 1042 1752 debet)

306 1767 371 1787 uno
395 1756 568 1797 eodemque
589 1765 718 1797 quoque
741 1755 792 1786 die
814 1754 905 1784 simul
929 1754 1039 1785 morie-

307 1809 389 1828 mur.
433 1799 484 1829 De
500 1803 637 1828 veterum
654 1796 873 1839 superstitione
887 1795 958 1826 vitae
973 1796 1040 1827 exi-

308 1845 375 1870 tum
388 1850 425 1870 ex
437 1849 486 1875 ea,
500 1850 572 1880 quae
587 1840 644 1869 sub
656 1839 730 1868 hora
741 1838 897 1880 cujusque
910 1847 1039 1868 nascen-

307 1881 350 1911 tis
377 1887 459 1912 esset
480 1880 689 1914 constellatio,
718 1879 783 1910 sive
807 1890 845 1910 ex
873 1879 1043 1920 horoscopo

309 1922 501 1964 conjiciendi
515 1921 556 1952 cf.
571 1932 641 1963 sup.
657 1921 696 1951 ad
717 1921 740 1956 i,
758 1923 809 1958 ll,
825 1923 856 1951 2.
901 1921 1042 1952 Consen-

309 1974 363 1995 sus
385 1969 487 1995 autem
508 1962 655 1999 siderum,
677 1963 734 1992 sub
756 1963 871 2003 quibus
895 1963 1043 1993 Horatius

309 2011 341 2037 et
359 2007 519 2036 Maecenas
537 2004 602 2035 nati
622 2014 691 2035 esse
706 2004 864 2040 dicuntur,
880 2004 1043 2046 ponendus

311 2047 407 2078 estin
430 2046 581 2087 singulari
603 2046 762 2076 stellarum
785 2051 848 2076 tam
871 2047 1043 2076 faustarum

312 2099 407 2130 quam
426 2089 631 2119 infaustarum
646 2087 879 2128 conjunctione,
897 2097 959 2128 qua
977 2088 1042 2118 sac-

313 2136 380 2161 tum
392 2135 452 2166 est,
465 2135 502 2160 ut
515 2130 562 2160 vis
577 2129 720 2160 salutaris
735 2129 827 2160 unius
841 2130 905 2159 vim
922 2129 1046 2159 noxiam

312 2172 441 2203 alterius
463 2171 655 2211 infringeret.
700 2171 808 2206 Libra,
823 2171 913 2202 stella
930 2171 1045 2201 saluta-

312 2214 367 2250 ris,
383 2219 416 2244 at
431 2215 569 2252 Scorpius
585 2218 615 2243 et
633 2213 834 2253 Capricornus
849 2212 924 2242 mali
935 2212 1047 2243 ominis

312 2256 427 2297 sidera.
472 2256 524 2286 Me
538 2256 676 2294 adspicit,
692 2254 767 2284 mihi
787 2254 928 2285 nascenti
946 2254 1047 2285 radia-

314 2298 359 2328 vit
379 2303 412 2328 et
433 2297 534 2328 adhuc
554 2297 664 2327 radiat.
708 2296 936 2332 Formidolosus,
955 2296 1047 2337 cujus

315 2339 381 2381 ipse
408 2339 575 2380 adspectus
601 2338 763 2369 formidine
793 2338 912 2380 implet.
970 2339 1047 2368 Pars

313 2382 472 2412 violentior
502 2381 623 2411 Natalis
646 2381 734 2415 horae,
761 2390 825 2410 una
851 2379 1046 2410 infestiorum

335 2422 465 2454 eniturae
501 2432 578 2452 meae
612 2422 785 2452 stellarum.
845 2422 1048 2460 Capricornus

338 2465 428 2495 icitur
443 2470 592 2504 tyrannus
609 2464 756 2502 Hesperia:
771 2465 871 2497 andra,
886 2463 968 2504 quod
982 2469 1046 2494 tam

315 2511 402 2537 ortus
418 2515 511 2547 quarn
527 2515 656 2536 occasus
671 2505 739 2545 ejus
754 2505 907 2546 procellas
921 2514 1046 2546 compa-

314 2557 380 2578 rare
405 2548 595 2589 putabatur3
629 2547 770 2578 similiter
798 2557 869 2588 sup.
891 2547 913 2582 i,
938 2548 970 2582 3,
998 2549 1046 2583 15..

317 2589 415 2620 Notus
427 2589 542 2620 dicitur
556 2590 670 2620 arbiter
687 2589 823 2618 Hadriae.

357 2632 495 2662 22—32.
531 2630 639 2661 Tutela
668 2631 761 2666 Jovis,
792 2631 878 2660 sidus
906 2630 1047 2666 tutelare,

317 2673 454 2715 Jupiter,
466 2673 620 2714 ‘refulgens
633 2674 722 2712 impio
735 2673 868 2703 Saturno
880 2678 908 2702 te
922 2674 1047 2711 eripuit,

1079 1301 1188 1327 contra
1209 1295 1296 1338 impii
1321 1295 1445 1327 Saturni
1467 1295 1554 1328 sidus
1576 1296 1713 1338 fulgens,
1734 1298 1815 1341 peri-

1081 1337 1165 1373 culo,
1188 1338 1271 1378 quod
1292 1337 1372 1368 illud
1390 1338 1447 1368 tibi
1467 1339 1683 1387 portendebat,
1706 1345 1736 1371 te
1757 1341 1816 1372 eri-

1081 1380 1168 1420 puit;
1182 1379 1344 1410 exitiosum
1356 1381 1482 1411 Saturni
1493 1380 1580 1411 sidus
1595 1381 1735 1423 apposite
1747 1382 1816 1430 Jam

1081 1421 1195 1451 dicitur
1216 1423 1351 1460 impium,
1374 1421 1415 1452 im
1439 1421 1478 1453 iae
1501 1432 1612 1464 nempe
1634 1425 1761 1454 Saturni
1782 1423 1816 1454 in

1080 1462 1193 1492 liberos
1222 1463 1360 1500 saevitiae,
1393 1473 1411 1493 a
1434 1473 1533 1505 eoque
1561 1474 1665 1495 causae
1695 1475 1758 1506 qua
1785 1464 1816 1496 ei

1081 1504 1260 1535 adversetur
1273 1505 1371 1540 filius,
1395 1511 1538 1546 respectu
1559 1505 1678 1537 habito.
1723 1507 1816 1538 Cete-

1081 1555 1147 1575 rum
1168 1552 1267 1576 totum
1288 1546 1372 1576 hunc
1390 1546 1496 1577 locum
1513 1547 1668 1588 expressit
1689 1548 1816 1580 Persius

1083 1598 1113 1622 v,
1130 1589 1171 1618 45
1187 1598 1268 1628 sqq„
1287 1588 1356 1618 Non
1369 1589 1512 1628 ‘equidem
1532 1590 1584 1619 hoc
1604 1590 1732 1626 dubites,
1753 1601 1817 1621 am-

1084 1629 1186 1658 borum
1199 1631 1318 1670 foedere
1339 1637 1419 1660 certo
1443 1630 1614 1661 Consentire
1634 1632 1708 1668 dies,
1729 1638 1758 1662 et
1779 1633 1816 1662 ab

1084 1681 1145 1700 uno
1160 1672 1256 1701 sidere
1264 1672 1347 1701 duci.
1394 1671 1505 1702 Nostra
1519 1673 1564 1702 vel
1577 1674 1687 1712 aequali
1697 1683 1818 1714 suspen·

1086 1713 1131 1741 dit
1143 1718 1274 1751 tempora
1290 1713 1366 1743 libra
1382 1713 1478 1744 Parca
1490 1719 1579 1744 tenax
1594 1716 1668 1751 veri,
1683 1725 1734 1746 teu
1744 1721 1818 1746 nata

1076 1754 1223 1793 fidelibus
1236 1755 1308 1784 hora
1324 1755 1444 1785 Dividit
1459 1757 1491 1785 in
1514 1755 1651 1786 Geminos
1662 1759 1819 1788 concordia

1076 1796 1151 1837 fata
1163 1797 1289 1826 dum-um
1299 1807 1307 1825 .·
1324 1796 1526 1827 Saturnumve
1535 1797 1590 1839 (ut
1598 1797 1678 1828 bene
1686 1797 1819 1830 Mitsch.

1086 1847 1151 1877 pro,
1187 1836 1426 1878 Saturnumque)
1460 1849 1583 1878 gravem
1618 1846 1717 1875 nostro
1747 1840 1820 1871 Jove

1075 1879 1256 1920 frangimus
1271 1891 1344 1909 una.
1384 1880 1574 1920 Volucrisque
1589 1880 1659 1912 Fati
1674 1881 1818 1913 Tar-davit

1085 1921 1160 1957 alus,
1183 1926 1290 1951 ornate
1317 1931 1383 1962 pro,
1407 1922 1518 1952 Fatum
1545 1921 1637 1952 celeri
1663 1923 1767 1954 volatu
1790 1928 1820 1956 te

1088 1967 1195 2002 petens
1212 1962 1368 2002 repressit.
1415 1964 1516 1998 Quum
1534 1964 1660 2003 populus
1670 1964 1820 2006 frequens

1087 2004 1206 2034 Laetum
1229 2005 1352 2034 theatris
1367 2010 1413 2034 ter
1428 2007 1544 2044 crepuit
1558 2016 1678 2036 sonum:
1702 2007 1820 2048 publici

1087 2044 1173 2074 illius
1211 2045 1354 2086 plausus,
1391 2056 1453 2087 quo
1489 2047 1651 2077 Maecenas
1680 2057 1699 2078 a
1734 2049 1820 2089 gravi

1086 2087 1193 2116 morbo
1207 2092 1371 2124 recreatus,
1383 2098 1455 2118 cum
1468 2088 1600 2129 primum
1613 2088 1647 2118 in
1660 2088 1815 2121 theatrum

1089 2128 1264 2168 prodiisset,
1294 2139 1313 2159 a
1341 2129 1502 2170 frequente
1530 2130 1646 2178 populo
1670 2137 1821 2173 exceptus

1089 2176 1148 2205 est,
1161 2170 1302 2201 meminit
1313 2180 1438 2211 quoque
1452 2181 1523 2212 sup.
1535 2182 1558 2206 ι,
1575 2173 1630 2208 20,
1640 2172 1672 2203 3.
1716 2172 1744 2204 T
1742 2184 1822 2205 run-

1089 2222 1210 2248 cus,sc.
1223 2212 1355 2242 arboris:
1372 2212 1414 2243 cf.
1425 2223 1494 2254 sup.
1505 2212 1539 2250 ii,
1555 2214 1604 2244 13.
1649 2213 1821 2246 Smtulerat

1090 2263 1156 2294 pro,
1185 2253 1386 2292 sustulisset3
1417 2254 1462 2285 sic
1491 2254 1607 2295 passim
1633 2254 1822 2288 indicativus

1089 2295 1385 2336 plusquamperfecti
1400 2306 1455 2337 pro
1470 2295 1670 2338 conjunctivo
1684 2297 1718 2328 in
1733 2297 1821 2329 Lati-

1090 2346 1130 2366 na
1146 2337 1252 2377 lingua
1264 2337 1337 2378 poni
1347 2337 1437 2368 solet.
1483 2338 1627 2369 Faunus.-
1649 2338 1726 2369 villn
1738 2339 1822 2371 enim

1091 2378 1220 2414 Sabina,
1230 2378 1285 2408 ubi
1295 2379 1444 2410 Horatius
1454 2379 1611 2410 extinctus
1623 2390 1713 2421 paene
1722 2380 1822 2412 suerat

1090 2419 1206 2466 arboris
1223 2429 1296 2450 casu
1314 2420 1374 2460 (cf.
1391 2431 1462 2462 sup.
1479 2420 1514 2457 ii,
1532 2422 1584 2455 13,
1602 2421 1821 2470 10)‚inpecu-

1091 2461 1159 2492 llari
1184 2462 1284 2492 Fauni
1307 2463 1405 2493 tutela
1427 2463 1508 2494 suit:
1539 2462 1602 2494 vid.
1623 2473 1694 2505 sup.
1719 2474 1742 2499 ι,
1771 2466 1822 2496 17.

1096 2504 1235 2534 Virorum
1248 2504 1493 2540 Mercurialium,
1504 2511 1678 2546 poetarum3
1693 2506 1822 2538 Mercu·

1091 2545 1157 2576 rius
1171 2545 1253 2576 enim
1270 2557 1368 2576 curvae
1385 2547 1456 2587 lyrae.
1474 2557 1584 2586 parens
1597 2557 1669 2588 sup.
1683 2547 1705 2580 i,
1721 2548 1772 2584 lo,
1789 2550 1822 2580 6.

1093 2588 1247 2618 Humilem
1260 2600 1267 2617 .-
1291 2587 1426 2619 suaviter
1439 2599 1531 2628 agna,
1549 2588 1589 2618 ab
1603 2588 1778 2620 humilitate
1791 2595 1824 2621 et

1090 2629 1242 2701 Ξςημίῐαιε
1255 2629 1323 2671 ejus
1339 2629 1394 2672 qui
1415 2639 1483 2661 eam
1502 2629 1606 2665 offert,
1620 2630 1688 2671 ipsa
1701 2631 1823 2663 humilis

1115 2676 1215 2703 icitur.
