1884 3288
647 211 874 255 LIBER
912 211 972 263 11,
1010 213 1045 254 l.

1564 216 1620 258 77

426 309 690 372 Luciumque
711 315 935 365 Fortunae,
957 319 1233 371 gravesquff·

483 385 736 439 Principum
755 383 964 425 amicitias
985 390 1030 424 et
1051 398 1186 434 arma,

310 454 337 494 5
367 452 579 494 Nondum
599 451 786 507 expiatis
807 457 940 493 uncta
960 451 1207 502 cruoribus,

368 519 633 563 Periculosae
655 519 832 575 plenum
853 507 964 574 opus
986 517 1107 581 aleae,

423 588 626 644 Tramas,
649 595 692 630 et
713 587 879 630 incedis
901 602 980 643 per
1002 587 1125 642 ignes

482 657 745 713 Suppositos
767 656 901 698 cineri
923 654 1091 697 doloso.

365 723 567 766 Paullum
588 739 750 766 severae
774 723 907 766 Musa
926 723 1155 779 tragoediae

282 792 334 834 10
366 792 498 834 Desit
521 792 729 834 theatris:
762 807 878 842 mox,
901 792 978 834 ubi
1000 791 1201 847 publicas·

422 859 515 902 Res
538 860 768 910 ordinaris,
791 860 959 915 grande
981 873 1139 901 munus

481 929 696 984 Cecropio
718 936 892 984 repetes
915 927 1144 978 cothurno,

366 997 544 1053 Insigne
566 997 732 1039 moestis
754 996 1008 1053 praesidium
1029 997 1131 1047 reis,

366 1065 428 1107 Et
449 1064 708 1116 consulenti,
732 1064 888 1116 Pollio,
911 1066 1058 1115 curiae,

284 1134 335 1175 15

423 1133 508 1176 Cui
528 1133 676 1176 laurus
699 1142 887 1176 aeternos
908 1134 1099 1176 honores

481 1201 728 1244 Dalmatico
750 1202 923 1258 peperit
945 1201 1184 1257 triumpho.

364 1268 464 1310 Jam
486 1285 600 1312 nunc
621 1271 777 1312 minaci
799 1285 1018 1312 murmure
1040 1285 1250 1312 cornuum

368 1335 634 1392 Perstringis
656 1352 808 1378 aures:
835 1338 926 1392 jam
946 1337 1043 1378 litui
1065 1344 1287 1392 strepunt:

419 1402 519 1444 Jam
541 1402 686 1460 fulgor
707 1419 924 1446 armorum
946 1404 1126 1459 fugaces

277 1471 334 1512 20

42 1618 43 1622 ,
76 1593 208 1627 fortunae
222 1593 468 1627 vicissitudines.
515 1595 643 1632 Graves,
659 1595 824 1628 exitiosas.

81 1637 195 1673 Uncto,
210 1637 246 1669 h.
264 1647 293 1669 e.
308 1637 442 1680 polluta,
458 1642 494 1669 ut
514 1638 574 1670 inf.
595 1639 699 1682 Epod.
714 1641 747 1675 5,
776 1640 824 1675 19,

79 1679 144 1712 Ora
161 1682 262 1721 turpis
273 1692 358 1717 ranae
369 1683 518 1723 sunguine
530 1688 636 1713 uncta.
681 1681 827 1712 Nondum

75 1725 204 1765 expiatis
214 1725 393 1761 cruoribus3
410 1730 590 1766 perpetrata
601 1724 686 1756 enim
701 1725 734 1755 in
743 1724 828 1756 bello

77 1765 166 1802 civili
180 1765 297 1798 civium
313 1767 418 1799 caedes
433 1768 474 1798 ad
487 1767 630 1808 graviora
644 1773 676 1798 et
691 1766 828 1809 piaculis

75 1809 236 1853 expianda
257 1809 450 1842 referebatur
471 1810 612 1850 scelera;
636 1810 710 1842 hinc
735 1820 830 1853 supra

78 1852 158 1884 Hor.
173 1852 214 1884 de
227 1852 322 1884 bellis
337 1853 487 1885 civilibus
501 1853 524 1889 i¹
541 1854 574 1890 2,
591 1855 647 1889 29,
666 1854 726 1884 Cui
741 1855 828 1884 dabit

74 1901 180 1938 partes
201 1897 298 1927 scelus
317 1897 462 1938 expiandi
479 1896 625 1936 Jupiter?
649 1896 830 1927 Periculosae

101 1939 203 1970 lenum
224 1949 298 1979 opus
314 1940 386 1971 πίω
407 1939 584 1982 explicant,
605 1949 686 1981 opus
705 1940 829 1981 pericn-

92 1980 284 2018 osiszzimum.
299 1992 364 2014 rem
384 1992 534 2024 magnam
555 1987 588 2013 et
609 1982 738 2013 arduam
761 1993 827 2013 mo-

25 2055 27 2057 ,
77 2022 166 2066 liris;
187 2023 338 2074 equidem
355 2035 410 2068 per
428 2036 503 2065 opus
516 2026 638 2065 plenum
654 2026 827 2065 periculosae

11 2105 25 2113 ,V
77 2069 151 2100 alec
169 2067 357 2110 simpliciter
369 2068 572 2116 designatum
593 2078 661 2099 esse
676 2074 752 2110 puto
766 2070 827 2099 bel-

80 2110 146 2143 lum
158 2112 260 2147 civile,
276 2110 353 2153 quia
365 2110 398 2142 in
420 2122 469 2148 eo,
485 2111 569 2142 sicut
584 2110 617 2142 in
634 2111 714 2149 alea,
731 2111 828 2153 pluri-

79 2163 134 2185 ma.
155 2163 176 2186 a
195 2153 328 2186 fortunae
350 2154 455 2186 favore
477 2153 634 2196 pendent;
656 2159 688 2185 et
711 2154 757 2186 sic
779 2157 829 2185 in-

79 2197 184 2228 cedere
197 2207 252 2238 per
266 2199 352 2239 ignes
366 2199 532 2237 suppositos
547 2199 644 2228 cineri
654 2198 750 2228 doloso
761 2197 830 2236 erit,

79 2239 198 2278 versari
223 2240 257 2272 in
287 2239 497 2272 describendo
530 2240 615 2271 bello
644 2239 743 2276 civili,
776 2240 829 2271 ubi

80 2280 246 2326 inopinata
277 2283 363 2314 mala
392 2290 425 2315 et
451 2283 604 2332 pericula,
637 2282 720 2314 sicut
746 2283 831 2324 ignis

80 2324 181 2362 cineri
205 2325 315 2358 doloso
337 2331 533 2369 suppositus,
557 2325 662 2357 subito
688 2337 830 2368 prorum-

80 2374 180 2413 punt;
196 2369 357 2412 eleganter
367 2375 472 2401 autem
482 2370 559 2400 cinis
570 2369 688 2401 dicitur
699 2371 829 2406 dolosus,

5 2422 45 2464 vg,-
81 2411 142 2449 mb
155 2422 220 2455 quo
234 2411 317 2455 ignis
331 2411 439 2445 dolose
454 2412 546 2454 quasi
558 2413 649 2444 latet.

124 2455 246 2488 9—16.
268 2455 420 2487 Paullum
437 2467 543 2487 severae
561 2456 654 2487 Musa
675 2457 832 2497 tragoediae

32 2511 34 2515 ’
82 2497 172 2532 Desit
200 2499 350 2530 thaatris:
377 2498 470 2530 sileat
497 2498 618 2530 interea
644 2498 745 2530 Musa
773 2504 830 2529 tua

3 2542 51 2579 '³513'
79 2541 216 2584 mica,
231 2547 333 2574 cesset
352 2547 384 2574 et
403 2540 631 2573 intermittatur
648 2541 828 2584 paululum,

82 2593 148 2628 quo
162 2584 326 2626 tragoediis
345 2583 522 2616 scribendis
537 2583 578 2616 de
597 2583 728 2616 theatris
742 2595 830 2625 egre-

22 2628 54 2669 ᾗ,
81 2626 135 2669 ssie
152 2637 264 2664 meres,
279 2627 432 2660 studium.
480 2627 541 2658 Ubi
561 2638 607 2658 res
627 2629 764 2668 publicas
779 2639 829 2658 ‹rr-

19 2670 55 2691 T'*
81 2670 213 2708 dimi-is.
231 2670 284 2702 ubi
299 2680 360 2707 res.
376 2681 448 2713 quae
463 2669 503 2701 ad
519 2670 605 2702 bella
621 2669 730 2702 civilia
742 2681 831 2712 spec-

82 2712 164 2795 Εἰ,
176 2713 356 2756 digesseris,
371 2719 404 2745 et
417 2723 525 2745 earum
542 2723 657 2744 nexum
670 2724 708 2744 ex
725 2714 834 2745 ordine

159 2755 304 2800 ripseris;
332 2756 382 2788 vel
406 2756 447 2788 ad
469 2756 658 2798 exquisitius
681 2756 833 2798 loquendi

19 2798 47 2836 “j
81 2808 196 2844 aaut,
217 2805 387 2843 postquam
413 2799 642 2841 rempublicam
666 2809 832 2842 composu-

83 2841 158 2880 eris,
181 2842 216 2874 b.
245 2853 274 2874 e.
298 2849 466 2885 postquam
490 2841 652 2874 historiam
675 2847 764 2873 tuam
788 2842 829 2874 ad

17 2895 29 2925 g·
82 2882 142 2922 illa
155 2895 256 2928 usque
270 2891 411 2928 tempora
426 2885 622 2928 produxeris,
634 2885 750 2928 quibus
765 2895 828 2917 res-

0 2928 40 2969 ῗζ,
84 2925 216 2972 pubjiea
236 2933 285 2960 est
305 2929 493 2971 composita.
539 2929 656 2960 Facere
677 2928 761 2959 enim
784 2928 832 2960 di-

84 2975 202 3010 §untur
230 2976 332 3014 poetae
361 2978 395 3004 et
423 2971 624 3003 historiarum
655 2971 833 3014 scriptores,

84 3013 170 3057 quod
182 3013 378 3047 describunt.
422 3015 551 3047 Grande
566 3026 678 3046 munus
692 3014 835 3056 Cecropio

479 1471 640 1514 Terret
660 1487 796 1527 equos
819 1473 1103 1528 equitumque
1125 1472 1288 1514 vultus.

868 1602 981 1636 repetes
1002 1598 1162 1632 cothurno,
1186 1595 1296 1638 tragici
1326 1601 1426 1638 poetae
1450 1602 1556 1639 partes
1581 1597 1621 1628 de

870 1639 992 1680 integro
1006 1639 1196 1670 sustinebis:
1221 1645 1354 1679 repetere
1365 1642 1486 1681 grande
1497 1652 1620 1676 munus,

870 1682 910 1713 ad
927 1692 1022 1723 grave
1042 1682 1215 1722 tragoedias
1230 1682 1388 1714 scribendi
1407 1682 1548 1714 studium
1570 1693 1620 1713 re-

871 1725 949 1760 dire,
961 1725 1308 1765 Cecropio—cothurno,
1321 1725 1515 1761 sublimiore,
1527 1736 1621 1767 quem

871 1767 954 1799 illud
974 1768 1085 1808 exigit,
1100 1767 1224 1810 spiritu.
1272 1768 1446 1808 Cecropius,
1468 1768 1621 1807 Atticus;

872 1810 1002 1842 fuerunt
1028 1817 1134 1842 autem
1171 1809 1360 1841 nobilissimi
1395 1810 1622 1852 tragoediarum

871 1854 1040 1896 scriptores
1065 1852 1165 1884 Attici
1186 1853 1252 1884 sive
1275 1854 1499 1888 Athenienses,
1519 1854 1622 1885 Thes·

872 1896 934 1938 pis,
980 1896 1166 1938 SophocleS,
1212 1896 1402 1939 AEschylus,
1441 1895 1623 1939 Euripides.

876 1940 1064 1976 cothurnus,
1080 1940 1208 1970 calceus
1217 1939 1321 1975 altior.
1334 1950 1398 1981 quo
1411 1939 1444 1970 ih
1457 1939 1625 1980 tragoediis

872 1982 1054 2018 utebantur,
1071 1992 1125 2024 pro
1140 1982 1209 2024 ipsa
1223 1982 1392 2023 tragoedia,
1410 1982 1459 2014 vel
1476 1982 1624 2013 sublimi-

871 2035 923 2057 ore
948 2025 1108 2063 scribendi
1131 2035 1257 2066 genere,
1286 2025 1332 2056 uti
1356 2036 1469 2060 soccus,
1495 2025 1624 2058 calceus

873 2068 1033 2103 humilior.
1074 2078 1129 2110 pro
1166 2068 1337 2104 comoedia,
1374 2068 1423 2100 vel
1455 2068 1624 2101 humiliore

872 2111 1032 2143 scribendi
1054 2121 1192 2153 genere:
1217 2111 1275 2152 inf.
1299 2111 1330 2142 in
1360 2111 1467 2154 Epist.
1490 2111 1528 2142 ad
1556 2112 1626 2144 Pis.

873 2157 1012 2185 carmina
1034 2165 1125 2194 prope
1146 2165 1225 2185 socco
1247 2156 1356 2196 digna,
1379 2160 1412 2186 et
1438 2165 1468 2186 v.
1493 2155 1558 2186 280
1584 2156 1625 2187 de

875 2197 1044 2239 AEschylo,
1083 2198 1123 2228 Et
1152 2199 1256 2229 docuit
1290 2209 1493 2239 magnumque
1531 2199 1624 2239 loqui,

873 2242 992 2281 nitique
1005 2242 1164 2272 cothurno.
1210 2241 1253 2272 Et
1268 2240 1343 2272 hinc
1360 2240 1528 2281 Virgilius,
1550 2241 1625 2273 Ecl.

874 2294 905 2319 x,
922 2285 954 2318 8,
971 2284 1150 2315 Pollionem
1166 2283 1318 2326 Sophocli
1332 2284 1544 2326 aequiparanS.
1555 2284 1626 2326 ejus

872 2328 1011 2358 carmina
1025 2328 1088 2360 sola
1106 2327 1263 2367 Sophocleo
1278 2328 1428 2358 cothurno
1443 2329 1539 2369 digna
1556 2338 1626 2360 esse

874 2369 929 2400 ait.
988 2369 1114 2411 Insigne
1147 2372 1418 2410 moestr's-peperit
1457 2371 1625 2410 triumpho,

875 2423 932 2454 pro
947 2412 1083 2454 vulgari,
1099 2424 1117 2444 ο
1134 2413 1253 2450 Pollio,
1269 2413 1316 2444 vir
1337 2413 1572 2445 consultissime
1595 2419 1627 2445 et

876 2455 1075 2487 victoriarum
1093 2455 1195 2497 gloria
1213 2455 1402 2488 clarissime.
1450 2456 1628 2488 consulenti

873 2501 979 2536 curiit,
1000 2499 1124 2531 senatui
1145 2499 1185 2530 de
1205 2500 1300 2531 rebus
1323 2499 1521 2541 gravioribus
1545 2499 1626 2531 deli·

873 2542 1010 2573 beranti.
1058 2543 1235 2574 Dalmatico
1265 2544 1432 2583 triumpho,
1460 2543 1564 2574 Pollio
1587 2544 1628 2575 de

874 2585 1045 2617 Parthenis
1060 2585 1196 2628 proprie,
1220 2586 1339 2628 populo
1358 2585 1502 2628 Illyrico,
1519 2592 1629 2618 contra

874 2638 954 2670 quos
968 2629 1085 2660 missus
1099 2629 1201 2660 suerat
1211 2629 1252 2660 ab
1265 2629 1420 2667 Antonio,
1432 2628 1629 2671 triumphum

876 2671 953 2713 egit.
1000 2672 1064 2703 Dio
1089 2671 1189 2707 xlviii.
1210 2673 1271 2710 41;
1297 2672 1440 2714 Appian.
1462 2672 1502 2704 de
1525 2673 1566 2703 B.
1590 2673 1630 2704 C.

877 2725 908 2750 v.
939 2716 994 2750 75.
1025 2726 1055 2756 p.
1091 2716 1183 2753 1135,
1214 2714 1268 2757 qni
1296 2715 1426 2758 quidem
1450 2715 1630 2758 triumphus

874 2757 1149 2790 honorificentiore
1179 2758 1307 2790 nomine
1333 2758 1439 2790 dictus
1470 2764 1519 2790 est
1547 2759 1629 2790 Dal-

876 2802 1028 2832 maticus.

919 2844 1058 2875 17-24.
1082 2843 1234 2886 Sequitur
1253 2843 1343 2876 locus
1364 2842 1458 2885 longe
1479 2843 1630 2886 pulcher-

872 2886 983 2918 rimus.
1027 2888 1101 2919 Jam
1133 2897 1220 2919 nunc
1251 2886 1354 2918 oculis
1383 2887 1452 2918 suis
1484 2887 1630 2928 subjecta

876 2940 946 2961 esse
961 2929 1006 2961 ait
1020 2936 1125 2972 poeta,
1141 2940 1212 2972 quae
1230 2929 1336 2962 Pollio
1348 2941 1404 2972 pro
1418 2929 1548 2970 insigni,
1565 2939 1629 2970 qua

877 2973 1007 3015 polleat,
1039 2974 1167 3005 dicendi
1198 2979 1265 3004 arte
1297 2973 1541 3004 adumbraturus
1578 2971 1630 3002 sit.

878 3015 1003 3048 Tribuit
1028 3015 1123 3058 igitur
1145 3015 1175 3048 ei
1200 3015 1340 3052 laudem,
1363 3015 1395 3046 in
1418 3025 1482 3057 qua
1506 3024 1630 3046 summa
