1884 3288
662 217 887 262 LIBER
921 217 1002 268 IV,
1036 219 1076 260 5.

1557 220 1643 262 213

684 419 962 463 CARMEN
995 419 1053 462 V.

575 562 660 594 AD
720 553 1160 593 AUGUSTUM.

385 660 522 702 D1v1s
544 666 640 702 orte
661 660 806 711 bonis,
828 659 991 715 optime
1015 657 1217 702 Romulae

384 729 546 771 Custos
566 729 723 784 gentiS,
746 729 852 770 abes
868 728 958 783 jam
980 727 1158 769 nimium
1180 726 1255 768 diu
1274 743 1282 768 :

384 797 612 840 Maturum
635 797 823 839 reditum
844 795 1067 852 pollicitus
1090 795 1274 837 Patrum

791 866 954 908 Sancto
976 863 1174 914 concilio,
1198 863 1306 905 redi.

328 935 356 977 5
388 934 554 977 Lucem
577 934 715 976 redde
738 940 840 984 tuae,
864 933 974 975 Dux
994 934 1125 982 bone,
1148 932 1325 988 patriae:

383 1003 528 1046 Instar
549 1003 680 1045 Veris
702 1002 815 1044 enim
838 1001 983 1044 vultus
1008 1002 1082 1043 ubi
1104 1008 1207 1043 tuus

385 1071 599 1122 Adfulsit,
621 1069 786 1127 populo
809 1071 974 1126 gratior
995 1070 1028 1111 it
1051 1070 1160 1119 dies,

790 1138 852 1180 Et
874 1138 986 1181 soles
1007 1137 1162 1180 melius
1184 1138 1337 1179 nitent.

385 1208 450 1251 Ut
469 1215 608 1251 mater
623 1209 844 1264 juvenem,
867 1222 998 1262 quem
1019 1206 1168 1248 Notus
1191 1205 1338 1248 invido

300 1278 353 1320 10
382 1276 514 1319 Flatu
536 1276 763 1332 Carpathii
785 1283 906 1318 trans
928 1275 1057 1317 maris
1080 1289 1260 1330 aequora

93 1389 171 1434 fingi
201 1400 221 1422 a
248 1395 343 1433 poeta
374 1389 478 1433 potuit
513 1386 711 1432 splendidius
750 1392 847 1428 atque

93 1433 362 1484 magnificentius.
410 1433 500 1464 Curae
521 1443 654 1473 sagaces,
674 1429 795 1472 ingenii
814 1429 847 1460 in

94 1476 259 1520 capiendis
283 1475 428 1509 consiliis
453 1474 622 1517 sagacitas.
670 1475 731 1505 Per
754 1479 847 1505 acuta

95 1521 180 1559 belli,
194 1523 250 1564 pei·
263 1530 314 1558 ea,
336 1531 410 1562 quae
433 1519 467 1550 in
490 1518 576 1550 bello
599 1517 775 1560 periculum
801 1516 848 1547 in-

95 1563 253 1604 tendunt3
282 1570 376 1595 acuta
403 1562 472 1604 jam
501 1561 620 1598 omnia,
651 1571 723 1603 quae
755 1559 847 1591 nobis

95 1607 273 1651 perniciosa
293 1606 360 1638 fieri
381 1610 525 1648 possunt,
547 1604 715 1645 designare
736 1603 846 1634 videu-

96 1657 160 1683 tur.
217 1649 272 1682 Sic
302 1649 366 1682 fere
394 1659 504 1691 pugna
536 1658 655 1690 anceps
688 1653 720 1678 et
753 1646 849 1678 dubia

97 1693 222 1727 Graecis
237 1693 315 1731 ὀξὺς
325 1691 424 1736 ἀγὼν
433 1690 562 1723 dicitur.
601 1691 653 1722 Cl.
663 1690 796 1721 Mitsch.
809 1688 850 1720 ad

97 1737 181 1771 hanc
205 1735 357 1780 loquendi
379 1734 533 1767 rationem
558 1734 650 1765 refert
673 1732 712 1765 δι’
737 1733 849 1770 ὀξείας

96 1779 252 1825 δραμεῖν,
264 1779 400 1812 ἐπὶτῶν
412 1776 752 1812 διακινδυνευόντων,
763 1776 849 1818 quod

96 1823 297 1867 proverbium
312 1828 362 1855 est
379 1821 467 1864 apud
484 1821 604 1853 Zenob.
622 1821 716 1852 Cent.
731 1818 778 1857 iii,
796 1819 847 1855 13,

96 1873 131 1900 et
159 1867 218 1900 ἐπὶ
247 1867 349 1910 ξυροῦ
383 1866 482 1902 εἶναι,
514 1863 600 1907 apud
630 1862 848 1900 Theocritum,

98 1910 177 1948 xxii,
192 1911 224 1943 6.

338 1993 543 2027 CARMEN
570 1993 614 2025 V.

143 2038 230 2071 Cum
245 2037 388 2081 Augusti
403 2036 522 2081 reditus
542 2041 612 2078 post
630 2035 759 2076 longam
780 2033 850 2076 ejus

99 2082 278 2115 absentiam
309 2081 394 2125 (vid.
424 2091 497 2123 sup.
528 2089 652 2120 argum.
682 2078 721 2109 ad
755 2077 851 2120 hujus

98 2125 171 2158 libri
193 2135 292 2157 carm.
319 2123 471 2164 secund.)
491 2122 695 2165 cupidissime
719 2121 759 2152 ab
782 2131 850 2151 om-

99 2168 194 2200 nibus
218 2169 333 2200 Rornae
355 2171 614 2210 exspectaretur3
638 2165 794 2196 Horatius
817 2163 849 2195 iu

98 2211 159 2244 hoc
183 2211 326 2244 carmine
347 2210 434 2254 pium
459 2209 554 2245 illud,
579 2219 642 2250 quo
667 2209 850 2249 Augustum

99 2265 195 2287 suum
209 2254 397 2297 efflagitaret
416 2252 555 2296 populus
579 2252 760 2287 Romanus,
784 2256 848 2282 tam

99 2298 188 2331 molli
208 2297 308 2330 animi
330 2297 448 2330 affectu
469 2295 624 2339 expressit
645 2293 847 2330 desiderium,

97 2347 135 2374 ut
149 2341 236 2375 haud
246 2341 358 2380 sciam,
373 2351 413 2372 an
427 2340 529 2372 ullum
542 2348 672 2371 carmen
683 2337 848 2374 cecinerit,

97 2385 184 2428 quod
207 2384 358 2426 Augusto
380 2382 523 2419 suavius,
547 2381 688 2417 dulcius,
704 2387 736 2413 et
751 2391 847 2424 exop-

98 2427 196 2461 tatius
216 2427 363 2475 accidere
384 2430 502 2471 posset.
547 2426 623 2457 Non
644 2424 728 2456 enim
746 2424 778 2455 in
794 2424 848 2456 de-

100 2470 220 2510 siderii,
233 2470 432 2504 suavissimis
445 2468 641 2511 imaginibus
659 2467 849 2504 adumbrati,

98 2514 311 2558 descriptione
337 2512 511 2557 acquievit,
543 2512 600 2544 sed
633 2510 704 2553 ejus
737 2521 851 2542 causas

99 2567 228 2602 quoque
243 2557 483 2590 honestissimas
501 2555 581 2587 scite
599 2553 735 2597 aperuit.
781 2555 850 2585 Ro-

51 2630 54 2636 .
98 2610 211 2634 manos
226 2611 340 2644 nempe
353 2602 436 2632 bene
459 2599 576 2631 sentire
591 2598 648 2636 ait,
663 2598 850 2639 Augustum

97 2654 180 2682 me.
207 2644 261 2677 cui
286 2654 455 2680 summam,
485 2652 550 2685 qua
581 2651 668 2672 nunc
693 2641 849 2678 fruantur,

46 2723 48 2726 ,
71 2705 74 2706 ’
99 2686 286 2722 felicitatem
312 2686 461 2723 debeant,
490 2686 635 2727 adeoque
661 2689 752 2715 tanta
775 2694 852 2725 erga

43 2752 47 2755 <
71 2756 82 2768 ,,.
99 2729 194 2763 illum
211 2731 330 2775 pietate
347 2730 496 2774 impletos
517 2738 600 2764 esse,
627 2732 664 2758 ut
684 2737 759 2759 eum
781 2731 850 2758 tan-

100 2783 198 2817 qntm
227 2774 336 2806 Deum
369 2773 553 2805 Tutelarem
588 2770 699 2802 divino
734 2770 851 2802 honore

50 2845 55 2852 .
100 2822 347 2868 Quantum
362 2822 395 2849 et
409 2816 443 2848 in
457 2815 528 2866 ejus
542 2813 762 2846 incolumitate
781 2813 852 2845 feli-

42 2854 59 2907 ’.ἶ
99 2861 207 2895 oium
234 2871 303 2893 suoe
331 2860 587 2893 incolumitatem
611 2862 746 2900 ponant.
794 2857 853 2888 Est

54 2943 59 2947 ,
98 2907 211 2937 subm
238 2903 301 2936 hoc
330 2914 459 2936 carmen
485 2902 532 2934 ita
555 2906 786 2944 comparatum.
817 2905 853 2931 ut

54 2949 59 2952 ’
102 2946 264 2981 minem
287 2946 382 2980 facile
406 2945 557 2990 reperias,
580 2944 635 2987 qui
655 2942 852 2974 mollissimis

105 2988 177 3032 eim
202 2989 369 3024 sententiis
393 2994 426 3022 et
455 2988 606 3025 numeris,
639 2986 758 3030 placidi
794 2986 854 3018 rivi

46 3050 50 3071 3
105 3031 204 3066 inam
211 3032 398 3066 dulcissimo
410 3043 487 3066 sono
497 3030 747 3068 decurrentibus,
759 3040 852 3062 sensu

893 1395 956 1416 non
987 1385 1198 1427 perfundatur
1234 1391 1331 1428 atque
1362 1384 1544 1418 deleniatur
1573 1397 1646 1419 sua·

891 1428 1040 1459 vissimo!

940 1473 1035 1503 1—4.
1061 1471 1151 1502 Divis
1165 1477 1229 1503 orte
1243 1473 1339 1503 bonis.
1370 1473 1464 1510 Sunt,
1478 1473 1533 1515 qui
1543 1473 1646 1516 expli·

893 1520 980 1551 cent,
1006 1520 1028 1534 “
1045 1515 1074 1546 O
1092 1520 1140 1552 tu,
1159 1515 1214 1557 qui
1229 1514 1374 1558 propitiis
1389 1515 1450 1548 diis
1465 1517 1514 1548 vel
1531 1526 1647 1549 secun-

891 1558 940 1589 dis
955 1558 1084 1590 deorum
1103 1558 1256 1601 auspiciis
1273 1564 1369 1590 natus
1383 1569 1417 1591 es
1430 1558 1464 1599 ;'’
1489 1559 1597 1591 allatis
1612 1560 1646 1593 in

891 1602 974 1633 hanc
1004 1602 1248 1644 explicationem
1279 1601 1319 1632 iis
1349 1613 1422 1645 quae
1447 1613 1519 1646 sup.
1546 1603 1588 1640 iv,
1613 1605 1646 1642 2,

893 1646 934 1676 37
954 1644 994 1676 de
1015 1647 1165 1685 Augusto
1180 1645 1343 1682 dicuntur,
1363 1646 1431 1681 Quo
1449 1647 1530 1678 nihil
1547 1649 1648 1687 majus

893 1689 1035 1719 meliusve
1074 1690 1166 1719 terris
1206 1689 1286 1719 Fata
1324 1690 1485 1725 donavere,
1521 1691 1647 1730 bonique

896 1731 984 1762 Divi.
1030 1730 1093 1762 Sed
1120 1742 1194 1763 cum
1220 1738 1306 1762 ortus
1333 1732 1438 1772 aliquo
1459 1732 1585 1764 dicatur
1608 1733 1647 1772 is,

894 1774 949 1815 qui
972 1773 1023 1805 vel
1046 1779 1141 1805 natus
1163 1779 1212 1805 est
1233 1785 1267 1805 ex
1289 1773 1399 1816 aliquo
1421 1775 1471 1806 vel
1492 1774 1646 1817 originem

895 1827 984 1848 suam
1007 1818 1045 1848 ab
1067 1817 1175 1859 aliquo
1198 1817 1324 1860 repetit,
1348 1823 1383 1849 ut
1406 1828 1507 1850 carm.
1526 1829 1599 1861 sqq.
1617 1830 1647 1851 v.

894 1861 949 1896 32,
965 1862 1054 1901 pueri
1074 1861 1167 1892 claris
1184 1862 1364 1901 parentibus
1383 1863 1456 1897 orti,
1473 1866 1506 1893 et
1525 1873 1596 1905 sup.
1612 1862 1647 1900 ii·;

896 1904 946 1940 12,
984 1905 1038 1942 50,
1075 1903 1204 1944 Jupiter
1241 1905 1376 1935 Saturno
1414 1911 1511 1942 ortus,
1549 1906 1647 1938 Ovid.

893 1946 1024 1979 Heroid.
1054 1958 1107 1983 xx,
1139 1948 1216 1985 224,
1255 1949 1498 1988 nec—despectis
1529 1960 1648 1990 arguor

892 1997 978 2021 ortus
1014 1991 1099 2027 avis,·
1143 1989 1197 2021 vix
1233 1990 1372 2022 dubitari
1408 1996 1524 2033 potest,
1566 1992 1647 2034 quin

895 2033 986 2065 Divis
1007 2040 1072 2065 orte
1097 2035 1179 2064 bonis
1202 2033 1270 2076 jam
1294 2034 1349 2070 sit,
1372 2045 1391 2066 o
1415 2040 1449 2066 tu
1473 2034 1528 2076 qui
1551 2034 1646 2077 origi-

896 2087 967 2108 nem
984 2077 1077 2108 ducis
1092 2087 1110 2108 a
1125 2076 1188 2108 diis
1204 2077 1292 2118 genti
1315 2077 1475 2109 Romauae
1494 2077 1648 2121 propitiis.

895 2121 967 2152 Jam
984 2130 1058 2152 vero
1081 2131 1152 2152 cum
1178 2120 1345 2162 Augustus
1367 2131 1422 2163 per
1441 2120 1645 2164 adoptionem

895 2163 926 2194 in
954 2168 1081 2204 gentem
1105 2163 1229 2196 Juliam
1255 2163 1447 2202 transiisset,
1469 2170 1554 2196 recte
1575 2165 1647 2208 ejus

895 2217 995 2248 genus
1026 2217 1043 2238 a
1074 2206 1168 2238 Divis
1197 2207 1296 2250 repeti
1330 2213 1464 2250 poterat.
1526 2209 1646 2246 custos,

895 2251 987 2282 Deus
1010 2250 1181 2285 Tutelaris,
1205 2256 1240 2281 ut
1260 2261 1332 2293 sup.
1355 2251 1378 2287 i.
1399 2252 1454 2287 28.
1477 2251 1532 2288 29,
1555 2253 1644 2295 Nep-

894 2298 992 2325 tunus
1008 2301 1107 2325 custos
1126 2293 1265 2325 Tarenti.
1311 2294 1462 2330 Romulae.
1479 2305 1549 2337 pro,
1575 2295 1644 2327 Ro-

894 2337 1020 2372 muleae,
1040 2343 1074 2368 ut
1090 2337 1149 2368 inf.
1167 2337 1276 2368 Carm.
1295 2337 1416 2369 Saecul.
1433 2338 1486 2374 47,
1505 2344 1538 2370 et
1554 2339 1646 2381 Virg.

897 2381 977 2412 AEn.
993 2380 1037 2418 vi,
1055 2381 1131 2412 877.
1177 2380 1250 2411 Jam
1271 2382 1399 2412 nimium
1419 2382 1488 2417 diu,
1512 2382 1645 2424 Augus-

895 2428 945 2454 tus
966 2423 1051 2455 enim
1075 2434 1163 2459 cum,
1185 2423 1370 2465 Sygambris
1392 2424 1574 2463 debellatis,
1596 2436 1645 2458 re-

894 2467 954 2498 bus
975 2477 1102 2509 quoque
1118 2467 1151 2498 in
1169 2466 1327 2509 Hispania
1341 2472 1374 2498 et
1390 2467 1501 2500 Gallia
1516 2478 1645 2511 compo-

895 2511 1008 2542 nendis
1029 2520 1157 2553 operam
1180 2509 1280 2547 daret,
1303 2511 1373 2542 tres
1385 2511 1484 2543 ferme
1506 2511 1648 2554 integros

895 2563 997 2584 annos
1008 2553 1076 2595 jam
1093 2554 1199 2585 Roma
1212 2553 1334 2585 abfuit:
1359 2553 1423 2585 vid.
1437 2565 1509 2597 sup.
1524 2565 1647 2597 argum.

896 2596 935 2627 ad
953 2596 994 2635 iv,
1010 2598 1042 2628 2.
1091 2597 1254 2628 Pollicitus
1281 2597 1415 2628 Parrum
1437 2597 1550 2630 Sancto
1573 2611 1645 2631 con-

895 2641 966 2671 cilio
976 2652 988 2678 ,-
1013 2640 1046 2671 in
1069 2640 1189 2671 Senatu
1204 2639 1312 2681 igitur,
1328 2645 1500 2683 antequam
1515 2642 1556 2673 ab
1572 2643 1647 2675 urbe

896 2682 1143 2726 proficisceretur
1157 2689 1346 2720 convocato,
1361 2695 1450 2727 spem
1467 2685 1648 2718 maturioris

897 2726 1017 2758 reditus
1047 2725 1159 2758 fecisse
1188 2726 1330 2758 videtur:
1365 2734 1469 2759 sancto
1498 2728 1579 2760 refer
1606 2729 1647 2761 ad

894 2769 1108 2802 venerabilem
1124 2775 1307 2802 senatorum
1323 2769 1524 2812 dignitatem.
1547 2772 1647 2804 Redi:

895 2812 928 2845 in
947 2823 1010 2845 una
1030 2813 1090 2844 hac
1107 2823 1186 2845 voce
1205 2813 1302 2845 cardo
1320 2814 1411 2855 quasi
1432 2814 1531 2847 totius
1549 2815 1647 2858 hujus

895 2856 1047 2888 carminis
1060 2856 1203 2888 vertitur.

938 2901 1036 2931 5-8,
1062 2900 1175 2932 Lucem
1203 2902 1295 2932 redde
1324 2906 1383 2932 111ae
1409 2901 1532 2941 patriae.
1560 2901 1594 2933 h,
1617 2911 1645 2932 e.

896 2943 1013 2975 civium
1030 2948 1156 2974 tuorum
1180 2943 1221 2975 de
1242 2943 1387 2975 absentia
1408 2949 1464 2975 tua
1487 2943 1646 2975 tristitiam

898 2985 1017 3018 reditus
1032 2992 1119 3025 tum,
1133 2986 1222 3019 velut
1235 2987 1282 3018 sol
1304 2987 1462 3021 tenebras,
1478 2986 1626 3028 dispellat
1640 2998 1647 3024 3

900 3040 956 3072 pro
975 3030 1110 3071 vulgari,
1131 3030 1203 3062 veui
1223 3036 1254 3062 et
1272 3029 1358 3061 cives
1378 3036 1458 3066 tuos,
1469 3029 1512 3065 ‚de
1533 3030 1647 3061 absen-
