<?xml version="1.0" encoding="UTF-8"?>
<!DOCTYPE html PUBLIC "-//W3C//DTD XHTML 1.0 Transitional//EN"
    "http://www.w3.org/TR/xhtml1/DTD/xhtml1-transitional.dtd">
<html xmlns="http://www.w3.org/1999/xhtml" xml:lang="en" lang="en">
 <head>
  <title>
</title>
<meta http-equiv="Content-Type" content="text/html;charset=utf-8" />
  <meta name='ocr-system' content='tesseract 3.04.00' />
  <meta name='ocr-capabilities' content='ocr_page ocr_carea ocr_par ocr_line ocrx_word'/>
</head>
<body>
  <div class='ocr_page' id='page_1' title='image "./operahorac00horauoft_0058.png"; bbox 0 0 1884 3288; ppageno 0'>
   <div class='ocr_carea' id='block_1_1' title="bbox 298 210 347 250">
    <p class='ocr_par' dir='ltr' id='par_1_1' title="bbox 298 210 347 250">
     <span class='ocr_line' id='line_1_1' title="bbox 298 210 347 250; baseline 0 0"><span class='ocrx_word' id='word_1_1' title='bbox 298 210 347 250; x_wconf 94' lang='lat'><strong>18</strong></span> 
     </span>
    </p>
   </div>
   <div class='ocr_carea' id='block_1_2' title="bbox 405 308 930 365">
    <p class='ocr_par' dir='ltr' id='par_1_2' title="bbox 405 308 930 365">
     <span class='ocr_line' id='line_1_2' title="bbox 405 308 930 365; baseline 0.006 -15"><span class='ocrx_word' id='word_1_2' title='bbox 405 308 641 365; x_wconf 83' lang='lat' dir='ltr'><strong>Temperat</strong></span> <span class='ocrx_word' id='word_1_3' title='bbox 660 325 735 352; x_wconf 87' lang='lat' dir='ltr'><strong>ora</strong></span> <span class='ocrx_word' id='word_1_4' title='bbox 754 311 930 353; x_wconf 74' lang='lat' dir='ltr'><strong>fraenis?</strong></span> 
     </span>
    </p>
   </div>
   <div class='ocr_carea' id='block_1_3' title="bbox 847 211 1244 255">
    <p class='ocr_par' dir='ltr' id='par_1_3' title="bbox 847 211 1244 255">
     <span class='ocr_line' id='line_1_3' title="bbox 847 211 1244 255; baseline 0.003 -2"><span class='ocrx_word' id='word_1_5' title='bbox 847 211 1244 255; x_wconf 87' lang='lat' dir='ltr'><strong>CARMINUM</strong></span> 
     </span>
    </p>
   </div>
   <div class='ocr_carea' id='block_1_4' title="bbox 462 376 1586 433">
    <p class='ocr_par' dir='ltr' id='par_1_4' title="bbox 462 376 1586 433">
     <span class='ocr_line' id='line_1_4' title="bbox 462 376 1586 433; baseline 0.003 -17"><span class='ocrx_word' id='word_1_6' title='bbox 462 376 552 416; x_wconf 90' lang='lat' dir='ltr'><strong>Cur</strong></span> <span class='ocrx_word' id='word_1_7' title='bbox 570 377 689 418; x_wconf 89' lang='lat' dir='ltr'><strong>timet</strong></span> <span class='ocrx_word' id='word_1_8' title='bbox 708 377 864 419; x_wconf 85' lang='lat' dir='ltr'><strong>flavum</strong></span> <span class='ocrx_word' id='word_1_9' title='bbox 883 377 1076 420; x_wconf 87' lang='lat' dir='ltr'><strong>Tiberim</strong></span> <span class='ocrx_word' id='word_1_10' title='bbox 1096 380 1304 433; x_wconf 72' lang='lat' dir='ltr'><strong>tangere?</strong></span> <span class='ocrx_word' id='word_1_11' title='bbox 1334 393 1411 420; x_wconf 89' lang='lat' dir='ltr'><strong>cur</strong></span> <span class='ocrx_word' id='word_1_12' title='bbox 1431 377 1586 419; x_wconf 90' lang='lat' dir='ltr'><strong>olivum</strong></span> 
     </span>
    </p>
   </div>
   <div class='ocr_carea' id='block_1_5' title="bbox 324 441 837 549">
    <p class='ocr_par' dir='ltr' id='par_1_5' title="bbox 324 441 837 549">
     <span class='ocr_line' id='line_1_5' title="bbox 408 441 837 497; baseline 0.007 -15"><span class='ocrx_word' id='word_1_13' title='bbox 408 441 626 496; x_wconf 87' lang='lat' dir='ltr'><strong>Sanguine</strong></span> <span class='ocrx_word' id='word_1_14' title='bbox 646 443 837 497; x_wconf 90' lang='lat' dir='ltr'><strong>viperino</strong></span> 
     </span>
     <span class='ocr_line' id='line_1_6' title="bbox 324 508 376 549; baseline 0 0"><span class='ocrx_word' id='word_1_15' title='bbox 324 508 376 549; x_wconf 91' lang='lat'><strong>10</strong></span> 
     </span>
    </p>
   </div>
   <div class='ocr_carea' id='block_1_6' title="bbox 406 574 895 630">
    <p class='ocr_par' dir='ltr' id='par_1_6' title="bbox 406 574 895 630">
     <span class='ocr_line' id='line_1_7' title="bbox 406 574 895 630; baseline 0.004 -14"><span class='ocrx_word' id='word_1_16' title='bbox 406 574 606 624; x_wconf 86' lang='lat' dir='ltr'><strong>Brachia,</strong></span> <span class='ocrx_word' id='word_1_17' title='bbox 628 590 740 630; x_wconf 87' lang='lat' dir='ltr'><strong>saepe</strong></span> <span class='ocrx_word' id='word_1_18' title='bbox 762 576 895 626; x_wconf 86' lang='lat' dir='ltr'><strong>disco,</strong></span> 
     </span>
    </p>
   </div>
   <div class='ocr_carea' id='block_1_7' title="bbox 462 509 1513 565">
    <p class='ocr_par' dir='ltr' id='par_1_7' title="bbox 462 509 1513 565">
     <span class='ocr_line' id='line_1_8' title="bbox 462 509 1513 565; baseline 0.002 -16"><span class='ocrx_word' id='word_1_19' title='bbox 462 509 640 550; x_wconf 82' lang='lat' dir='ltr'><strong>Cautius</strong></span> <span class='ocrx_word' id='word_1_20' title='bbox 660 510 790 551; x_wconf 70' lang='lat' dir='ltr'><strong>vitat?</strong></span> <span class='ocrx_word' id='word_1_21' title='bbox 821 525 960 564; x_wconf 91' lang='lat' dir='ltr'><strong>neque</strong></span> <span class='ocrx_word' id='word_1_22' title='bbox 975 511 1064 564; x_wconf 86' lang='lat' dir='ltr'><strong>jam</strong></span> <span class='ocrx_word' id='word_1_23' title='bbox 1082 510 1210 552; x_wconf 85' lang='lat' dir='ltr'><strong>livida</strong></span> <span class='ocrx_word' id='word_1_24' title='bbox 1228 517 1368 565; x_wconf 85' lang='lat' dir='ltr'><strong>gestat</strong></span> <span class='ocrx_word' id='word_1_25' title='bbox 1388 511 1513 552; x_wconf 88' lang='lat' dir='ltr'><strong>armis</strong></span> 
     </span>
    </p>
   </div>
   <div class='ocr_carea' id='block_1_8' title="bbox 462 641 1459 697">
    <p class='ocr_par' dir='ltr' id='par_1_8' title="bbox 462 641 1459 697">
     <span class='ocr_line' id='line_1_9' title="bbox 462 641 1459 697; baseline 0.002 -15"><span class='ocrx_word' id='word_1_26' title='bbox 462 641 588 695; x_wconf 89' lang='lat' dir='ltr'><strong>Saepe</strong></span> <span class='ocrx_word' id='word_1_27' title='bbox 609 648 726 682; x_wconf 88' lang='lat' dir='ltr'><strong>trans</strong></span> <span class='ocrx_word' id='word_1_28' title='bbox 746 642 874 682; x_wconf 90' lang='lat' dir='ltr'><strong>finem</strong></span> <span class='ocrx_word' id='word_1_29' title='bbox 888 643 1032 696; x_wconf 88' lang='lat' dir='ltr'><strong>jaculo</strong></span> <span class='ocrx_word' id='word_1_30' title='bbox 1051 641 1204 684; x_wconf 87' lang='lat' dir='ltr'><strong>nobilis</strong></span> <span class='ocrx_word' id='word_1_31' title='bbox 1224 642 1459 697; x_wconf 77' lang='lat' dir='ltr'><strong>expedito?</strong></span> 
     </span>
    </p>
   </div>
   <div class='ocr_carea' id='block_1_9' title="bbox 406 707 921 757">
    <p class='ocr_par' dir='ltr' id='par_1_9' title="bbox 406 707 921 757">
     <span class='ocr_line' id='line_1_10' title="bbox 406 707 921 757; baseline 0.004 -10"><span class='ocrx_word' id='word_1_32' title='bbox 406 707 526 754; x_wconf 81' lang='lat' dir='ltr'><strong>Quid</strong></span> <span class='ocrx_word' id='word_1_33' title='bbox 544 707 661 757; x_wconf 87' lang='lat' dir='ltr'><strong>latet,</strong></span> <span class='ocrx_word' id='word_1_34' title='bbox 683 714 731 747; x_wconf 86' lang='lat' dir='ltr'><strong>ut</strong></span> <span class='ocrx_word' id='word_1_35' title='bbox 750 709 921 749; x_wconf 86' lang='lat' dir='ltr'><strong>marinae</strong></span> 
     </span>
    </p>
   </div>
   <div class='ocr_carea' id='block_1_10' title="bbox 462 773 1514 829">
    <p class='ocr_par' dir='ltr' id='par_1_10' title="bbox 462 773 1514 829">
     <span class='ocr_line' id='line_1_11' title="bbox 462 773 1514 829; baseline 0.002 -15"><span class='ocrx_word' id='word_1_36' title='bbox 462 773 616 814; x_wconf 92' lang='lat' dir='ltr'><strong>Filium</strong></span> <span class='ocrx_word' id='word_1_37' title='bbox 636 774 783 815; x_wconf 89' lang='lat' dir='ltr'><strong>dicunt</strong></span> <span class='ocrx_word' id='word_1_38' title='bbox 803 774 1004 816; x_wconf 82' lang='lat' dir='ltr'><strong>Thetidis</strong></span> <span class='ocrx_word' id='word_1_39' title='bbox 1026 775 1106 816; x_wconf 88' lang='lat' dir='ltr'><strong>sub</strong></span> <span class='ocrx_word' id='word_1_40' title='bbox 1124 774 1348 816; x_wconf 87' lang='lat' dir='ltr'><strong>lacrimosa</strong></span> <span class='ocrx_word' id='word_1_41' title='bbox 1366 775 1514 829; x_wconf 88' lang='lat' dir='ltr'><strong>Trojae</strong></span> 
     </span>
    </p>
   </div>
   <div class='ocr_carea' id='block_1_11' title="bbox 323 839 811 889">
    <p class='ocr_par' dir='ltr' id='par_1_11' title="bbox 323 839 811 889">
     <span class='ocr_line' id='line_1_12' title="bbox 323 839 811 889; baseline -0.002 -9"><span class='ocrx_word' id='word_1_42' title='bbox 323 840 376 880; x_wconf 87' lang='lat'><strong>15</strong></span> <span class='ocrx_word' id='word_1_43' title='bbox 405 839 588 889; x_wconf 83' lang='lat' dir='ltr'><strong>Funera,</strong></span> <span class='ocrx_word' id='word_1_44' title='bbox 609 855 662 881; x_wconf 92' lang='lat' dir='ltr'><strong>ne</strong></span> <span class='ocrx_word' id='word_1_45' title='bbox 682 839 811 880; x_wconf 85' lang='lat' dir='ltr'><strong>virilis</strong></span> 
     </span>
    </p>
   </div>
   <div class='ocr_carea' id='block_1_12' title="bbox 463 905 1604 961">
    <p class='ocr_par' dir='ltr' id='par_1_12' title="bbox 463 905 1604 961">
     <span class='ocr_line' id='line_1_13' title="bbox 463 905 1604 961; baseline 0.002 -15"><span class='ocrx_word' id='word_1_46' title='bbox 463 905 616 947; x_wconf 90' lang='lat' dir='ltr'><strong>Cultus</strong></span> <span class='ocrx_word' id='word_1_47' title='bbox 636 907 679 947; x_wconf 92' lang='lat' dir='ltr'><strong>in</strong></span> <span class='ocrx_word' id='word_1_48' title='bbox 699 907 860 947; x_wconf 83' lang='lat' dir='ltr'><strong>caedem</strong></span> <span class='ocrx_word' id='word_1_49' title='bbox 879 913 922 947; x_wconf 89' lang='lat' dir='ltr'><strong>et</strong></span> <span class='ocrx_word' id='word_1_50' title='bbox 945 905 1099 960; x_wconf 89' lang='lat' dir='ltr'><strong>Lycias</strong></span> <span class='ocrx_word' id='word_1_51' title='bbox 1119 907 1362 961; x_wconf 80' lang='lat' dir='ltr'><strong>proriperet</strong></span> <span class='ocrx_word' id='word_1_52' title='bbox 1382 909 1604 948; x_wconf 67' lang='lat' dir='ltr'><strong>catervas?</strong></span> 
     </span>
    </p>
   </div>
   <div class='ocr_carea' id='block_1_13' title="bbox 851 1122 1236 1164">
    <p class='ocr_par' dir='ltr' id='par_1_13' title="bbox 851 1122 1236 1164">
     <span class='ocr_line' id='line_1_14' title="bbox 851 1122 1236 1164; baseline 0 -1"><span class='ocrx_word' id='word_1_53' title='bbox 851 1122 1122 1164; x_wconf 87' lang='lat' dir='ltr'><strong>CARMEN</strong></span> <span class='ocrx_word' id='word_1_54' title='bbox 1154 1122 1236 1163; x_wconf 92' lang='lat' dir='ltr'><strong>IX.</strong></span> 
     </span>
    </p>
   </div>
   <div class='ocr_carea' id='block_1_14' title="bbox 740 1265 1345 1297">
    <p class='ocr_par' dir='ltr' id='par_1_14' title="bbox 740 1265 1345 1297">
     <span class='ocr_line' id='line_1_15' title="bbox 740 1265 1345 1297; baseline -0.002 0"><span class='ocrx_word' id='word_1_55' title='bbox 740 1266 815 1297; x_wconf 95' lang='lat' dir='ltr'><strong>AD</strong></span> <span class='ocrx_word' id='word_1_56' title='bbox 859 1265 1345 1296; x_wconf 84' lang='lat' dir='ltr'><strong>THALIARCHUM.</strong></span> 
     </span>
    </p>
   </div>
   <div class='ocr_carea' id='block_1_15' title="bbox 575 1379 1376 1499">
    <p class='ocr_par' dir='ltr' id='par_1_15' title="bbox 575 1379 1376 1499">
     <span class='ocr_line' id='line_1_16' title="bbox 575 1379 1376 1429; baseline -0.001 -8"><span class='ocrx_word' id='word_1_57' title='bbox 575 1380 734 1429; x_wconf 79' lang='lat' dir='ltr'><strong>VIDEs,</strong></span> <span class='ocrx_word' id='word_1_58' title='bbox 755 1387 803 1421; x_wconf 89' lang='lat' dir='ltr'><strong>ut</strong></span> <span class='ocrx_word' id='word_1_59' title='bbox 824 1379 909 1419; x_wconf 87' lang='lat' dir='ltr'><strong>alta</strong></span> <span class='ocrx_word' id='word_1_60' title='bbox 929 1385 1012 1419; x_wconf 88' lang='lat' dir='ltr'><strong>stet</strong></span> <span class='ocrx_word' id='word_1_61' title='bbox 1032 1379 1126 1419; x_wconf 91' lang='lat' dir='ltr'><strong>nive</strong></span> <span class='ocrx_word' id='word_1_62' title='bbox 1148 1379 1376 1420; x_wconf 87' lang='lat' dir='ltr'><strong>candidum</strong></span> 
     </span>
     <span class='ocr_line' id='line_1_17' title="bbox 576 1445 1354 1499; baseline -0.003 -11"><span class='ocrx_word' id='word_1_63' title='bbox 576 1447 766 1496; x_wconf 82' lang='lat' dir='ltr'><strong>Soracte,</strong></span> <span class='ocrx_word' id='word_1_64' title='bbox 787 1460 865 1486; x_wconf 87' lang='lat' dir='ltr'><strong>nec</strong></span> <span class='ocrx_word' id='word_1_65' title='bbox 880 1446 969 1499; x_wconf 89' lang='lat' dir='ltr'><strong>jam</strong></span> <span class='ocrx_word' id='word_1_66' title='bbox 990 1445 1227 1486; x_wconf 84' lang='lat' dir='ltr'><strong>sustineant</strong></span> <span class='ocrx_word' id='word_1_67' title='bbox 1247 1459 1354 1486; x_wconf 84' lang='lat' dir='ltr'><strong>onus</strong></span> 
     </span>
    </p>
   </div>
   <div class='ocr_carea' id='block_1_16' title="bbox 245 1557 1024 2937">
    <p class='ocr_par' dir='ltr' id='par_1_16' title="bbox 279 1557 1023 1726">
     <span class='ocr_line' id='line_1_18' title="bbox 279 1557 1023 1600; baseline -0.001 -11"><span class='ocrx_word' id='word_1_68' title='bbox 279 1560 424 1599; x_wconf 74' lang='lat' dir='ltr'><strong>jaculum</strong></span> <span class='ocrx_word' id='word_1_69' title='bbox 431 1560 575 1598; x_wconf 79' lang='lat' dir='ltr'><strong>jaciendo</strong></span> <span class='ocrx_word' id='word_1_70' title='bbox 589 1558 621 1588; x_wconf 92' lang='lat' dir='ltr'><strong>in</strong></span> <span class='ocrx_word' id='word_1_71' title='bbox 637 1568 748 1600; x_wconf 83' lang='lat' dir='ltr'><strong>campo</strong></span> <span class='ocrx_word' id='word_1_72' title='bbox 766 1557 884 1588; x_wconf 89' lang='lat' dir='ltr'><strong>Martio</strong></span> <span class='ocrx_word' id='word_1_73' title='bbox 897 1567 1023 1589; x_wconf 90' lang='lat' dir='ltr'><strong>exerce-</strong></span> 
     </span>
     <span class='ocr_line' id='line_1_19' title="bbox 291 1601 1022 1642; baseline -0.003 -11"><span class='ocrx_word' id='word_1_74' title='bbox 291 1601 415 1636; x_wconf 83' lang='lat' dir='ltr'><strong>bantur,</strong></span> <span class='ocrx_word' id='word_1_75' title='bbox 436 1606 578 1631; x_wconf 83' lang='lat' dir='ltr'><strong>recenset</strong></span> <span class='ocrx_word' id='word_1_76' title='bbox 596 1601 663 1642; x_wconf 88' lang='lat' dir='ltr'><strong>ipse</strong></span> <span class='ocrx_word' id='word_1_77' title='bbox 684 1606 787 1642; x_wconf 86' lang='lat' dir='ltr'><strong>poeta.</strong></span> <span class='ocrx_word' id='word_1_78' title='bbox 834 1601 940 1630; x_wconf 80' lang='lat' dir='ltr'><strong>Oderit</strong></span> <span class='ocrx_word' id='word_1_79' title='bbox 956 1610 1022 1641; x_wconf 87' lang='lat' dir='ltr'><strong>pro,</strong></span> 
     </span>
     <span class='ocr_line' id='line_1_20' title="bbox 289 1641 1022 1682; baseline -0.003 -9"><span class='ocrx_word' id='word_1_80' title='bbox 289 1642 368 1674; x_wconf 88' lang='lat' dir='ltr'><strong>odit.</strong></span> <span class='ocrx_word' id='word_1_81' title='bbox 412 1644 572 1682; x_wconf 72' lang='lat' dir='ltr'><strong>Api-icum.-</strong></span> <span class='ocrx_word' id='word_1_82' title='bbox 598 1642 755 1672; x_wconf 85' lang='lat' dir='ltr'><strong>ubiaestus</strong></span> <span class='ocrx_word' id='word_1_83' title='bbox 771 1641 855 1677; x_wconf 84' lang='lat' dir='ltr'><strong>solis,</strong></span> <span class='ocrx_word' id='word_1_84' title='bbox 872 1641 923 1672; x_wconf 88' lang='lat' dir='ltr'><strong>cui</strong></span> <span class='ocrx_word' id='word_1_85' title='bbox 937 1652 1022 1672; x_wconf 87' lang='lat' dir='ltr'><strong>cam-</strong></span> 
     </span>
     <span class='ocr_line' id='line_1_21' title="bbox 290 1683 980 1726; baseline -0.003 -11"><span class='ocrx_word' id='word_1_86' title='bbox 290 1694 350 1726; x_wconf 84' lang='lat' dir='ltr'><strong>pus</strong></span> <span class='ocrx_word' id='word_1_87' title='bbox 365 1685 501 1715; x_wconf 86' lang='lat' dir='ltr'><strong>Martius</strong></span> <span class='ocrx_word' id='word_1_88' title='bbox 515 1684 677 1726; x_wconf 88' lang='lat' dir='ltr'><strong>expositus</strong></span> <span class='ocrx_word' id='word_1_89' title='bbox 692 1690 748 1721; x_wconf 86' lang='lat' dir='ltr'><strong>est,</strong></span> <span class='ocrx_word' id='word_1_90' title='bbox 765 1683 908 1714; x_wconf 84' lang='lat' dir='ltr'><strong>serendus</strong></span> <span class='ocrx_word' id='word_1_91' title='bbox 923 1690 980 1714; x_wconf 88' lang='lat' dir='ltr'><strong>est.</strong></span> 
     </span>
    </p>

    <p class='ocr_par' dir='ltr' id='par_1_17' title="bbox 288 1725 1024 2349">
     <span class='ocr_line' id='line_1_22' title="bbox 333 1725 1024 1766; baseline -0.001 -9"><span class='ocrx_word' id='word_1_92' title='bbox 333 1728 429 1757; x_wconf 80' lang='lat'>5-7,</span> <span class='ocrx_word' id='word_1_93' title='bbox 451 1727 611 1761; x_wconf 77' lang='grc' dir='ltr'><strong><em>Μὶίὶιανίε,</em></strong></span> <span class='ocrx_word' id='word_1_94' title='bbox 640 1731 789 1766; x_wconf 77' lang='lat' dir='ltr'><strong>tanquam</strong></span> <span class='ocrx_word' id='word_1_95' title='bbox 813 1725 913 1760; x_wconf 87' lang='lat' dir='ltr'><strong>miles,</strong></span> <span class='ocrx_word' id='word_1_96' title='bbox 940 1735 1024 1756; x_wconf 83' lang='lat' dir='ltr'><strong>more</strong></span> 
     </span>
     <span class='ocr_line' id='line_1_23' title="bbox 289 1767 1024 1809; baseline -0.001 -11"><span class='ocrx_word' id='word_1_97' title='bbox 289 1767 436 1807; x_wconf 85' lang='lat' dir='ltr'><strong>militari;</strong></span> <span class='ocrx_word' id='word_1_98' title='bbox 458 1767 571 1798; x_wconf 75' lang='lat' dir='ltr'><strong>milites</strong></span> <span class='ocrx_word' id='word_1_99' title='bbox 589 1778 700 1809; x_wconf 88' lang='lat' dir='ltr'><strong>nempe</strong></span> <span class='ocrx_word' id='word_1_100' title='bbox 713 1767 913 1797; x_wconf 85' lang='lat' dir='ltr'><strong>imitabantur</strong></span> <span class='ocrx_word' id='word_1_101' title='bbox 924 1767 1024 1808; x_wconf 85' lang='lat' dir='ltr'><strong>pueri,</strong></span> 
     </span>
     <span class='ocr_line' id='line_1_24' title="bbox 288 1809 1023 1850; baseline -0.003 -9"><span class='ocrx_word' id='word_1_102' title='bbox 288 1816 321 1841; x_wconf 88' lang='lat' dir='ltr'><strong>et</strong></span> <span class='ocrx_word' id='word_1_103' title='bbox 334 1810 445 1841; x_wconf 89' lang='lat' dir='ltr'><strong>ludum</strong></span> <span class='ocrx_word' id='word_1_104' title='bbox 466 1810 629 1841; x_wconf 85' lang='lat' dir='ltr'><strong>militarem</strong></span> <span class='ocrx_word' id='word_1_105' title='bbox 650 1809 811 1840; x_wconf 88' lang='lat' dir='ltr'><strong>ludebant.</strong></span> <span class='ocrx_word' id='word_1_106' title='bbox 856 1810 947 1844; x_wconf 87' lang='lat' dir='ltr'><strong>Sunt,</strong></span> <span class='ocrx_word' id='word_1_107' title='bbox 969 1811 1023 1850; x_wconf 89' lang='lat' dir='ltr'><strong>qui</strong></span> 
     </span>
     <span class='ocr_line' id='line_1_25' title="bbox 290 1851 1023 1892; baseline -0.001 -9"><span class='ocrx_word' id='word_1_108' title='bbox 290 1852 455 1883; x_wconf 79' lang='lat' dir='ltr'><strong>Horatium</strong></span> <span class='ocrx_word' id='word_1_109' title='bbox 465 1858 609 1892; x_wconf 87' lang='lat' dir='ltr'><strong>equestre</strong></span> <span class='ocrx_word' id='word_1_110' title='bbox 619 1851 696 1882; x_wconf 89' lang='lat' dir='ltr'><strong>illud</strong></span> <span class='ocrx_word' id='word_1_111' title='bbox 708 1851 861 1882; x_wconf 84' lang='lat' dir='ltr'><strong>nobilium</strong></span> <span class='ocrx_word' id='word_1_112' title='bbox 869 1851 1023 1891; x_wconf 88' lang='lat' dir='ltr'><strong>juvenum</strong></span> 
     </span>
     <span class='ocr_line' id='line_1_26' title="bbox 292 1893 1022 1932; baseline 0 -8"><span class='ocrx_word' id='word_1_113' title='bbox 292 1894 505 1924; x_wconf 87' lang='lat' dir='ltr'><strong>Romanorum</strong></span> <span class='ocrx_word' id='word_1_114' title='bbox 526 1900 693 1930; x_wconf 83' lang='lat' dir='ltr'><strong>certamen,</strong></span> <span class='ocrx_word' id='word_1_115' title='bbox 713 1895 818 1924; x_wconf 82' lang='lat' dir='ltr'><strong>ludum</strong></span> <span class='ocrx_word' id='word_1_116' title='bbox 840 1893 933 1932; x_wconf 75' lang='lat' dir='ltr'><strong>Trqjae</strong></span> <span class='ocrx_word' id='word_1_117' title='bbox 954 1893 1022 1924; x_wconf 92' lang='lat' dir='ltr'><strong>dic-</strong></span> 
     </span>
     <span class='ocr_line' id='line_1_27' title="bbox 291 1934 1023 1977; baseline 0 -11"><span class='ocrx_word' id='word_1_118' title='bbox 291 1941 370 1971; x_wconf 84' lang='lat' dir='ltr'><strong>tum,</strong></span> <span class='ocrx_word' id='word_1_119' title='bbox 391 1935 562 1977; x_wconf 86' lang='lat' dir='ltr'><strong>respexisse</strong></span> <span class='ocrx_word' id='word_1_120' title='bbox 580 1935 780 1972; x_wconf 81' lang='lat' dir='ltr'><strong>arbitrentur;</strong></span> <span class='ocrx_word' id='word_1_121' title='bbox 805 1934 870 1972; x_wconf 90' lang='lat' dir='ltr'><strong>sed,</strong></span> <span class='ocrx_word' id='word_1_122' title='bbox 890 1940 925 1965; x_wconf 94' lang='lat' dir='ltr'><strong>ut</strong></span> <span class='ocrx_word' id='word_1_123' title='bbox 944 1935 1023 1966; x_wconf 87' lang='lat' dir='ltr'><strong>bene</strong></span> 
     </span>
     <span class='ocr_line' id='line_1_28' title="bbox 291 1977 1023 2018; baseline 0 -10"><span class='ocrx_word' id='word_1_124' title='bbox 291 1978 436 2008; x_wconf 85' lang='lat' dir='ltr'><strong>observat</strong></span> <span class='ocrx_word' id='word_1_125' title='bbox 451 1977 503 2008; x_wconf 91' lang='lat' dir='ltr'><strong>Cl.</strong></span> <span class='ocrx_word' id='word_1_126' title='bbox 518 1977 649 2008; x_wconf 83' lang='lat' dir='ltr'><strong>Mitsch.</strong></span> <span class='ocrx_word' id='word_1_127' title='bbox 667 1979 756 2007; x_wconf 78' lang='lat' dir='ltr'><strong>ludus</strong></span> <span class='ocrx_word' id='word_1_128' title='bbox 773 1977 867 2016; x_wconf 73' lang='lat' dir='ltr'><strong>Trqjae</strong></span> <span class='ocrx_word' id='word_1_129' title='bbox 885 1977 941 2017; x_wconf 89' lang='lat' dir='ltr'><strong>(de</strong></span> <span class='ocrx_word' id='word_1_130' title='bbox 960 1987 1023 2018; x_wconf 93' lang='lat' dir='ltr'><strong>quo</strong></span> 
     </span>
     <span class='ocr_line' id='line_1_29' title="bbox 291 2018 1023 2060; baseline -0.003 -9"><span class='ocrx_word' id='word_1_131' title='bbox 291 2020 333 2052; x_wconf 85' lang='lat' dir='ltr'><strong>cf.</strong></span> <span class='ocrx_word' id='word_1_132' title='bbox 350 2019 439 2060; x_wconf 88' lang='lat' dir='ltr'><strong>Virg.</strong></span> <span class='ocrx_word' id='word_1_133' title='bbox 459 2020 536 2050; x_wconf 86' lang='lat' dir='ltr'><strong>AEn.</strong></span> <span class='ocrx_word' id='word_1_134' title='bbox 550 2021 582 2055; x_wconf 83' lang='lat'><strong>5,</strong></span> <span class='ocrx_word' id='word_1_135' title='bbox 599 2021 662 2050; x_wconf 87' lang='lat'><strong>545</strong></span> <span class='ocrx_word' id='word_1_136' title='bbox 678 2018 765 2060; x_wconf 86' lang='lat' dir='ltr'>sqq.)</span> <span class='ocrx_word' id='word_1_137' title='bbox 781 2024 848 2050; x_wconf 87' lang='lat' dir='ltr'><strong>erat</strong></span> <span class='ocrx_word' id='word_1_138' title='bbox 865 2019 1023 2056; x_wconf 89' lang='lat' dir='ltr'><strong>solemnis,</strong></span> 
     </span>
     <span class='ocr_line' id='line_1_30' title="bbox 290 2060 1022 2102; baseline -0.003 -9"><span class='ocrx_word' id='word_1_139' title='bbox 290 2067 323 2093; x_wconf 85' lang='lat' dir='ltr'><strong>et</strong></span> <span class='ocrx_word' id='word_1_140' title='bbox 337 2071 404 2092; x_wconf 84' lang='lat' dir='ltr'><strong>raro</strong></span> <span class='ocrx_word' id='word_1_141' title='bbox 423 2062 583 2102; x_wconf 85' lang='lat' dir='ltr'><strong>agebatur.</strong></span> <span class='ocrx_word' id='word_1_142' title='bbox 629 2061 860 2095; x_wconf 52' lang='lat' dir='ltr'><strong>Gallio-amora.</strong></span> <span class='ocrx_word' id='word_1_143' title='bbox 883 2060 914 2091; x_wconf 89' lang='lat' dir='ltr'><strong>h.</strong></span> <span class='ocrx_word' id='word_1_144' title='bbox 937 2071 966 2092; x_wconf 85' lang='lat' dir='ltr'><strong>e.</strong></span> <span class='ocrx_word' id='word_1_145' title='bbox 988 2071 1022 2091; x_wconf 89' lang='lat' dir='ltr'><strong>os</strong></span> 
     </span>
     <span class='ocr_line' id='line_1_31' title="bbox 290 2102 1021 2144; baseline 0 -10"><span class='ocrx_word' id='word_1_146' title='bbox 290 2103 364 2144; x_wconf 91' lang='lat' dir='ltr'><strong>equi</strong></span> <span class='ocrx_word' id='word_1_147' title='bbox 391 2102 529 2141; x_wconf 82' lang='lat' dir='ltr'><strong>Gallici3</strong></span> <span class='ocrx_word' id='word_1_148' title='bbox 562 2103 599 2134; x_wconf 86' lang='lat' dir='ltr'><strong>ad</strong></span> <span class='ocrx_word' id='word_1_149' title='bbox 623 2102 756 2144; x_wconf 87' lang='lat' dir='ltr'><strong>optimos</strong></span> <span class='ocrx_word' id='word_1_150' title='bbox 779 2112 888 2143; x_wconf 90' lang='lat' dir='ltr'><strong>nempe</strong></span> <span class='ocrx_word' id='word_1_151' title='bbox 910 2102 1021 2134; x_wconf 79' lang='lat' dir='ltr'><strong>refere-</strong></span> 
     </span>
     <span class='ocr_line' id='line_1_32' title="bbox 290 2145 1023 2186; baseline 0 -10"><span class='ocrx_word' id='word_1_152' title='bbox 290 2145 406 2176; x_wconf 85' lang='lat' dir='ltr'><strong>bantur</strong></span> <span class='ocrx_word' id='word_1_153' title='bbox 422 2155 440 2176; x_wconf 86' lang='lat' dir='ltr'><strong>a</strong></span> <span class='ocrx_word' id='word_1_154' title='bbox 456 2145 609 2176; x_wconf 84' lang='lat' dir='ltr'><strong>Romanis</strong></span> <span class='ocrx_word' id='word_1_155' title='bbox 624 2147 690 2186; x_wconf 83' lang='lat' dir='ltr'><strong>equi</strong></span> <span class='ocrx_word' id='word_1_156' title='bbox 707 2145 822 2175; x_wconf 80' lang='lat' dir='ltr'><strong>Gallici</strong></span> <span class='ocrx_word' id='word_1_157' title='bbox 843 2145 901 2186; x_wconf 88' lang='lat' dir='ltr'><strong>(cf.</strong></span> <span class='ocrx_word' id='word_1_158' title='bbox 920 2145 1023 2176; x_wconf 86' lang='lat' dir='ltr'><strong>Tacit.</strong></span> 
     </span>
     <span class='ocr_line' id='line_1_33' title="bbox 290 2186 1021 2228; baseline -0.001 -10"><span class='ocrx_word' id='word_1_159' title='bbox 290 2187 379 2219; x_wconf 89' lang='lat' dir='ltr'><strong>Ann.</strong></span> <span class='ocrx_word' id='word_1_160' title='bbox 394 2186 427 2224; x_wconf 85' lang='lat' dir='ltr'><strong>ii,</strong></span> <span class='ocrx_word' id='word_1_161' title='bbox 442 2186 500 2227; x_wconf 86' lang='lat'><strong>5);</strong></span> <span class='ocrx_word' id='word_1_162' title='bbox 523 2187 574 2218; x_wconf 90' lang='lat' dir='ltr'><strong>sed</strong></span> <span class='ocrx_word' id='word_1_163' title='bbox 591 2187 631 2218; x_wconf 92' lang='lat' dir='ltr'><strong>ob</strong></span> <span class='ocrx_word' id='word_1_164' title='bbox 647 2187 804 2228; x_wconf 87' lang='lat' dir='ltr'><strong>insignem</strong></span> <span class='ocrx_word' id='word_1_165' title='bbox 823 2197 928 2217; x_wconf 92' lang='lat' dir='ltr'><strong>eorum</strong></span> <span class='ocrx_word' id='word_1_166' title='bbox 944 2187 1021 2218; x_wconf 85' lang='lat' dir='ltr'><strong>sero-</strong></span> 
     </span>
     <span class='ocr_line' id='line_1_34' title="bbox 291 2228 1021 2269; baseline 0 -9"><span class='ocrx_word' id='word_1_167' title='bbox 291 2230 372 2260; x_wconf 86' lang='lat' dir='ltr'><strong>ciam</strong></span> <span class='ocrx_word' id='word_1_168' title='bbox 388 2229 506 2260; x_wconf 87' lang='lat' dir='ltr'><strong>domari</strong></span> <span class='ocrx_word' id='word_1_169' title='bbox 519 2229 676 2261; x_wconf 88' lang='lat' dir='ltr'><strong>debebant</strong></span> <span class='ocrx_word' id='word_1_170' title='bbox 691 2228 795 2260; x_wconf 84' lang='lat' dir='ltr'><strong>fraenis</strong></span> <span class='ocrx_word' id='word_1_171' title='bbox 810 2230 932 2269; x_wconf 77' lang='lat' dir='ltr'><strong>lupatis,</strong></span> <span class='ocrx_word' id='word_1_172' title='bbox 946 2229 980 2259; x_wconf 91' lang='lat' dir='ltr'><strong>h.</strong></span> <span class='ocrx_word' id='word_1_173' title='bbox 993 2239 1021 2260; x_wconf 89' lang='lat' dir='ltr'><strong>e.</strong></span> 
     </span>
     <span class='ocr_line' id='line_1_35' title="bbox 290 2270 1022 2313; baseline 0 -11"><span class='ocrx_word' id='word_1_174' title='bbox 290 2271 396 2303; x_wconf 81' lang='lat' dir='ltr'><strong>ferreis</strong></span> <span class='ocrx_word' id='word_1_175' title='bbox 415 2271 543 2308; x_wconf 85' lang='lat' dir='ltr'><strong>aculeis,</strong></span> <span class='ocrx_word' id='word_1_176' title='bbox 563 2271 619 2313; x_wconf 89' lang='lat' dir='ltr'><strong>qui</strong></span> <span class='ocrx_word' id='word_1_177' title='bbox 640 2273 705 2311; x_wconf 74' lang='lat' dir='ltr'><strong>lupi</strong></span> <span class='ocrx_word' id='word_1_178' title='bbox 725 2270 856 2313; x_wconf 84' lang='grc' dir='ltr'>(λύκοι)</span> <span class='ocrx_word' id='word_1_179' title='bbox 875 2270 1022 2302; x_wconf 88' lang='lat' dir='ltr'><strong>diceban-</strong></span> 
     </span>
     <span class='ocr_line' id='line_1_36' title="bbox 291 2313 541 2349; baseline -0.008 -4"><span class='ocrx_word' id='word_1_180' title='bbox 291 2318 352 2349; x_wconf 85' lang='lat' dir='ltr'><strong>tur,</strong></span> <span class='ocrx_word' id='word_1_181' title='bbox 369 2313 541 2344; x_wconf 85' lang='lat' dir='ltr'><strong>instructis.</strong></span> 
     </span>
    </p>

    <p class='ocr_par' dir='ltr' id='par_1_18' title="bbox 245 2355 1022 2901">
     <span class='ocr_line' id='line_1_37' title="bbox 333 2355 1022 2397; baseline -0.003 -11"><span class='ocrx_word' id='word_1_182' title='bbox 333 2357 364 2392; x_wconf 88' lang='grc'><strong>8,</strong></span> <span class='ocrx_word' id='word_1_183' title='bbox 379 2357 410 2386; x_wconf 90' lang='grc'><strong>9.</strong></span> <span class='ocrx_word' id='word_1_184' title='bbox 436 2355 500 2385; x_wconf 75' lang='lat' dir='ltr'><strong>Cur</strong></span> <span class='ocrx_word' id='word_1_185' title='bbox 509 2357 592 2386; x_wconf 76' lang='lat' dir='ltr'><strong>timet</strong></span> <span class='ocrx_word' id='word_1_186' title='bbox 597 2356 719 2397; x_wconf 77' lang='lat' dir='ltr'><strong>flavum</strong></span> <span class='ocrx_word' id='word_1_187' title='bbox 735 2355 863 2385; x_wconf 78' lang='lat' dir='ltr'><strong>Tiberim</strong></span> <span class='ocrx_word' id='word_1_188' title='bbox 878 2356 1022 2395; x_wconf 79' lang='lat' dir='ltr'><strong>tangere?</strong></span> 
     </span>
     <span class='ocr_line' id='line_1_38' title="bbox 291 2396 1019 2439; baseline -0.003 -11"><span class='ocrx_word' id='word_1_189' title='bbox 291 2398 423 2439; x_wconf 85' lang='lat' dir='ltr'><strong>Egregie</strong></span> <span class='ocrx_word' id='word_1_190' title='bbox 443 2397 484 2428; x_wconf 90' lang='lat' dir='ltr'><strong>ad</strong></span> <span class='ocrx_word' id='word_1_191' title='bbox 506 2397 632 2439; x_wconf 85' lang='lat' dir='ltr'><strong>Sybaris</strong></span> <span class='ocrx_word' id='word_1_192' title='bbox 652 2396 813 2427; x_wconf 87' lang='lat' dir='ltr'><strong>mollitiem</strong></span> <span class='ocrx_word' id='word_1_193' title='bbox 839 2396 1019 2433; x_wconf 81' lang='lat' dir='ltr'><strong>notandam,</strong></span> 
     </span>
     <span class='ocr_line' id='line_1_39' title="bbox 290 2438 1020 2481; baseline 0 -12"><span class='ocrx_word' id='word_1_194' title='bbox 290 2449 345 2481; x_wconf 89' lang='lat' dir='ltr'><strong>pro</strong></span> <span class='ocrx_word' id='word_1_195' title='bbox 371 2439 503 2480; x_wconf 82' lang='lat' dir='ltr'><strong>vulgari.</strong></span> <span class='ocrx_word' id='word_1_196' title='bbox 531 2450 587 2471; x_wconf 88' lang='lat' dir='ltr'><strong>cur</strong></span> <span class='ocrx_word' id='word_1_197' title='bbox 617 2449 678 2470; x_wconf 89' lang='lat' dir='ltr'><strong>non</strong></span> <span class='ocrx_word' id='word_1_198' title='bbox 711 2444 799 2469; x_wconf 85' lang='lat' dir='ltr'><strong>natat</strong></span> <span class='ocrx_word' id='word_1_199' title='bbox 829 2438 861 2468; x_wconf 93' lang='lat' dir='ltr'><strong>in</strong></span> <span class='ocrx_word' id='word_1_200' title='bbox 892 2439 1020 2470; x_wconf 69' lang='lat' dir='ltr'><strong>Tiberi?</strong></span> 
     </span>
     <span class='ocr_line' id='line_1_40' title="bbox 245 2481 1019 2522; baseline 0 -10"><span class='ocrx_word' id='word_1_201' title='bbox 245 2499 257 2507; x_wconf 67' lang='lat'>=</span> <span class='ocrx_word' id='word_1_202' title='bbox 289 2481 452 2513; x_wconf 86' lang='lat' dir='ltr'><strong>Molliores</strong></span> <span class='ocrx_word' id='word_1_203' title='bbox 466 2482 548 2512; x_wconf 87' lang='lat' dir='ltr'><strong>enim</strong></span> <span class='ocrx_word' id='word_1_204' title='bbox 565 2482 704 2512; x_wconf 88' lang='lat' dir='ltr'><strong>homines</strong></span> <span class='ocrx_word' id='word_1_205' title='bbox 717 2491 830 2522; x_wconf 88' lang='lat' dir='ltr'><strong>aquam</strong></span> <span class='ocrx_word' id='word_1_206' title='bbox 843 2490 882 2512; x_wconf 90' lang='lat' dir='ltr'><strong>ne</strong></span> <span class='ocrx_word' id='word_1_207' title='bbox 895 2485 1019 2521; x_wconf 80' lang='lat' dir='ltr'><strong>tangere</strong></span> 
     </span>
     <span class='ocr_line' id='line_1_41' title="bbox 288 2522 1020 2565; baseline 0 -11"><span class='ocrx_word' id='word_1_208' title='bbox 288 2522 415 2565; x_wconf 87' lang='lat' dir='ltr'><strong>quidem</strong></span> <span class='ocrx_word' id='word_1_209' title='bbox 431 2524 559 2559; x_wconf 85' lang='lat' dir='ltr'><strong>audent,</strong></span> <span class='ocrx_word' id='word_1_210' title='bbox 580 2522 695 2554; x_wconf 88' lang='lat' dir='ltr'><strong>nedum</strong></span> <span class='ocrx_word' id='word_1_211' title='bbox 715 2529 750 2553; x_wconf 93' lang='lat' dir='ltr'><strong>ut</strong></span> <span class='ocrx_word' id='word_1_212' title='bbox 765 2523 797 2553; x_wconf 88' lang='lat' dir='ltr'><strong>in</strong></span> <span class='ocrx_word' id='word_1_213' title='bbox 812 2522 867 2553; x_wconf 82' lang='lat' dir='ltr'><strong>illa</strong></span> <span class='ocrx_word' id='word_1_214' title='bbox 882 2523 1020 2554; x_wconf 88' lang='lat' dir='ltr'><strong>natando</strong></span> 
     </span>
     <span class='ocr_line' id='line_1_42' title="bbox 287 2566 1018 2607; baseline 0 -11"><span class='ocrx_word' id='word_1_215' title='bbox 287 2575 322 2597; x_wconf 85' lang='lat' dir='ltr'><strong>se</strong></span> <span class='ocrx_word' id='word_1_216' title='bbox 336 2570 513 2596; x_wconf 83' lang='lat' dir='ltr'><strong>exerceant.</strong></span> <span class='ocrx_word' id='word_1_217' title='bbox 559 2566 623 2596; x_wconf 82' lang='lat' dir='ltr'><strong>Cur</strong></span> <span class='ocrx_word' id='word_1_218' title='bbox 639 2566 750 2595; x_wconf 78' lang='lat' dir='ltr'><strong>olivum</strong></span> <span class='ocrx_word' id='word_1_219' title='bbox 765 2570 838 2596; x_wconf 89' lang='lat' dir='ltr'><strong>cett.</strong></span> <span class='ocrx_word' id='word_1_220' title='bbox 854 2574 909 2595; x_wconf 90' lang='lat' dir='ltr'><strong>cur</strong></span> <span class='ocrx_word' id='word_1_221' title='bbox 930 2574 948 2595; x_wconf 88' lang='lat' dir='ltr'><strong>a</strong></span> <span class='ocrx_word' id='word_1_222' title='bbox 964 2575 1018 2607; x_wconf 86' lang='lat' dir='ltr'><strong>pa-</strong></span> 
     </span>
     <span class='ocr_line' id='line_1_43' title="bbox 286 2607 1018 2648; baseline 0 -10"><span class='ocrx_word' id='word_1_223' title='bbox 286 2607 523 2648; x_wconf 78' lang='lat' dir='ltr'><strong>laestra,&#39;magis</strong></span> <span class='ocrx_word' id='word_1_224' title='bbox 545 2617 638 2648; x_wconf 86' lang='lat' dir='ltr'><strong>quam</strong></span> <span class='ocrx_word' id='word_1_225' title='bbox 661 2617 680 2637; x_wconf 88' lang='lat' dir='ltr'><strong>a</strong></span> <span class='ocrx_word' id='word_1_226' title='bbox 701 2617 820 2638; x_wconf 88' lang='lat' dir='ltr'><strong>veneno</strong></span> <span class='ocrx_word' id='word_1_227' title='bbox 842 2607 1018 2648; x_wconf 85' lang='lat' dir='ltr'><strong>praesentis-</strong></span> 
     </span>
     <span class='ocr_line' id='line_1_44' title="bbox 286 2648 1018 2690; baseline -0.001 -9"><span class='ocrx_word' id='word_1_228' title='bbox 286 2650 365 2682; x_wconf 81' lang='lat' dir='ltr'><strong>simo</strong></span> <span class='ocrx_word' id='word_1_229' title='bbox 384 2648 444 2679; x_wconf 87' lang='lat' dir='ltr'><strong>sibi</strong></span> <span class='ocrx_word' id='word_1_230' title='bbox 466 2651 582 2680; x_wconf 60' lang='lat' dir='ltr'><strong>cavet?</strong></span> <span class='ocrx_word' id='word_1_231' title='bbox 629 2650 760 2684; x_wconf 72' lang='lat' dir='ltr'><strong>Olivam,</strong></span> <span class='ocrx_word' id='word_1_232' title='bbox 786 2659 840 2690; x_wconf 90' lang='lat' dir='ltr'><strong>pro</strong></span> <span class='ocrx_word' id='word_1_233' title='bbox 862 2649 1018 2690; x_wconf 78' lang='lat' dir='ltr'><strong>palaestra,</strong></span> 
     </span>
     <span class='ocr_line' id='line_1_45' title="bbox 285 2691 1019 2734; baseline -0.001 -11"><span class='ocrx_word' id='word_1_234' title='bbox 285 2691 361 2734; x_wconf 89' lang='lat' dir='ltr'><strong>quia</strong></span> <span class='ocrx_word' id='word_1_235' title='bbox 375 2691 523 2722; x_wconf 88' lang='lat' dir='ltr'><strong>luctaturi</strong></span> <span class='ocrx_word' id='word_1_236' title='bbox 537 2691 580 2722; x_wconf 93' lang='lat' dir='ltr'><strong>ibi</strong></span> <span class='ocrx_word' id='word_1_237' title='bbox 598 2697 682 2722; x_wconf 86' lang='lat' dir='ltr'><strong>artus</strong></span> <span class='ocrx_word' id='word_1_238' title='bbox 696 2701 767 2722; x_wconf 89' lang='lat' dir='ltr'><strong>suos</strong></span> <span class='ocrx_word' id='word_1_239' title='bbox 781 2691 861 2726; x_wconf 86' lang='lat' dir='ltr'><strong>oleo,</strong></span> <span class='ocrx_word' id='word_1_240' title='bbox 874 2701 912 2721; x_wconf 92' lang='lat' dir='ltr'><strong>ne</strong></span> <span class='ocrx_word' id='word_1_241' title='bbox 928 2691 1019 2722; x_wconf 82' lang='lat' dir='ltr'><strong>facile</strong></span> 
     </span>
     <span class='ocr_line' id='line_1_46' title="bbox 286 2731 1019 2774; baseline 0 -10"><span class='ocrx_word' id='word_1_242' title='bbox 286 2733 385 2766; x_wconf 87' lang='lat' dir='ltr'><strong>teneri</strong></span> <span class='ocrx_word' id='word_1_243' title='bbox 420 2738 546 2774; x_wconf 86' lang='lat' dir='ltr'><strong>possent</strong></span> <span class='ocrx_word' id='word_1_244' title='bbox 578 2735 617 2764; x_wconf 87' lang='lat' dir='ltr'><strong>ab</strong></span> <span class='ocrx_word' id='word_1_245' title='bbox 649 2733 834 2767; x_wconf 84' lang='lat' dir='ltr'><strong>adversario.</strong></span> <span class='ocrx_word' id='word_1_246' title='bbox 871 2731 1019 2773; x_wconf 88' lang='lat' dir='ltr'><strong>inungere</strong></span> 
     </span>
     <span class='ocr_line' id='line_1_47' title="bbox 286 2775 1018 2815; baseline -0.001 -9"><span class='ocrx_word' id='word_1_247' title='bbox 286 2775 441 2808; x_wconf 81' lang='lat' dir='ltr'><strong>solebant.</strong></span> <span class='ocrx_word' id='word_1_248' title='bbox 469 2775 601 2815; x_wconf 78' lang='lat' dir='ltr'><strong>Sanguis</strong></span> <span class='ocrx_word' id='word_1_249' title='bbox 615 2777 776 2815; x_wconf 71' lang='lat' dir='ltr'><strong>viperinus,</strong></span> <span class='ocrx_word' id='word_1_250' title='bbox 786 2784 941 2806; x_wconf 90' lang='lat' dir='ltr'><strong>venenum</strong></span> <span class='ocrx_word' id='word_1_251' title='bbox 954 2775 1018 2805; x_wconf 86' lang='lat' dir='ltr'><strong>effi-</strong></span> 
     </span>
     <span class='ocr_line' id='line_1_48' title="bbox 285 2817 1019 2859; baseline -0.001 -10"><span class='ocrx_word' id='word_1_252' title='bbox 285 2818 495 2854; x_wconf 83' lang='lat' dir='ltr'><strong>cacissimum,</strong></span> <span class='ocrx_word' id='word_1_253' title='bbox 531 2822 567 2848; x_wconf 91' lang='lat' dir='ltr'><strong>ut</strong></span> <span class='ocrx_word' id='word_1_254' title='bbox 591 2817 647 2848; x_wconf 87' lang='lat' dir='ltr'><strong>inf.</strong></span> <span class='ocrx_word' id='word_1_255' title='bbox 676 2817 777 2859; x_wconf 87' lang='lat' dir='ltr'><strong>Epod.</strong></span> <span class='ocrx_word' id='word_1_256' title='bbox 807 2817 839 2852; x_wconf 91' lang='lat'><strong>3,</strong></span> <span class='ocrx_word' id='word_1_257' title='bbox 866 2817 898 2854; x_wconf 86' lang='lat'><strong>6,</strong></span> <span class='ocrx_word' id='word_1_258' title='bbox 929 2828 1019 2848; x_wconf 84' lang='lat' dir='ltr'><strong>cruor</strong></span> 
     </span>
     <span class='ocr_line' id='line_1_49' title="bbox 287 2862 453 2901; baseline -0.006 -10"><span class='ocrx_word' id='word_1_259' title='bbox 287 2862 453 2901; x_wconf 79' lang='lat' dir='ltr'><strong>viperinus.</strong></span> 
     </span>
    </p>

    <p class='ocr_par' dir='ltr' id='par_1_19' title="bbox 331 2899 1016 2937">
     <span class='ocr_line' id='line_1_50' title="bbox 331 2899 1016 2937; baseline -0.003 -4"><span class='ocrx_word' id='word_1_260' title='bbox 331 2902 467 2933; x_wconf 84' lang='lat'><strong>10—12.</strong></span> <span class='ocrx_word' id='word_1_261' title='bbox 492 2901 744 2937; x_wconf 72' lang='lat' dir='ltr'><strong>Livida-arinis,</strong></span> <span class='ocrx_word' id='word_1_262' title='bbox 760 2899 793 2931; x_wconf 91' lang='lat' dir='ltr'><strong>h.</strong></span> <span class='ocrx_word' id='word_1_263' title='bbox 806 2910 833 2931; x_wconf 89' lang='lat' dir='ltr'><strong>e.</strong></span> <span class='ocrx_word' id='word_1_264' title='bbox 849 2899 944 2931; x_wconf 86' lang='lat' dir='ltr'><strong>livore</strong></span> <span class='ocrx_word' id='word_1_265' title='bbox 961 2911 1016 2931; x_wconf 91' lang='lat' dir='ltr'><strong>no-</strong></span> 
     </span>
    </p>
   </div>
   <div class='ocr_carea' id='block_1_17' title="bbox 1059 1555 1813 2937">
    <p class='ocr_par' dir='ltr' id='par_1_20' title="bbox 1065 1555 1798 2006">
     <span class='ocr_line' id='line_1_51' title="bbox 1067 1555 1797 1598; baseline 0.003 -11"><span class='ocrx_word' id='word_1_266' title='bbox 1067 1556 1157 1587; x_wconf 81' lang='lat' dir='ltr'><strong>Disco</strong></span> <span class='ocrx_word' id='word_1_267' title='bbox 1170 1569 1177 1586; x_wconf 90' lang='lat'><em>:</em></span> <span class='ocrx_word' id='word_1_268' title='bbox 1201 1558 1299 1588; x_wconf 81' lang='lat' dir='ltr'><strong>discus</strong></span> <span class='ocrx_word' id='word_1_269' title='bbox 1314 1556 1373 1587; x_wconf 86' lang='lat' dir='ltr'><strong>suit</strong></span> <span class='ocrx_word' id='word_1_270' title='bbox 1392 1566 1494 1588; x_wconf 84' lang='lat' dir='ltr'><strong>massa</strong></span> <span class='ocrx_word' id='word_1_271' title='bbox 1508 1555 1657 1598; x_wconf 82' lang='lat' dir='ltr'><strong>plumbea</strong></span> <span class='ocrx_word' id='word_1_272' title='bbox 1671 1557 1721 1590; x_wconf 87' lang='lat' dir='ltr'><strong>vel</strong></span> <span class='ocrx_word' id='word_1_273' title='bbox 1737 1558 1797 1591; x_wconf 77' lang='lat' dir='ltr'><strong>fer-</strong></span> 
     </span>
     <span class='ocr_line' id='line_1_52' title="bbox 1066 1598 1798 1640; baseline 0.004 -12"><span class='ocrx_word' id='word_1_274' title='bbox 1066 1608 1128 1634; x_wconf 85' lang='lat' dir='ltr'><strong>rea,</strong></span> <span class='ocrx_word' id='word_1_275' title='bbox 1138 1599 1169 1628; x_wconf 91' lang='lat' dir='ltr'><strong>in</strong></span> <span class='ocrx_word' id='word_1_276' title='bbox 1181 1598 1260 1629; x_wconf 90' lang='lat' dir='ltr'><strong>disci</strong></span> <span class='ocrx_word' id='word_1_277' title='bbox 1273 1598 1408 1640; x_wconf 85' lang='lat' dir='ltr'><strong>speciem</strong></span> <span class='ocrx_word' id='word_1_278' title='bbox 1420 1598 1584 1630; x_wconf 84' lang='lat' dir='ltr'><strong>rotundam</strong></span> <span class='ocrx_word' id='word_1_279' title='bbox 1593 1599 1798 1639; x_wconf 79' lang='lat' dir='ltr'><strong>conformata,</strong></span> 
     </span>
     <span class='ocr_line' id='line_1_53' title="bbox 1065 1640 1797 1684; baseline 0.005 -14"><span class='ocrx_word' id='word_1_280' title='bbox 1065 1650 1159 1680; x_wconf 87' lang='lat' dir='ltr'><strong>quam</strong></span> <span class='ocrx_word' id='word_1_281' title='bbox 1171 1641 1304 1682; x_wconf 87' lang='lat' dir='ltr'><strong>juvenes</strong></span> <span class='ocrx_word' id='word_1_282' title='bbox 1315 1640 1347 1670; x_wconf 90' lang='lat' dir='ltr'><strong>in</strong></span> <span class='ocrx_word' id='word_1_283' title='bbox 1361 1640 1634 1673; x_wconf 80' lang='lat' dir='ltr'><strong>exercitationibus</strong></span> <span class='ocrx_word' id='word_1_284' title='bbox 1649 1652 1797 1684; x_wconf 80' lang='lat' dir='ltr'><strong>gymnas-</strong></span> 
     </span>
     <span class='ocr_line' id='line_1_54' title="bbox 1066 1682 1798 1725; baseline 0.005 -13"><span class='ocrx_word' id='word_1_285' title='bbox 1066 1682 1148 1718; x_wconf 67' lang='lat' dir='ltr'><strong>ficis,</strong></span> <span class='ocrx_word' id='word_1_286' title='bbox 1166 1682 1275 1712; x_wconf 86' lang='lat' dir='ltr'><strong>virium</strong></span> <span class='ocrx_word' id='word_1_287' title='bbox 1290 1688 1354 1712; x_wconf 84' lang='lat' dir='ltr'><strong>tam</strong></span> <span class='ocrx_word' id='word_1_288' title='bbox 1370 1683 1613 1714; x_wconf 82' lang='lat' dir='ltr'><strong>exercendarum</strong></span> <span class='ocrx_word' id='word_1_289' title='bbox 1631 1694 1726 1725; x_wconf 81' lang='lat' dir='ltr'><strong>quam</strong></span> <span class='ocrx_word' id='word_1_290' title='bbox 1741 1694 1798 1716; x_wconf 84' lang='lat' dir='ltr'><strong>au-</strong></span> 
     </span>
     <span class='ocr_line' id='line_1_55' title="bbox 1066 1724 1797 1768; baseline 0.004 -14"><span class='ocrx_word' id='word_1_291' title='bbox 1066 1725 1236 1763; x_wconf 87' lang='lat' dir='ltr'><strong>gendarum</strong></span> <span class='ocrx_word' id='word_1_292' title='bbox 1250 1734 1358 1760; x_wconf 86' lang='lat' dir='ltr'><strong>causa,</strong></span> <span class='ocrx_word' id='word_1_293' title='bbox 1374 1724 1414 1755; x_wconf 86' lang='lat' dir='ltr'><strong>ad</strong></span> <span class='ocrx_word' id='word_1_294' title='bbox 1433 1730 1548 1756; x_wconf 84' lang='lat' dir='ltr'><strong>certam</strong></span> <span class='ocrx_word' id='word_1_295' title='bbox 1566 1730 1680 1758; x_wconf 86' lang='lat' dir='ltr'><strong>metam</strong></span> <span class='ocrx_word' id='word_1_296' title='bbox 1699 1726 1797 1768; x_wconf 82' lang='lat' dir='ltr'><strong>proji-</strong></span> 
     </span>
     <span class='ocr_line' id='line_1_56' title="bbox 1066 1765 1797 1808; baseline 0.005 -12"><span class='ocrx_word' id='word_1_297' title='bbox 1066 1766 1213 1803; x_wconf 83' lang='lat' dir='ltr'><strong>ciebant3</strong></span> <span class='ocrx_word' id='word_1_298' title='bbox 1243 1765 1407 1808; x_wconf 86' lang='lat' dir='ltr'><strong>descripsit</strong></span> <span class='ocrx_word' id='word_1_299' title='bbox 1427 1766 1511 1798; x_wconf 84' lang='lat' dir='ltr'><strong>hunc</strong></span> <span class='ocrx_word' id='word_1_300' title='bbox 1532 1767 1640 1798; x_wconf 87' lang='lat' dir='ltr'><strong>ludum</strong></span> <span class='ocrx_word' id='word_1_301' title='bbox 1666 1768 1797 1801; x_wconf 86' lang='lat' dir='ltr'><strong>Homer.</strong></span> 
     </span>
     <span class='ocr_line' id='line_1_57' title="bbox 1067 1807 1796 1856; baseline 0.005 -18"><span class='ocrx_word' id='word_1_302' title='bbox 1067 1807 1183 1849; x_wconf 88' lang='lat' dir='ltr'><strong>Odyss.</strong></span> <span class='ocrx_word' id='word_1_303' title='bbox 1198 1807 1265 1844; x_wconf 88' lang='lat' dir='ltr'><strong>viii,</strong></span> <span class='ocrx_word' id='word_1_304' title='bbox 1284 1809 1345 1840; x_wconf 87' lang='lat'><strong>186</strong></span> <span class='ocrx_word' id='word_1_305' title='bbox 1358 1819 1428 1856; x_wconf 77' lang='lat' dir='ltr'><strong>sqq.</strong></span> <span class='ocrx_word' id='word_1_306' title='bbox 1452 1809 1796 1851; x_wconf 61' lang='lat' dir='ltr'><strong>Expeditmsignifican-</strong></span> 
     </span>
     <span class='ocr_line' id='line_1_58' title="bbox 1066 1851 1798 1895; baseline 0.004 -15"><span class='ocrx_word' id='word_1_307' title='bbox 1066 1855 1112 1881; x_wconf 80' lang='lat' dir='ltr'><strong>ter</strong></span> <span class='ocrx_word' id='word_1_308' title='bbox 1132 1860 1198 1891; x_wconf 85' lang='lat' dir='ltr'><strong>pro,</strong></span> <span class='ocrx_word' id='word_1_309' title='bbox 1219 1851 1326 1887; x_wconf 88' lang='lat' dir='ltr'><strong>misso,</strong></span> <span class='ocrx_word' id='word_1_310' title='bbox 1352 1856 1513 1892; x_wconf 75' lang='lat' dir='ltr'><strong>project05</strong></span> <span class='ocrx_word' id='word_1_311' title='bbox 1540 1851 1623 1882; x_wconf 85' lang='lat' dir='ltr'><strong>inest</strong></span> <span class='ocrx_word' id='word_1_312' title='bbox 1642 1851 1726 1883; x_wconf 86' lang='lat' dir='ltr'><strong>enim</strong></span> <span class='ocrx_word' id='word_1_313' title='bbox 1749 1855 1798 1895; x_wconf 71' lang='grc' dir='ltr'><strong>τῲ·</strong></span> 
     </span>
     <span class='ocr_line' id='line_1_59' title="bbox 1066 1893 1796 1935; baseline 0.003 -13"><span class='ocrx_word' id='word_1_314' title='bbox 1066 1894 1199 1930; x_wconf 67' lang='lat' dir='ltr'><strong>expedito</strong></span> <span class='ocrx_word' id='word_1_315' title='bbox 1215 1893 1298 1923; x_wconf 89' lang='lat' dir='ltr'><strong>notio</strong></span> <span class='ocrx_word' id='word_1_316' title='bbox 1315 1893 1488 1928; x_wconf 80' lang='lat' dir='ltr'><strong>facilitatis,</strong></span> <span class='ocrx_word' id='word_1_317' title='bbox 1507 1903 1570 1935; x_wconf 89' lang='lat' dir='ltr'><strong>qua</strong></span> <span class='ocrx_word' id='word_1_318' title='bbox 1588 1893 1715 1935; x_wconf 81' lang='lat' dir='ltr'><strong>Sybaris</strong></span> <span class='ocrx_word' id='word_1_319' title='bbox 1730 1894 1796 1925; x_wconf 82' lang='lat' dir='ltr'><strong>dis-</strong></span> 
     </span>
     <span class='ocr_line' id='line_1_60' title="bbox 1066 1934 1798 1978; baseline 0.007 -14"><span class='ocrx_word' id='word_1_320' title='bbox 1066 1944 1137 1964; x_wconf 89' lang='lat' dir='ltr'><strong>cum</strong></span> <span class='ocrx_word' id='word_1_321' title='bbox 1163 1939 1194 1964; x_wconf 88' lang='lat' dir='ltr'><strong>et</strong></span> <span class='ocrx_word' id='word_1_322' title='bbox 1218 1934 1361 1975; x_wconf 85' lang='lat' dir='ltr'><strong>jaculum</strong></span> <span class='ocrx_word' id='word_1_323' title='bbox 1389 1940 1476 1966; x_wconf 85' lang='lat' dir='ltr'><strong>trans</strong></span> <span class='ocrx_word' id='word_1_324' title='bbox 1505 1943 1619 1967; x_wconf 82' lang='lat' dir='ltr'><strong>metam</strong></span> <span class='ocrx_word' id='word_1_325' title='bbox 1647 1936 1798 1978; x_wconf 84' lang='lat' dir='ltr'><strong>projicere</strong></span> 
     </span>
     <span class='ocr_line' id='line_1_61' title="bbox 1065 1975 1216 2006; baseline 0.007 -1"><span class='ocrx_word' id='word_1_326' title='bbox 1065 1975 1216 2006; x_wconf 86' lang='lat' dir='ltr'><strong>valuerat.</strong></span> 
     </span>
    </p>

    <p class='ocr_par' dir='ltr' id='par_1_21' title="bbox 1059 2018 1813 2937">
     <span class='ocr_line' id='line_1_62' title="bbox 1110 2018 1796 2055; baseline 0.006 -7"><span class='ocrx_word' id='word_1_327' title='bbox 1110 2019 1247 2049; x_wconf 76' lang='lat'><strong>13—16.</strong></span> <span class='ocrx_word' id='word_1_328' title='bbox 1267 2018 1348 2052; x_wconf 77' lang='lat' dir='ltr'><strong>Quid</strong></span> <span class='ocrx_word' id='word_1_329' title='bbox 1361 2019 1444 2055; x_wconf 85' lang='lat' dir='ltr'><strong>latet,</strong></span> <span class='ocrx_word' id='word_1_330' title='bbox 1457 2025 1491 2049; x_wconf 82' lang='lat' dir='ltr'><strong>ut</strong></span> <span class='ocrx_word' id='word_1_331' title='bbox 1503 2021 1628 2050; x_wconf 70' lang='lat' dir='ltr'><strong>marine</strong></span> <span class='ocrx_word' id='word_1_332' title='bbox 1640 2024 1715 2051; x_wconf 83' lang='lat' dir='ltr'><strong>cett.</strong></span> <span class='ocrx_word' id='word_1_333' title='bbox 1725 2030 1796 2052; x_wconf 83' lang='lat' dir='ltr'><strong>sen-</strong></span> 
     </span>
     <span class='ocr_line' id='line_1_63' title="bbox 1065 2060 1797 2103; baseline 0.007 -14"><span class='ocrx_word' id='word_1_334' title='bbox 1065 2069 1135 2089; x_wconf 91' lang='lat' dir='ltr'><strong>sus:</strong></span> <span class='ocrx_word' id='word_1_335' title='bbox 1166 2060 1243 2101; x_wconf 93' lang='lat' dir='ltr'><strong>quid</strong></span> <span class='ocrx_word' id='word_1_336' title='bbox 1265 2060 1342 2092; x_wconf 89' lang='lat' dir='ltr'><strong>latet</strong></span> <span class='ocrx_word' id='word_1_337' title='bbox 1363 2060 1490 2101; x_wconf 84' lang='lat' dir='ltr'><strong>Sybaris</strong></span> <span class='ocrx_word' id='word_1_338' title='bbox 1511 2061 1596 2102; x_wconf 85' lang='lat' dir='ltr'><strong>apud</strong></span> <span class='ocrx_word' id='word_1_339' title='bbox 1617 2067 1659 2097; x_wconf 86' lang='lat' dir='ltr'><strong>te,</strong></span> <span class='ocrx_word' id='word_1_340' title='bbox 1682 2062 1797 2103; x_wconf 83' lang='lat' dir='ltr'><strong>Lydia,</strong></span> 
     </span>
     <span class='ocr_line' id='line_1_64' title="bbox 1065 2100 1794 2140; baseline 0.005 -9"><span class='ocrx_word' id='word_1_341' title='bbox 1065 2100 1156 2132; x_wconf 84' lang='lat' dir='ltr'><strong>sicuti</strong></span> <span class='ocrx_word' id='word_1_342' title='bbox 1178 2102 1319 2133; x_wconf 88' lang='lat' dir='ltr'><strong>Thetidis</strong></span> <span class='ocrx_word' id='word_1_343' title='bbox 1339 2101 1451 2138; x_wconf 84' lang='lat' dir='ltr'><strong>filium,</strong></span> <span class='ocrx_word' id='word_1_344' title='bbox 1474 2102 1645 2140; x_wconf 87' lang='lat' dir='ltr'><strong>Achillem,</strong></span> <span class='ocrx_word' id='word_1_345' title='bbox 1665 2104 1724 2134; x_wconf 87' lang='lat' dir='ltr'><strong>sub</strong></span> <span class='ocrx_word' id='word_1_346' title='bbox 1744 2105 1794 2136; x_wconf 80' lang='lat' dir='ltr'><strong>su-</strong></span> 
     </span>
     <span class='ocr_line' id='line_1_65' title="bbox 1065 2143 1795 2186; baseline 0.007 -13"><span class='ocrx_word' id='word_1_347' title='bbox 1065 2143 1145 2174; x_wconf 81' lang='lat' dir='ltr'><strong>nesti</strong></span> <span class='ocrx_word' id='word_1_348' title='bbox 1162 2144 1238 2175; x_wconf 89' lang='lat' dir='ltr'><strong>belli</strong></span> <span class='ocrx_word' id='word_1_349' title='bbox 1259 2144 1386 2186; x_wconf 82' lang='lat' dir='ltr'><strong>Trojani</strong></span> <span class='ocrx_word' id='word_1_350' title='bbox 1406 2143 1496 2175; x_wconf 83' lang='lat' dir='ltr'><strong>initio</strong></span> <span class='ocrx_word' id='word_1_351' title='bbox 1511 2144 1638 2177; x_wconf 80' lang='lat' dir='ltr'><strong>latuisse</strong></span> <span class='ocrx_word' id='word_1_352' title='bbox 1657 2151 1795 2185; x_wconf 79' lang='lat' dir='ltr'><strong>narrant,</strong></span> 
     </span>
     <span class='ocr_line' id='line_1_66' title="bbox 1066 2185 1796 2228; baseline 0.007 -13"><span class='ocrx_word' id='word_1_353' title='bbox 1066 2185 1209 2217; x_wconf 88' lang='lat' dir='ltr'><strong>muliebri</strong></span> <span class='ocrx_word' id='word_1_354' title='bbox 1233 2186 1348 2228; x_wconf 88' lang='lat' dir='ltr'><strong>quippe</strong></span> <span class='ocrx_word' id='word_1_355' title='bbox 1369 2192 1454 2218; x_wconf 85' lang='lat' dir='ltr'><strong>veste</strong></span> <span class='ocrx_word' id='word_1_356' title='bbox 1474 2185 1630 2226; x_wconf 87' lang='lat' dir='ltr'><strong>indutum,</strong></span> <span class='ocrx_word' id='word_1_357' title='bbox 1653 2197 1693 2219; x_wconf 88' lang='lat' dir='ltr'><strong>ne</strong></span> <span class='ocrx_word' id='word_1_358' title='bbox 1715 2188 1796 2220; x_wconf 81' lang='lat' dir='ltr'><strong>virili</strong></span> 
     </span>
     <span class='ocr_line' id='line_1_67' title="bbox 1064 2227 1794 2271; baseline 0.005 -13"><span class='ocrx_word' id='word_1_359' title='bbox 1064 2227 1151 2258; x_wconf 91' lang='lat' dir='ltr'><strong>cultu</strong></span> <span class='ocrx_word' id='word_1_360' title='bbox 1167 2228 1307 2269; x_wconf 88' lang='lat' dir='ltr'><strong>proditus</strong></span> <span class='ocrx_word' id='word_1_361' title='bbox 1322 2229 1362 2259; x_wconf 89' lang='lat' dir='ltr'><strong>ad</strong></span> <span class='ocrx_word' id='word_1_362' title='bbox 1381 2229 1500 2260; x_wconf 85' lang='lat' dir='ltr'><strong>caedem</strong></span> <span class='ocrx_word' id='word_1_363' title='bbox 1517 2234 1624 2260; x_wconf 83' lang='lat' dir='ltr'><strong>contra</strong></span> <span class='ocrx_word' id='word_1_364' title='bbox 1641 2229 1794 2271; x_wconf 82' lang='lat' dir='ltr'><strong>Trojanos</strong></span> 
     </span>
     <span class='ocr_line' id='line_1_68' title="bbox 1064 2269 1795 2311; baseline 0.005 -11"><span class='ocrx_word' id='word_1_365' title='bbox 1064 2269 1218 2311; x_wconf 86' lang='lat' dir='ltr'><strong>proficisci</strong></span> <span class='ocrx_word' id='word_1_366' title='bbox 1236 2275 1407 2311; x_wconf 89' lang='lat' dir='ltr'><strong>cogeretur.</strong></span> <span class='ocrx_word' id='word_1_367' title='bbox 1450 2270 1609 2302; x_wconf 84' lang='lat' dir='ltr'><strong>Nimirum</strong></span> <span class='ocrx_word' id='word_1_368' title='bbox 1625 2281 1698 2303; x_wconf 88' lang='lat' dir='ltr'><strong>cum</strong></span> <span class='ocrx_word' id='word_1_369' title='bbox 1717 2272 1795 2310; x_wconf 78' lang='lat' dir='ltr'><strong>fata,</strong></span> 
     </span>
     <span class='ocr_line' id='line_1_69' title="bbox 1063 2311 1794 2352; baseline 0.005 -10"><span class='ocrx_word' id='word_1_370' title='bbox 1063 2321 1103 2342; x_wconf 85' lang='lat' dir='ltr'><strong>ex</strong></span> <span class='ocrx_word' id='word_1_371' title='bbox 1126 2311 1242 2352; x_wconf 85' lang='lat' dir='ltr'><strong>quibus</strong></span> <span class='ocrx_word' id='word_1_372' title='bbox 1263 2311 1466 2343; x_wconf 87' lang='lat' dir='ltr'><strong>constitutum</strong></span> <span class='ocrx_word' id='word_1_373' title='bbox 1489 2312 1558 2348; x_wconf 84' lang='lat' dir='ltr'><strong>fuit,</strong></span> <span class='ocrx_word' id='word_1_374' title='bbox 1581 2317 1617 2344; x_wconf 88' lang='lat' dir='ltr'><strong>ut</strong></span> <span class='ocrx_word' id='word_1_375' title='bbox 1639 2313 1794 2352; x_wconf 84' lang='lat' dir='ltr'><strong>Achilles,</strong></span> 
     </span>
     <span class='ocr_line' id='line_1_70' title="bbox 1065 2352 1796 2396; baseline 0.007 -13"><span class='ocrx_word' id='word_1_376' title='bbox 1065 2352 1091 2383; x_wconf 89' lang='lat' dir='ltr'><strong>si</strong></span> <span class='ocrx_word' id='word_1_377' title='bbox 1108 2353 1141 2384; x_wconf 89' lang='lat' dir='ltr'><strong>in</strong></span> <span class='ocrx_word' id='word_1_378' title='bbox 1158 2354 1279 2386; x_wconf 88' lang='lat' dir='ltr'><strong>bellum</strong></span> <span class='ocrx_word' id='word_1_379' title='bbox 1292 2354 1462 2396; x_wconf 78' lang='lat' dir='ltr'><strong>Trojanum</strong></span> <span class='ocrx_word' id='word_1_380' title='bbox 1479 2354 1732 2396; x_wconf 82' lang='lat' dir='ltr'><strong>proficisceretur,</strong></span> <span class='ocrx_word' id='word_1_381' title='bbox 1749 2356 1796 2388; x_wconf 89' lang='lat' dir='ltr'><strong>ibi</strong></span> 
     </span>
     <span class='ocr_line' id='line_1_71' title="bbox 1063 2395 1813 2439; baseline 0.005 -13"><span class='ocrx_word' id='word_1_382' title='bbox 1063 2395 1184 2436; x_wconf 86' lang='lat' dir='ltr'><strong>periret,</strong></span> <span class='ocrx_word' id='word_1_383' title='bbox 1205 2395 1288 2427; x_wconf 88' lang='lat' dir='ltr'><strong>haud</strong></span> <span class='ocrx_word' id='word_1_384' title='bbox 1305 2396 1446 2428; x_wconf 84' lang='lat' dir='ltr'><strong>fallerent</strong></span> <span class='ocrx_word' id='word_1_385' title='bbox 1460 2397 1527 2439; x_wconf 84' lang='lat' dir='ltr'><strong>ejus</strong></span> <span class='ocrx_word' id='word_1_386' title='bbox 1543 2401 1671 2429; x_wconf 86' lang='lat' dir='ltr'><strong>matrem</strong></span> <span class='ocrx_word' id='word_1_387' title='bbox 1687 2398 1795 2430; x_wconf 76' lang='lat' dir='ltr'><strong>Tbeti-</strong></span> <span class='ocrx_word' id='word_1_388' title='bbox 1806 2429 1813 2435; x_wconf 19' lang='lat' dir='ltr'>K</span> 
     </span>
     <span class='ocr_line' id='line_1_72' title="bbox 1063 2437 1795 2476; baseline 0.004 -8"><span class='ocrx_word' id='word_1_389' title='bbox 1063 2437 1134 2468; x_wconf 87' lang='lat' dir='ltr'><strong>dem</strong></span> <span class='ocrx_word' id='word_1_390' title='bbox 1145 2449 1153 2476; x_wconf 91' lang='lat'>;</span> <span class='ocrx_word' id='word_1_391' title='bbox 1169 2438 1278 2469; x_wconf 90' lang='lat' dir='ltr'><strong>horum</strong></span> <span class='ocrx_word' id='word_1_392' title='bbox 1289 2438 1513 2470; x_wconf 88' lang='lat' dir='ltr'><strong>eludendorum</strong></span> <span class='ocrx_word' id='word_1_393' title='bbox 1524 2448 1621 2470; x_wconf 83' lang='lat' dir='ltr'><strong>eausa</strong></span> <span class='ocrx_word' id='word_1_394' title='bbox 1631 2439 1684 2470; x_wconf 80' lang='lat' dir='ltr'><strong>illa</strong></span> <span class='ocrx_word' id='word_1_395' title='bbox 1695 2439 1795 2472; x_wconf 84' lang='lat' dir='ltr'><strong>fllium</strong></span> 
     </span>
     <span class='ocr_line' id='line_1_73' title="bbox 1063 2479 1807 2522; baseline 0.004 -12"><span class='ocrx_word' id='word_1_396' title='bbox 1063 2490 1152 2511; x_wconf 89' lang='lat' dir='ltr'><strong>suum</strong></span> <span class='ocrx_word' id='word_1_397' title='bbox 1170 2481 1252 2522; x_wconf 89' lang='lat' dir='ltr'><strong>apud</strong></span> <span class='ocrx_word' id='word_1_398' title='bbox 1265 2481 1291 2511; x_wconf 95' lang='lat' dir='ltr'>L</span> <span class='ocrx_word' id='word_1_399' title='bbox 1314 2479 1472 2512; x_wconf 84' lang='lat' dir='ltr'><strong>comedem</strong></span> <span class='ocrx_word' id='word_1_400' title='bbox 1483 2481 1516 2512; x_wconf 89' lang='lat' dir='ltr'><strong>in</strong></span> <span class='ocrx_word' id='word_1_401' title='bbox 1529 2481 1624 2522; x_wconf 85' lang='lat' dir='ltr'><strong>Scyro</strong></span> <span class='ocrx_word' id='word_1_402' title='bbox 1633 2482 1692 2512; x_wconf 86' lang='lat' dir='ltr'><strong>sub</strong></span> <span class='ocrx_word' id='word_1_403' title='bbox 1705 2481 1807 2514; x_wconf 85' lang='lat' dir='ltr'><strong>cultu-</strong></span> 
     </span>
     <span class='ocr_line' id='line_1_74' title="bbox 1062 2521 1793 2562; baseline 0.005 -10"><span class='ocrx_word' id='word_1_404' title='bbox 1062 2522 1205 2554; x_wconf 88' lang='lat' dir='ltr'><strong>muliebri</strong></span> <span class='ocrx_word' id='word_1_405' title='bbox 1216 2533 1292 2554; x_wconf 88' lang='lat' dir='ltr'><strong>occu</strong></span> <span class='ocrx_word' id='word_1_406' title='bbox 1308 2529 1390 2554; x_wconf 86' lang='lat' dir='ltr'><strong>tasse</strong></span> <span class='ocrx_word' id='word_1_407' title='bbox 1397 2521 1513 2554; x_wconf 83' lang='lat' dir='ltr'><strong>dicitur</strong></span> <span class='ocrx_word' id='word_1_408' title='bbox 1522 2534 1531 2562; x_wconf 74' lang='lat'>5</span> <span class='ocrx_word' id='word_1_409' title='bbox 1542 2521 1624 2554; x_wconf 83' lang='lat' dir='ltr'><strong>unde</strong></span> <span class='ocrx_word' id='word_1_410' title='bbox 1633 2523 1661 2554; x_wconf 83' lang='lat' dir='ltr'><strong>is</strong></span> <span class='ocrx_word' id='word_1_411' title='bbox 1668 2523 1793 2561; x_wconf 85' lang='lat' dir='ltr'><strong>deinde.</strong></span> 
     </span>
     <span class='ocr_line' id='line_1_75' title="bbox 1063 2563 1794 2606; baseline 0.003 -11"><span class='ocrx_word' id='word_1_412' title='bbox 1063 2574 1136 2595; x_wconf 91' lang='lat' dir='ltr'><strong>cum</strong></span> <span class='ocrx_word' id='word_1_413' title='bbox 1147 2564 1334 2599; x_wconf 66' lang='lat' dir='ltr'><strong>Deidamiae,</strong></span> <span class='ocrx_word' id='word_1_414' title='bbox 1347 2563 1398 2606; x_wconf 89' lang='lat' dir='ltr'><strong>cuj</strong></span> <span class='ocrx_word' id='word_1_415' title='bbox 1404 2574 1439 2595; x_wconf 87' lang='lat' dir='ltr'><strong>us</strong></span> <span class='ocrx_word' id='word_1_416' title='bbox 1451 2574 1554 2596; x_wconf 87' lang='lat' dir='ltr'><strong>amore</strong></span> <span class='ocrx_word' id='word_1_417' title='bbox 1563 2569 1672 2606; x_wconf 72' lang='lat' dir='ltr'><strong>captus</strong></span> <span class='ocrx_word' id='word_1_418' title='bbox 1683 2565 1794 2604; x_wconf 76' lang='lat' dir='ltr'><strong>fuerat,</strong></span> 
     </span>
     <span class='ocr_line' id='line_1_76' title="bbox 1063 2605 1792 2648; baseline 0.004 -12"><span class='ocrx_word' id='word_1_419' title='bbox 1063 2615 1095 2636; x_wconf 87' lang='lat' dir='ltr'><strong>se</strong></span> <span class='ocrx_word' id='word_1_420' title='bbox 1111 2606 1209 2637; x_wconf 90' lang='lat' dir='ltr'><strong>virum</strong></span> <span class='ocrx_word' id='word_1_421' title='bbox 1224 2605 1420 2648; x_wconf 83' lang='lat' dir='ltr'><strong>prodidisset,</strong></span> <span class='ocrx_word' id='word_1_422' title='bbox 1436 2607 1475 2637; x_wconf 81' lang='lat' dir='ltr'><strong>ab</strong></span> <span class='ocrx_word' id='word_1_423' title='bbox 1491 2606 1606 2648; x_wconf 80' lang='lat' dir='ltr'><strong>Ulysse</strong></span> <span class='ocrx_word' id='word_1_424' title='bbox 1625 2605 1659 2637; x_wconf 86' lang='lat' dir='ltr'><strong>in</strong></span> <span class='ocrx_word' id='word_1_425' title='bbox 1673 2607 1792 2640; x_wconf 80' lang='lat' dir='ltr'><strong>bellum</strong></span> 
     </span>
     <span class='ocr_line' id='line_1_77' title="bbox 1062 2647 1791 2690; baseline 0.005 -12"><span class='ocrx_word' id='word_1_426' title='bbox 1062 2647 1232 2689; x_wconf 87' lang='lat' dir='ltr'><strong>Trojanum</strong></span> <span class='ocrx_word' id='word_1_427' title='bbox 1260 2653 1431 2690; x_wconf 85' lang='lat' dir='ltr'><strong>protractus</strong></span> <span class='ocrx_word' id='word_1_428' title='bbox 1459 2653 1519 2679; x_wconf 85' lang='lat' dir='ltr'><strong>est.</strong></span> <span class='ocrx_word' id='word_1_429' title='bbox 1569 2647 1683 2680; x_wconf 77' lang='lat' dir='ltr'><strong>Fusius</strong></span> <span class='ocrx_word' id='word_1_430' title='bbox 1709 2649 1791 2682; x_wconf 82' lang='lat' dir='ltr'><strong>hanc</strong></span> 
     </span>
     <span class='ocr_line' id='line_1_78' title="bbox 1061 2689 1792 2724; baseline 0.004 -4"><span class='ocrx_word' id='word_1_431' title='bbox 1061 2700 1125 2720; x_wconf 84' lang='lat' dir='ltr'><strong>rem</strong></span> <span class='ocrx_word' id='word_1_432' title='bbox 1147 2691 1292 2721; x_wconf 89' lang='lat' dir='ltr'><strong>tractavit</strong></span> <span class='ocrx_word' id='word_1_433' title='bbox 1317 2690 1435 2722; x_wconf 81' lang='lat' dir='ltr'><strong>Statius</strong></span> <span class='ocrx_word' id='word_1_434' title='bbox 1459 2689 1493 2720; x_wconf 90' lang='lat' dir='ltr'><strong>in</strong></span> <span class='ocrx_word' id='word_1_435' title='bbox 1517 2689 1718 2722; x_wconf 81' lang='lat' dir='ltr'><strong>Achilleide:</strong></span> <span class='ocrx_word' id='word_1_436' title='bbox 1750 2692 1792 2724; x_wconf 87' lang='lat' dir='ltr'><strong>cf.</strong></span> 
     </span>
     <span class='ocr_line' id='line_1_79' title="bbox 1062 2731 1791 2773; baseline 0.003 -11"><span class='ocrx_word' id='word_1_437' title='bbox 1062 2731 1154 2763; x_wconf 88' lang='lat' dir='ltr'><strong>Bion.</strong></span> <span class='ocrx_word' id='word_1_438' title='bbox 1171 2733 1219 2763; x_wconf 91' lang='lat' dir='ltr'><strong>Id.</strong></span> <span class='ocrx_word' id='word_1_439' title='bbox 1233 2732 1276 2763; x_wconf 91' lang='lat' dir='ltr'><strong>vi.</strong></span> <span class='ocrx_word' id='word_1_440' title='bbox 1310 2732 1370 2762; x_wconf 88' lang='lat' dir='ltr'><strong>Sub</strong></span> <span class='ocrx_word' id='word_1_441' title='bbox 1385 2733 1538 2763; x_wconf 68' lang='lat' dir='ltr'><strong>lacrimosa</strong></span> <span class='ocrx_word' id='word_1_442' title='bbox 1554 2732 1791 2773; x_wconf 69' lang='lat' dir='ltr'><strong>Trcy&#39;oefumm:</strong></span> 
     </span>
     <span class='ocr_line' id='line_1_80' title="bbox 1060 2772 1793 2807; baseline 0.004 -3"><span class='ocrx_word' id='word_1_443' title='bbox 1060 2783 1132 2805; x_wconf 88' lang='lat' dir='ltr'><strong>eum</strong></span> <span class='ocrx_word' id='word_1_444' title='bbox 1160 2774 1265 2806; x_wconf 86' lang='lat' dir='ltr'><strong>Graeci</strong></span> <span class='ocrx_word' id='word_1_445' title='bbox 1289 2775 1329 2804; x_wconf 87' lang='lat' dir='ltr'><strong>ad</strong></span> <span class='ocrx_word' id='word_1_446' title='bbox 1351 2774 1470 2806; x_wconf 88' lang='lat' dir='ltr'><strong>bellum</strong></span> <span class='ocrx_word' id='word_1_447' title='bbox 1489 2772 1735 2806; x_wconf 79' lang='lat' dir='ltr'><strong>funestissimum</strong></span> <span class='ocrx_word' id='word_1_448' title='bbox 1759 2786 1793 2807; x_wconf 86' lang='lat' dir='ltr'><strong>se</strong></span> 
     </span>
     <span class='ocr_line' id='line_1_81' title="bbox 1060 2815 1792 2858; baseline 0.003 -12"><span class='ocrx_word' id='word_1_449' title='bbox 1060 2815 1274 2858; x_wconf 83' lang='lat' dir='ltr'><strong>accingerent3</strong></span> <span class='ocrx_word' id='word_1_450' title='bbox 1293 2816 1416 2857; x_wconf 72' lang='lat' dir='ltr'><strong>summ</strong></span> <span class='ocrx_word' id='word_1_451' title='bbox 1443 2826 1498 2858; x_wconf 87' lang='lat' dir='ltr'><strong>pro</strong></span> <span class='ocrx_word' id='word_1_452' title='bbox 1522 2815 1618 2852; x_wconf 89' lang='lat' dir='ltr'><strong>bello,</strong></span> <span class='ocrx_word' id='word_1_453' title='bbox 1649 2815 1792 2848; x_wconf 76' lang='lat' dir='ltr'><strong>funerum</strong></span> 
     </span>
     <span class='ocr_line' id='line_1_82' title="bbox 1060 2857 1794 2900; baseline 0.004 -12"><span class='ocrx_word' id='word_1_454' title='bbox 1060 2867 1165 2889; x_wconf 89' lang='lat' dir='ltr'><strong>causa.</strong></span> <span class='ocrx_word' id='word_1_455' title='bbox 1220 2859 1342 2899; x_wconf 79' lang='lat' dir='ltr'><strong>Lycias,</strong></span> <span class='ocrx_word' id='word_1_456' title='bbox 1372 2857 1405 2888; x_wconf 93' lang='lat' dir='ltr'><strong>h.</strong></span> <span class='ocrx_word' id='word_1_457' title='bbox 1433 2867 1463 2889; x_wconf 86' lang='lat' dir='ltr'><strong>e.</strong></span> <span class='ocrx_word' id='word_1_458' title='bbox 1494 2857 1646 2900; x_wconf 81' lang='lat' dir='ltr'><strong>Trojanas</strong></span> <span class='ocrx_word' id='word_1_459' title='bbox 1661 2869 1669 2897; x_wconf 89' lang='lat'>;</span> <span class='ocrx_word' id='word_1_460' title='bbox 1701 2859 1729 2890; x_wconf 93' lang='lat' dir='ltr'>L</span> <span class='ocrx_word' id='word_1_461' title='bbox 1751 2859 1794 2891; x_wconf 90' lang='lat' dir='ltr'><strong>cii</strong></span> 
     </span>
     <span class='ocr_line' id='line_1_83' title="bbox 1059 2899 1793 2937; baseline 0.004 -7"><span class='ocrx_word' id='word_1_462' title='bbox 1059 2900 1155 2935; x_wconf 80' lang='lat' dir='ltr'><strong>enim,</strong></span> <span class='ocrx_word' id='word_1_463' title='bbox 1171 2901 1226 2931; x_wconf 87' lang='lat' dir='ltr'><strong>Sar</strong></span> <span class='ocrx_word' id='word_1_464' title='bbox 1249 2900 1347 2931; x_wconf 82' lang='lat' dir='ltr'><strong>edone</strong></span> <span class='ocrx_word' id='word_1_465' title='bbox 1362 2904 1395 2930; x_wconf 87' lang='lat' dir='ltr'><strong>et</strong></span> <span class='ocrx_word' id='word_1_466' title='bbox 1409 2899 1533 2933; x_wconf 85' lang='lat' dir='ltr'><strong>Glauco</strong></span> <span class='ocrx_word' id='word_1_467' title='bbox 1553 2899 1699 2937; x_wconf 85' lang='lat' dir='ltr'><strong>ducibus,</strong></span> <span class='ocrx_word' id='word_1_468' title='bbox 1744 2911 1793 2933; x_wconf 82' lang='lat' dir='ltr'><strong>ro-</strong></span> 
     </span>
    </p>
   </div>
   <div class='ocr_carea' id='block_1_18' title="bbox 284 2940 1442 2984">
    <p class='ocr_par' dir='ltr' id='par_1_22' title="bbox 284 2940 1442 2984">
     <span class='ocr_line' id='line_1_84' title="bbox 284 2940 1442 2984; baseline -0.003 -8"><span class='ocrx_word' id='word_1_469' title='bbox 284 2950 351 2976; x_wconf 89' lang='lat' dir='ltr'><strong>tata</strong></span> <span class='ocrx_word' id='word_1_470' title='bbox 366 2955 406 2977; x_wconf 89' lang='lat' dir='ltr'><strong>ex</strong></span> <span class='ocrx_word' id='word_1_471' title='bbox 421 2953 574 2974; x_wconf 87' lang='lat' dir='ltr'><strong>armorum</strong></span> <span class='ocrx_word' id='word_1_472' title='bbox 580 2965 589 2980; x_wconf 92' lang='lat'><em>,</em></span> <span class='ocrx_word' id='word_1_473' title='bbox 604 2942 697 2980; x_wconf 75' lang='lat' dir='ltr'><strong>disci,</strong></span> <span class='ocrx_word' id='word_1_474' title='bbox 712 2948 743 2975; x_wconf 86' lang='lat' dir='ltr'><strong>et</strong></span> <span class='ocrx_word' id='word_1_475' title='bbox 757 2941 858 2983; x_wconf 88' lang='lat' dir='ltr'><strong>jaculi</strong></span> <span class='ocrx_word' id='word_1_476' title='bbox 871 2942 1017 2984; x_wconf 88' lang='lat' dir='ltr'><strong>pondere.</strong></span> <span class='ocrx_word' id='word_1_477' title='bbox 1054 2941 1202 2983; x_wconf 87' lang='lat' dir='ltr'><strong>janorum</strong></span> <span class='ocrx_word' id='word_1_478' title='bbox 1232 2946 1341 2974; x_wconf 87' lang='lat' dir='ltr'><strong>uerunt</strong></span> <span class='ocrx_word' id='word_1_479' title='bbox 1354 2940 1442 2973; x_wconf 84' lang='lat' dir='ltr'><strong>socii.</strong></span> 
     </span>
    </p>
   </div>
  </div>
 </body>
</html>
