1884 3288
653 196 878 240 LIBER
909 195 994 246 111,
1027 197 1095 238 30.
1571 199 1652 240 195

444 302 625 352 Tutum,
647 315 728 356 per
749 298 933 355 AEgaeos
964 298 1176 341 tumultus

502 369 627 412 Aura
647 368 774 419 feret,
797 368 1085 424 geminusque
1107 366 1280 409 Pollux.

636 518 916 562 CARMEN
949 517 1105 560 XXX.

387 643 543 686 Exsscx
565 650 890 686 monumentum
911 658 998 685 aere
1018 643 1270 699 perennius,

385 712 632 768 Regalique
655 714 741 754 situ
762 712 1039 768 pyramidum
1060 711 1214 762 altius3

385 780 522 828 Quod
545 797 631 823 non
654 782 792 823 imber
812 781 942 831 edax,
962 796 1050 822 non
1074 780 1237 836 Aquilo
1258 781 1476 836 impotens

384 848 531 890 Possit
552 850 743 899 diruere,
766 856 841 891 aut
862 848 1189 890 innumerabilis

327 916 356 957 5
385 915 615 959 Annorum
638 918 787 968 series,
810 924 854 959 et
876 916 981 973 fuga
1003 924 1261 972 temporum.

383 983 493 1027 Non
513 986 650 1028 omnis
670 985 832 1027 moriar
849 1001 858 1027 :

384 1053 563 1097 Vitabit
586 1054 837 1096 Libitinam.

891 984 1114 1040 multaque
1136 1000 1238 1040 pars
1258 985 1344 1026 mei

891 1052 1057 1108 ,Usque
1079 1068 1162 1108 ego
1183 1060 1363 1109 postera

381 1121 589 1165 Creseam
609 1121 740 1165 laude
762 1137 930 1173 reeenS,
954 1123 1058 1164 dum
1082 1121 1350 1177 Capitolium

86 1243 191 1274 preces
204 1235 380 1271 decurrere,
398 1234 438 1266 ad
452 1243 563 1276 preces
579 1233 755 1276 perfugere,
772 1233 844 1275 qui-

90 1275 151 1308 bus
164 1277 297 1308 deorum
312 1282 476 1309 moveatur
498 1277 673 1308 miseratio.
717 1277 752 1307 Si
775 1288 844 1308 mu-

87 1320 195 1361 giotA
213 1321 288 1352 rio-1⁶⁸
304 1320 411 1351 Malas
426 1320 587 1360 procellis:
605 1319 632 1350 si
648 1319 844 1361 tempestatis

90 1361 132 1393 ab
146 1361 178 1393 A
210 1361 259 1394 'eo
269 1363 440 1394 concitatae
452 1368 594 1405 tempore
609 1362 715 1393 malus
730 1362 845 1394 strido·

88 1413 156 1437 rem
171 1404 258 1442 edat,
275 1416 344 1449 pro,
368 1404 555 1438 imminente
579 1404 738 1446 naufragii
763 1405 844 1448 peri-

89 1447 166 1479 culo
178 1460 187 1479 :
210 1459 285 1492 sup.
298 1449 322 1487 i,
334 1450 386 1488 14,
397 1450 430 1488 5,
442 1448 484 1479 Et
497 1449 597 1479 maius
613 1449 705 1479 ceteri
721 1451 847 1480 saucius

89 1491 200 1533 Africo
217 1492 424 1534 Antennoeque
434 1498 571 1534 gemant.
620 1491 702 1523 Votis
716 1493 844 1531 pacisci,

89 1533 150 1565 sub
167 1543 206 1566 ea
225 1535 408 1567 conditione
432 1540 508 1566 vota
533 1534 694 1576 suscipere
717 1539 749 1566 et
771 1546 844 1577 pro—

89 1577 227 1614 mittere,
241 1589 291 1615 ne,
306 1583 382 1610 cett.
402 1577 479 1609 hinc
500 1588 604 1618 preca
626 1588 738 1608 emaces
760 1579 844 1620 apud

89 1619 182 1652 Pers.
198 1619 233 1659 ii,
247 1622 281 1653 3.
325 1622 454 1652 Addunt
480 1632 575 1652 avaro
601 1621 727 1651 divicias
750 1624 842 1658 mari,

89 1661 125 1694 h.
139 1673 171 1695 e.
185 1662 316 1702 divitiis,
331 1674 414 1706 quas
436 1673 523 1695 mare
545 1663 727 1694 insatiabile
749 1663 845 1695 devo-

87 1714 159 1738 rare
174 1705 268 1744 solet,
283 1717 400 1738 novum
413 1706 665 1738 additamentum
676 1706 843 1743 accedant,

88 1757 147 1791 pro
161 1748 215 1780 vul
259 1749 298 1786 ri,
313 1749 348 1781 in
370 1750 449 1781 mari
471 1755 615 1792 pereant.
663 1750 776 1785 Auara.
794 1749 844 1780 in-

89 1790 242 1830 satiabili,
263 1798 301 1824 ut
323 1802 397 1836 sup.
413 1792 437 1829 i,
452 1793 508 1828 28,
525 1793 577 1830 18,
603 1803 686 1823 mare
709 1794 846 1824 avidum.

90 1833 223 1867 Bia-emis
238 1836 368 1876 scaphae,
382 1836 506 1879 cymbae
522 1835 665 1871 minoris,
678 1846 751 1877 quae
764 1835 844 1867 duo-

88 1877 151 1908 bns
162 1878 257 1910 remis
273 1879 314 1910 ab
329 1889 395 1910 uno
418 1879 549 1920 regitur.
595 1878 762 1920 Ejusmodi
787 1888 844 1910 au-

89 1925 152 1952 tem
168 1922 306 1964 cymbae,
323 1928 360 1953 ut
375 1921 539 1963 naufragis
554 1927 660 1952 essent
682 1921 842 1964 praesidio,

89 1963 227 1996 navibus
242 1964 408 2004 onerariis,
423 1970 460 1996 ut
475 1965 580 1996 adhuc
596 1964 662 1996 fieri
678 1964 768 1998 solet.
785 1975 842 1996 an—

89 2015 182 2039 nexas
205 2007 304 2039 fuere.
351 2007 412 2038 Per
427 2009 543 2050 AEgoeos
568 2008 732 2043 tumultus,
760 2009 792 2039 li.
814 2018 843 2040 e.

90 2058 148 2091 per
169 2055 274 2083 motos
298 2050 332 2082 in
358 2050 438 2082 mari
467 2052 584 2092 AEgaeo
614 2051 750 2090 fluctus3
773 2058 842 2082 erat

89 2098 196 2124 autem
221 2103 307 2126 mare
329 2095 571 2136 AEgaeum,·per
592 2093 676 2135 quod
703 2094 841 2125 Romam

89 2134 206 2168 advehi
220 2135 382 2169 debebant
398 2147 518 2169 merces
535 2137 639 2179 Tyriae
654 2142 685 2168 et
701 2137 842 2179 Cypriae,

89 2179 318 2221 navigantibus
329 2180 371 2211 ob
386 2180 514 2212 crebras
527 2185 732 2222 tempestates
742 2180 842 2212 infes-

87 2220 258 2254 tissimum.
304 2222 358 2255 Cl.
376 2223 559 2264 Boettigero
584 2222 737 2254 Horatius
759 2234 839 2255 eun-

88 2262 211 2297 demin
227 2265 287 2297 boc
308 2265 380 2298 loco
402 2271 527 2309 poetam
552 2266 714 2302 Graecum,
738 2277 756 2298 e
777 2277 840 2308 quo

87 2307 175 2350 apud
190 2308 324 2340 Luciau.
352 2309 495 2341 Hermot.
517 2320 548 2341 c.
566 2310 621 2344 28.
638 2309 839 2351 proverbium

87 2348 146 2383 ἐπὶ
155 2349 260 2394 ῥιπὸς
268 2352 308 2384 τὸ
318 2350 465 2395 Αἰγαῖον
475 2351 681 2384 διαπλεῦσαι
691 2352 841 2384 haustum

32 2397 35 2426 ἶ
87 2393 142 2430 sit.
153 2400 228 2427 aute
241 2394 354 2427 oculos
370 2395 522 2427 habuisse
532 2395 668 2428 videtur.
693 2395 843 2428 Geminus

37 2470 39 2474 ,
87 2435 214 2476 Pollux,
245 2438 360 2470 castor
391 2444 423 2470 et
451 2439 582 2475 Pollux,
615 2437 842 2481 navigantibus

31 2507 42 2525 ·.
88 2479 216 2523 propitii
230 2491 238 2512 ι
263 2480 307 2514 cf.
322 2492 394 2525 sup.
410 2481 434 2518 i,
450 2482 482 2520 3,
498 2482 532 2514 2.

28 2551 49 2582 ³3³.-

30 2591 50 2615 {a

29 2682 56 2701 <e

28 2718 56 2807 ἕ

29 2826 45 2847 θ
54 2843 55 2846 ,

33 2847 57 2872 ἢ.»

31 2879 69 2905 Τι’·

291 2567 497 2600 CARMEN
522 2568 634 2599 XXX.

131 2608 230 2647 Quod
251 2615 328 2642 aute
355 2611 523 2642 Horatium
546 2611 613 2653 jam
642 2610 699 2642 alii
732 2612 842 2653 magni

86 2651 226 2684 nominis
251 2658 353 2696 poeta
369 2653 410 2686 de
432 2653 540 2695 gloriae
562 2664 628 2685 suae
653 2653 840 2687 immortali-

84 2697 151 2727 ute
162 2702 332 2729 senserunt
343 2703 375 2728 et
393 2697 527 2740 professi
541 2702 629 2732 sunt.
642 2696 674 2727 id
690 2698 842 2729 Horatius

85 2746 214 2786 qnoque
228 2739 327 2771 sentit
341 2746 374 2771 et
396 2740 562 2782 profitetur
578 2740 610 2771 in
625 2740 687 2770 hoc
704 2740 844 2782 epilogo,

33 2811 48 2824 K,
87 2781 352 2819 acuminibus,
370 2793 444 2824 quae
460 2788 528 2814 tum
553 2783 691 2826 primum
713 2784 845 2825 evulga-

85 2821 146 2863 vit,
160 2823 283 2861 addito,
308 2829 332 2844 “
343 2831 468 2867 partam
483 2828 540 2857 sibi
558 2828 726 2868 lyricorum
742 2834 844 2866 poeta-

86 2874 160 2899 m
173 2869 258 2900 inter
276 2868 426 2900 Romanos
440 2871 580 2910 principi
603 2870 735 2910 gloriam
758 2877 846 2901 αἰεν-

39 2931 47 2939 .
88 2909 276 2952 mforaess’
293 2911 486 2943 vaticinans.
533 2911 601 2949 Qui
615 2911 798 2948 Horatium,
814 2914 846 2945 in

91 2949 212 2994 iisqu-
219 2953 260 2987 de
273 2954 413 2986 nominis
425 2955 475 2986 sui
489 2955 726 2986 immortalitate
739 2955 773 2986 in
787 2956 847 2988 hoc

93 2995 234 3029 carmine
250 2997 412 3039 gloriatur,
429 2998 597 3031 modestiae
613 2999 701 3040 leges
718 2999 850 3042 migras-

31 3176 70 3195 ⁸⁵.

890 1244 924 1266 se
941 1239 1123 1270 autumant,
1137 1234 1159 1266 ii
1176 1245 1252 1266 sane
1269 1244 1420 1276 magnum
1441 1234 1643 1277 antiquitatis

889 1283 1013 1319 poetam
1026 1279 1066 1308 ad
1077 1283 1191 1309 nostrae
1200 1277 1474 1319 aetatisingenium
1482 1284 1514 1309 et
1527 1289 1641 1316 mores,

890 1331 928 1351 ne
941 1320 1058 1357 dicam,
1075 1321 1115 1351 ad
1132 1326 1309 1352 nostrorum
1326 1326 1488 1362 poetarum
1506 1321 1643 1363 pretium

890 1362 1070 1405 dijudicant
1082 1375 1091 1401 ;
1109 1374 1166 1395 nec
1181 1374 1268 1399 eum,
1281 1364 1361 1394 alias
1373 1363 1642 1395 modestissimum

890 1407 947 1448 (ut
962 1406 1010 1437 vel
1026 1417 1154 1438 carmen
1171 1412 1298 1438 sextum
1322 1406 1394 1437 libri
1418 1406 1512 1448 primi
1527 1412 1560 1438 et
1573 1417 1642 1438 car-

888 1459 963 1480 men
979 1449 1154 1481 secundum
1172 1449 1244 1480 libri
1268 1450 1372 1491 quarti
1397 1449 1474 1480 satis
1493 1450 1641 1490 docent),

889 1490 922 1522 in
940 1492 999 1524 hoc
1014 1492 1167 1524 vaticinio
1184 1502 1314 1534 quoque
1330 1493 1516 1524 Graecorum
1534 1500 1642 1535 poeta·

888 1544 959 1566 rum
988 1535 1123 1577 vestigia
1153 1535 1304 1578 pressisse
1333 1546 1444 1567 secum
1482 1542 1643 1584 reputant.

890 1578 1131 1610 Nobilissimam
1149 1584 1266 1617 autem,
1289 1589 1385 1620 quam
1413 1580 1565 1610 Horatius
1588 1591 1642 1610 su-

888 1621 959 1658 mit,
975 1622 1157 1664 superbiam
1173 1621 1330 1653 excitasse
1354 1622 1498 1664 inprimis
1518 1623 1643 1654 videtur

888 1665 1069 1706 exemplum
1095 1665 1238 1702 Pindari,
1255 1665 1400 1696 similiter
1423 1665 1487 1697 sere
1508 1665 1549 1697 de
1573 1676 1642 1697 car-

889 1708 1012 1738 minum
1044 1718 1173 1739 suorum
1205 1709 1382 1739 aeteruitate
1414 1709 1578 1749 gloriantis
1609 1710 1643 1741 in

890 1750 988 1791 Pyth.
1005 1750 1048 1786 vi,
1067 1751 1085 1781 7
1102 1761 1174 1792 sqq.
1220 1751 1372 1782 Ceterum
1389 1762 1464 1782 cnm
1490 1752 1642 1783 Horatius

890 1791 972 1824 idem
999 1793 1063 1824 sere
1091 1793 1131 1825 de
1159 1793 1297 1824 nominis
1324 1793 1374 1824 sui
1403 1794 1642 1828 immortalitate

889 1835 1073 1867 vaticinium
1100 1836 1167 1878 jam
1199 1836 1231 1867 in
1263 1836 1375 1868 ultimo
1401 1837 1541 1868 carmine
1570 1839 1641 1869 libri

888 1879 1019 1910 secundi
1049 1879 1196 1915 ediderit,
1224 1879 1369 1922 illudque
1399 1880 1516 1922 pariter
1545 1887 1641 1922 atque

889 1922 948 1953 hoc
965 1933 1022 1965 pro
1039 1922 1165 1964 epilogo
1182 1922 1286 1953 haberi
1302 1923 1421 1965 possit;
1444 1934 1508 1954 nou
1524 1930 1640 1956 temere

888 1965 1018 2007 aliquis,
1046 1966 1215 1996 Horatium
1242 1965 1377 2008 primum
1408 1966 1488 1997 duos
1513 1967 1638 1998 Carmi-

889 2018 965 2039 num
982 2008 1078 2039 libros
1095 2009 1226 2051 priores,
1242 2014 1274 2040 et
1289 2008 1403 2040 deinde
1419 2009 1505 2040 hunc
1522 2010 1638 2041 librum

886 2051 1011 2083 tertium
1039 2051 1208 2094 separatim
1232 2052 1427 2094 publicasse,
1450 2053 1523 2084 inde
1546 2054 1638 2084 colli-

887 2101 953 2136 gat.
1000 2095 1196 2137 Comparant
1223 2095 1367 2138 Propert.
1393 2095 1438 2131 iii.
1459 2097 1491 2133 2,
1515 2101 1558 2131 et,
1584 2098 1640 2138 qui

889 2138 1056 2169 Horatium
1073 2138 1217 2169 imitatus
1234 2144 1295 2174 est,
1321 2137 1471 2176 Ovidius,
1495 2139 1554 2170 sub
1578 2140 1640 2173 fine

889 2182 972 2212 Met.
987 2192 1040 2217 xv,
1056 2182 1114 2213 871
1134 2192 1207 2223 sqq.

932 2225 1027 2256 1-5,
1067 2224 1172 2266 Exegi,
1206 2225 1237 2255 h.
1269 2235 1298 2256 e.
1329 2225 1428 2261 erexi.
1464 2225 1497 2256 in
1537 2226 1635 2258 altum

885 2267 996 2302 eduxi,
1011 2273 1046 2298 ut
1061 2268 1141 2299 bene
1158 2268 1211 2299 (ΣΙ.
1224 2268 1357 2299 Mitsch.
1398 2269 1639 2312 Regaliquesiru.

870 2313 1093 2351 *pyramidum
1112 2322 1179 2353 pro,
1196 2311 1416 2353 pyramidibus
1433 2323 1517 2353 regio
1529 2320 1637 2345 sumtu

885 2354 1057 2385 exstructis
1072 2367 1079 2384 :
1107 2364 1167 2385 vox
1181 2357 1257 2386 situs
1273 2354 1326 2396 (h.
1343 2365 1374 2386 e.
1390 2361 1559 2391 structura,
1582 2367 1638 2399 po-

887 2396 986 2437 situs)
1003 2407 1106 2429 rerum
1122 2403 1354 2428 exstructarum
1372 2404 1404 2429 et
1427 2399 1460 2429 in
1484 2399 1555 2431 loco
1580 2401 1639 2430 ali-

886 2450 951 2481 quo
965 2440 1193 2471 collocatarum
1210 2440 1387 2483 periphrasi
1403 2441 1545 2474 inservit.
1574 2443 1635 2474 Im.-

886 2484 939 2514 ber
962 2485 1048 2520 edas,
1072 2494 1159 2518 nam,
1184 2490 1221 2514 ut
1243 2483 1364 2515 Tibull.
1380 2483 1402 2515 i.
1417 2487 1449 2521 4,
1477 2486 1515 2516 18
1539 2487 1638 2523 canit,

888 2526 994 2568 Longa
1010 2528 1072 2558 dies
1089 2528 1174 2558 molli
1193 2537 1264 2558 saw
1287 2529 1406 2567 peredit
1420 2540 1523 2569 αιμιας
1547 2535 1579 2560 et
1595 2530 1639 2561 sic

884 2579 984 2600 carm.
1000 2569 1183 2612 praeeed.v.
1209 2571 1264 2606 36,
1293 2571 1408 2611 lapides
1434 2573 1528 2603 adesi.
1575 2572 1639 2603 Im-

882 2620 999 2652 potens,
1015 2618 1128 2655 praeter
1143 2612 1273 2644 modum
1298 2613 1404 2645 furens
1426 2620 1522 2656 atque
1546 2615 1639 2646 saevi-

886 2666 943 2688 ens
958 2667 966 2694 ;
991 2656 1036 2687 sic
1054 2655 1138 2698 apud
1157 2655 1280 2688 Catull.
1298 2656 1341 2694 iv,
1369 2658 1420 2692 18,
1435 2658 1527 2700 freta
1545 2661 1639 2698 impo-

886 2700 996 2734 tentia,
1014 2699 1192 2742 procellosa
1205 2705 1238 2730 et
1253 2705 1419 2731 ventorum
1440 2700 1543 2733 furore
1563 2712 1638 2733 con-

889 2742 997 2773 citata.
1170 2742 1179 2748 ⁶

931 2785 1031 2816 6—9.
1057 2784 1127 2815 Non
1157 2788 1252 2816 omnis
1279 2788 1414 2817 moriar:
1439 2797 1511 2830 sup.
1528 2787 1562 2823 ii,
1585 2789 1640 2825 20,

890 2828 923 2863 6,
944 2828 1012 2859 Non
1027 2839 1091 2870 ego,
1109 2838 1195 2868 quem
1210 2840 1306 2866 vocas,
1333 2830 1455 2861 Dilecte
1479 2831 1641 2867 Maecenas,

889 2872 983 2906 obibo,
1004 2872 1068 2902 Nec
1085 2871 1195 2913 Stygia
1212 2873 1366 2903 cohibebor
1380 2875 1478 2905 unda.
1529 2874 1644 2904 l’itabit

894 2915 1075 2951 Libitinam,
1093 2914 1178 2945 haud
1202 2915 1386 2957 sepelietur,
1403 2916 1489 2947 haud
1506 2916 1643 2946 obnoxia

890 2958 954 2988 erit
969 2958 1081 2994 morti3
1104 2957 1217 2989 habuit
1234 2969 1347 3000 nempe
1367 2959 1467 2990 Venus
1492 2960 1643 2993 Libitina,

895 3010 968 3042 quae
985 3007 1115 3043 praeerat
1132 3001 1308 3036 funeribus,
1334 3003 1499 3043 templum,
1524 3001 1554 3031 in
1580 3012 1644 3042 quo

842 3046 904 3076 02
