1904 3314
0 931 1 941 ,
33 895 44 942 Ξ

445 170 710 214 EPISTO
725 169 815 212 LA
855 168 954 212 AD
997 170 1326 215 PISONES.

1567 174 1646 214 561

220 271 388 315 Verum
411 273 486 316 ubi
506 272 632 328 plura
651 272 790 314 nitent
808 272 855 314 vin
868 272 1084 322 carmine,
1106 288 1194 314 non
1214 287 1298 329 ego
1319 273 1470 328 paucis

220 339 438 382 Offendar
457 339 651 390 maculis,
673 354 782 394 quas
805 347 879 381 aut
898 340 1066 381 incuria
1087 339 1215 391 fudit,

217 407 313 450 Aut
333 407 521 450 humana
540 421 693 463 parum
714 407 826 449 cavit
847 414 1018 449 natura.

1081 407 1203 455 Quid
1225 423 1332 464 ergo
1353 409 1449 450 est?

216 475 281 518 Ut
301 476 488 531 scriptor
509 475 545 516 si
565 481 719 530 peccat
740 475 855 517 idem
875 474 1078 516 librarius
1101 491 1255 530 usque,

100 543 187 587 355
217 544 427 593 Quamvis
449 549 516 586 est
535 544 738 594 monitus,
761 543 886 585 venia
906 551 1047 594 caret3
1081 544 1418 586 etcitharoedus

215 608 419 661 Ridetur,
441 610 607 652 chorda
628 611 702 666 qui
725 626 896 668 semper
917 612 1093 653 oberrat
1114 612 1290 653 eadem:

212 679 286 722 Sic
304 679 423 728 mihi,
445 680 520 735 qui
541 679 724 721 multum
744 687 900 730 cessat,
923 679 974 721 fit
997 678 1218 721 Choerilus
1240 679 1326 729 ille,

212 747 445 796 Quembis
467 754 621 802 terque
643 747 805 789 bonum
825 762 923 788 cum
947 748 1036 789 risu
1057 747 1213 797 miror3
1247 755 1291 788 et
1311 747 1428 788 idem

211 814 437 871 Indignor,
459 815 723 871 quandoque
745 815 886 857 bonus
909 815 1115 857 dormitat
1136 815 1373 857 Homerus.

95 883 183 926 360
210 883 380 927 Verum
400 884 523 940 operi
542 883 673 939 longo
694 883 760 925 fas
782 890 850 925 est
871 884 1086 939 obrepere
1109 898 1319 924 somnum.

213 951 278 994 Ut
297 952 482 1008 pictura,
504 953 676 1008 poesis;
709 952 791 994 erit
811 966 927 1007 quae,
950 953 985 993 si
1005 951 1189 1007 propius
1212 959 1315 1001 stes,

209 1019 279 1062 Te
300 1021 442 1077 capiet
461 1022 615 1077 magis,
637 1027 682 1062 et
700 1020 915 1076 quaedam,
939 1021 975 1061 si
993 1019 1167 1075 longius
1188 1019 1336 1061 abstes
1354 1036 1363 1069 3

210 1087 323 1130 Haec
343 1096 458 1131 amat
478 1089 727 1138 obscurum,
749 1087 865 1130 volet
885 1087 980 1129 haec
1002 1088 1083 1129 sub
1103 1087 1200 1128 luce
1221 1087 1374 1136 videri,

207 1155 378 1199 ‚Iudicis
399 1163 601 1211 argutum
623 1171 719 1211 quae
740 1170 828 1197 non
848 1155 1053 1196 formidat
1074 1169 1255 1196 acumen
1273 1171 1282 1196 z

92 1224 179 1267 365
209 1223 321 1266 Haec
341 1223 506 1279 placuit
527 1223 673 1274 semel,
696 1223 790 1265 haec
812 1224 958 1266 decies
980 1224 1165 1278 repetita
1187 1223 1391 1279 placebit.

269 1290 312 1333 O
333 1293 470 1347 maj0r
484 1293 708 1348 juvenum,
731 1292 925 1346 quamvis
948 1299 990 1333 et
1014 1307 1118 1333 voce
1142 1300 1322 1346 paterna

33 1457 38 1474 r
91 1426 220 1458 nubitur
249 1437 365 1458 arcus.-
395 1436 454 1458 nec
486 1425 707 1469 unusquisque
743 1426 838 1461 ictus,

92 1478 188 1510 quem
210 1479 303 1502 ascus
325 1468 509 1505 minabitur,
533 1480 604 1502 vere
632 1469 721 1501 feriet
744 1468 775 1499 id
800 1469 840 1499 ad

34 1499 35 1502 Ἴ
90 1511 178 1552 quod
198 1511 375 1544 feriendum
395 1511 599 1554 dirigebatur,
617 1512 672 1544 sed
689 1522 839 1543 nonnun-

93 1564 190 1597 quam
206 1565 227 1587 a
240 1561 326 1588 meta
337 1555 505 1587 aberrabit.

134 1597 210 1630 352.
234 1598 343 1633 Fudit,
361 1598 419 1629 ads
461 1598 527 1635 rsit,
547 1597 659 1632 illevit,
679 1597 841 1639 eleganter

34 1631 40 1638 ⁴
89 1644 124 1672 et
137 1641 375 1673 accommodate
391 1651 410 1672 a
445 1642 592 1677 maculas,
606 1646 756 1682 tanquam
775 1651 839 1672 rem

92 1682 237 1715 fluidam.

135 1726 322 1758 353--365-
359 1727 423 1758 Aut
457 1727 589 1757 humana
619 1737 729 1766 parum
759 1728 840 1757 cavit

89 1774 219 1805 natura.
235 1774 292 1801 aut
305 1769 444 1800 humana
465 1768 668 1800 imbecillitas
682 1778 746 1799 non
762 1769 839 1800 satis

90 1810 232 1844 evitavit.
279 1813 364 1848 Quia
378 1823 450 1855 ergo
464 1814 528 1843 est?
550 1818 626 1843 cett.
672 1812 792 1843 Sensus
808 1817 840 1843 et

90 1863 191 1887 nexus
209 1855 306 1898 hujus
325 1855 421 1898 paulo
443 1854 651 1897 impeditioris
673 1853 736 1885 loci
751 1854 838 1885 vide-

90 1902 143 1938 tur
155 1907 226 1930 esse
243 1898 296 1930 hic
311 1910 318 1929 :
344 1897 431 1936 Quid
457 1898 551 1939 igitur
569 1897 609 1929 de
626 1897 711 1928 vitiis
730 1903 839 1940 poeta—

88 1949 158 1971 rum
172 1941 377 1973 statuendum
391 1952 457 1973 esse
470 1941 614 1971 videtur!
631 1941 688 1982 qui
699 1941 835 1971 multum

88 1989 235 2026 peccant.
255 1984 518 2027 reprehendendi,
538 1983 593 2025 qui
610 1993 679 2014 raro
701 1983 734 2013 in
752 1993 836 2014 erro-

90 2034 157 2058 rem
172 2025 311 2069 aliquem
324 2037 358 2058 se
370 2027 479 2058 induci
493 2027 670 2069 patiuntur,
682 2026 720 2056 iis
733 2025 836 2067 ignos-

31 2089 34 2091 Δ
89 2067 228 2101 cendum
265 2075 324 2102 est.
369 2070 436 2113 (Ut
471 2072 615 2110 scr-imm,
653 2071 678 2099 si
715 2071 836 2110 peccat)

17 2773 20 2780 ’
55 2764 98 2792 ‘fac
141 2788 146 2790 ,

89 2112 358 2153 quemadmodum
394 2112 507 2144 scribae
542 2113 703 2155 (scriptori
741 2113 834 2143 libra-

87 2154 168 2192 rio).
195 2154 222 2187 si
247 2155 286 2194 is,
310 2155 454 2198 quamvis
479 2160 528 2187 est
558 2155 777 2197 reprehensus,
802 2154 835 2185 in

86 2193 198 2229 iisdem
226 2197 330 2230 verbis
359 2198 576 2230 describendis
606 2204 718 2240 peccat
747 2197 833 2229 haud

61 2239 68 2244 ”
85 2237 316 2281 ignoscendum
330 2246 388 2278 est,
405 2247 437 2272 et
451 2241 717 2283 quemadmodum
733 2240 833 2271 citha-

86 2282 207 2319 roedut,
222 2283 279 2326 qui
297 2293 420 2326 semper
433 2284 543 2315 eadem
564 2283 681 2315 chorda
697 2283 832 2320 oberrat,

85 2334 120 2358 se
131 2324 338 2358 deridendum
350 2327 471 2369 praebet
484 2338 492 2364 ;
515 2327 561 2358 sic
571 2326 651 2357 mihi
663 2325 716 2358 ille
729 2332 833 2368 poeta,

86 2367 144 2411 qui
165 2374 268 2401 scatet
282 2369 378 2406 vitiis,
394 2369 428 2401 fit
451 2370 530 2401 alter
545 2369 636 2411 quasi
657 2369 831 2408 Choerilus,

86 2420 194 2454 mm,
209 2418 417 2455 praeterquam
433 2413 519 2455 (cam
535 2415 620 2452 risu.)
632 2413 718 2454 quod
733 2413 832 2444 multa

87 2453 160 2496 §jus
179 2454 256 2487 vitia
277 2455 375 2492 rideo,
397 2454 493 2486 simul
514 2455 609 2486 miror
631 2455 656 2486 si
682 2466 830 2486 nonnun-

49 2517 64 2536 «ἢ
86 2505 180 2539 (βίω
193 2498 274 2530 bene
284 2498 372 2530 canit
383 2511 392 2538 ;
411 2498 619 2530 nihilominus
630 2505 735 2530 tamen
747 2498 830 2530 idem

21 2541 159 2582 jq‘,
179 2540 236 2583 qui
257 2540 354 2572 miror
379 2540 458 2573 adeo
481 2551 567 2579 eum,
590 2540 645 2583 qui
673 2540 721 2572 bis
748 2546 832 2574 terve

24 2585 208 2620 nutum
221 2594 255 2616 se
269 2584 390 2615 bonum
406 2589 529 2626 poetam
547 2584 678 2626 praebet,
695 2594 765 2632 ego,
782 2584 831 2614 in-

209 2626 267 2676 qui
281 2626 394 2670 paucis
410 2626 542 2658 maculis
557 2627 589 2657 in
611 2637 762 2664 carmine,
777 2626 831 2658 ubi

15 2633 308 2714 ,¹2ffl’nitent,
323 2679 388 2701 non
407 2669 524 2701 offendi
545 2669 712 2704 debebam,
727 2669 832 2711 indig-

17 2732 21 2733 ν
51 2722 66 2756 'U
99 2727 122 2736 ·⁴
145 2734 155 2749 ,
183 2711 314 2755 quaudo
341 2713 446 2744 bonus
477 2713 634 2744 Homerus
662 2712 834 2750 dormitat;

159 2764 278 2804 nquam
309 2755 447 2798 aequitas
469 2755 599 2786 omnino
627 2755 777 2797 postulat,
799 2760 836 2786 ut

120 2807 198 2840 'qul
219 2797 315 2840 longo
336 2798 421 2841 operi
446 2798 587 2830 intentus
605 2808 834 2840 nonnunquam

117 2854 130 2861 -’
151 2838 248 2879 diat,
263 2840 438 2884 ignoscam.

82 2882 204 2915 25:³54.
230 2883 369 2924 Scriptor-
399 2885 559 2920 librarias,
583 2882 706 2915 scriba:
735 2883 839 2914 Varro

75 2926 98 2950 *a*
126 2964 133 2969 q
146 2925 191 2958 R.
212 2925 258 2958 R.
279 2925 327 2963 iii,
346 2928 381 2963 2,
400 2927 507 2958 Scriba
532 2928 689 2963 librarius,
713 2927 840 2957 libertus

95 2966 119 2976 ’“
134 3002 137 3003 ⁷
154 2990 165 3006 ,
181 2970 232 3010 qui
249 2973 396 3012 apparuit
420 2971 559 3001 I-'arronh

928 1427 1004 1458 357.
1038 1426 1100 1462 Qui
1130 1428 1262 1458 multum
1293 1432 1398 1465 cessat,
1430 1432 1540 1468 peccat
1558 1439 1564 1457 ε
1594 1427 1635 1458 cf.

885 1479 954 1512 sup.
979 1468 1018 1500 ad
1045 1469 1147 1512 Epist.
1171 1470 1206 1505 ii,
1225 1472 1256 1508 2,
1277 1471 1327 1500 14.
1375 1471 1546 1501 Choerilus:
1573 1469 1635 1502 vid.

884 1511 923 1543 de
940 1522 978 1543 eo
993 1512 1030 1543 ad
1050 1512 1152 1555 Epist.
1172 1513 1206 1551 ii,
1224 1514 1254 1550 l,
1268 1514 1345 1544 233.
1391 1512 1527 1544 Choerili
1549 1513 1631 1552 frag—

885 1562 991 1587 menta
1006 1556 1138 1597 collegit
1151 1557 1254 1598 deque
1266 1555 1337 1597 ejus
1347 1555 1412 1586 vita
1424 1561 1519 1597 atque
1534 1556 1632 1598 scrip·

884 1597 925 1629 tis
956 1598 1048 1630 docte
1074 1599 1247 1641 disputavit
1277 1599 1421 1634 Naecke.
1450 1599 1528 1630 Hal.
1557 1600 1632 1630 Sax.

887 1642 982 1672 1812.

928 1685 1004 1715 358.
1037 1684 1111 1715 Cam
1139 1688 1205 1716 risu
1235 1686 1346 1714 miror:
1373 1684 1459 1715 rideo
1486 1683 1573 1719 vitia,
1600 1689 1632 1715 et

884 1725 978 1757 miror
997 1726 1091 1758 simul
1112 1728 1195 1758 bona
1210 1738 1218 1764 ;
1242 1727 1281 1758 ad
1298 1726 1391 1757 risum
1408 1726 1505 1762 enim,
1522 1737 1560 1758 eo
1574 1737 1626 1758 ex-

883 1769 1026 1804 citatum.
1043 1771 1130 1811 quod
1147 1770 1247 1800 malus
1270 1775 1360 1811 poeta
1379 1779 1486 1800 versus
1501 1780 1631 1811 quoque

884 1812 1005 1853 aliquot
1022 1813 1122 1844 bonos
1137 1813 1239 1845 faeere
1256 1812 1402 1854 potuerit,
1418 1813 1564 1854 equidem
1583 1823 1630 1844 re-

884 1856 963 1886 ferre
978 1855 1088 1886 nolim.

926 1898 1002 1930 359.
1027 1899 1226 1939 Quandoque,
1243 1909 1299 1940 pro
1314 1897 1370 1928 sim
1397 1897 1471 1933 lice,
1486 1898 1627 1940 quando,

880 1946 916 1972 ut
937 1951 1007 1989 sup.
1024 1941 1087 1974 Od.
1108 1941 1150 1978 iv,
1171 1942 1198 1977 1,
1218 1942 1269 1978 17,
1286 1947 1318 1973 et
1333 1941 1361 1972 Ο
1388 1964 1395 1972 .
1415 1941 1458 1976 iv,
1474 1942 1507 1980 2,
1523 1942 1579 1978 34,
1597 1949 1629 1973 et

880 1994 1006 2026 passim.

924 2027 1110 2058 361—365.
1159 2027 1201 2058 Ut
1238 2028 1374 2066 pictura,
1410 2028 1503 2068 poesis
1518 2039 1527 2063 ,·
1566 2030 1628 2058 erit

881 2081 958 2111 quae,
986 2075 1061 2102 cett.
1106 2070 1224 2101 Sensus
1239 2082 1246 2100 :
1278 2074 1314 2100 ut
1342 2069 1476 2111 pictura,
1506 2070 1551 2101 ita
1580 2078 1629 2102 est

879 2111 989 2155 poesis,
1007 2112 1072 2144 sive
1087 2113 1190 2155 poesis
1204 2111 1316 2143 similis
1330 2118 1379 2143 est
1394 2113 1526 2155 picturae
1541 2125 1548 2152 ;
1569 2114 1628 2145 erit

879 2155 1003 2198 pictura
1018 2166 1091 2198 quae
1115 2155 1272 2190 cominus,
1288 2161 1319 2186 et
1333 2155 1393 2187 erit
1406 2166 1479 2198 quae
1500 2156 1626 2188 eminus

878 2204 907 2229 te
920 2198 1021 2240 magis
1032 2199 1137 2241 capiet
1149 2211 1158 2238 ;
1177 2198 1245 2230 haec
1256 2199 1415 2230 obscurum
1429 2200 1485 2240 (τὸ
1499 2211 1627 2231 σκοτει-

878 2242 974 2280 νὸν),
1003 2241 1037 2272 h.
1067 2252 1097 2273 e.
1125 2242 1282 2276 umbram,
1310 2241 1367 2273 illa
1395 2242 1499 2274 lucem
1527 2244 1628 2284 magis

879 2290 974 2319 amat,
993 2295 1051 2316 nec
1068 2286 1252 2327 (argutum)
1269 2285 1386 2316 subtile
1406 2285 1528 2327 judicis
1550 2296 1626 2317 acu-

879 2337 950 2358 men
969 2327 1168 2359 reformidat:
1195 2338 1267 2370 quae
1292 2327 1437 2359 remotior
1461 2329 1501 2359 ab
1523 2329 1627 2360 oculis

876 2370 994 2412 placet,
1011 2371 1117 2402 minus
1131 2370 1261 2402 fortasse
1275 2370 1308 2401 in
1324 2371 1502 2414 propinquo
1518 2372 1624 2414 place-

876 2413 943 2451 bitj.
967 2419 1101 2455 atquae,
1117 2414 1143 2445 si
1166 2413 1352 2455 diligentius
1375 2414 1445 2456 ejus
1468 2421 1565 2446 artem
1591 2416 1623 2446 in

876 2456 1054 2499 propinquo
1064 2456 1323 2492 consideraveris,
1334 2456 1483 2494 delectat,
1495 2464 1527 2489 et
1540 2469 1625 2489 nunc

877 2505 908 2530 et
923 2509 1044 2541 semper
1059 2499 1247 2532 delectabit:
1271 2499 1316 2531 sic
1332 2511 1379 2531 res
1394 2511 1427 2532 se
1441 2500 1537 2533 habet
1552 2511 1624 2532 cum

875 2541 1094 2580 carminibus;
1117 2541 1259 2574 carmina
1284 2554 1357 2585 quae
1381 2544 1520 2575 nondum
1551 2544 1624 2575 dili-

876 2584 1005 2626 gentius
1026 2585 1187 2627 explorata
1209 2596 1226 2616 e
1249 2585 1426 2628 longinquo
1446 2587 1536 2629 quasi
1559 2587 1627 2629 pla-

877 2633 962 2663 cent,
980 2627 1084 2659 minus
1105 2628 1237 2659 fortasse
1251 2628 1427 2670 placebunt
1442 2630 1580 2672 penitius
1595 2631 1625 2661 in

878 2670 1055 2712 propinquo
1068 2672 1217 2712 cognita;
1238 2671 1378 2703 carmina
1390 2679 1494 2704 autem
1508 2673 1540 2704 in
1555 2674 1626 2705 luce

878 2713 992 2755 posita,
1009 2719 1040 2745 et
1060 2714 1100 2744 ab
1116 2720 1209 2746 acuto
1224 2713 1336 2756 judice
1360 2715 1492 2747 lustrata
1508 2723 1540 2748 et
1555 2727 1625 2759 pro-

877 2756 963 2792 bata,
979 2761 1011 2788 et
1026 2767 1111 2789 nunc
1126 2763 1157 2789 et
1173 2767 1295 2800 semper
1309 2758 1457 2801 plausum
1473 2759 1583 2791 ferent.

921 2799 997 2830 362.
1023 2799 1160 2842 Longius
1179 2802 1286 2832 obstes.
1324 2803 1463 2838 Abstare,
1480 2803 1629 2834 remotius

862 2849 895 2872 ‘a
916 2841 986 2874 loeo
1002 2842 1111 2884 aliquo
1127 2849 1230 2882 stare;
1253 2844 1363 2875 eodem
1380 2845 1474 2876 verbo
1491 2855 1566 2876 usus
1581 2852 1628 2876 est

884 2885 1037 2916 Horatius
1051 2896 1122 2928 sup.
1140 2886 1243 2929 Epist.
1260 2887 1282 2923 i,
1301 2888 1352 2923 18,
1370 2889 1423 2918 53.

926 2929 1112 2960 366—390.
1134 2930 1334 2971 Praeceptum
1347 2929 1562 2970 Vigesimum:
1585 2929 1630 2958 Ne

884 2978 967 3009 poeta
999 2974 1032 3003 in
1062 2974 1269 3003 mediocritate
1301 2975 1469 3013 acquiescat
1484 2974 1494 3002 Ι
1541 2973 1630 3002 Ferri

835 3022 889 3044 00
