1884 3288
315 209 371 249 86

870 209 1268 253 CARMINUM

597 310 694 352 Jam
714 317 757 352 te
779 318 1005 365 sequetur3
1037 313 1170 353 currit
1190 313 1301 353 enim
1320 312 1443 354 ferox

600 377 744 427 AEtas‚
764 386 808 419 et
828 378 901 428 illi,
924 393 1033 432 quos
1053 379 1131 419 tibi
1152 378 1369 428 demserit,

521 443 573 482 15

658 443 865 498 Apponet
886 459 1043 485 annos:
1069 444 1158 497 jam
1177 451 1378 498 proterva

711 511 871 552 Fronte
894 518 1011 565 petet
1032 510 1193 563 Lalage
1213 511 1425 560 maritum,

598 575 783 625 Dilecta,
805 583 1011 631 quantum
1032 591 1117 616 non
1141 575 1306 617 Pholoe
1328 576 1476 630 fugax,

600 642 704 683 Non
725 642 911 691 Chloris,
932 642 1029 683 albo
1051 643 1110 682 sic
1130 642 1308 682 humero
1327 642 1483 691 nitens,

656 708 718 748 Ut
738 723 846 762 pura
865 715 1074 749 nocturno
1094 708 1263 749 renidet

515 775 571 814 20

714 773 839 814 Luna
859 775 977 822 mari,
1001 774 1240 814 Gnidiusve
1263 773 1430 827 GygeS,
1599 780 1604 796 '

601 840 742 886 Quem
764 840 799 879 si
820 839 1059 894 puellarum
1078 840 1288 880 insereres
1309 839 1456 888 choro,

600 906 714 947 Mire
737 920 911 959 sagaces
933 905 1099 947 falleret
1117 906 1311 960 hospites

658 972 902 1013 Discrimen
922 972 1150 1013 obscurum
1171 971 1320 1013 solutis

714 1038 929 1088 Crinibus,
951 1039 1236 1093 ambiguoque
1258 1036 1390 1078 vultu.

318 1188 440 1219 abstine
463 1198 482 1218 a
501 1188 607 1230 puella
626 1187 800 1224 immatura,
816 1193 848 1219 et
868 1187 1048 1229 cupidinem

316 1241 415 1272 usque
452 1230 491 1260 ad
524 1230 592 1271 ejus
626 1230 846 1266 maturitatem,
881 1240 952 1271 quae
986 1240 1048 1260 nou

317 1273 424 1314 procul
441 1273 540 1307 abest,
557 1271 736 1313 comprime.
782 1272 854 1302 Non
875 1278 999 1312 perstat,
1015 1278 1051 1302 ut

317 1314 463 1350 debebat,
487 1320 575 1355 poeta
602 1314 632 1343 in
662 1323 725 1343 una
749 1313 908 1353 allegoria,
934 1313 986 1344 sed
1010 1314 1048 1344 ad

318 1366 429 1386 novam
446 1356 486 1386 ab
501 1355 671 1386 immitibus
689 1356 759 1385 uvis
779 1355 906 1386 ductam
923 1356 1052 1393 transm

317 1408 389 1439 quae
404 1398 528 1438 quidem
540 1397 677 1428 colorum
692 1397 823 1428 varietas
835 1404 866 1428 et
880 1396 1052 1436 imaginum

318 1439 350 1470 in
377 1450 440 1470 una
462 1439 634 1480 eademque
660 1449 691 1469 re
717 1438 931 1469 adumbranda
953 1438 1052 1469 diver-

318 1481 396 1512 sitas
410 1481 573 1522 displicere
589 1480 715 1510 omnino
733 1481 826 1511 debet
846 1490 908 1511 rem
926 1480 966 1510 ad
983 1491 1052 1510 nor-

318 1534 402 1557 mam
418 1522 493 1554 recti
505 1523 690 1564 pulchrique
707 1522 945 1553 aestimantibus.
990 1522 1050 1553 Ce-

318 1572 417 1596 terum
440 1565 628 1607 puellarum,
650 1564 714 1594 viro
736 1563 873 1594 nondum
893 1564 1050 1604 tempesti-

318 1617 439 1642 varum,
469 1606 516 1637 vel
545 1606 576 1637 in
607 1615 708 1636 amore
740 1606 842 1636 adhuc
872 1605 1049 1640 crudarum,

319 1659 391 1679 cum
410 1649 582 1679 immaturis
597 1647 749 1678 fructibus
764 1647 953 1688 comparatio
968 1647 1052 1678 haud

319 1690 496 1731 infrequens
512 1695 559 1720 est
577 1689 659 1731 apud
677 1694 794 1719 veteres
809 1694 924 1730 poetas.
968 1688 1051 1720 The-

318 1732 407 1762 ocrit.
430 1732 471 1768 xi,
492 1733 546 1767 21,
564 1731 603 1762 de
623 1731 768 1766 Galatea,
786 1729 972 1772 φιαρωτέρα
994 1730 1051 1772 ὄμ-

319 1780 422 1815 φακος
441 1774 554 1815 ὠμᾶς;
577 1779 685 1804 contra
705 1773 817 1814 puellae
836 1773 900 1803 viro
923 1777 1052 1803 maturae

317 1822 349 1846 et
367 1816 467 1858 plenis
489 1816 580 1846 annis
602 1815 725 1846 nubiles
746 1825 815 1844 cum
839 1817 905 1845 ucis
927 1816 1053 1844 maturis

319 1863 557 1899 comparantur:
581 1857 625 1887 sic
642 1856 787 1887 Catullus
803 1856 878 1892 xvii,
897 1858 946 1894 16,
962 1857 1050 1898 puel-

319 1898 382 1929 lam
403 1899 586 1930 adultiorem
605 1900 672 1928 uvis
687 1900 858 1938 nigerrimis
874 1898 924 1939 (h.
941 1908 970 1928 e.
986 1908 1051 1928 ma-

319 1941 414 1981 turis)
431 1942 610 1980 diligentius
624 1942 838 1970 adso-vandum
855 1950 924 1970 esse
939 1938 998 1976 ait3
1022 1948 1054 1971 et

319 1982 393 2013 hinc
424 1983 536 2024 puellae
558 1983 690 2012 nondum
714 1982 827 2011 nubiles
851 1981 972 2012 Graecis
994 1981 1052 2022 ὄμ-

320 2030 431 2071 φακες,
448 2025 562 2055 nubiles
580 2022 727 2064 πέπειροι
742 2022 833 2053 dictae
848 2028 939 2053 sunt:
964 2022 1054 2063 plura

318 2077 352 2096 m
369 2067 448 2096 hanc
463 2076 524 2097 rem
539 2066 666 2105 collegit
680 2064 840 2104 diligentia
856 2064 904 2095 Cl.
920 2064 1052 2095 Mitsch.

318 2109 388 2138 Jam
411 2109 466 2138 tibi
485 2109 590 2137 lividus
612 2108 789 2147 distinguet,
812 2111 885 2136 cett.
906 2116 961 2146 pro
983 2106 1050 2136 vul-

319 2149 396 2190 gari,
413 2149 498 2180 brevi
517 2154 717 2179 maturescet:
755 2150 955 2182 Auctumnus,
972 2147 1049 2179 ‹lici-

319 2197 368 2222 tur
390 2193 504 2227 varius,
534 2191 609 2231 quia
631 2196 663 2221 et
687 2190 755 2231 ipse
777 2189 868 2220 variis
895 2189 1052 2220 coloribus

318 2233 484 2264 distinctus
495 2239 542 2263 est
555 2235 810 2274 (repraesentatur
821 2231 873 2262 ille
885 2231 940 2261 inf.
955 2232 1052 2272 Epod.

319 2275 353 2310 ii,
369 2276 419 2312 17,
431 2277 527 2314 capite
538 2276 659 2304 mitibus
670 2275 762 2313 pomis
773 2273 908 2312 decoro),
921 2278 952 2303 et
962 2273 1052 2304 variis

318 2317 475 2348 coloribus
503 2317 622 2347 fructus
651 2315 828 2356 distinguit.
875 2316 1051 2356 Distinguet

320 2361 424 2389 [initias
442 2369 569 2389 racemos
586 2368 736 2397 purpureo
755 2358 859 2392 colore,
879 2356 907 2387 h.
922 2367 949 2387 e.
971 2357 1050 2387 vari-

319 2401 384 2431 abit
406 2407 437 2431 et
458 2401 577 2430 imbuet
595 2399 661 2440 jam
685 2399 892 2439 nigrescentes
914 2409 1052 2430 racemos

318 2452 470 2489 purpureo
483 2442 603 2477 colore;
627 2441 702 2478 sive,
716 2451 905 2482 purpureum
917 2442 1050 2471 colorem

315 2495 383 2525 Jam
397 2484 642 2524 nigrescentibus
657 2483 726 2513 uvis
738 2483 874 2513 inducet.
911 2482 1049 2519 Liuidos,·

318 2526 500 2566 subnigrum
512 2525 594 2556 enim
610 2524 743 2555 colorem
763 2525 878 2555 liabent
894 2535 963 2554 uvae
986 2535 1051 2555 ma-

319 2573 520 2598 turescentes.
564 2567 620 2597 Sil.
646 2566 720 2597 Ital.
744 2565 798 2602 vii,
823 2568 898 2602 208,
930 2567 1051 2597 liventes

317 2611 374 2639 sole
399 2620 546 2645 racemo&
580 2609 716 2649 Propett.
742 2611 782 2646 iv,
805 2610 836 2643 2,
868 2610 917 2642 13,
944 2608 1050 2639 Prima

318 2652 392 2681 mihi
409 2653 508 2682 variat
525 2652 680 2681 liuentibus
695 2662 754 2680 twa
768 2652 900 2681 racemis.

364 2694 498 2724 13—20.
533 2693 649 2723 Sensus
669 2703 674 2720 :
708 2692 792 2722 brevi
827 2702 889 2722 non
919 2691 1051 2732 amplius

320 2735 438 2775 Lalage
452 2740 482 2766 te
499 2734 606 2773 fugiet.
630 2733 683 2764 sed
704 2738 814 2775 sponte
832 2739 861 2764 te
882 2739 1048 2773 sequetur3

319 2787 389 2807 nam
408 2782 496 2810 actas,
512 2775 564 2807 ubi
580 2775 634 2805 illa
651 2775 752 2806 adhuc
771 2775 902 2806 ferocem
921 2785 954 2805 se
971 2786 1049 2816 prae-

317 2820 381 2854 bet,
405 2818 542 2849 celeriter
570 2817 691 2851 transit,
714 2822 745 2847 et
766 2827 844 2858 quos
868 2817 905 2847 de
929 2821 1048 2847 tuorum

317 2871 467 2891 annorum
481 2859 558 2891 serie
568 2858 724 2893 demerit,
737 2869 789 2889 eos
800 2858 885 2889 illius
898 2868 1048 2889 annorum

316 2913 447 2933 summae
458 2902 619 2944 explendae
629 2900 756 2941 adjiciet
766 2912 773 2936 3
789 2901 873 2931 brevi
884 2900 1047 2941 amplexus

317 2951 386 2976 tuos
413 2944 493 2975 ultro
518 2949 613 2986 petet,
638 2950 669 2974 et
695 2942 818 2984 quidem
846 2947 965 2974 tantum
991 2942 1046 2973 tibi

1091 1193 1205 1222 amata,
1222 1192 1373 1228 quantum
1395 1197 1479 1218 nunc
1494 1196 1552 1219 nec
1562 1194 1671 1227 aspera
1693 1184 1824 1222 Pholoe,

1092 1239 1148 1260 nec
1170 1229 1300 1270 pulchra
1321 1228 1455 1265 Chloris,
1479 1239 1538 1259 nec
1561 1225 1698 1260 Gnidius
1717 1227 1825 1268 Gyges

1092 1272 1131 1301 ab
1176 1270 1246 1301 aliis
1289 1276 1420 1302 amatur.
1465 1271 1572 1301 Currit
1611 1271 1824 1305 enim-cetus,-

1094 1313 1212 1343 Anacr.
1236 1313 1277 1347 iv,
1301 1314 1332 1350 8,
1355 1312 1479 1354 τρόχος
1501 1313 1651 1354 ἅρματος
1677 1311 1743 1352 γὰρ
1770 1309 1824 1342 οἶα

1096 1356 1213 1391 Βὶοτος
1227 1353 1336 1396 τρέχει
1356 1354 1532 1391 κυλισθείς.
1577 1353 1775 1394 AEtasserox,
1789 1352 1823 1384 h.

1095 1407 1124 1427 e.
1142 1402 1216 1427 aetas
1236 1396 1347 1427 ferocis
1363 1396 1486 1438 puellae,
1506 1400 1581 1426 aetas
1600 1405 1663 1436 qua
1686 1394 1826 1425 ferociter

1096 1438 1198 1468 adhuc
1221 1448 1254 1468 se
1280 1437 1359 1478 gerit
1384 1437 1507 1485 puella:
1538 1437 1695 1468 fatendum
1721 1441 1825 1468 tamen

1096 1486 1155 1515 est,
1193 1479 1283 1510 valde
1318 1479 1394 1510 milu
1435 1479 1577 1516 arridere,
1613 1478 1826 1520 conjecturam

1095 1521 1304 1557 Watoefieldii,
1321 1521 1478 1562 epitheton
1485 1521 1578 1562 ferox
1592 1521 1774 1562 cumfugax
1792 1519 1826 1551 in

1093 1573 1124 1593 v.
1150 1564 1187 1593 17
1218 1563 1454 1604 permutandum
1483 1572 1550 1593 esse
1576 1562 1754 1600 censentis;
1779 1561 1826 1592 uti

1093 1605 1176 1635 enim
1195 1604 1310 1635 rectius
1329 1609 1361 1635 et
1377 1603 1522 1635 usitatius
1539 1610 1609 1634 aetas
1620 1604 1727 1646 fugax
1746 1602 1825 1634 dici-

1095 1652 1154 1683 tur,
1179 1646 1223 1676 ita
1250 1647 1286 1678 τὸ
1304 1646 1398 1687 ferox
1423 1645 1534 1677 melius
1554 1645 1682 1686 ingenio
1710 1645 1825 1688 puellm

1095 1688 1231 1718 Pholoes
1246 1687 1402 1718 convenit.
1447 1687 1489 1718 Et
1509 1689 1570 1723 illi,
1586 1699 1655 1728 quos
1670 1689 1727 1719 tibi
1741 1689 1823 1718 dem-

1093 1733 1177 1766 serit,
1195 1731 1331 1769 Apponet
1345 1740 1452 1760 amws:
1475 1735 1506 1760 et
1519 1729 1604 1765 anni,
1619 1729 1672 1771 qui
1685 1734 1827 1761 currente

1096 1778 1186 1803 aetate
1201 1772 1240 1802 de
1254 1772 1324 1802 vitae
1339 1777 1400 1802 tute
1419 1781 1541 1802 summa
1557 1771 1720 1806 decedent,
1739 1770 1826 1802 illius

1094 1814 1164 1845 vitae
1187 1823 1316 1844 summae
1339 1814 1500 1848 accedent,
1523 1813 1556 1844 h.
1583 1823 1612 1845 e.
1633 1818 1665 1844 et
1687 1813 1772 1844 sicut
1791 1817 1826 1844 tu

1095 1861 1185 1886 aetate
1207 1855 1391 1896 proveheris,
1414 1855 1455 1886 ita
1477 1854 1534 1885 illa
1557 1865 1681 1896 quoque
1703 1859 1826 1886 aetatem

1095 1897 1251 1928 amoribus
1266 1897 1459 1928 maturiorem
1474 1902 1690 1937 consequetur.
1724 1896 1764 1927 In
1779 1895 1825 1928 lo·

1094 1939 1230 1974 cutione,
1245 1946 1315 1970 a’tas
1329 1950 1420 1970 annos
1435 1940 1491 1969 alii
1507 1941 1610 1975 demit,
1622 1940 1679 1969 alii
1693 1940 1826 1979 apponit,

1095 1980 1125 2010 id
1143 1987 1262 2011 tantum
1277 1980 1465 2011 discriminis
1480 1980 1627 2012 interesse
1643 1980 1775 2018 videtur,
1791 1986 1827 2011 ut

1097 2022 1174 2052 illud
1199 2023 1321 2053 dicatur
1349 2022 1388 2053 de
1415 2032 1452 2053 eo
1478 2022 1532 2063 qui
1550 2021 1618 2063 jam
1644 2021 1683 2053 ad
1709 2027 1827 2053 certum

1095 2064 1251 2104 quendam
1264 2063 1335 2095 vitae
1349 2063 1513 2094 terminum
1531 2063 1691 2105 pervenit;
1713 2063 1772 2094 hoc
1788 2063 1828 2096 de

1094 2116 1130 2136 eo
1153 2106 1205 2146 qui
1235 2106 1318 2136 hunc
1345 2105 1509 2137 terminum
1536 2105 1675 2136 noudum
1701 2104 1826 2153 attigit5

1093 2148 1197 2183 demit,
1221 2158 1332 2188 nempe
1354 2153 1430 2178 :etas
1450 2157 1548 2178 anuos
1570 2157 1648 2188 quos
1669 2147 1742 2189 quis
1758 2157 1827 2188 Jam

1095 2189 1169 2228 egit,
1185 2192 1320 2229 apponit,
1338 2199 1417 2230 quos
1430 2189 1501 2229 quis
1515 2188 1651 2220 nondum
1667 2194 1828 2220 assecutus

1095 2237 1160 2267 est3
1185 2232 1229 2262 sic
1244 2231 1372 2262 fortasse
1383 2231 1433 2264 iis,
1452 2241 1523 2271 quae
1538 2229 1663 2273 copiose
1677 2236 1708 2262 et
1721 2236 1828 2272 argute

1094 2273 1132 2303 ad
1146 2273 1176 2303 h.
1190 2273 1210 2302 l.
1221 2274 1260 2304 ab
1275 2273 1492 2314 interpretibus
1501 2272 1662 2314 disputata
1675 2277 1760 2308 sunt,
1773 2282 1826 2304 su-

1095 2315 1255 2355 persedere
1268 2325 1447 2356 possumus.
1479 2315 1550 2345 Jam
1562 2323 1700 2354 proterva
1716 2314 1828 2346 Prome

1091 2363 1171 2395 petet
1183 2359 1326 2387 maritum
1340 2369 1347 2387 .-
1373 2356 1430 2388 hoc
1443 2356 1480 2387 ad
1491 2356 1636 2398 juvencae
1648 2355 1827 2396 imaginem,

1094 2408 1188 2439 quam
1207 2399 1339 2440 primum
1360 2398 1472 2440 puellae
1493 2398 1637 2429 induerat
1657 2403 1759 2440 poeta,
1780 2408 1828 2430 re-

1095 2440 1279 2479 ferendum3
1304 2442 1442 2476 maritus,
1468 2450 1523 2482 pro
1546 2439 1657 2481 quovis
1682 2445 1829 2471 amatore.

1098 2482 1228 2520 Dilecta,
1259 2493 1302 2513 sc.
1337 2487 1470 2512 tantum.
1525 2482 1633 2522 Fugaz
1661 2481 1829 2513 insolenter

1095 2523 1213 2555 dictum
1238 2535 1304 2566 pro,
1332 2535 1402 2564 quae
1433 2523 1511 2564 fugit
1533 2529 1697 2559 amatores,
1721 2533 1829 2565 aspera

1094 2572 1160 2604 est3
1188 2567 1285 2597 multo
1305 2565 1404 2607 aptior
1424 2565 1530 2606 igitur,
1561 2570 1595 2596 ut
1612 2565 1680 2607 jam
1706 2564 1827 2596 monui-

1095 2617 1175 2649 mus,
1203 2614 1249 2639 est
1275 2607 1494 2648 lectio,ser0x.
1539 2607 1614 2638 Albo
1638 2608 1681 2638 sic
1706 2607 1828 2638 humero

1093 2651 1201 2685 nitens.
1234 2650 1276 2680 Uc
1298 2661 1389 2689 pura,
1418 2654 1494 2680 cett.
1519 2647 1611 2689 cujus
1639 2648 1760 2680 humeri
1785 2648 1829 2680 ita

1093 2691 1226 2722 candore
1250 2690 1349 2722 nitent
1363 2696 1456 2731 atque
1476 2690 1651 2738 splendent,
1669 2689 1714 2721 uti
1737 2695 1828 2722 noete

1092 2733 1239 2764 sublustri
1263 2733 1364 2774 imago
1387 2732 1468 2763 lunae
1493 2742 1524 2762 in
1547 2731 1625 2762 mari
1647 2741 1828 2779 repercussa

1094 2775 1256 2815 splendere
1279 2775 1368 2806 solet.
1414 2773 1710 2814 Exsplendescentis
1725 2779 1829 2805 autem

1094 2815 1347 2858 pulchritudinis.
1401 2815 1532 2857 raecipue
1562 2815 1594 2846 in
1625 2815 1695 2846 albo
1726 2815 1828 2846 colore

1093 2864 1253 2899 spectatae,
1277 2869 1348 2889 cum
1387 2868 1456 2888 unae
1483 2857 1515 2887 in
1538 2857 1629 2898 aquis
1648 2866 1828 2899 repercusso

1091 2900 1209 2940 fulgore
1236 2899 1424 2942 comparatio
1455 2898 1570 2941 passim
1598 2899 1682 2940 apud
1708 2904 1827 2931 veteres

1091 2948 1196 2982 poetas
1212 2942 1301 2974 obvia
1317 2954 1322 2971 :
1348 2941 1410 2973 vid.
1425 2952 1495 2982 quae
1511 2941 1544 2972 in
1561 2940 1642 2972 hanc
1658 2950 1722 2973 rem
1737 2946 1824 2972 uota-
