<?xml version="1.0" encoding="UTF-8"?>
<!DOCTYPE html PUBLIC "-//W3C//DTD XHTML 1.0 Transitional//EN"
    "http://www.w3.org/TR/xhtml1/DTD/xhtml1-transitional.dtd">
<html xmlns="http://www.w3.org/1999/xhtml" xml:lang="en" lang="en">
 <head>
  <title>
</title>
<meta http-equiv="Content-Type" content="text/html;charset=utf-8" />
  <meta name='ocr-system' content='tesseract 3.04.00' />
  <meta name='ocr-capabilities' content='ocr_page ocr_carea ocr_par ocr_line ocrx_word'/>
</head>
<body>
  <div class='ocr_page' id='page_1' title='image "./operahorac00horauoft_0472.png"; bbox 0 0 1904 3314; ppageno 0'>
   <div class='ocr_carea' id='block_1_1' title="bbox 370 184 456 226">
    <p class='ocr_par' dir='ltr' id='par_1_1' title="bbox 370 184 456 226">
     <span class='ocr_line' id='line_1_1' title="bbox 370 184 456 226; baseline 0.023 -2"><span class='ocrx_word' id='word_1_1' title='bbox 370 184 456 226; x_wconf 75' lang='lat'><strong>432</strong></span> 
     </span>
    </p>
   </div>
   <div class='ocr_carea' id='block_1_2' title="bbox 854 185 1384 228">
    <p class='ocr_par' dir='ltr' id='par_1_2' title="bbox 854 185 1384 228">
     <span class='ocr_line' id='line_1_2' title="bbox 854 185 1384 228; baseline 0.004 -2"><span class='ocrx_word' id='word_1_2' title='bbox 854 185 1384 228; x_wconf 81' lang='lat' dir='ltr'>EPISTOLARUM</span> 
     </span>
    </p>
   </div>
   <div class='ocr_carea' id='block_1_3' title="bbox 395 270 1863 1130">
    <p class='ocr_par' dir='ltr' id='par_1_3' title="bbox 425 270 1628 599">
     <span class='ocr_line' id='line_1_3' title="bbox 425 270 1536 338; baseline 0.004 -16"><span class='ocrx_word' id='word_1_3' title='bbox 425 283 451 322; x_wconf 83' lang='lat'><strong><em>5</em></strong></span> <span class='ocrx_word' id='word_1_4' title='bbox 481 279 683 323; x_wconf 82' lang='lat' dir='ltr'><strong>Herculis</strong></span> <span class='ocrx_word' id='word_1_5' title='bbox 705 282 760 323; x_wconf 89' lang='lat' dir='ltr'><strong>ad</strong></span> <span class='ocrx_word' id='word_1_6' title='bbox 780 290 946 338; x_wconf 86' lang='lat' dir='ltr'>postem</span> <span class='ocrx_word' id='word_1_7' title='bbox 966 284 1078 334; x_wconf 86' lang='lat' dir='ltr'><strong>fixis,</strong></span> <span class='ocrx_word' id='word_1_8' title='bbox 1100 284 1204 325; x_wconf 87' lang='lat' dir='ltr'><strong>latet</strong></span> <span class='ocrx_word' id='word_1_9' title='bbox 1224 284 1395 326; x_wconf 87' lang='lat' dir='ltr'><strong>abditus</strong></span> <span class='ocrx_word' id='word_1_10' title='bbox 1418 270 1536 338; x_wconf 71' lang='lat' dir='ltr'><strong>agro,</strong></span> 
     </span>
     <span class='ocr_line' id='line_1_4' title="bbox 478 347 1474 403; baseline 0.003 -14"><span class='ocrx_word' id='word_1_11' title='bbox 478 347 551 390; x_wconf 89' lang='lat' dir='ltr'><strong>Ne</strong></span> <span class='ocrx_word' id='word_1_12' title='bbox 572 348 780 403; x_wconf 90' lang='lat' dir='ltr'><strong>populum</strong></span> <span class='ocrx_word' id='word_1_13' title='bbox 801 356 991 391; x_wconf 87' lang='lat' dir='ltr'><strong>extrema</strong></span> <span class='ocrx_word' id='word_1_14' title='bbox 1012 351 1138 392; x_wconf 90' lang='lat' dir='ltr'><strong>toties</strong></span> <span class='ocrx_word' id='word_1_15' title='bbox 1161 357 1310 392; x_wconf 87' lang='lat' dir='ltr'><strong>exoret</strong></span> <span class='ocrx_word' id='word_1_16' title='bbox 1332 365 1474 392; x_wconf 86' lang='lat' dir='ltr'><strong>arena.</strong></span> 
     </span>
     <span class='ocr_line' id='line_1_5' title="bbox 479 414 1628 471; baseline 0.003 -16"><span class='ocrx_word' id='word_1_17' title='bbox 479 415 564 456; x_wconf 89' lang='lat' dir='ltr'><strong>Est</strong></span> <span class='ocrx_word' id='word_1_18' title='bbox 582 414 699 464; x_wconf 86' lang='lat' dir='ltr'><strong>mihi,</strong></span> <span class='ocrx_word' id='word_1_19' title='bbox 721 423 946 470; x_wconf 84' lang='lat' dir='ltr'><strong>purgatam</strong></span> <span class='ocrx_word' id='word_1_20' title='bbox 967 417 1119 458; x_wconf 85' lang='lat' dir='ltr'><strong>crebro</strong></span> <span class='ocrx_word' id='word_1_21' title='bbox 1140 418 1214 471; x_wconf 90' lang='lat' dir='ltr'><strong>qui</strong></span> <span class='ocrx_word' id='word_1_22' title='bbox 1234 425 1438 471; x_wconf 86' lang='lat' dir='ltr'>personet</span> <span class='ocrx_word' id='word_1_23' title='bbox 1457 432 1628 460; x_wconf 88' lang='lat' dir='ltr'><strong>aurem:</strong></span> 
     </span>
     <span class='ocr_line' id='line_1_6' title="bbox 477 481 1513 538; baseline 0.004 -16"><span class='ocrx_word' id='word_1_24' title='bbox 477 481 603 522; x_wconf 91' lang='lat' dir='ltr'><strong>Solve</strong></span> <span class='ocrx_word' id='word_1_25' title='bbox 625 490 915 523; x_wconf 84' lang='lat' dir='ltr'><strong>senescentem</strong></span> <span class='ocrx_word' id='word_1_26' title='bbox 933 490 1096 525; x_wconf 90' lang='lat' dir='ltr'><strong>mature</strong></span> <span class='ocrx_word' id='word_1_27' title='bbox 1119 497 1245 524; x_wconf 91' lang='lat' dir='ltr'><strong>sanus</strong></span> <span class='ocrx_word' id='word_1_28' title='bbox 1266 499 1436 538; x_wconf 88' lang='lat' dir='ltr'><strong>equum,</strong></span> <span class='ocrx_word' id='word_1_29' title='bbox 1459 499 1513 526; x_wconf 90' lang='lat' dir='ltr'><strong>ne</strong></span> 
     </span>
     <span class='ocr_line' id='line_1_7' title="bbox 477 546 1526 599; baseline 0.003 -11"><span class='ocrx_word' id='word_1_30' title='bbox 477 546 636 589; x_wconf 88' lang='lat' dir='ltr'><strong>Peccet</strong></span> <span class='ocrx_word' id='word_1_31' title='bbox 655 548 711 588; x_wconf 90' lang='lat' dir='ltr'><strong>ad</strong></span> <span class='ocrx_word' id='word_1_32' title='bbox 731 555 968 589; x_wconf 85' lang='lat' dir='ltr'><strong>extremum</strong></span> <span class='ocrx_word' id='word_1_33' title='bbox 987 549 1208 599; x_wconf 91' lang='lat' dir='ltr'><strong>ridendus,</strong></span> <span class='ocrx_word' id='word_1_34' title='bbox 1230 557 1274 591; x_wconf 89' lang='lat' dir='ltr'><strong>et</strong></span> <span class='ocrx_word' id='word_1_35' title='bbox 1294 549 1364 591; x_wconf 86' lang='lat' dir='ltr'><strong>ilia</strong></span> <span class='ocrx_word' id='word_1_36' title='bbox 1383 551 1526 591; x_wconf 86' lang='lat' dir='ltr'><strong>ducat.</strong></span> 
     </span>
    </p>

    <p class='ocr_par' dir='ltr' id='par_1_4' title="bbox 395 614 1863 934">
     <span class='ocr_line' id='line_1_8' title="bbox 395 614 1573 670; baseline 0.003 -16"><span class='ocrx_word' id='word_1_37' title='bbox 395 614 448 654; x_wconf 89' lang='grc'><strong>10</strong></span> <span class='ocrx_word' id='word_1_38' title='bbox 476 614 607 655; x_wconf 89' lang='lat' dir='ltr'><strong>Nunc</strong></span> <span class='ocrx_word' id='word_1_39' title='bbox 629 615 771 668; x_wconf 86' lang='lat' dir='ltr'><strong>itaque</strong></span> <span class='ocrx_word' id='word_1_40' title='bbox 791 621 835 656; x_wconf 85' lang='lat' dir='ltr'><strong>et</strong></span> <span class='ocrx_word' id='word_1_41' title='bbox 854 629 1004 656; x_wconf 90' lang='lat' dir='ltr'><strong>versus</strong></span> <span class='ocrx_word' id='word_1_42' title='bbox 1025 622 1068 655; x_wconf 90' lang='lat' dir='ltr'><strong>et</strong></span> <span class='ocrx_word' id='word_1_43' title='bbox 1089 622 1231 656; x_wconf 89' lang='lat' dir='ltr'><strong>cetera</strong></span> <span class='ocrx_word' id='word_1_44' title='bbox 1250 616 1416 657; x_wconf 88' lang='lat' dir='ltr'><strong>ludicra</strong></span> <span class='ocrx_word' id='word_1_45' title='bbox 1436 631 1573 670; x_wconf 90' lang='lat' dir='ltr'><strong>pono:</strong></span> 
     </span>
     <span class='ocr_line' id='line_1_9' title="bbox 477 680 1863 736; baseline 0.003 -16"><span class='ocrx_word' id='word_1_46' title='bbox 477 680 595 727; x_wconf 83' lang='lat' dir='ltr'><strong>Quid</strong></span> <span class='ocrx_word' id='word_1_47' title='bbox 610 695 754 721; x_wconf 86' lang='lat' dir='ltr'><strong>verum</strong></span> <span class='ocrx_word' id='word_1_48' title='bbox 769 687 896 734; x_wconf 84' lang='lat' dir='ltr'><strong>atque</strong></span> <span class='ocrx_word' id='word_1_49' title='bbox 911 681 1067 722; x_wconf 89' lang='lat' dir='ltr'><strong>decens</strong></span> <span class='ocrx_word' id='word_1_50' title='bbox 1082 696 1185 722; x_wconf 89' lang='lat' dir='ltr'><strong>curo</strong></span> <span class='ocrx_word' id='word_1_51' title='bbox 1200 689 1242 722; x_wconf 90' lang='lat' dir='ltr'><strong>et</strong></span> <span class='ocrx_word' id='word_1_52' title='bbox 1257 697 1378 736; x_wconf 85' lang='lat' dir='ltr'><strong>rogo,</strong></span> <span class='ocrx_word' id='word_1_53' title='bbox 1393 689 1436 723; x_wconf 87' lang='lat' dir='ltr'><strong>et</strong></span> <span class='ocrx_word' id='word_1_54' title='bbox 1449 683 1583 723; x_wconf 90' lang='lat' dir='ltr'><strong>omnis</strong></span> <span class='ocrx_word' id='word_1_55' title='bbox 1597 683 1639 723; x_wconf 92' lang='lat' dir='ltr'><strong>in</strong></span> <span class='ocrx_word' id='word_1_56' title='bbox 1651 682 1734 724; x_wconf 89' lang='lat' dir='ltr'><strong>hoc</strong></span> <span class='ocrx_word' id='word_1_57' title='bbox 1751 696 1863 724; x_wconf 90' lang='lat' dir='ltr'><strong>sum:</strong></span> 
     </span>
     <span class='ocr_line' id='line_1_10' title="bbox 475 747 1640 803; baseline 0.003 -16"><span class='ocrx_word' id='word_1_58' title='bbox 475 747 627 788; x_wconf 84' lang='lat' dir='ltr'><strong>Condo</strong></span> <span class='ocrx_word' id='word_1_59' title='bbox 647 753 690 787; x_wconf 89' lang='lat' dir='ltr'><strong>et</strong></span> <span class='ocrx_word' id='word_1_60' title='bbox 711 761 933 800; x_wconf 91' lang='lat' dir='ltr'><strong>compono,</strong></span> <span class='ocrx_word' id='word_1_61' title='bbox 956 761 1052 800; x_wconf 86' lang='lat' dir='ltr'><strong>quae</strong></span> <span class='ocrx_word' id='word_1_62' title='bbox 1073 761 1172 788; x_wconf 89' lang='lat' dir='ltr'><strong>mox</strong></span> <span class='ocrx_word' id='word_1_63' title='bbox 1193 748 1445 802; x_wconf 87' lang='lat' dir='ltr'><strong>depromere</strong></span> <span class='ocrx_word' id='word_1_64' title='bbox 1466 750 1640 803; x_wconf 90' lang='lat' dir='ltr'><strong>possim.</strong></span> 
     </span>
     <span class='ocr_line' id='line_1_11' title="bbox 474 807 1622 868; baseline 0.003 -16"><span class='ocrx_word' id='word_1_65' title='bbox 474 810 542 853; x_wconf 89' lang='lat' dir='ltr'><strong>Ac</strong></span> <span class='ocrx_word' id='word_1_66' title='bbox 563 826 616 852; x_wconf 92' lang='lat' dir='ltr'><strong>ne</strong></span> <span class='ocrx_word' id='word_1_67' title='bbox 636 811 746 853; x_wconf 89' lang='lat' dir='ltr'><strong>forte</strong></span> <span class='ocrx_word' id='word_1_68' title='bbox 767 826 909 866; x_wconf 87' lang='lat' dir='ltr'><strong>roges,</strong></span> <span class='ocrx_word' id='word_1_69' title='bbox 931 827 1016 866; x_wconf 94' lang='lat' dir='ltr'><strong>quo</strong></span> <span class='ocrx_word' id='word_1_70' title='bbox 1037 827 1102 854; x_wconf 90' lang='lat' dir='ltr'><strong>me</strong></span> <span class='ocrx_word' id='word_1_71' title='bbox 1124 814 1248 862; x_wconf 90' lang='lat' dir='ltr'><strong>duce,</strong></span> <span class='ocrx_word' id='word_1_72' title='bbox 1269 829 1355 868; x_wconf 92' lang='lat' dir='ltr'><strong>quo</strong></span> <span class='ocrx_word' id='word_1_73' title='bbox 1375 807 1463 855; x_wconf 78' lang='lat' dir='ltr'><strong>lare</strong></span> <span class='ocrx_word' id='word_1_74' title='bbox 1485 821 1622 856; x_wconf 88' lang='lat' dir='ltr'><strong>tuter:</strong></span> 
     </span>
     <span class='ocr_line' id='line_1_12' title="bbox 475 877 1471 934; baseline 0.003 -16"><span class='ocrx_word' id='word_1_75' title='bbox 475 877 650 919; x_wconf 88' lang='lat' dir='ltr'><strong>Nullius</strong></span> <span class='ocrx_word' id='word_1_76' title='bbox 670 879 868 919; x_wconf 85' lang='lat' dir='ltr'><strong>addictus</strong></span> <span class='ocrx_word' id='word_1_77' title='bbox 884 879 1031 933; x_wconf 87' lang='lat' dir='ltr'><strong>jurare</strong></span> <span class='ocrx_word' id='word_1_78' title='bbox 1053 880 1103 925; x_wconf 63' lang='lat' dir='ltr'><strong>in&gt;</strong></span> <span class='ocrx_word' id='word_1_79' title='bbox 1117 881 1247 921; x_wconf 86' lang='lat' dir='ltr'><strong>verba</strong></span> <span class='ocrx_word' id='word_1_80' title='bbox 1266 881 1471 934; x_wconf 86' lang='lat' dir='ltr'><strong>magistri,</strong></span> 
     </span>
    </p>

    <p class='ocr_par' dir='ltr' id='par_1_5' title="bbox 395 944 1652 1130">
     <span class='ocr_line' id='line_1_13' title="bbox 395 944 1652 1000; baseline 0.002 -16"><span class='ocrx_word' id='word_1_81' title='bbox 395 945 446 985; x_wconf 89' lang='lat'><strong>15</strong></span> <span class='ocrx_word' id='word_1_82' title='bbox 477 944 578 991; x_wconf 82' lang='lat' dir='ltr'><strong>Quo</strong></span> <span class='ocrx_word' id='word_1_83' title='bbox 599 959 665 984; x_wconf 91' lang='lat' dir='ltr'><strong>me</strong></span> <span class='ocrx_word' id='word_1_84' title='bbox 687 959 868 998; x_wconf 89' lang='lat' dir='ltr'><strong>cumque</strong></span> <span class='ocrx_word' id='word_1_85' title='bbox 890 946 1001 999; x_wconf 86' lang='lat' dir='ltr'><strong>rapit</strong></span> <span class='ocrx_word' id='word_1_86' title='bbox 1021 952 1266 999; x_wconf 85' lang='lat' dir='ltr'><strong>tempestas,</strong></span> <span class='ocrx_word' id='word_1_87' title='bbox 1289 945 1460 987; x_wconf 88' lang='lat' dir='ltr'><strong>deferor</strong></span> <span class='ocrx_word' id='word_1_88' title='bbox 1480 946 1652 1000; x_wconf 88' lang='lat' dir='ltr'><strong>hospes.</strong></span> 
     </span>
     <span class='ocr_line' id='line_1_14' title="bbox 473 1010 1469 1065; baseline 0 -14"><span class='ocrx_word' id='word_1_89' title='bbox 473 1010 604 1051; x_wconf 91' lang='lat' dir='ltr'><strong>Nunc</strong></span> <span class='ocrx_word' id='word_1_90' title='bbox 625 1011 745 1065; x_wconf 86' lang='lat' dir='ltr'><strong>agilis</strong></span> <span class='ocrx_word' id='word_1_91' title='bbox 766 1010 835 1060; x_wconf 92' lang='lat' dir='ltr'><strong>fio,</strong></span> <span class='ocrx_word' id='word_1_92' title='bbox 858 1018 902 1051; x_wconf 93' lang='lat' dir='ltr'><strong>et</strong></span> <span class='ocrx_word' id='word_1_93' title='bbox 921 1025 1085 1051; x_wconf 90' lang='lat' dir='ltr'><strong>mersor</strong></span> <span class='ocrx_word' id='word_1_94' title='bbox 1104 1011 1296 1051; x_wconf 90' lang='lat' dir='ltr'><strong>civilibus</strong></span> <span class='ocrx_word' id='word_1_95' title='bbox 1327 1012 1469 1061; x_wconf 90' lang='lat' dir='ltr'><strong>undis,</strong></span> 
     </span>
     <span class='ocr_line' id='line_1_15' title="bbox 474 1076 1442 1130; baseline 0 -13"><span class='ocrx_word' id='word_1_96' title='bbox 474 1076 660 1118; x_wconf 86' lang='lat' dir='ltr'><strong>Virtutis</strong></span> <span class='ocrx_word' id='word_1_97' title='bbox 681 1091 791 1118; x_wconf 90' lang='lat' dir='ltr'><strong>verae</strong></span> <span class='ocrx_word' id='word_1_98' title='bbox 811 1083 957 1117; x_wconf 89' lang='lat' dir='ltr'><strong>custos</strong></span> <span class='ocrx_word' id='word_1_99' title='bbox 979 1077 1228 1130; x_wconf 86' lang='lat' dir='ltr'><strong>rigidusque</strong></span> <span class='ocrx_word' id='word_1_100' title='bbox 1250 1077 1442 1118; x_wconf 87' lang='lat' dir='ltr'><strong>satelles:</strong></span> 
     </span>
    </p>
   </div>
   <div class='ocr_carea' id='block_1_4' title="bbox 343 1206 1093 2968">
    <p class='ocr_par' dir='ltr' id='par_1_6' title="bbox 355 1206 1093 1878">
     <span class='ocr_line' id='line_1_16' title="bbox 362 1206 1093 1248; baseline 0 -11"><span class='ocrx_word' id='word_1_101' title='bbox 362 1206 471 1248; x_wconf 89' lang='lat' dir='ltr'><strong>templi</strong></span> <span class='ocrx_word' id='word_1_102' title='bbox 495 1207 652 1242; x_wconf 82' lang='lat' dir='ltr'><strong>Herculis,</strong></span> <span class='ocrx_word' id='word_1_103' title='bbox 675 1207 707 1238; x_wconf 88' lang='lat' dir='ltr'><strong>in</strong></span> <span class='ocrx_word' id='word_1_104' title='bbox 730 1207 822 1248; x_wconf 86' lang='lat' dir='ltr'><strong>cujus</strong></span> <span class='ocrx_word' id='word_1_105' title='bbox 842 1206 985 1248; x_wconf 77' lang='lat' dir='ltr'><strong>praesidio</strong></span> <span class='ocrx_word' id='word_1_106' title='bbox 1003 1211 1093 1237; x_wconf 85' lang='lat' dir='ltr'><strong>erant</strong></span> 
     </span>
     <span class='ocr_line' id='line_1_17' title="bbox 360 1248 1092 1290; baseline 0 -11"><span class='ocrx_word' id='word_1_107' title='bbox 360 1249 557 1289; x_wconf 84' lang='lat' dir='ltr'><strong>gladiatores,</strong></span> <span class='ocrx_word' id='word_1_108' title='bbox 572 1249 676 1280; x_wconf 88' lang='lat' dir='ltr'><strong>fixisse</strong></span> <span class='ocrx_word' id='word_1_109' title='bbox 691 1249 816 1285; x_wconf 81' lang='lat' dir='ltr'><strong>dicitur,</strong></span> <span class='ocrx_word' id='word_1_110' title='bbox 831 1248 876 1279; x_wconf 88' lang='lat' dir='ltr'><strong>uti</strong></span> <span class='ocrx_word' id='word_1_111' title='bbox 892 1248 1007 1279; x_wconf 89' lang='lat' dir='ltr'><strong>milites</strong></span> <span class='ocrx_word' id='word_1_112' title='bbox 1023 1254 1092 1290; x_wconf 86' lang='lat' dir='ltr'><strong>post</strong></span> 
     </span>
     <span class='ocr_line' id='line_1_18' title="bbox 361 1290 1090 1333; baseline -0.003 -11"><span class='ocrx_word' id='word_1_113' title='bbox 361 1296 516 1333; x_wconf 83' lang='lat' dir='ltr'><strong>peractam</strong></span> <span class='ocrx_word' id='word_1_114' title='bbox 549 1290 693 1321; x_wconf 86' lang='lat' dir='ltr'><strong>militiam</strong></span> <span class='ocrx_word' id='word_1_115' title='bbox 722 1300 806 1321; x_wconf 86' lang='lat' dir='ltr'><strong>arma</strong></span> <span class='ocrx_word' id='word_1_116' title='bbox 840 1301 908 1325; x_wconf 90' lang='lat' dir='ltr'><strong>sua,</strong></span> <span class='ocrx_word' id='word_1_117' title='bbox 941 1296 1090 1331; x_wconf 88' lang='lat' dir='ltr'><strong>tanquam</strong></span> 
     </span>
     <span class='ocr_line' id='line_1_19' title="bbox 361 1332 1090 1375; baseline -0.003 -11"><span class='ocrx_word' id='word_1_118' title='bbox 361 1333 579 1375; x_wconf 77' lang='grc' dir='ltr'><em>ἀναθήματα,</em></span> <span class='ocrx_word' id='word_1_119' title='bbox 612 1333 708 1363; x_wconf 83' lang='lat' dir='ltr'><strong>Marti</strong></span> <span class='ocrx_word' id='word_1_120' title='bbox 732 1342 911 1364; x_wconf 85' lang='lat' dir='ltr'><strong>consecrare</strong></span> <span class='ocrx_word' id='word_1_121' title='bbox 937 1332 1090 1363; x_wconf 86' lang='lat' dir='ltr'><strong>solebant.</strong></span> 
     </span>
     <span class='ocr_line' id='line_1_20' title="bbox 359 1373 1088 1411; baseline -0.003 -5"><span class='ocrx_word' id='word_1_122' title='bbox 359 1376 434 1406; x_wconf 88' lang='lat' dir='ltr'><strong>Jam</strong></span> <span class='ocrx_word' id='word_1_123' title='bbox 466 1384 547 1410; x_wconf 79' lang='lat' dir='ltr'><strong>vere,</strong></span> <span class='ocrx_word' id='word_1_124' title='bbox 581 1384 654 1405; x_wconf 89' lang='lat' dir='ltr'><strong>cum</strong></span> <span class='ocrx_word' id='word_1_125' title='bbox 687 1374 832 1411; x_wconf 80' lang='lat' dir='ltr'><strong>Veianio,</strong></span> <span class='ocrx_word' id='word_1_126' title='bbox 863 1373 970 1405; x_wconf 81' lang='lat' dir='ltr'><strong>relicto</strong></span> <span class='ocrx_word' id='word_1_127' title='bbox 1003 1373 1088 1411; x_wconf 89' lang='lat' dir='ltr'><strong>ludo,</strong></span> 
     </span>
     <span class='ocr_line' id='line_1_21' title="bbox 359 1415 1089 1457; baseline -0.001 -10"><span class='ocrx_word' id='word_1_128' title='bbox 359 1416 502 1448; x_wconf 84' lang='lat' dir='ltr'><strong>rusticari</strong></span> <span class='ocrx_word' id='word_1_129' title='bbox 515 1415 649 1453; x_wconf 85' lang='lat' dir='ltr'><strong>licuerit,</strong></span> <span class='ocrx_word' id='word_1_130' title='bbox 665 1426 736 1448; x_wconf 87' lang='lat' dir='ltr'><strong>eum</strong></span> <span class='ocrx_word' id='word_1_131' title='bbox 756 1416 820 1457; x_wconf 87' lang='lat' dir='ltr'><strong>jam</strong></span> <span class='ocrx_word' id='word_1_132' title='bbox 838 1416 912 1446; x_wconf 91' lang='lat' dir='ltr'><strong>rude</strong></span> <span class='ocrx_word' id='word_1_133' title='bbox 927 1415 1089 1452; x_wconf 89' lang='lat' dir='ltr'><strong>donatum,</strong></span> 
     </span>
     <span class='ocr_line' id='line_1_22' title="bbox 360 1457 1090 1500; baseline 0.001 -11"><span class='ocrx_word' id='word_1_134' title='bbox 360 1459 424 1490; x_wconf 87' lang='lat' dir='ltr'><strong>sive</strong></span> <span class='ocrx_word' id='word_1_135' title='bbox 439 1457 640 1499; x_wconf 78' lang='lat' dir='ltr'><strong>gladiatorem</strong></span> <span class='ocrx_word' id='word_1_136' title='bbox 657 1458 824 1489; x_wconf 87' lang='lat' dir='ltr'><strong>rudiarium</strong></span> <span class='ocrx_word' id='word_1_137' title='bbox 846 1458 954 1493; x_wconf 82' lang='lat' dir='ltr'><strong>fuisse,</strong></span> <span class='ocrx_word' id='word_1_138' title='bbox 981 1465 1090 1500; x_wconf 90' lang='lat' dir='ltr'><strong>sponte</strong></span> 
     </span>
     <span class='ocr_line' id='line_1_23' title="bbox 359 1499 1090 1542; baseline -0.001 -11"><span class='ocrx_word' id='word_1_139' title='bbox 359 1506 498 1542; x_wconf 83' lang='lat' dir='ltr'><strong>apparet.</strong></span> <span class='ocrx_word' id='word_1_140' title='bbox 542 1501 603 1531; x_wconf 84' lang='lat' dir='ltr'><strong>Sed</strong></span> <span class='ocrx_word' id='word_1_141' title='bbox 617 1500 759 1531; x_wconf 87' lang='lat' dir='ltr'><strong>libertate</strong></span> <span class='ocrx_word' id='word_1_142' title='bbox 774 1510 900 1541; x_wconf 91' lang='lat' dir='ltr'><strong>quoque</strong></span> <span class='ocrx_word' id='word_1_143' title='bbox 914 1499 1020 1530; x_wconf 81' lang='lat' dir='ltr'><strong>donati</strong></span> <span class='ocrx_word' id='word_1_144' title='bbox 1036 1511 1090 1541; x_wconf 88' lang='lat' dir='ltr'><strong>pro</strong></span> 
     </span>
     <span class='ocr_line' id='line_1_24' title="bbox 359 1541 1091 1584; baseline 0 -11"><span class='ocrx_word' id='word_1_145' title='bbox 359 1543 463 1573; x_wconf 88' lang='lat' dir='ltr'><strong>lubitu</strong></span> <span class='ocrx_word' id='word_1_146' title='bbox 479 1552 567 1584; x_wconf 88' lang='lat' dir='ltr'><strong>porro</strong></span> <span class='ocrx_word' id='word_1_147' title='bbox 582 1542 752 1573; x_wconf 87' lang='lat' dir='ltr'><strong>intererant</strong></span> <span class='ocrx_word' id='word_1_148' title='bbox 765 1542 878 1583; x_wconf 89' lang='lat' dir='ltr'><strong>pugnis</strong></span> <span class='ocrx_word' id='word_1_149' title='bbox 888 1541 1091 1582; x_wconf 86' lang='lat' dir='ltr'><strong>gladiatoriis.</strong></span> 
     </span>
     <span class='ocr_line' id='line_1_25' title="bbox 361 1583 1089 1624; baseline -0.001 -9"><span class='ocrx_word' id='word_1_150' title='bbox 361 1584 406 1615; x_wconf 91' lang='lat' dir='ltr'><strong>Hi</strong></span> <span class='ocrx_word' id='word_1_151' title='bbox 421 1584 515 1624; x_wconf 79' lang='lat' dir='ltr'><strong>igitur</strong></span> <span class='ocrx_word' id='word_1_152' title='bbox 531 1594 592 1614; x_wconf 90' lang='lat' dir='ltr'><strong>non</strong></span> <span class='ocrx_word' id='word_1_153' title='bbox 613 1589 736 1615; x_wconf 85' lang='lat' dir='ltr'><strong>tantum</strong></span> <span class='ocrx_word' id='word_1_154' title='bbox 760 1583 835 1614; x_wconf 89' lang='lat' dir='ltr'><strong>victi</strong></span> <span class='ocrx_word' id='word_1_155' title='bbox 858 1583 930 1614; x_wconf 83' lang='lat' dir='ltr'><strong>vitae</strong></span> <span class='ocrx_word' id='word_1_156' title='bbox 955 1584 1089 1620; x_wconf 87' lang='lat' dir='ltr'><strong>veniam,</strong></span> 
     </span>
     <span class='ocr_line' id='line_1_26' title="bbox 359 1625 1089 1663; baseline 0 -7"><span class='ocrx_word' id='word_1_157' title='bbox 359 1626 414 1656; x_wconf 89' lang='lat' dir='ltr'><strong>sed</strong></span> <span class='ocrx_word' id='word_1_158' title='bbox 429 1626 533 1662; x_wconf 82' lang='lat' dir='ltr'><strong>etiam,</strong></span> <span class='ocrx_word' id='word_1_159' title='bbox 549 1626 624 1656; x_wconf 89' lang='lat' dir='ltr'><strong>dum</strong></span> <span class='ocrx_word' id='word_1_160' title='bbox 646 1626 677 1656; x_wconf 86' lang='lat' dir='ltr'><strong>in</strong></span> <span class='ocrx_word' id='word_1_161' title='bbox 701 1635 824 1656; x_wconf 87' lang='lat' dir='ltr'><strong>arenam</strong></span> <span class='ocrx_word' id='word_1_162' title='bbox 848 1625 1089 1663; x_wconf 79' lang='lat' dir='ltr'><strong>descendebant,</strong></span> 
     </span>
     <span class='ocr_line' id='line_1_27' title="bbox 359 1667 1090 1709; baseline 0.001 -11"><span class='ocrx_word' id='word_1_163' title='bbox 359 1668 494 1699; x_wconf 84' lang='lat' dir='ltr'><strong>favorem</strong></span> <span class='ocrx_word' id='word_1_164' title='bbox 518 1667 624 1709; x_wconf 89' lang='lat' dir='ltr'><strong>populi</strong></span> <span class='ocrx_word' id='word_1_165' title='bbox 655 1667 713 1698; x_wconf 90' lang='lat' dir='ltr'><strong>sibi</strong></span> <span class='ocrx_word' id='word_1_166' title='bbox 738 1667 905 1709; x_wconf 89' lang='lat' dir='ltr'><strong>expetiisse</strong></span> <span class='ocrx_word' id='word_1_167' title='bbox 936 1668 1090 1699; x_wconf 87' lang='lat' dir='ltr'><strong>videntur.</strong></span> 
     </span>
     <span class='ocr_line' id='line_1_28' title="bbox 360 1709 1088 1748; baseline -0.001 -8"><span class='ocrx_word' id='word_1_168' title='bbox 360 1710 446 1741; x_wconf 86' lang='lat' dir='ltr'><strong>Hinc</strong></span> <span class='ocrx_word' id='word_1_169' title='bbox 474 1710 520 1740; x_wconf 89' lang='lat' dir='ltr'><strong>Ne</strong></span> <span class='ocrx_word' id='word_1_170' title='bbox 543 1710 698 1748; x_wconf 78' lang='lat' dir='ltr'><strong>populum,</strong></span> <span class='ocrx_word' id='word_1_171' title='bbox 725 1715 797 1740; x_wconf 83' lang='lat' dir='ltr'><strong>cett.</strong></span> <span class='ocrx_word' id='word_1_172' title='bbox 825 1709 965 1740; x_wconf 69' lang='lat' dir='ltr'><strong>Eatrema</strong></span> <span class='ocrx_word' id='word_1_173' title='bbox 986 1721 1088 1746; x_wconf 77' lang='lat' dir='ltr'><strong>arena,</strong></span> 
     </span>
     <span class='ocr_line' id='line_1_29' title="bbox 358 1751 1090 1793; baseline -0.001 -10"><span class='ocrx_word' id='word_1_174' title='bbox 358 1757 495 1783; x_wconf 80' lang='lat' dir='ltr'><strong>extrema</strong></span> <span class='ocrx_word' id='word_1_175' title='bbox 517 1756 603 1793; x_wconf 84' lang='lat' dir='ltr'><strong>parte</strong></span> <span class='ocrx_word' id='word_1_176' title='bbox 618 1751 665 1782; x_wconf 88' lang='lat' dir='ltr'><strong>vel</strong></span> <span class='ocrx_word' id='word_1_177' title='bbox 681 1761 734 1782; x_wconf 90' lang='lat' dir='ltr'><strong>ora</strong></span> <span class='ocrx_word' id='word_1_178' title='bbox 749 1751 812 1782; x_wconf 88' lang='lat' dir='ltr'><strong>loci</strong></span> <span class='ocrx_word' id='word_1_179' title='bbox 827 1751 881 1782; x_wconf 89' lang='lat' dir='ltr'><strong>ubi</strong></span> <span class='ocrx_word' id='word_1_180' title='bbox 905 1751 1090 1792; x_wconf 84' lang='lat' dir='ltr'><strong>gladiatores</strong></span> 
     </span>
     <span class='ocr_line' id='line_1_30' title="bbox 357 1794 1090 1836; baseline 0.001 -12"><span class='ocrx_word' id='word_1_181' title='bbox 357 1794 562 1836; x_wconf 84' lang='lat' dir='ltr'><strong>pugnabant:</strong></span> <span class='ocrx_word' id='word_1_182' title='bbox 597 1804 690 1824; x_wconf 82' lang='lat' dir='ltr'><strong>arena</strong></span> <span class='ocrx_word' id='word_1_183' title='bbox 715 1804 768 1835; x_wconf 89' lang='lat' dir='ltr'><strong>pro</strong></span> <span class='ocrx_word' id='word_1_184' title='bbox 792 1794 861 1824; x_wconf 88' lang='lat' dir='ltr'><strong>loco</strong></span> <span class='ocrx_word' id='word_1_185' title='bbox 889 1803 983 1824; x_wconf 86' lang='lat' dir='ltr'><strong>arena</strong></span> <span class='ocrx_word' id='word_1_186' title='bbox 1009 1799 1090 1825; x_wconf 89' lang='lat' dir='ltr'><strong>tecto</strong></span> 
     </span>
     <span class='ocr_line' id='line_1_31' title="bbox 355 1836 597 1878; baseline -0.004 -12"><span class='ocrx_word' id='word_1_187' title='bbox 355 1836 405 1867; x_wconf 85' lang='lat' dir='ltr'><strong>vel</strong></span> <span class='ocrx_word' id='word_1_188' title='bbox 420 1846 597 1878; x_wconf 87' lang='lat' dir='ltr'><strong>consperso.</strong></span> 
     </span>
    </p>

    <p class='ocr_par' dir='ltr' id='par_1_7' title="bbox 343 1876 1088 2748">
     <span class='ocr_line' id='line_1_32' title="bbox 401 1876 1086 1912; baseline 0 -4"><span class='ocrx_word' id='word_1_189' title='bbox 401 1876 495 1908; x_wconf 87' lang='lat'><strong>7—9.</strong></span> <span class='ocrx_word' id='word_1_190' title='bbox 519 1879 574 1909; x_wconf 61' lang='lat' dir='ltr'><strong>Est</strong></span> <span class='ocrx_word' id='word_1_191' title='bbox 589 1878 672 1912; x_wconf 79' lang='lat' dir='ltr'><strong>mihi,</strong></span> <span class='ocrx_word' id='word_1_192' title='bbox 688 1882 762 1908; x_wconf 87' lang='lat' dir='ltr'><strong>cett.</strong></span> <span class='ocrx_word' id='word_1_193' title='bbox 796 1878 907 1908; x_wconf 88' lang='lat' dir='ltr'><strong>Nexus</strong></span> <span class='ocrx_word' id='word_1_194' title='bbox 923 1882 954 1908; x_wconf 84' lang='lat' dir='ltr'><strong>et</strong></span> <span class='ocrx_word' id='word_1_195' title='bbox 962 1887 1086 1908; x_wconf 87' lang='lat' dir='ltr'><strong>sensus:</strong></span> 
     </span>
     <span class='ocr_line' id='line_1_33' title="bbox 358 1919 1088 1959; baseline 0 -9"><span class='ocrx_word' id='word_1_196' title='bbox 358 1925 394 1950; x_wconf 92' lang='lat' dir='ltr'><strong>ut</strong></span> <span class='ocrx_word' id='word_1_197' title='bbox 408 1930 464 1959; x_wconf 84' lang='lat' dir='ltr'><strong>ego</strong></span> <span class='ocrx_word' id='word_1_198' title='bbox 488 1919 611 1956; x_wconf 83' lang='lat' dir='ltr'><strong>faciam,</strong></span> <span class='ocrx_word' id='word_1_199' title='bbox 631 1919 714 1959; x_wconf 89' lang='lat' dir='ltr'><strong>quod</strong></span> <span class='ocrx_word' id='word_1_200' title='bbox 738 1919 811 1950; x_wconf 84' lang='lat' dir='ltr'><strong>fecit</strong></span> <span class='ocrx_word' id='word_1_201' title='bbox 836 1919 1001 1955; x_wconf 85' lang='lat' dir='ltr'><strong>Veianius,</strong></span> <span class='ocrx_word' id='word_1_202' title='bbox 1027 1930 1088 1950; x_wconf 90' lang='lat' dir='ltr'><strong>non</strong></span> 
     </span>
     <span class='ocr_line' id='line_1_34' title="bbox 356 1960 1088 1998; baseline 0.001 -7"><span class='ocrx_word' id='word_1_203' title='bbox 356 1960 445 1992; x_wconf 85' lang='lat' dir='ltr'><strong>deest</strong></span> <span class='ocrx_word' id='word_1_204' title='bbox 458 1960 533 1991; x_wconf 91' lang='lat' dir='ltr'><strong>mihi</strong></span> <span class='ocrx_word' id='word_1_205' title='bbox 549 1961 692 1996; x_wconf 88' lang='lat' dir='ltr'><strong>monitor,</strong></span> <span class='ocrx_word' id='word_1_206' title='bbox 708 1962 830 1992; x_wconf 87' lang='lat' dir='ltr'><strong>scilicet</strong></span> <span class='ocrx_word' id='word_1_207' title='bbox 845 1961 965 1991; x_wconf 88' lang='lat' dir='ltr'><strong>animus</strong></span> <span class='ocrx_word' id='word_1_208' title='bbox 987 1972 1088 1998; x_wconf 88' lang='lat' dir='ltr'><strong>meus,</strong></span> 
     </span>
     <span class='ocr_line' id='line_1_35' title="bbox 355 2003 1087 2045; baseline 0.003 -12"><span class='ocrx_word' id='word_1_209' title='bbox 355 2013 460 2034; x_wconf 87' lang='lat' dir='ltr'><strong>aurem</strong></span> <span class='ocrx_word' id='word_1_210' title='bbox 477 2012 576 2034; x_wconf 85' lang='lat' dir='ltr'><strong>meam</strong></span> <span class='ocrx_word' id='word_1_211' title='bbox 593 2003 699 2033; x_wconf 87' lang='lat' dir='ltr'><strong>crebro</strong></span> <span class='ocrx_word' id='word_1_212' title='bbox 715 2003 763 2033; x_wconf 81' lang='lat' dir='ltr'><strong>his</strong></span> <span class='ocrx_word' id='word_1_213' title='bbox 786 2004 919 2045; x_wconf 86' lang='lat' dir='ltr'><strong>implens</strong></span> <span class='ocrx_word' id='word_1_214' title='bbox 940 2004 1087 2035; x_wconf 90' lang='lat' dir='ltr'><strong>vocibus:</strong></span> 
     </span>
     <span class='ocr_line' id='line_1_36' title="bbox 355 2044 1084 2086; baseline 0.001 -11"><span class='ocrx_word' id='word_1_215' title='bbox 355 2044 428 2075; x_wconf 89' lang='lat' dir='ltr'><strong>Tibi</strong></span> <span class='ocrx_word' id='word_1_216' title='bbox 461 2045 633 2076; x_wconf 86' lang='lat' dir='ltr'><strong>senescenti</strong></span> <span class='ocrx_word' id='word_1_217' title='bbox 668 2045 810 2086; x_wconf 84' lang='lat' dir='ltr'><strong>exemplo</strong></span> <span class='ocrx_word' id='word_1_218' title='bbox 847 2045 887 2075; x_wconf 90' lang='lat' dir='ltr'><strong>sit</strong></span> <span class='ocrx_word' id='word_1_219' title='bbox 923 2055 1084 2077; x_wconf 84' lang='lat' dir='ltr'><strong>senescens</strong></span> 
     </span>
     <span class='ocr_line' id='line_1_37' title="bbox 355 2085 1085 2128; baseline 0.001 -11"><span class='ocrx_word' id='word_1_220' title='bbox 355 2096 468 2128; x_wconf 90' lang='lat' dir='ltr'><strong>equus,</strong></span> <span class='ocrx_word' id='word_1_221' title='bbox 485 2086 552 2127; x_wconf 85' lang='lat' dir='ltr'><strong>qui,</strong></span> <span class='ocrx_word' id='word_1_222' title='bbox 568 2085 629 2116; x_wconf 88' lang='lat' dir='ltr'><strong>nisi</strong></span> <span class='ocrx_word' id='word_1_223' title='bbox 646 2092 765 2117; x_wconf 88' lang='lat' dir='ltr'><strong>mature</strong></span> <span class='ocrx_word' id='word_1_224' title='bbox 785 2097 855 2116; x_wconf 89' lang='lat' dir='ltr'><strong>eum</strong></span> <span class='ocrx_word' id='word_1_225' title='bbox 873 2098 965 2118; x_wconf 90' lang='lat' dir='ltr'><strong>curru</strong></span> <span class='ocrx_word' id='word_1_226' title='bbox 990 2094 1020 2119; x_wconf 90' lang='lat' dir='ltr'><strong>et</strong></span> <span class='ocrx_word' id='word_1_227' title='bbox 1041 2088 1085 2118; x_wconf 89' lang='lat' dir='ltr'><strong>la-</strong></span> 
     </span>
     <span class='ocr_line' id='line_1_38' title="bbox 355 2128 1084 2170; baseline 0 -11"><span class='ocrx_word' id='word_1_228' title='bbox 355 2128 483 2159; x_wconf 89' lang='lat' dir='ltr'><strong>boribus</strong></span> <span class='ocrx_word' id='word_1_229' title='bbox 498 2128 636 2164; x_wconf 79' lang='lat' dir='ltr'><strong>solveris,</strong></span> <span class='ocrx_word' id='word_1_230' title='bbox 654 2129 784 2169; x_wconf 87' lang='lat' dir='ltr'><strong>turpiter</strong></span> <span class='ocrx_word' id='word_1_231' title='bbox 801 2139 833 2158; x_wconf 83' lang='lat' dir='ltr'><strong>se</strong></span> <span class='ocrx_word' id='word_1_232' title='bbox 855 2128 951 2165; x_wconf 85' lang='lat' dir='ltr'><strong>dabit,</strong></span> <span class='ocrx_word' id='word_1_233' title='bbox 969 2135 1000 2160; x_wconf 87' lang='lat' dir='ltr'><strong>et</strong></span> <span class='ocrx_word' id='word_1_234' title='bbox 1021 2130 1084 2170; x_wconf 90' lang='lat' dir='ltr'><strong>spi-</strong></span> 
     </span>
     <span class='ocr_line' id='line_1_39' title="bbox 356 2170 1085 2202; baseline 0.003 -2"><span class='ocrx_word' id='word_1_235' title='bbox 356 2170 433 2201; x_wconf 88' lang='lat' dir='ltr'><strong>ritus</strong></span> <span class='ocrx_word' id='word_1_236' title='bbox 447 2170 587 2201; x_wconf 87' lang='lat' dir='ltr'><strong>trahendi</strong></span> <span class='ocrx_word' id='word_1_237' title='bbox 609 2170 793 2200; x_wconf 84' lang='lat' dir='ltr'><strong>difficultate</strong></span> <span class='ocrx_word' id='word_1_238' title='bbox 815 2170 981 2201; x_wconf 87' lang='lat' dir='ltr'><strong>laborabit.</strong></span> <span class='ocrx_word' id='word_1_239' title='bbox 1027 2174 1085 2202; x_wconf 79' lang='lat' dir='ltr'><strong>Est</strong></span> 
     </span>
     <span class='ocr_line' id='line_1_40' title="bbox 355 2212 1084 2252; baseline 0.001 -9"><span class='ocrx_word' id='word_1_240' title='bbox 355 2213 440 2247; x_wconf 83' lang='lat' dir='ltr'><strong>mihi,</strong></span> <span class='ocrx_word' id='word_1_241' title='bbox 456 2214 518 2252; x_wconf 82' lang='lat' dir='ltr'><strong>qui,</strong></span> <span class='ocrx_word' id='word_1_242' title='bbox 531 2213 621 2243; x_wconf 82' lang='grc' dir='ltr'>ἔστιν</span> <span class='ocrx_word' id='word_1_243' title='bbox 637 2212 684 2249; x_wconf 82' lang='grc' dir='ltr'><strong>ὅς.</strong></span> <span class='ocrx_word' id='word_1_244' title='bbox 732 2212 913 2252; x_wconf 63' lang='grc' dir='ltr'><strong>Ριινὲηῑαπι,</strong></span> <span class='ocrx_word' id='word_1_245' title='bbox 929 2222 972 2243; x_wconf 87' lang='lat' dir='ltr'><strong>sc.</strong></span> <span class='ocrx_word' id='word_1_246' title='bbox 984 2213 1084 2249; x_wconf 88' lang='lat' dir='ltr'><strong>sorde,</strong></span> 
     </span>
     <span class='ocr_line' id='line_1_41' title="bbox 355 2253 1085 2296; baseline -0.001 -11"><span class='ocrx_word' id='word_1_247' title='bbox 355 2260 387 2285; x_wconf 88' lang='lat' dir='ltr'><strong>et</strong></span> <span class='ocrx_word' id='word_1_248' title='bbox 410 2254 537 2296; x_wconf 85' lang='lat' dir='ltr'><strong>proinde</strong></span> <span class='ocrx_word' id='word_1_249' title='bbox 565 2253 676 2285; x_wconf 90' lang='lat' dir='ltr'><strong>melius</strong></span> <span class='ocrx_word' id='word_1_250' title='bbox 703 2258 735 2284; x_wconf 88' lang='lat' dir='ltr'><strong>et</strong></span> <span class='ocrx_word' id='word_1_251' title='bbox 758 2253 871 2284; x_wconf 86' lang='lat' dir='ltr'><strong>clarius</strong></span> <span class='ocrx_word' id='word_1_252' title='bbox 897 2254 1085 2293; x_wconf 80' lang='lat' dir='ltr'><strong>audientem,</strong></span> 
     </span>
     <span class='ocr_line' id='line_1_42' title="bbox 353 2297 1087 2337; baseline 0 -10"><span class='ocrx_word' id='word_1_253' title='bbox 353 2297 528 2337; x_wconf 87' lang='lat' dir='ltr'><strong>elegantius</strong></span> <span class='ocrx_word' id='word_1_254' title='bbox 551 2306 618 2337; x_wconf 87' lang='lat' dir='ltr'><strong>pro,</strong></span> <span class='ocrx_word' id='word_1_255' title='bbox 643 2306 755 2327; x_wconf 85' lang='lat' dir='ltr'><strong>meam.</strong></span> <span class='ocrx_word' id='word_1_256' title='bbox 798 2297 909 2326; x_wconf 78' lang='lat' dir='ltr'><strong>Aurem</strong></span> <span class='ocrx_word' id='word_1_257' title='bbox 930 2308 1087 2335; x_wconf 78' lang='lat' dir='ltr'><strong>personare</strong></span> 
     </span>
     <span class='ocr_line' id='line_1_43' title="bbox 351 2337 1084 2379; baseline -0.001 -10"><span class='ocrx_word' id='word_1_258' title='bbox 351 2338 419 2379; x_wconf 88' lang='lat' dir='ltr'><strong>jam</strong></span> <span class='ocrx_word' id='word_1_259' title='bbox 443 2344 491 2369; x_wconf 89' lang='lat' dir='ltr'><strong>est</strong></span> <span class='ocrx_word' id='word_1_260' title='bbox 512 2348 616 2369; x_wconf 87' lang='lat' dir='ltr'><strong>aurem</strong></span> <span class='ocrx_word' id='word_1_261' title='bbox 638 2338 732 2374; x_wconf 86' lang='lat' dir='ltr'><strong>sonis,</strong></span> <span class='ocrx_word' id='word_1_262' title='bbox 759 2337 888 2368; x_wconf 91' lang='lat' dir='ltr'><strong>vocibus</strong></span> <span class='ocrx_word' id='word_1_263' title='bbox 913 2339 1084 2376; x_wconf 85' lang='lat' dir='ltr'><strong>clarisonis,</strong></span> 
     </span>
     <span class='ocr_line' id='line_1_44' title="bbox 355 2379 1082 2422; baseline 0.003 -12"><span class='ocrx_word' id='word_1_264' title='bbox 355 2380 503 2422; x_wconf 86' lang='lat' dir='ltr'><strong>implere;</strong></span> <span class='ocrx_word' id='word_1_265' title='bbox 538 2380 582 2411; x_wconf 87' lang='lat' dir='ltr'><strong>sic</strong></span> <span class='ocrx_word' id='word_1_266' title='bbox 613 2379 696 2422; x_wconf 90' lang='lat' dir='ltr'><strong>apud</strong></span> <span class='ocrx_word' id='word_1_267' title='bbox 727 2379 816 2420; x_wconf 85' lang='lat' dir='ltr'><strong>Virg.</strong></span> <span class='ocrx_word' id='word_1_268' title='bbox 848 2381 926 2410; x_wconf 83' lang='lat' dir='ltr'><strong>AEn.</strong></span> <span class='ocrx_word' id='word_1_269' title='bbox 949 2381 991 2416; x_wconf 89' lang='lat' dir='ltr'><strong>vi,</strong></span> <span class='ocrx_word' id='word_1_270' title='bbox 1021 2382 1082 2412; x_wconf 88' lang='grc'><strong>417</strong></span> 
     </span>
     <span class='ocr_line' id='line_1_45' title="bbox 356 2422 1084 2463; baseline 0.001 -10"><span class='ocrx_word' id='word_1_271' title='bbox 356 2422 509 2453; x_wconf 80' lang='lat' dir='ltr'><strong>Cerberus</strong></span> <span class='ocrx_word' id='word_1_272' title='bbox 528 2433 622 2463; x_wconf 85' lang='lat' dir='ltr'><strong>regna</strong></span> <span class='ocrx_word' id='word_1_273' title='bbox 647 2423 763 2452; x_wconf 75' lang='lat' dir='ltr'><strong>latratu</strong></span> <span class='ocrx_word' id='word_1_274' title='bbox 785 2433 942 2462; x_wconf 81' lang='lat' dir='ltr'><strong>personare</strong></span> <span class='ocrx_word' id='word_1_275' title='bbox 961 2422 1084 2454; x_wconf 87' lang='lat' dir='ltr'><strong>dicitur.</strong></span> 
     </span>
     <span class='ocr_line' id='line_1_46' title="bbox 351 2464 1084 2506; baseline 0.003 -12"><span class='ocrx_word' id='word_1_276' title='bbox 351 2464 567 2495; x_wconf 78' lang='lat' dir='ltr'><strong>Senescentem:</strong></span> <span class='ocrx_word' id='word_1_277' title='bbox 601 2464 771 2494; x_wconf 91' lang='lat' dir='ltr'><strong>Lambinus</strong></span> <span class='ocrx_word' id='word_1_278' title='bbox 795 2471 951 2506; x_wconf 87' lang='lat' dir='ltr'><strong>comparat</strong></span> <span class='ocrx_word' id='word_1_279' title='bbox 976 2465 1084 2496; x_wconf 90' lang='lat' dir='ltr'><strong>Ennii.</strong></span> 
     </span>
     <span class='ocr_line' id='line_1_47' title="bbox 351 2505 1083 2548; baseline 0.001 -11"><span class='ocrx_word' id='word_1_280' title='bbox 351 2507 476 2547; x_wconf 84' lang='lat' dir='ltr'><strong>Fragm.</strong></span> <span class='ocrx_word' id='word_1_281' title='bbox 498 2507 580 2548; x_wconf 84' lang='lat' dir='ltr'><strong>apud</strong></span> <span class='ocrx_word' id='word_1_282' title='bbox 604 2505 674 2537; x_wconf 87' lang='lat' dir='ltr'><strong>Cic.</strong></span> <span class='ocrx_word' id='word_1_283' title='bbox 690 2506 728 2537; x_wconf 88' lang='lat' dir='ltr'><strong>de</strong></span> <span class='ocrx_word' id='word_1_284' title='bbox 752 2507 875 2537; x_wconf 86' lang='lat' dir='ltr'><strong>Senect.</strong></span> <span class='ocrx_word' id='word_1_285' title='bbox 897 2516 926 2537; x_wconf 92' lang='lat' dir='ltr'><strong>c.</strong></span> <span class='ocrx_word' id='word_1_286' title='bbox 949 2509 980 2543; x_wconf 86' lang='lat'><strong>5,</strong></span> <span class='ocrx_word' id='word_1_287' title='bbox 999 2508 1083 2538; x_wconf 78' lang='lat' dir='ltr'><strong>Sicut</strong></span> 
     </span>
     <span class='ocr_line' id='line_1_48' title="bbox 343 2548 1082 2590; baseline 0.003 -12"><span class='ocrx_word' id='word_1_288' title='bbox 343 2548 441 2590; x_wconf 83' lang='lat' dir='ltr'><strong>sortis</strong></span> <span class='ocrx_word' id='word_1_289' title='bbox 462 2559 563 2589; x_wconf 80' lang='lat' dir='ltr'><strong>equus,</strong></span> <span class='ocrx_word' id='word_1_290' title='bbox 587 2550 680 2588; x_wconf 80' lang='lat' dir='ltr'><strong>spatio</strong></span> <span class='ocrx_word' id='word_1_291' title='bbox 702 2550 852 2590; x_wconf 77' lang='lat' dir='ltr'><strong>quiforte</strong></span> <span class='ocrx_word' id='word_1_292' title='bbox 873 2559 1006 2587; x_wconf 78' lang='lat' dir='ltr'><strong>supremo</strong></span> <span class='ocrx_word' id='word_1_293' title='bbox 1032 2550 1082 2579; x_wconf 83' lang='lat' dir='ltr'><strong>Vi-</strong></span> 
     </span>
     <span class='ocr_line' id='line_1_49' title="bbox 351 2591 1085 2632; baseline 0.001 -11"><span class='ocrx_word' id='word_1_294' title='bbox 351 2591 393 2621; x_wconf 83' lang='lat' dir='ltr'><strong>cit</strong></span> <span class='ocrx_word' id='word_1_295' title='bbox 411 2591 562 2631; x_wconf 79' lang='lat' dir='ltr'><strong>Olympia,</strong></span> <span class='ocrx_word' id='word_1_296' title='bbox 576 2602 656 2620; x_wconf 80' lang='lat' dir='ltr'><strong>nunc</strong></span> <span class='ocrx_word' id='word_1_297' title='bbox 678 2593 756 2621; x_wconf 80' lang='lat' dir='ltr'><strong>senio</strong></span> <span class='ocrx_word' id='word_1_298' title='bbox 779 2591 930 2632; x_wconf 77' lang='lat' dir='ltr'><strong>consectu&#39;</strong></span> <span class='ocrx_word' id='word_1_299' title='bbox 953 2594 1085 2632; x_wconf 80' lang='lat' dir='ltr'><strong>quiescit.</strong></span> 
     </span>
     <span class='ocr_line' id='line_1_50' title="bbox 352 2631 1083 2674; baseline 0.003 -11"><span class='ocrx_word' id='word_1_300' title='bbox 352 2634 464 2667; x_wconf 80' lang='lat' dir='ltr'><strong>Sanus,</strong></span> <span class='ocrx_word' id='word_1_301' title='bbox 495 2631 685 2674; x_wconf 83' lang='lat' dir='ltr'><strong>prudentior.</strong></span> <span class='ocrx_word' id='word_1_302' title='bbox 746 2633 809 2663; x_wconf 77' lang='lat' dir='ltr'><strong>Ilia</strong></span> <span class='ocrx_word' id='word_1_303' title='bbox 846 2634 948 2669; x_wconf 81' lang='lat' dir='ltr'><strong>ducat,</strong></span> <span class='ocrx_word' id='word_1_304' title='bbox 987 2633 1083 2665; x_wconf 86' lang='lat' dir='ltr'><strong>anhe-</strong></span> 
     </span>
     <span class='ocr_line' id='line_1_51' title="bbox 350 2674 1078 2707; baseline 0.004 -3"><span class='ocrx_word' id='word_1_305' title='bbox 350 2674 393 2706; x_wconf 89' lang='lat' dir='ltr'><strong>let</strong></span> <span class='ocrx_word' id='word_1_306' title='bbox 406 2679 437 2705; x_wconf 88' lang='lat' dir='ltr'><strong>et</strong></span> <span class='ocrx_word' id='word_1_307' title='bbox 457 2675 577 2705; x_wconf 90' lang='lat' dir='ltr'><strong>lumbos</strong></span> <span class='ocrx_word' id='word_1_308' title='bbox 599 2674 699 2705; x_wconf 86' lang='lat' dir='ltr'><strong>trahat</strong></span> <span class='ocrx_word' id='word_1_309' title='bbox 721 2674 820 2706; x_wconf 89' lang='lat' dir='ltr'><strong>macie</strong></span> <span class='ocrx_word' id='word_1_310' title='bbox 842 2680 872 2706; x_wconf 91' lang='lat' dir='ltr'><strong>et</strong></span> <span class='ocrx_word' id='word_1_311' title='bbox 895 2676 981 2706; x_wconf 87' lang='lat' dir='ltr'><strong>senio</strong></span> <span class='ocrx_word' id='word_1_312' title='bbox 1003 2686 1078 2707; x_wconf 91' lang='lat' dir='ltr'><strong>con-</strong></span> 
     </span>
     <span class='ocr_line' id='line_1_52' title="bbox 349 2717 994 2748; baseline 0.002 -2"><span class='ocrx_word' id='word_1_313' title='bbox 349 2717 458 2748; x_wconf 80' lang='lat' dir='ltr'><strong>fectus.</strong></span> <span class='ocrx_word' id='word_1_314' title='bbox 991 2737 994 2739; x_wconf 91' lang='lat'>-</span> 
     </span>
    </p>

    <p class='ocr_par' dir='ltr' id='par_1_8' title="bbox 347 2758 1080 2968">
     <span class='ocr_line' id='line_1_53' title="bbox 398 2758 1079 2798; baseline 0.003 -10"><span class='ocrx_word' id='word_1_315' title='bbox 398 2759 446 2789; x_wconf 85' lang='lat'><strong>10.</strong></span> <span class='ocrx_word' id='word_1_316' title='bbox 473 2758 565 2789; x_wconf 84' lang='lat' dir='ltr'><strong>Nunc</strong></span> <span class='ocrx_word' id='word_1_317' title='bbox 581 2760 692 2798; x_wconf 77' lang='lat' dir='ltr'><strong>itaque,</strong></span> <span class='ocrx_word' id='word_1_318' title='bbox 711 2769 792 2789; x_wconf 90' lang='lat' dir='ltr'><strong>nunc</strong></span> <span class='ocrx_word' id='word_1_319' title='bbox 811 2758 912 2798; x_wconf 84' lang='lat' dir='ltr'><strong>igitur,</strong></span> <span class='ocrx_word' id='word_1_320' title='bbox 929 2759 1002 2790; x_wconf 89' lang='lat' dir='ltr'><strong>dum</strong></span> <span class='ocrx_word' id='word_1_321' title='bbox 1015 2769 1079 2790; x_wconf 86' lang='lat' dir='ltr'><strong>mo-</strong></span> 
     </span>
     <span class='ocr_line' id='line_1_54' title="bbox 349 2800 1080 2842; baseline 0.001 -12"><span class='ocrx_word' id='word_1_322' title='bbox 349 2800 451 2836; x_wconf 90' lang='lat' dir='ltr'><strong>nitori,</strong></span> <span class='ocrx_word' id='word_1_323' title='bbox 469 2800 570 2831; x_wconf 86' lang='lat' dir='ltr'><strong>animo</strong></span> <span class='ocrx_word' id='word_1_324' title='bbox 587 2811 666 2834; x_wconf 82' lang='lat' dir='ltr'><strong>meo,</strong></span> <span class='ocrx_word' id='word_1_325' title='bbox 683 2811 787 2842; x_wconf 80' lang='lat' dir='ltr'><strong>pareo„</strong></span> <span class='ocrx_word' id='word_1_326' title='bbox 819 2801 925 2831; x_wconf 79' lang='lat' dir='ltr'><strong>Versus</strong></span> <span class='ocrx_word' id='word_1_327' title='bbox 940 2807 966 2831; x_wconf 82' lang='lat' dir='ltr'><strong>et</strong></span> <span class='ocrx_word' id='word_1_328' title='bbox 983 2809 1080 2831; x_wconf 80' lang='lat' dir='ltr'><strong>cetera</strong></span> 
     </span>
     <span class='ocr_line' id='line_1_55' title="bbox 349 2842 1075 2882; baseline 0.001 -9"><span class='ocrx_word' id='word_1_329' title='bbox 349 2844 467 2874; x_wconf 73' lang='lat' dir='ltr'><strong>ludicra</strong></span> <span class='ocrx_word' id='word_1_330' title='bbox 481 2854 567 2882; x_wconf 81' lang='lat' dir='ltr'><strong>pono,</strong></span> <span class='ocrx_word' id='word_1_331' title='bbox 583 2842 755 2873; x_wconf 84' lang='lat' dir='ltr'><strong>scribendis</strong></span> <span class='ocrx_word' id='word_1_332' title='bbox 770 2842 908 2873; x_wconf 86' lang='lat' dir='ltr'><strong>versibus</strong></span> <span class='ocrx_word' id='word_1_333' title='bbox 925 2849 955 2874; x_wconf 90' lang='lat' dir='ltr'><strong>et</strong></span> <span class='ocrx_word' id='word_1_334' title='bbox 966 2843 1075 2874; x_wconf 88' lang='lat' dir='ltr'><strong>ceteris</strong></span> 
     </span>
     <span class='ocr_line' id='line_1_56' title="bbox 347 2884 1072 2926; baseline 0.001 -11"><span class='ocrx_word' id='word_1_335' title='bbox 347 2885 480 2920; x_wconf 81' lang='lat' dir='ltr'><strong>lusibus,</strong></span> <span class='ocrx_word' id='word_1_336' title='bbox 495 2885 609 2926; x_wconf 90' lang='lat' dir='ltr'><strong>quibus</strong></span> <span class='ocrx_word' id='word_1_337' title='bbox 628 2884 808 2926; x_wconf 82' lang='lat' dir='ltr'><strong>juveniliter</strong></span> <span class='ocrx_word' id='word_1_338' title='bbox 831 2885 955 2922; x_wconf 89' lang='lat' dir='ltr'><strong>indulsi,</strong></span> <span class='ocrx_word' id='word_1_339' title='bbox 979 2885 1072 2916; x_wconf 87' lang='lat' dir='ltr'><strong>absti-</strong></span> 
     </span>
     <span class='ocr_line' id='line_1_57' title="bbox 347 2926 1072 2968; baseline 0.001 -11"><span class='ocrx_word' id='word_1_340' title='bbox 347 2937 418 2959; x_wconf 87' lang='lat' dir='ltr'><strong>neo.</strong></span> <span class='ocrx_word' id='word_1_341' title='bbox 463 2926 569 2957; x_wconf 79' lang='lat' dir='ltr'><strong>Versus</strong></span> <span class='ocrx_word' id='word_1_342' title='bbox 584 2927 622 2957; x_wconf 87' lang='lat' dir='ltr'><strong>ad</strong></span> <span class='ocrx_word' id='word_1_343' title='bbox 637 2926 773 2958; x_wconf 87' lang='lat' dir='ltr'><strong>carmina</strong></span> <span class='ocrx_word' id='word_1_344' title='bbox 790 2927 887 2968; x_wconf 78' lang='lat' dir='ltr'><strong>lyrica</strong></span> <span class='ocrx_word' id='word_1_345' title='bbox 900 2932 931 2958; x_wconf 89' lang='lat' dir='ltr'><strong>et</strong></span> <span class='ocrx_word' id='word_1_346' title='bbox 955 2928 1072 2959; x_wconf 78' lang='lat' dir='ltr'><strong>ludicra</strong></span> 
     </span>
    </p>
   </div>
   <div class='ocr_carea' id='block_1_5' title="bbox 1117 1206 1865 2969">
    <p class='ocr_par' dir='ltr' id='par_1_9' title="bbox 1134 1206 1865 1280">
     <span class='ocr_line' id='line_1_58' title="bbox 1135 1206 1865 1250; baseline 0.004 -12"><span class='ocrx_word' id='word_1_347' title='bbox 1135 1206 1174 1236; x_wconf 86' lang='lat' dir='ltr'><strong>ad</strong></span> <span class='ocrx_word' id='word_1_348' title='bbox 1196 1206 1306 1238; x_wconf 73' lang='lat' dir='ltr'><strong>satiras</strong></span> <span class='ocrx_word' id='word_1_349' title='bbox 1321 1206 1466 1248; x_wconf 88' lang='lat' dir='ltr'><strong>equidem</strong></span> <span class='ocrx_word' id='word_1_350' title='bbox 1485 1217 1557 1238; x_wconf 88' lang='lat' dir='ltr'><strong>cum</strong></span> <span class='ocrx_word' id='word_1_351' title='bbox 1581 1206 1798 1250; x_wconf 81' lang='lat' dir='ltr'><strong>interpretibus</strong></span> <span class='ocrx_word' id='word_1_352' title='bbox 1819 1219 1865 1242; x_wconf 85' lang='lat' dir='ltr'><strong>re-</strong></span> 
     </span>
     <span class='ocr_line' id='line_1_59' title="bbox 1134 1248 1337 1280; baseline 0.01 -2"><span class='ocrx_word' id='word_1_353' title='bbox 1134 1248 1212 1279; x_wconf 87' lang='lat' dir='ltr'><strong>ferre</strong></span> <span class='ocrx_word' id='word_1_354' title='bbox 1229 1249 1337 1280; x_wconf 89' lang='lat' dir='ltr'><strong>nolim.</strong></span> 
     </span>
    </p>

    <p class='ocr_par' dir='ltr' id='par_1_10' title="bbox 1133 1291 1863 1371">
     <span class='ocr_line' id='line_1_60' title="bbox 1179 1291 1863 1334; baseline 0.006 -13"><span class='ocrx_word' id='word_1_355' title='bbox 1179 1292 1228 1321; x_wconf 86' lang='lat' dir='ltr'><strong>ll.</strong></span> <span class='ocrx_word' id='word_1_356' title='bbox 1253 1292 1366 1328; x_wconf 80' lang='lat' dir='ltr'><strong>Omnis,</strong></span> <span class='ocrx_word' id='word_1_357' title='bbox 1383 1297 1476 1327; x_wconf 89' lang='lat' dir='ltr'><strong>totus,</strong></span> <span class='ocrx_word' id='word_1_358' title='bbox 1491 1295 1556 1322; x_wconf 89' lang='lat' dir='ltr'><strong>toto</strong></span> <span class='ocrx_word' id='word_1_359' title='bbox 1571 1291 1676 1322; x_wconf 85' lang='lat' dir='ltr'><strong>animo</strong></span> <span class='ocrx_word' id='word_1_360' title='bbox 1699 1292 1788 1334; x_wconf 81' lang='grc' dir='ltr'>(πᾶς</span> <span class='ocrx_word' id='word_1_361' title='bbox 1806 1294 1863 1325; x_wconf 87' lang='grc' dir='ltr'><strong>καὶ</strong></span> 
     </span>
     <span class='ocr_line' id='line_1_61' title="bbox 1133 1332 1240 1371; baseline 0.009 -8"><span class='ocrx_word' id='word_1_362' title='bbox 1133 1332 1240 1371; x_wconf 79' lang='grc' dir='ltr'>ὅλος).</span> 
     </span>
    </p>

    <p class='ocr_par' dir='ltr' id='par_1_11' title="bbox 1130 1374 1863 1499">
     <span class='ocr_line' id='line_1_62' title="bbox 1178 1374 1863 1414; baseline 0.006 -10"><span class='ocrx_word' id='word_1_363' title='bbox 1178 1375 1227 1404; x_wconf 85' lang='grc'><strong>12.</strong></span> <span class='ocrx_word' id='word_1_364' title='bbox 1254 1374 1353 1406; x_wconf 82' lang='lat' dir='ltr'><strong>Condo</strong></span> <span class='ocrx_word' id='word_1_365' title='bbox 1375 1381 1404 1405; x_wconf 81' lang='lat' dir='ltr'><strong>et</strong></span> <span class='ocrx_word' id='word_1_366' title='bbox 1429 1385 1575 1414; x_wconf 76' lang='lat' dir='ltr'><strong>compono,</strong></span> <span class='ocrx_word' id='word_1_367' title='bbox 1601 1376 1734 1407; x_wconf 87' lang='lat' dir='ltr'><strong>recondo</strong></span> <span class='ocrx_word' id='word_1_368' title='bbox 1759 1377 1863 1408; x_wconf 85' lang='lat' dir='ltr'><strong>animo</strong></span> 
     </span>
     <span class='ocr_line' id='line_1_63' title="bbox 1133 1416 1863 1460; baseline 0.005 -14"><span class='ocrx_word' id='word_1_369' title='bbox 1133 1422 1287 1458; x_wconf 83' lang='lat' dir='ltr'><strong>praecepta</strong></span> <span class='ocrx_word' id='word_1_370' title='bbox 1309 1416 1525 1458; x_wconf 73' lang='lat' dir='ltr'><strong>philosophiae,</strong></span> <span class='ocrx_word' id='word_1_371' title='bbox 1541 1422 1572 1448; x_wconf 81' lang='lat' dir='ltr'><strong>et</strong></span> <span class='ocrx_word' id='word_1_372' title='bbox 1586 1417 1747 1450; x_wconf 79' lang='lat' dir='ltr'><strong>recondita</strong></span> <span class='ocrx_word' id='word_1_373' title='bbox 1768 1420 1863 1460; x_wconf 86' lang='lat' dir='ltr'><strong>(com-</strong></span> 
     </span>
     <span class='ocr_line' id='line_1_64' title="bbox 1130 1457 1553 1499; baseline 0.002 -12"><span class='ocrx_word' id='word_1_374' title='bbox 1130 1458 1222 1498; x_wconf 83' lang='lat' dir='ltr'><strong>pono)</strong></span> <span class='ocrx_word' id='word_1_375' title='bbox 1238 1459 1269 1488; x_wconf 92' lang='lat' dir='ltr'><strong>in</strong></span> <span class='ocrx_word' id='word_1_376' title='bbox 1283 1459 1421 1489; x_wconf 89' lang='lat' dir='ltr'><strong>ordinem</strong></span> <span class='ocrx_word' id='word_1_377' title='bbox 1437 1457 1553 1499; x_wconf 86' lang='lat' dir='ltr'><strong>redigo.</strong></span> 
     </span>
    </p>

    <p class='ocr_par' dir='ltr' id='par_1_12' title="bbox 1132 1501 1863 1748">
     <span class='ocr_line' id='line_1_65' title="bbox 1178 1501 1861 1541; baseline 0.001 -11"><span class='ocrx_word' id='word_1_378' title='bbox 1178 1501 1228 1531; x_wconf 89' lang='lat'><strong>14.</strong></span> <span class='ocrx_word' id='word_1_379' title='bbox 1255 1501 1321 1535; x_wconf 79' lang='lat' dir='ltr'><strong>Quo</strong></span> <span class='ocrx_word' id='word_1_380' title='bbox 1334 1512 1379 1531; x_wconf 82' lang='lat' dir='ltr'><strong>me</strong></span> <span class='ocrx_word' id='word_1_381' title='bbox 1393 1502 1478 1535; x_wconf 83' lang='lat' dir='ltr'><strong>duce,</strong></span> <span class='ocrx_word' id='word_1_382' title='bbox 1495 1511 1551 1540; x_wconf 81' lang='lat' dir='ltr'><strong>quo</strong></span> <span class='ocrx_word' id='word_1_383' title='bbox 1572 1501 1635 1531; x_wconf 83' lang='lat' dir='ltr'><strong>lare</strong></span> <span class='ocrx_word' id='word_1_384' title='bbox 1656 1506 1748 1536; x_wconf 79' lang='lat' dir='ltr'><strong>tuter,</strong></span> <span class='ocrx_word' id='word_1_385' title='bbox 1770 1510 1861 1541; x_wconf 88' lang='lat' dir='ltr'><strong>quem</strong></span> 
     </span>
     <span class='ocr_line' id='line_1_66' title="bbox 1132 1541 1863 1584; baseline 0.003 -12"><span class='ocrx_word' id='word_1_386' title='bbox 1132 1541 1242 1572; x_wconf 88' lang='lat' dir='ltr'><strong>ducem</strong></span> <span class='ocrx_word' id='word_1_387' title='bbox 1259 1542 1290 1572; x_wconf 92' lang='lat' dir='ltr'><strong>in</strong></span> <span class='ocrx_word' id='word_1_388' title='bbox 1306 1541 1502 1584; x_wconf 86' lang='lat' dir='ltr'><strong>philosophia</strong></span> <span class='ocrx_word' id='word_1_389' title='bbox 1518 1551 1641 1583; x_wconf 83' lang='lat' dir='ltr'><strong>sequar,</strong></span> <span class='ocrx_word' id='word_1_390' title='bbox 1662 1542 1754 1584; x_wconf 80' lang='lat' dir='ltr'><strong>cujus</strong></span> <span class='ocrx_word' id='word_1_391' title='bbox 1769 1548 1863 1574; x_wconf 87' lang='lat' dir='ltr'><strong>sectae</strong></span> 
     </span>
     <span class='ocr_line' id='line_1_67' title="bbox 1132 1584 1861 1626; baseline 0.004 -13"><span class='ocrx_word' id='word_1_392' title='bbox 1132 1584 1314 1614; x_wconf 88' lang='lat' dir='ltr'><strong>auctoritate</strong></span> <span class='ocrx_word' id='word_1_393' title='bbox 1328 1594 1376 1615; x_wconf 88' lang='lat' dir='ltr'><strong>me</strong></span> <span class='ocrx_word' id='word_1_394' title='bbox 1391 1589 1489 1615; x_wconf 86' lang='lat' dir='ltr'><strong>tuear.</strong></span> <span class='ocrx_word' id='word_1_395' title='bbox 1534 1584 1599 1615; x_wconf 79' lang='lat' dir='ltr'><strong>Lar</strong></span> <span class='ocrx_word' id='word_1_396' title='bbox 1615 1584 1681 1626; x_wconf 86' lang='lat' dir='ltr'><strong>jam</strong></span> <span class='ocrx_word' id='word_1_397' title='bbox 1704 1590 1751 1615; x_wconf 85' lang='lat' dir='ltr'><strong>est</strong></span> <span class='ocrx_word' id='word_1_398' title='bbox 1766 1590 1861 1620; x_wconf 83' lang='lat' dir='ltr'><strong>secta.</strong></span> 
     </span>
     <span class='ocr_line' id='line_1_68' title="bbox 1133 1625 1862 1669; baseline 0.003 -14"><span class='ocrx_word' id='word_1_399' title='bbox 1133 1631 1168 1655; x_wconf 90' lang='lat' dir='ltr'><strong>ut</strong></span> <span class='ocrx_word' id='word_1_400' title='bbox 1183 1626 1331 1666; x_wconf 83' lang='lat' dir='ltr'><strong>familia:</strong></span> <span class='ocrx_word' id='word_1_401' title='bbox 1356 1625 1423 1657; x_wconf 91' lang='lat' dir='ltr'><strong>Cic.</strong></span> <span class='ocrx_word' id='word_1_402' title='bbox 1444 1625 1483 1656; x_wconf 85' lang='lat' dir='ltr'><strong>de</strong></span> <span class='ocrx_word' id='word_1_403' title='bbox 1506 1625 1615 1657; x_wconf 85' lang='lat' dir='ltr'><strong>Divin.</strong></span> <span class='ocrx_word' id='word_1_404' title='bbox 1635 1625 1668 1664; x_wconf 86' lang='lat' dir='ltr'><strong>ii,</strong></span> <span class='ocrx_word' id='word_1_405' title='bbox 1685 1627 1715 1662; x_wconf 84' lang='lat'><strong>1,</strong></span> <span class='ocrx_word' id='word_1_406' title='bbox 1732 1626 1862 1669; x_wconf 85' lang='lat' dir='ltr'><strong>familia</strong></span> 
     </span>
     <span class='ocr_line' id='line_1_69' title="bbox 1135 1665 1862 1710; baseline 0.001 -13"><span class='ocrx_word' id='word_1_407' title='bbox 1135 1668 1414 1707; x_wconf 79' lang='lat' dir='ltr'><strong>Peripateticorum,</strong></span> <span class='ocrx_word' id='word_1_408' title='bbox 1441 1673 1473 1698; x_wconf 87' lang='lat' dir='ltr'><strong>et</strong></span> <span class='ocrx_word' id='word_1_409' title='bbox 1495 1669 1617 1706; x_wconf 77' lang='lat' dir='ltr'><strong>domus5</strong></span> <span class='ocrx_word' id='word_1_410' title='bbox 1652 1678 1724 1710; x_wconf 78' lang='lat' dir='ltr'><strong>sup.</strong></span> <span class='ocrx_word' id='word_1_411' title='bbox 1751 1665 1862 1706; x_wconf 84' lang='lat' dir='ltr'><strong>Od.&#39;i,</strong></span> 
     </span>
     <span class='ocr_line' id='line_1_70' title="bbox 1133 1710 1550 1748; baseline 0.005 -9"><span class='ocrx_word' id='word_1_412' title='bbox 1133 1710 1186 1746; x_wconf 88' lang='lat'><strong>29,</strong></span> <span class='ocrx_word' id='word_1_413' title='bbox 1205 1711 1254 1748; x_wconf 86' lang='lat'><strong>14,</strong></span> <span class='ocrx_word' id='word_1_414' title='bbox 1270 1712 1371 1741; x_wconf 81' lang='lat' dir='ltr'><strong>domus</strong></span> <span class='ocrx_word' id='word_1_415' title='bbox 1386 1711 1550 1741; x_wconf 77' lang='lat' dir='ltr'><strong>Socratica.</strong></span> 
     </span>
    </p>

    <p class='ocr_par' dir='ltr' id='par_1_13' title="bbox 1129 1752 1864 2171">
     <span class='ocr_line' id='line_1_71' title="bbox 1181 1752 1861 1791; baseline 0.001 -9"><span class='ocrx_word' id='word_1_416' title='bbox 1181 1753 1229 1783; x_wconf 85' lang='lat'><strong>14.</strong></span> <span class='ocrx_word' id='word_1_417' title='bbox 1254 1752 1382 1783; x_wconf 78' lang='lat' dir='ltr'><strong>Nullius</strong></span> <span class='ocrx_word' id='word_1_418' title='bbox 1408 1754 1546 1783; x_wconf 78' lang='lat' dir='ltr'><strong>addictus</strong></span> <span class='ocrx_word' id='word_1_419' title='bbox 1565 1753 1680 1791; x_wconf 77' lang='lat' dir='ltr'><strong>jurare</strong></span> <span class='ocrx_word' id='word_1_420' title='bbox 1709 1754 1742 1783; x_wconf 83' lang='lat' dir='ltr'><strong>in</strong></span> <span class='ocrx_word' id='word_1_421' title='bbox 1771 1753 1861 1783; x_wconf 80' lang='lat' dir='ltr'><strong>verba</strong></span> 
     </span>
     <span class='ocr_line' id='line_1_72' title="bbox 1133 1793 1861 1836; baseline 0.004 -14"><span class='ocrx_word' id='word_1_422' title='bbox 1133 1796 1270 1835; x_wconf 78' lang='lat' dir='ltr'><strong>magistri</strong></span> <span class='ocrx_word' id='word_1_423' title='bbox 1282 1807 1289 1824; x_wconf 89' lang='lat'><em>:</em></span> <span class='ocrx_word' id='word_1_424' title='bbox 1306 1794 1395 1829; x_wconf 87' lang='lat' dir='ltr'><strong>scito,</strong></span> <span class='ocrx_word' id='word_1_425' title='bbox 1406 1804 1455 1825; x_wconf 90' lang='lat' dir='ltr'><strong>me</strong></span> <span class='ocrx_word' id='word_1_426' title='bbox 1464 1793 1507 1825; x_wconf 80' lang='lat' dir='ltr'><strong>ita</strong></span> <span class='ocrx_word' id='word_1_427' title='bbox 1515 1793 1674 1825; x_wconf 86' lang='lat' dir='ltr'><strong>addictum</strong></span> <span class='ocrx_word' id='word_1_428' title='bbox 1685 1793 1861 1836; x_wconf 87' lang='lat' dir='ltr'><strong>(deditum)</strong></span> 
     </span>
     <span class='ocr_line' id='line_1_73' title="bbox 1131 1835 1864 1878; baseline 0.003 -13"><span class='ocrx_word' id='word_1_429' title='bbox 1131 1845 1197 1866; x_wconf 88' lang='lat' dir='ltr'><strong>esse</strong></span> <span class='ocrx_word' id='word_1_430' title='bbox 1222 1835 1438 1878; x_wconf 76' lang='lat' dir='ltr'><strong>philosophiae,</strong></span> <span class='ocrx_word' id='word_1_431' title='bbox 1462 1842 1497 1866; x_wconf 90' lang='lat' dir='ltr'><strong>ut</strong></span> <span class='ocrx_word' id='word_1_432' title='bbox 1522 1836 1554 1866; x_wconf 91' lang='lat' dir='ltr'><strong>in</strong></span> <span class='ocrx_word' id='word_1_433' title='bbox 1584 1836 1700 1867; x_wconf 85' lang='lat' dir='ltr'><strong>nullius</strong></span> <span class='ocrx_word' id='word_1_434' title='bbox 1723 1835 1864 1877; x_wconf 85' lang='lat' dir='ltr'><strong>magistri</strong></span> 
     </span>
     <span class='ocr_line' id='line_1_74' title="bbox 1133 1877 1862 1920; baseline 0.003 -13"><span class='ocrx_word' id='word_1_435' title='bbox 1133 1878 1225 1908; x_wconf 85' lang='lat' dir='ltr'><strong>verba</strong></span> <span class='ocrx_word' id='word_1_436' title='bbox 1235 1878 1347 1919; x_wconf 85' lang='lat' dir='ltr'><strong>jurem,</strong></span> <span class='ocrx_word' id='word_1_437' title='bbox 1363 1878 1394 1909; x_wconf 87' lang='lat' dir='ltr'><strong>h.</strong></span> <span class='ocrx_word' id='word_1_438' title='bbox 1411 1888 1438 1909; x_wconf 85' lang='lat' dir='ltr'><strong>e.</strong></span> <span class='ocrx_word' id='word_1_439' title='bbox 1454 1877 1573 1909; x_wconf 87' lang='lat' dir='ltr'><strong>nullius</strong></span> <span class='ocrx_word' id='word_1_440' title='bbox 1589 1877 1763 1920; x_wconf 85' lang='lat' dir='ltr'><strong>philosophi</strong></span> <span class='ocrx_word' id='word_1_441' title='bbox 1785 1887 1862 1909; x_wconf 83' lang='lat' dir='ltr'><strong>auc-</strong></span> 
     </span>
     <span class='ocr_line' id='line_1_75' title="bbox 1133 1919 1861 1962; baseline 0.003 -13"><span class='ocrx_word' id='word_1_442' title='bbox 1133 1920 1255 1951; x_wconf 86' lang='lat' dir='ltr'><strong>toritate</strong></span> <span class='ocrx_word' id='word_1_443' title='bbox 1279 1931 1328 1952; x_wconf 90' lang='lat' dir='ltr'><strong>me</strong></span> <span class='ocrx_word' id='word_1_444' title='bbox 1354 1919 1455 1962; x_wconf 87' lang='lat' dir='ltr'><strong>decipi</strong></span> <span class='ocrx_word' id='word_1_445' title='bbox 1482 1926 1514 1951; x_wconf 88' lang='lat' dir='ltr'><strong>et</strong></span> <span class='ocrx_word' id='word_1_446' title='bbox 1542 1919 1575 1950; x_wconf 92' lang='lat' dir='ltr'><strong>in</strong></span> <span class='ocrx_word' id='word_1_447' title='bbox 1593 1930 1725 1952; x_wconf 86' lang='lat' dir='ltr'><strong>errorem</strong></span> <span class='ocrx_word' id='word_1_448' title='bbox 1753 1919 1861 1951; x_wconf 83' lang='lat' dir='ltr'><strong>induci</strong></span> 
     </span>
     <span class='ocr_line' id='line_1_76' title="bbox 1131 1961 1861 2003; baseline 0.004 -12"><span class='ocrx_word' id='word_1_449' title='bbox 1131 1962 1243 2002; x_wconf 85' lang='lat' dir='ltr'><strong>patiar,</strong></span> <span class='ocrx_word' id='word_1_450' title='bbox 1271 1962 1326 1992; x_wconf 90' lang='lat' dir='ltr'><strong>sed</strong></span> <span class='ocrx_word' id='word_1_451' title='bbox 1353 1972 1388 1994; x_wconf 87' lang='lat' dir='ltr'><strong>ea</strong></span> <span class='ocrx_word' id='word_1_452' title='bbox 1415 1968 1547 1998; x_wconf 85' lang='lat' dir='ltr'><strong>tanturn,</strong></span> <span class='ocrx_word' id='word_1_453' title='bbox 1579 1972 1652 2003; x_wconf 78' lang='lat' dir='ltr'><strong>quae</strong></span> <span class='ocrx_word' id='word_1_454' title='bbox 1684 1961 1761 1993; x_wconf 88' lang='lat' dir='ltr'><strong>mihi</strong></span> <span class='ocrx_word' id='word_1_455' title='bbox 1789 1972 1861 1994; x_wconf 75' lang='lat' dir='ltr'><strong>vem</strong></span> 
     </span>
     <span class='ocr_line' id='line_1_77' title="bbox 1132 2003 1859 2046; baseline 0.001 -13"><span class='ocrx_word' id='word_1_456' title='bbox 1132 2013 1200 2035; x_wconf 86' lang='lat' dir='ltr'><strong>esse</strong></span> <span class='ocrx_word' id='word_1_457' title='bbox 1226 2003 1378 2040; x_wconf 87' lang='lat' dir='ltr'><strong>videntur,</strong></span> <span class='ocrx_word' id='word_1_458' title='bbox 1409 2004 1598 2046; x_wconf 83' lang='lat' dir='ltr'><strong>amplectar:</strong></span> <span class='ocrx_word' id='word_1_459' title='bbox 1638 2005 1785 2035; x_wconf 60' lang='lat' dir='ltr'><strong>Addimus</strong></span> <span class='ocrx_word' id='word_1_460' title='bbox 1800 2005 1859 2044; x_wconf 83' lang='lat' dir='ltr'><strong>ju.-</strong></span> 
     </span>
     <span class='ocr_line' id='line_1_78' title="bbox 1131 2045 1859 2088; baseline 0.001 -13"><span class='ocrx_word' id='word_1_461' title='bbox 1131 2056 1210 2081; x_wconf 79' lang='lat' dir='ltr'><strong>rare,</strong></span> <span class='ocrx_word' id='word_1_462' title='bbox 1229 2046 1343 2077; x_wconf 86' lang='lat' dir='ltr'><strong>Graeca</strong></span> <span class='ocrx_word' id='word_1_463' title='bbox 1355 2047 1438 2088; x_wconf 88' lang='lat' dir='ltr'><strong>(qua</strong></span> <span class='ocrx_word' id='word_1_464' title='bbox 1452 2045 1567 2088; x_wconf 85' lang='lat' dir='ltr'><strong>saepius</strong></span> <span class='ocrx_word' id='word_1_465' title='bbox 1584 2045 1732 2076; x_wconf 83' lang='lat' dir='ltr'><strong>Horatius</strong></span> <span class='ocrx_word' id='word_1_466' title='bbox 1749 2045 1859 2088; x_wconf 81' lang='lat' dir='ltr'><strong>praeci-</strong></span> 
     </span>
     <span class='ocr_line' id='line_1_79' title="bbox 1129 2086 1858 2130; baseline 0.001 -12"><span class='ocrx_word' id='word_1_467' title='bbox 1129 2097 1190 2127; x_wconf 90' lang='lat' dir='ltr'><strong>pue</strong></span> <span class='ocrx_word' id='word_1_468' title='bbox 1206 2087 1238 2118; x_wconf 89' lang='lat' dir='ltr'><strong>in</strong></span> <span class='ocrx_word' id='word_1_469' title='bbox 1254 2088 1445 2119; x_wconf 83' lang='lat' dir='ltr'><strong>carminibus</strong></span> <span class='ocrx_word' id='word_1_470' title='bbox 1467 2086 1587 2129; x_wconf 84' lang='lat' dir='ltr'><strong>Lyricis</strong></span> <span class='ocrx_word' id='word_1_471' title='bbox 1601 2097 1675 2119; x_wconf 81' lang='lat' dir='ltr'><strong>usus</strong></span> <span class='ocrx_word' id='word_1_472' title='bbox 1696 2088 1760 2130; x_wconf 82' lang='lat' dir='ltr'><strong>est)</strong></span> <span class='ocrx_word' id='word_1_473' title='bbox 1783 2097 1858 2119; x_wconf 89' lang='lat' dir='ltr'><strong>con-</strong></span> 
     </span>
     <span class='ocr_line' id='line_1_80' title="bbox 1129 2129 1689 2171; baseline 0.004 -13"><span class='ocrx_word' id='word_1_474' title='bbox 1129 2129 1270 2165; x_wconf 83' lang='lat' dir='ltr'><strong>structio,</strong></span> <span class='ocrx_word' id='word_1_475' title='bbox 1290 2141 1354 2171; x_wconf 90' lang='lat' dir='ltr'><strong>pro,</strong></span> <span class='ocrx_word' id='word_1_476' title='bbox 1372 2130 1515 2161; x_wconf 84' lang='lat' dir='ltr'><strong>addictus</strong></span> <span class='ocrx_word' id='word_1_477' title='bbox 1529 2135 1564 2160; x_wconf 84' lang='lat' dir='ltr'><strong>ut</strong></span> <span class='ocrx_word' id='word_1_478' title='bbox 1575 2129 1689 2171; x_wconf 85' lang='lat' dir='ltr'><strong>jurem.</strong></span> 
     </span>
    </p>

    <p class='ocr_par' dir='ltr' id='par_1_14' title="bbox 1126 2172 1860 2547">
     <span class='ocr_line' id='line_1_81' title="bbox 1175 2172 1859 2212; baseline 0 -10"><span class='ocrx_word' id='word_1_479' title='bbox 1175 2173 1223 2202; x_wconf 82' lang='lat'><strong>15.</strong></span> <span class='ocrx_word' id='word_1_480' title='bbox 1262 2172 1328 2205; x_wconf 76' lang='lat' dir='ltr'><strong>Quo</strong></span> <span class='ocrx_word' id='word_1_481' title='bbox 1357 2183 1401 2203; x_wconf 84' lang='lat' dir='ltr'><strong>me</strong></span> <span class='ocrx_word' id='word_1_482' title='bbox 1429 2183 1553 2212; x_wconf 78' lang='lat' dir='ltr'><strong>cumque</strong></span> <span class='ocrx_word' id='word_1_483' title='bbox 1582 2173 1664 2212; x_wconf 78' lang='lat' dir='ltr'><strong>rapit</strong></span> <span class='ocrx_word' id='word_1_484' title='bbox 1693 2177 1859 2212; x_wconf 78' lang='lat' dir='ltr'><strong>tempestas,</strong></span> 
     </span>
     <span class='ocr_line' id='line_1_82' title="bbox 1127 2213 1859 2256; baseline 0.001 -13"><span class='ocrx_word' id='word_1_485' title='bbox 1127 2218 1200 2243; x_wconf 89' lang='lat' dir='ltr'><strong>cett.</strong></span> <span class='ocrx_word' id='word_1_486' title='bbox 1246 2213 1413 2254; x_wconf 87' lang='lat' dir='ltr'><strong>Eleganter</strong></span> <span class='ocrx_word' id='word_1_487' title='bbox 1427 2213 1577 2244; x_wconf 86' lang='lat' dir='ltr'><strong>Horatius</strong></span> <span class='ocrx_word' id='word_1_488' title='bbox 1589 2213 1724 2256; x_wconf 83' lang='lat' dir='ltr'><strong>imagine</strong></span> <span class='ocrx_word' id='word_1_489' title='bbox 1738 2223 1757 2244; x_wconf 86' lang='lat' dir='ltr'><strong>a</strong></span> <span class='ocrx_word' id='word_1_490' title='bbox 1771 2213 1859 2244; x_wconf 81' lang='lat' dir='ltr'><strong>navi·</strong></span> 
     </span>
     <span class='ocr_line' id='line_1_83' title="bbox 1128 2254 1858 2296; baseline 0.003 -12"><span class='ocrx_word' id='word_1_491' title='bbox 1128 2254 1253 2294; x_wconf 86' lang='lat' dir='ltr'><strong>gatione</strong></span> <span class='ocrx_word' id='word_1_492' title='bbox 1266 2255 1415 2285; x_wconf 85' lang='lat' dir='ltr'><strong>translata</strong></span> <span class='ocrx_word' id='word_1_493' title='bbox 1429 2255 1574 2296; x_wconf 86' lang='lat' dir='ltr'><strong>exprimit</strong></span> <span class='ocrx_word' id='word_1_494' title='bbox 1586 2255 1645 2286; x_wconf 85' lang='lat' dir='ltr'><strong>hoc</strong></span> <span class='ocrx_word' id='word_1_495' title='bbox 1657 2267 1663 2285; x_wconf 95' lang='lat'>:</span> <span class='ocrx_word' id='word_1_496' title='bbox 1687 2256 1728 2286; x_wconf 75' lang='lat' dir='ltr'><strong>ad</strong></span> <span class='ocrx_word' id='word_1_497' title='bbox 1750 2265 1858 2296; x_wconf 86' lang='lat' dir='ltr'><strong>quem-</strong></span> 
     </span>
     <span class='ocr_line' id='line_1_84' title="bbox 1129 2295 1858 2338; baseline 0.001 -12"><span class='ocrx_word' id='word_1_498' title='bbox 1129 2305 1255 2336; x_wconf 86' lang='lat' dir='ltr'><strong>cunque</strong></span> <span class='ocrx_word' id='word_1_499' title='bbox 1277 2296 1494 2338; x_wconf 87' lang='lat' dir='ltr'><strong>philosophum</strong></span> <span class='ocrx_word' id='word_1_500' title='bbox 1515 2306 1565 2328; x_wconf 88' lang='lat' dir='ltr'><strong>me</strong></span> <span class='ocrx_word' id='word_1_501' title='bbox 1597 2297 1679 2338; x_wconf 85' lang='lat' dir='ltr'><strong>rapit</strong></span> <span class='ocrx_word' id='word_1_502' title='bbox 1709 2295 1858 2338; x_wconf 84' lang='lat' dir='ltr'><strong>impetus,</strong></span> 
     </span>
     <span class='ocr_line' id='line_1_85' title="bbox 1129 2338 1856 2381; baseline 0.001 -13"><span class='ocrx_word' id='word_1_503' title='bbox 1129 2338 1212 2379; x_wconf 89' lang='lat' dir='ltr'><strong>apud</strong></span> <span class='ocrx_word' id='word_1_504' title='bbox 1227 2348 1296 2369; x_wconf 87' lang='lat' dir='ltr'><strong>eum</strong></span> <span class='ocrx_word' id='word_1_505' title='bbox 1313 2349 1381 2369; x_wconf 90' lang='lat' dir='ltr'><strong>sum</strong></span> <span class='ocrx_word' id='word_1_506' title='bbox 1398 2339 1453 2369; x_wconf 85' lang='lat' dir='ltr'><strong>hos</strong></span> <span class='ocrx_word' id='word_1_507' title='bbox 1477 2349 1522 2375; x_wconf 85' lang='lat' dir='ltr'><strong>es,</strong></span> <span class='ocrx_word' id='word_1_508' title='bbox 1537 2343 1569 2369; x_wconf 87' lang='lat' dir='ltr'><strong>et</strong></span> <span class='ocrx_word' id='word_1_509' title='bbox 1589 2338 1703 2381; x_wconf 79' lang='lat' dir='ltr'><strong>hospes</strong></span> <span class='ocrx_word' id='word_1_510' title='bbox 1724 2348 1856 2376; x_wconf 60' lang='lat' dir='ltr'><strong>manem</strong></span> 
     </span>
     <span class='ocr_line' id='line_1_86' title="bbox 1127 2349 1859 2421; baseline 0.003 -11"><span class='ocrx_word' id='word_1_511' title='bbox 1127 2390 1188 2411; x_wconf 89' lang='lat' dir='ltr'><strong>non</strong></span> <span class='ocrx_word' id='word_1_512' title='bbox 1204 2380 1271 2421; x_wconf 85' lang='lat' dir='ltr'><strong>ejus</strong></span> <span class='ocrx_word' id='word_1_513' title='bbox 1286 2380 1402 2411; x_wconf 85' lang='lat' dir='ltr'><strong>scholae</strong></span> <span class='ocrx_word' id='word_1_514' title='bbox 1417 2349 1476 2411; x_wconf 60' lang='lat' dir='ltr'><strong>vei³</strong></span> <span class='ocrx_word' id='word_1_515' title='bbox 1484 2385 1578 2411; x_wconf 83' lang='lat' dir='ltr'><strong>sectae</strong></span> <span class='ocrx_word' id='word_1_516' title='bbox 1593 2390 1643 2411; x_wconf 87' lang='lat' dir='ltr'><strong>me</strong></span> <span class='ocrx_word' id='word_1_517' title='bbox 1658 2379 1782 2416; x_wconf 85' lang='lat' dir='ltr'><strong>addico,</strong></span> <span class='ocrx_word' id='word_1_518' title='bbox 1802 2380 1859 2412; x_wconf 85' lang='lat' dir='ltr'><strong>sed</strong></span> 
     </span>
     <span class='ocr_line' id='line_1_87' title="bbox 1126 2421 1860 2464; baseline 0.003 -12"><span class='ocrx_word' id='word_1_519' title='bbox 1126 2432 1163 2453; x_wconf 87' lang='lat' dir='ltr'><strong>ea</strong></span> <span class='ocrx_word' id='word_1_520' title='bbox 1187 2428 1319 2459; x_wconf 85' lang='lat' dir='ltr'><strong>tantum,</strong></span> <span class='ocrx_word' id='word_1_521' title='bbox 1343 2433 1413 2464; x_wconf 87' lang='lat' dir='ltr'><strong>quae</strong></span> <span class='ocrx_word' id='word_1_522' title='bbox 1441 2421 1518 2453; x_wconf 89' lang='lat' dir='ltr'><strong>mihi</strong></span> <span class='ocrx_word' id='word_1_523' title='bbox 1540 2423 1720 2464; x_wconf 82' lang='lat' dir='ltr'><strong>probantur,</strong></span> <span class='ocrx_word' id='word_1_524' title='bbox 1743 2421 1860 2463; x_wconf 86' lang='lat' dir='ltr'><strong>deligo.</strong></span> 
     </span>
     <span class='ocr_line' id='line_1_88' title="bbox 1127 2463 1858 2507; baseline 0.003 -13"><span class='ocrx_word' id='word_1_525' title='bbox 1127 2464 1237 2494; x_wconf 89' lang='lat' dir='ltr'><strong>Voluit</strong></span> <span class='ocrx_word' id='word_1_526' title='bbox 1247 2463 1341 2505; x_wconf 81' lang='lat' dir='ltr'><strong>igitur</strong></span> <span class='ocrx_word' id='word_1_527' title='bbox 1356 2464 1507 2495; x_wconf 81' lang='lat' dir='ltr'><strong>Horatius</strong></span> <span class='ocrx_word' id='word_1_528' title='bbox 1527 2463 1746 2507; x_wconf 83' lang='lat' dir='ltr'><strong>philosophum</strong></span> <span class='ocrx_word' id='word_1_529' title='bbox 1767 2473 1858 2506; x_wconf 82' lang='lat' dir='ltr'><strong>agere</strong></span> 
     </span>
     <span class='ocr_line' id='line_1_89' title="bbox 1126 2506 1550 2547; baseline 0.002 -11"><span class='ocrx_word' id='word_1_530' title='bbox 1126 2516 1217 2547; x_wconf 87' lang='lat' dir='ltr'><strong>quem</strong></span> <span class='ocrx_word' id='word_1_531' title='bbox 1233 2506 1343 2537; x_wconf 85' lang='lat' dir='ltr'><strong>dicunt</strong></span> <span class='ocrx_word' id='word_1_532' title='bbox 1355 2506 1550 2537; x_wconf 75' lang='lat' dir='ltr'><strong>eclecticum.</strong></span> 
     </span>
    </p>

    <p class='ocr_par' dir='ltr' id='par_1_15' title="bbox 1117 2547 1855 2969">
     <span class='ocr_line' id='line_1_90' title="bbox 1171 2547 1854 2590; baseline 0.001 -12"><span class='ocrx_word' id='word_1_533' title='bbox 1171 2549 1308 2580; x_wconf 84' lang='lat'><strong>16—19.</strong></span> <span class='ocrx_word' id='word_1_534' title='bbox 1327 2549 1418 2579; x_wconf 77' lang='lat' dir='ltr'><strong>Nunc</strong></span> <span class='ocrx_word' id='word_1_535' title='bbox 1430 2550 1520 2590; x_wconf 80' lang='lat' dir='ltr'><strong>agilis</strong></span> <span class='ocrx_word' id='word_1_536' title='bbox 1521 2549 1585 2590; x_wconf 83' lang='lat' dir='ltr'><strong>fio.-</strong></span> <span class='ocrx_word' id='word_1_537' title='bbox 1601 2557 1728 2579; x_wconf 79' lang='lat' dir='ltr'><strong>sensus:</strong></span> <span class='ocrx_word' id='word_1_538' title='bbox 1746 2547 1854 2586; x_wconf 88' lang='lat' dir='ltr'><strong>Nunc,</strong></span> 
     </span>
     <span class='ocr_line' id='line_1_91' title="bbox 1127 2590 1852 2632; baseline -0.001 -11"><span class='ocrx_word' id='word_1_539' title='bbox 1127 2590 1239 2621; x_wconf 86' lang='lat' dir='ltr'><strong>Stoicae</strong></span> <span class='ocrx_word' id='word_1_540' title='bbox 1255 2590 1429 2632; x_wconf 84' lang='lat' dir='ltr'><strong>disciplinae</strong></span> <span class='ocrx_word' id='word_1_541' title='bbox 1443 2594 1598 2632; x_wconf 70' lang='lat' dir='ltr'><strong>praecepta</strong></span> <span class='ocrx_word' id='word_1_542' title='bbox 1610 2599 1754 2632; x_wconf 78' lang='lat' dir='ltr'><strong>sequens,</strong></span> <span class='ocrx_word' id='word_1_543' title='bbox 1777 2599 1852 2630; x_wconf 85' lang='lat' dir='ltr'><strong>gna-</strong></span> 
     </span>
     <span class='ocr_line' id='line_1_92' title="bbox 1127 2631 1855 2674; baseline -0.001 -11"><span class='ocrx_word' id='word_1_544' title='bbox 1127 2642 1197 2663; x_wconf 87' lang='lat' dir='ltr'><strong>vam</strong></span> <span class='ocrx_word' id='word_1_545' title='bbox 1214 2643 1338 2674; x_wconf 83' lang='lat' dir='ltr'><strong>operam</strong></span> <span class='ocrx_word' id='word_1_546' title='bbox 1354 2632 1394 2663; x_wconf 91' lang='lat' dir='ltr'><strong>do</strong></span> <span class='ocrx_word' id='word_1_547' title='bbox 1410 2633 1518 2674; x_wconf 73' lang='lat' dir='ltr'><strong>(agilis</strong></span> <span class='ocrx_word' id='word_1_548' title='bbox 1523 2631 1589 2672; x_wconf 84' lang='lat' dir='ltr'><strong>fio)</strong></span> <span class='ocrx_word' id='word_1_549' title='bbox 1606 2632 1698 2663; x_wconf 82' lang='lat' dir='ltr'><strong>rebus</strong></span> <span class='ocrx_word' id='word_1_550' title='bbox 1713 2632 1855 2672; x_wconf 82' lang='lat' dir='ltr'><strong>gerendis</strong></span> 
     </span>
     <span class='ocr_line' id='line_1_93' title="bbox 1124 2673 1854 2712; baseline -0.001 -7"><span class='ocrx_word' id='word_1_551' title='bbox 1124 2674 1281 2712; x_wconf 80' lang='lat' dir='ltr'><strong>civilibus,</strong></span> <span class='ocrx_word' id='word_1_552' title='bbox 1310 2680 1342 2705; x_wconf 88' lang='lat' dir='ltr'><strong>et</strong></span> <span class='ocrx_word' id='word_1_553' title='bbox 1370 2684 1474 2706; x_wconf 89' lang='lat' dir='ltr'><strong>earum</strong></span> <span class='ocrx_word' id='word_1_554' title='bbox 1505 2674 1586 2704; x_wconf 87' lang='lat' dir='ltr'><strong>mole</strong></span> <span class='ocrx_word' id='word_1_555' title='bbox 1616 2674 1740 2709; x_wconf 80' lang='lat' dir='ltr'><strong>obruor,</strong></span> <span class='ocrx_word' id='word_1_556' title='bbox 1778 2673 1854 2704; x_wconf 89' lang='lat' dir='ltr'><strong>dum</strong></span> 
     </span>
     <span class='ocr_line' id='line_1_94' title="bbox 1124 2714 1855 2748; baseline -0.003 0"><span class='ocrx_word' id='word_1_557' title='bbox 1124 2726 1227 2748; x_wconf 88' lang='lat' dir='ltr'><strong>veram</strong></span> <span class='ocrx_word' id='word_1_558' title='bbox 1251 2717 1397 2747; x_wconf 80' lang='lat' dir='ltr'><strong>virtutem</strong></span> <span class='ocrx_word' id='word_1_559' title='bbox 1421 2725 1525 2747; x_wconf 82' lang='lat' dir='ltr'><strong>severa</strong></span> <span class='ocrx_word' id='word_1_560' title='bbox 1550 2725 1625 2746; x_wconf 80' lang='lat' dir='ltr'><strong>cura</strong></span> <span class='ocrx_word' id='word_1_561' title='bbox 1649 2714 1802 2747; x_wconf 85' lang='lat' dir='ltr'><strong>custodire</strong></span> <span class='ocrx_word' id='word_1_562' title='bbox 1823 2720 1855 2746; x_wconf 86' lang='lat' dir='ltr'><strong>et</strong></span> 
     </span>
     <span class='ocr_line' id='line_1_95' title="bbox 1123 2756 1852 2797; baseline -0.004 -7"><span class='ocrx_word' id='word_1_563' title='bbox 1123 2759 1288 2790; x_wconf 83' lang='lat' dir='ltr'><strong>defendere</strong></span> <span class='ocrx_word' id='word_1_564' title='bbox 1313 2758 1441 2797; x_wconf 88' lang='lat' dir='ltr'><strong>studeo;</strong></span> <span class='ocrx_word' id='word_1_565' title='bbox 1473 2767 1557 2788; x_wconf 87' lang='lat' dir='ltr'><strong>nunc</strong></span> <span class='ocrx_word' id='word_1_566' title='bbox 1581 2756 1685 2788; x_wconf 83' lang='lat' dir='ltr'><strong>furtim</strong></span> <span class='ocrx_word' id='word_1_567' title='bbox 1715 2756 1756 2787; x_wconf 84' lang='lat' dir='ltr'><strong>ad</strong></span> <span class='ocrx_word' id='word_1_568' title='bbox 1778 2757 1852 2787; x_wconf 88' lang='lat' dir='ltr'><strong>Ari-</strong></span> 
     </span>
     <span class='ocr_line' id='line_1_96' title="bbox 1123 2798 1853 2843; baseline -0.008 -11"><span class='ocrx_word' id='word_1_569' title='bbox 1123 2801 1227 2843; x_wconf 86' lang='lat' dir='ltr'><strong>stippi,</strong></span> <span class='ocrx_word' id='word_1_570' title='bbox 1244 2800 1403 2842; x_wconf 72' lang='lat' dir='ltr'><strong>voluptate</strong></span> <span class='ocrx_word' id='word_1_571' title='bbox 1418 2809 1572 2830; x_wconf 84' lang='lat' dir='ltr'><strong>summum</strong></span> <span class='ocrx_word' id='word_1_572' title='bbox 1588 2799 1703 2830; x_wconf 87' lang='lat' dir='ltr'><strong>bonum</strong></span> <span class='ocrx_word' id='word_1_573' title='bbox 1720 2798 1853 2830; x_wconf 82' lang='lat' dir='ltr'><strong>metien-</strong></span> 
     </span>
     <span class='ocr_line' id='line_1_97' title="bbox 1118 2840 1851 2885; baseline -0.005 -10"><span class='ocrx_word' id='word_1_574' title='bbox 1118 2843 1170 2879; x_wconf 87' lang='lat' dir='ltr'><strong>tis,</strong></span> <span class='ocrx_word' id='word_1_575' title='bbox 1197 2842 1396 2885; x_wconf 85' lang='lat' dir='ltr'><strong>disciplinam</strong></span> <span class='ocrx_word' id='word_1_576' title='bbox 1419 2847 1497 2872; x_wconf 86' lang='lat' dir='ltr'><strong>retro</strong></span> <span class='ocrx_word' id='word_1_577' title='bbox 1524 2842 1614 2879; x_wconf 85' lang='lat' dir='ltr'><strong>feror,</strong></span> <span class='ocrx_word' id='word_1_578' title='bbox 1638 2846 1670 2872; x_wconf 87' lang='lat' dir='ltr'><strong>et</strong></span> <span class='ocrx_word' id='word_1_579' title='bbox 1693 2849 1742 2872; x_wconf 83' lang='lat' dir='ltr'><strong>res</strong></span> <span class='ocrx_word' id='word_1_580' title='bbox 1763 2840 1851 2877; x_wconf 80' lang='lat' dir='ltr'><strong>mihi,</strong></span> 
     </span>
     <span class='ocr_line' id='line_1_98' title="bbox 1118 2882 1850 2925; baseline -0.004 -9"><span class='ocrx_word' id='word_1_581' title='bbox 1118 2896 1181 2916; x_wconf 89' lang='lat' dir='ltr'><strong>non</strong></span> <span class='ocrx_word' id='word_1_582' title='bbox 1197 2895 1246 2916; x_wconf 91' lang='lat' dir='ltr'><strong>me</strong></span> <span class='ocrx_word' id='word_1_583' title='bbox 1258 2885 1350 2916; x_wconf 88' lang='lat' dir='ltr'><strong>rebus</strong></span> <span class='ocrx_word' id='word_1_584' title='bbox 1366 2883 1508 2925; x_wconf 85' lang='lat' dir='ltr'><strong>subjicio,</strong></span> <span class='ocrx_word' id='word_1_585' title='bbox 1526 2883 1558 2919; x_wconf 86' lang='lat' dir='ltr'><strong>h,</strong></span> <span class='ocrx_word' id='word_1_586' title='bbox 1573 2892 1602 2914; x_wconf 88' lang='lat' dir='ltr'><strong>e.</strong></span> <span class='ocrx_word' id='word_1_587' title='bbox 1617 2887 1649 2914; x_wconf 87' lang='lat' dir='ltr'><strong>et</strong></span> <span class='ocrx_word' id='word_1_588' title='bbox 1663 2882 1756 2919; x_wconf 80' lang='lat' dir='ltr'><strong>facio,</strong></span> <span class='ocrx_word' id='word_1_589' title='bbox 1767 2882 1850 2924; x_wconf 86' lang='lat' dir='ltr'><strong>quod</strong></span> 
     </span>
     <span class='ocr_line' id='line_1_99' title="bbox 1117 2924 1850 2969; baseline -0.007 -10"><span class='ocrx_word' id='word_1_590' title='bbox 1117 2928 1215 2965; x_wconf 86' lang='lat' dir='ltr'><strong>lubet,</strong></span> <span class='ocrx_word' id='word_1_591' title='bbox 1245 2937 1307 2958; x_wconf 88' lang='lat' dir='ltr'><strong>non</strong></span> <span class='ocrx_word' id='word_1_592' title='bbox 1337 2925 1422 2969; x_wconf 83' lang='lat' dir='ltr'><strong>quod</strong></span> <span class='ocrx_word' id='word_1_593' title='bbox 1451 2925 1553 2957; x_wconf 81' lang='lat' dir='ltr'><strong>facere</strong></span> <span class='ocrx_word' id='word_1_594' title='bbox 1579 2924 1702 2965; x_wconf 78' lang='lat' dir='ltr'><strong>jubeor.</strong></span> <span class='ocrx_word' id='word_1_595' title='bbox 1758 2925 1850 2956; x_wconf 77' lang='lat' dir='ltr'><strong>Nunc</strong></span> 
     </span>
    </p>
   </div>
  </div>
 </body>
</html>
