<?xml version="1.0" encoding="UTF-8"?>
<!DOCTYPE html PUBLIC "-//W3C//DTD XHTML 1.0 Transitional//EN"
    "http://www.w3.org/TR/xhtml1/DTD/xhtml1-transitional.dtd">
<html xmlns="http://www.w3.org/1999/xhtml" xml:lang="en" lang="en">
 <head>
  <title>
</title>
<meta http-equiv="Content-Type" content="text/html;charset=utf-8" />
  <meta name='ocr-system' content='tesseract 3.04.00' />
  <meta name='ocr-capabilities' content='ocr_page ocr_carea ocr_par ocr_line ocrx_word'/>
</head>
<body>
  <div class='ocr_page' id='page_1' title='image "./operahorac00horauoft_0829.png"; bbox 0 0 1904 3314; ppageno 0'>
   <div class='ocr_carea' id='block_1_1' title="bbox 12 285 173 349">
    <p class='ocr_par' dir='ltr' id='par_1_1' title="bbox 12 285 173 349">
     <span class='ocr_line' id='line_1_1' title="bbox 12 285 173 349; baseline 0.006 -6"><span class='ocrx_word' id='word_1_1' title='bbox 12 285 21 292; x_wconf 47' lang='lat'><strong>.</strong></span> <span class='ocrx_word' id='word_1_2' title='bbox 65 311 100 349; x_wconf 85' lang='lat'><strong>3,</strong></span> <span class='ocrx_word' id='word_1_3' title='bbox 115 312 173 344; x_wconf 85' lang='grc'><strong>54.</strong></span> 
     </span>
    </p>
   </div>
   <div class='ocr_carea' id='block_1_2' title="bbox 630 225 1064 254">
    <p class='ocr_par' dir='ltr' id='par_1_2' title="bbox 630 225 1064 254">
     <span class='ocr_line' id='line_1_2' title="bbox 630 225 1064 254; baseline 0 0"><span class='ocrx_word' id='word_1_4' title='bbox 630 225 777 254; x_wconf 85' lang='lat' dir='ltr'>INDEX</span> <span class='ocrx_word' id='word_1_5' title='bbox 799 225 1064 254; x_wconf 81' lang='lat' dir='ltr'><strong>VERBORUM.</strong></span> 
     </span>
    </p>
   </div>
   <div class='ocr_carea' id='block_1_3' title="bbox 62 313 818 1082">
    <p class='ocr_par' dir='ltr' id='par_1_3' title="bbox 62 313 816 600">
     <span class='ocr_line' id='line_1_3' title="bbox 66 313 816 392; baseline -0.001 -6"><span class='ocrx_word' id='word_1_6' title='bbox 66 355 136 387; x_wconf 52' lang='lat' dir='ltr'><strong>s...</strong></span> <span class='ocrx_word' id='word_1_7' title='bbox 145 353 182 392; x_wconf 67' lang='lat' dir='ltr'><strong>a,</strong></span> <span class='ocrx_word' id='word_1_8' title='bbox 192 313 816 392; x_wconf 55' lang='lat' dir='ltr'><strong>2:¹3¹&amp;.m5.52”‡253‡.3{{351312¹22223</strong></span> 
     </span>
     <span class='ocr_line' id='line_1_4' title="bbox 64 397 814 446; baseline -0.003 -16"><span class='ocrx_word' id='word_1_9' title='bbox 64 397 144 430; x_wconf 85' lang='grc'><strong>276.</strong></span> <span class='ocrx_word' id='word_1_10' title='bbox 188 398 353 430; x_wconf 71' lang='lat' dir='ltr'><strong>stultitiam</strong></span> <span class='ocrx_word' id='word_1_11' title='bbox 371 397 536 440; x_wconf 87' lang='lat' dir='ltr'><strong>patiuntur</strong></span> <span class='ocrx_word' id='word_1_12' title='bbox 549 408 626 440; x_wconf 88' lang='lat' dir='ltr'><strong>opes</strong></span> <span class='ocrx_word' id='word_1_13' title='bbox 643 399 704 446; x_wconf 91' lang='lat' dir='ltr'><strong>Ep.</strong></span> <span class='ocrx_word' id='word_1_14' title='bbox 720 397 742 434; x_wconf 93' lang='lat' dir='ltr'><strong>i,</strong></span> <span class='ocrx_word' id='word_1_15' title='bbox 763 398 814 434; x_wconf 87' lang='lat'><strong>18,</strong></span> 
     </span>
     <span class='ocr_line' id='line_1_5' title="bbox 65 439 815 483; baseline -0.001 -11"><span class='ocrx_word' id='word_1_16' title='bbox 65 439 122 473; x_wconf 85' lang='lat'><strong>29.</strong></span> <span class='ocrx_word' id='word_1_17' title='bbox 165 441 302 472; x_wconf 86' lang='lat' dir='ltr'><strong>stultitia</strong></span> <span class='ocrx_word' id='word_1_18' title='bbox 317 441 436 473; x_wconf 88' lang='lat' dir='ltr'><strong>coelum</strong></span> <span class='ocrx_word' id='word_1_19' title='bbox 450 441 585 483; x_wconf 83' lang='lat' dir='ltr'><strong>petimus</strong></span> <span class='ocrx_word' id='word_1_20' title='bbox 600 440 666 472; x_wconf 90' lang='lat' dir='ltr'><strong>Od.</strong></span> <span class='ocrx_word' id='word_1_21' title='bbox 678 452 700 477; x_wconf 84' lang='lat'><strong>1,</strong></span> <span class='ocrx_word' id='word_1_22' title='bbox 717 441 749 476; x_wconf 88' lang='lat'><strong>3,</strong></span> <span class='ocrx_word' id='word_1_23' title='bbox 761 441 815 471; x_wconf 89' lang='grc'><strong>38.</strong></span> 
     </span>
     <span class='ocr_line' id='line_1_6' title="bbox 66 482 814 519; baseline -0.001 -5"><span class='ocrx_word' id='word_1_24' title='bbox 66 483 243 516; x_wconf 79' lang='lat' dir='ltr'>stultitiane</span> <span class='ocrx_word' id='word_1_25' title='bbox 263 490 356 519; x_wconf 84' lang='lat' dir='ltr'>erret,</span> <span class='ocrx_word' id='word_1_26' title='bbox 379 484 514 515; x_wconf 89' lang='lat' dir='ltr'><strong>nihilum</strong></span> <span class='ocrx_word' id='word_1_27' title='bbox 537 483 679 519; x_wconf 76' lang='lat' dir='ltr'><strong>distabit,</strong></span> <span class='ocrx_word' id='word_1_28' title='bbox 703 493 743 514; x_wconf 90' lang='lat' dir='ltr'><strong>an</strong></span> <span class='ocrx_word' id='word_1_29' title='bbox 768 482 814 514; x_wconf 89' lang='lat' dir='ltr'><strong>ira</strong></span> 
     </span>
     <span class='ocr_line' id='line_1_7' title="bbox 62 525 814 600; baseline -0.003 -42"><span class='ocrx_word' id='word_1_30' title='bbox 62 525 139 600; x_wconf 49' lang='grc'><strong>81814</strong></span> <span class='ocrx_word' id='word_1_31' title='bbox 140 525 188 600; x_wconf 76' lang='lat' dir='ltr'><strong>2ii,</strong></span> <span class='ocrx_word' id='word_1_32' title='bbox 210 527 244 565; x_wconf 89' lang='lat'><strong>3,</strong></span> <span class='ocrx_word' id='word_1_33' title='bbox 261 527 339 558; x_wconf 91' lang='grc'><strong>210.</strong></span> <span class='ocrx_word' id='word_1_34' title='bbox 384 526 519 558; x_wconf 79' lang='lat' dir='ltr'><strong>stultitia</strong></span> <span class='ocrx_word' id='word_1_35' title='bbox 541 526 680 558; x_wconf 84' lang='lat' dir='ltr'>caruisse</span> <span class='ocrx_word' id='word_1_36' title='bbox 706 527 768 568; x_wconf 90' lang='lat' dir='ltr'><strong>Ep.</strong></span> <span class='ocrx_word' id='word_1_37' title='bbox 791 525 814 562; x_wconf 91' lang='lat' dir='ltr'><strong>i,</strong></span> 
     </span>
    </p>

    <p class='ocr_par' dir='ltr' id='par_1_4' title="bbox 63 591 818 1082">
     <span class='ocr_line' id='line_1_8' title="bbox 93 591 815 660; baseline -0.001 -17"><span class='ocrx_word' id='word_1_38' title='bbox 93 591 235 656; x_wconf 55' lang='lat' dir='ltr'><strong>’stultum</strong></span> <span class='ocrx_word' id='word_1_39' title='bbox 278 616 407 660; x_wconf 81' lang='lat' dir='ltr'><strong>nepotes</strong></span> <span class='ocrx_word' id='word_1_40' title='bbox 421 611 489 644; x_wconf 89' lang='lat' dir='ltr'><strong>Sat.</strong></span> <span class='ocrx_word' id='word_1_41' title='bbox 505 611 540 647; x_wconf 86' lang='lat' dir='ltr'><strong>ii,</strong></span> <span class='ocrx_word' id='word_1_42' title='bbox 556 612 588 647; x_wconf 93' lang='lat'><strong>3,</strong></span> <span class='ocrx_word' id='word_1_43' title='bbox 605 613 681 643; x_wconf 88' lang='lat'><strong>225.</strong></span> <span class='ocrx_word' id='word_1_44' title='bbox 725 621 815 652; x_wconf 84' lang='lat' dir='ltr'><strong>reges</strong></span> 
     </span>
     <span class='ocr_line' id='line_1_9' title="bbox 69 653 814 698; baseline -0.003 -11"><span class='ocrx_word' id='word_1_45' title='bbox 69 658 103 687; x_wconf 79' lang='lat' dir='ltr'><strong>et</strong></span> <span class='ocrx_word' id='word_1_46' title='bbox 158 653 228 698; x_wconf 86' lang='lat' dir='ltr'><strong>puli</strong></span> <span class='ocrx_word' id='word_1_47' title='bbox 243 655 305 697; x_wconf 90' lang='lat' dir='ltr'><strong>Ep.</strong></span> <span class='ocrx_word' id='word_1_48' title='bbox 323 665 346 690; x_wconf 85' lang='lat'><strong>1,</strong></span> <span class='ocrx_word' id='word_1_49' title='bbox 363 656 396 693; x_wconf 90' lang='lat'><strong>2,</strong></span> <span class='ocrx_word' id='word_1_50' title='bbox 408 655 441 686; x_wconf 88' lang='lat'><strong>8.</strong></span> <span class='ocrx_word' id='word_1_51' title='bbox 485 664 572 685; x_wconf 87' lang='lat' dir='ltr'><strong>arnor</strong></span> <span class='ocrx_word' id='word_1_52' title='bbox 587 654 653 686; x_wconf 85' lang='lat' dir='ltr'><strong>Sat.</strong></span> <span class='ocrx_word' id='word_1_53' title='bbox 669 654 692 691; x_wconf 88' lang='lat' dir='ltr'><strong>i,</strong></span> <span class='ocrx_word' id='word_1_54' title='bbox 709 655 740 690; x_wconf 90' lang='lat'><strong>3,</strong></span> <span class='ocrx_word' id='word_1_55' title='bbox 759 655 814 685; x_wconf 87' lang='lat'><strong>24.</strong></span> 
     </span>
     <span class='ocr_line' id='line_1_10' title="bbox 65 664 814 746; baseline -0.001 -18"><span class='ocrx_word' id='word_1_56' title='bbox 65 664 157 729; x_wconf 64' lang='lat' dir='ltr'><strong>stultoi</strong></span> <span class='ocrx_word' id='word_1_57' title='bbox 170 707 266 746; x_wconf 88' lang='lat' dir='ltr'><strong>prope</strong></span> <span class='ocrx_word' id='word_1_58' title='bbox 280 707 388 729; x_wconf 88' lang='lat' dir='ltr'><strong>omnes</strong></span> <span class='ocrx_word' id='word_1_59' title='bbox 401 698 470 728; x_wconf 83' lang='lat' dir='ltr'><strong>Sat.</strong></span> <span class='ocrx_word' id='word_1_60' title='bbox 485 696 519 735; x_wconf 83' lang='lat' dir='ltr'><strong>ii,</strong></span> <span class='ocrx_word' id='word_1_61' title='bbox 531 698 565 734; x_wconf 88' lang='lat'><strong>3,</strong></span> <span class='ocrx_word' id='word_1_62' title='bbox 579 698 634 728; x_wconf 97' lang='lat'><strong>32.</strong></span> <span class='ocrx_word' id='word_1_63' title='bbox 678 697 734 739; x_wconf 92' lang='lat' dir='ltr'><strong>qui</strong></span> <span class='ocrx_word' id='word_1_64' title='bbox 750 707 814 728; x_wconf 91' lang='lat' dir='ltr'><strong>non</strong></span> 
     </span>
     <span class='ocr_line' id='line_1_11' title="bbox 66 738 816 772; baseline -0.003 0"><span class='ocrx_word' id='word_1_65' title='bbox 66 740 184 772; x_wconf 75' lang='lat' dir='ltr'><strong>stultus</strong></span> <span class='ocrx_word' id='word_1_66' title='bbox 197 739 278 772; x_wconf 80' lang='lat' dir='ltr'><strong>ibid.</strong></span> <span class='ocrx_word' id='word_1_67' title='bbox 295 741 369 771; x_wconf 87' lang='grc'><strong>158.</strong></span> <span class='ocrx_word' id='word_1_68' title='bbox 411 740 544 771; x_wconf 83' lang='lat' dir='ltr'><strong>stultum</strong></span> <span class='ocrx_word' id='word_1_69' title='bbox 560 750 610 771; x_wconf 88' lang='lat' dir='ltr'><strong>me</strong></span> <span class='ocrx_word' id='word_1_70' title='bbox 626 739 724 771; x_wconf 83' lang='lat' dir='ltr'><strong>fateor</strong></span> <span class='ocrx_word' id='word_1_71' title='bbox 738 738 816 771; x_wconf 88' lang='lat' dir='ltr'><strong>ibid.</strong></span> 
     </span>
     <span class='ocr_line' id='line_1_12' title="bbox 67 781 815 826; baseline -0.001 -12"><span class='ocrx_word' id='word_1_72' title='bbox 67 783 144 815; x_wconf 88' lang='lat'><strong>305.</strong></span> <span class='ocrx_word' id='word_1_73' title='bbox 176 782 204 814; x_wconf 84' lang='lat' dir='ltr'><strong>si</strong></span> <span class='ocrx_word' id='word_1_74' title='bbox 215 781 296 825; x_wconf 87' lang='lat' dir='ltr'><strong>quid</strong></span> <span class='ocrx_word' id='word_1_75' title='bbox 309 792 442 826; x_wconf 87' lang='lat' dir='ltr'><strong>peccaro</strong></span> <span class='ocrx_word' id='word_1_76' title='bbox 457 782 574 814; x_wconf 84' lang='lat' dir='ltr'><strong>stultus</strong></span> <span class='ocrx_word' id='word_1_77' title='bbox 585 783 651 813; x_wconf 90' lang='lat' dir='ltr'><strong>Sat.</strong></span> <span class='ocrx_word' id='word_1_78' title='bbox 664 781 685 820; x_wconf 88' lang='lat' dir='ltr'><strong>i,</strong></span> <span class='ocrx_word' id='word_1_79' title='bbox 696 783 728 820; x_wconf 88' lang='lat'><strong>3,</strong></span> <span class='ocrx_word' id='word_1_80' title='bbox 743 784 815 814; x_wconf 92' lang='lat'><strong>140.</strong></span> 
     </span>
     <span class='ocr_line' id='line_1_13' title="bbox 66 824 815 868; baseline -0.001 -10"><span class='ocrx_word' id='word_1_81' title='bbox 66 824 122 868; x_wconf 76' lang='lat' dir='ltr'><strong>qui</strong></span> <span class='ocrx_word' id='word_1_82' title='bbox 136 825 254 858; x_wconf 81' lang='lat' dir='ltr'><strong>stultus</strong></span> <span class='ocrx_word' id='word_1_83' title='bbox 274 825 407 858; x_wconf 53' lang='lat' dir='ltr'><strong>honoros</strong></span> <span class='ocrx_word' id='word_1_84' title='bbox 423 835 507 867; x_wconf 86' lang='lat' dir='ltr'><strong>saepe</strong></span> <span class='ocrx_word' id='word_1_85' title='bbox 522 825 577 856; x_wconf 85' lang='lat' dir='ltr'><strong>dat</strong></span> <span class='ocrx_word' id='word_1_86' title='bbox 593 824 732 866; x_wconf 82' lang='lat' dir='ltr'>indignis</span> <span class='ocrx_word' id='word_1_87' title='bbox 747 826 815 857; x_wconf 89' lang='lat' dir='ltr'><strong>Sat.</strong></span> 
     </span>
     <span class='ocr_line' id='line_1_14' title="bbox 66 867 815 906; baseline -0.001 -6"><span class='ocrx_word' id='word_1_88' title='bbox 66 867 92 905; x_wconf 83' lang='lat' dir='ltr'><strong>i,-</strong></span> <span class='ocrx_word' id='word_1_89' title='bbox 109 869 143 906; x_wconf 87' lang='grc'><strong>6,</strong></span> <span class='ocrx_word' id='word_1_90' title='bbox 162 869 216 900; x_wconf 87' lang='grc'><strong>15.</strong></span> <span class='ocrx_word' id='word_1_91' title='bbox 259 868 287 900; x_wconf 83' lang='lat' dir='ltr'><strong>si</strong></span> <span class='ocrx_word' id='word_1_92' title='bbox 304 877 434 900; x_wconf 83' lang='lat' dir='ltr'><strong>veneror</strong></span> <span class='ocrx_word' id='word_1_93' title='bbox 457 867 575 899; x_wconf 86' lang='lat' dir='ltr'><strong>stultus</strong></span> <span class='ocrx_word' id='word_1_94' title='bbox 602 867 682 899; x_wconf 87' lang='lat' dir='ltr'><strong>nihil</strong></span> <span class='ocrx_word' id='word_1_95' title='bbox 704 868 815 899; x_wconf 88' lang='lat' dir='ltr'><strong>horum</strong></span> 
     </span>
     <span class='ocr_line' id='line_1_15' title="bbox 63 909 815 949; baseline 0 -7"><span class='ocrx_word' id='word_1_96' title='bbox 63 911 134 943; x_wconf 70' lang='lat' dir='ltr'><strong>Sat.</strong></span> <span class='ocrx_word' id='word_1_97' title='bbox 146 909 182 949; x_wconf 87' lang='lat' dir='ltr'><strong>ii,</strong></span> <span class='ocrx_word' id='word_1_98' title='bbox 197 911 230 948; x_wconf 89' lang='lat'><strong>6,</strong></span> <span class='ocrx_word' id='word_1_99' title='bbox 245 912 279 943; x_wconf 85' lang='lat'><strong>8.</strong></span> <span class='ocrx_word' id='word_1_100' title='bbox 322 910 349 942; x_wconf 84' lang='lat' dir='ltr'><strong>si</strong></span> <span class='ocrx_word' id='word_1_101' title='bbox 365 920 440 942; x_wconf 84' lang='lat' dir='ltr'><strong>cum</strong></span> <span class='ocrx_word' id='word_1_102' title='bbox 466 909 559 942; x_wconf 88' lang='lat' dir='ltr'><strong>sociis</strong></span> <span class='ocrx_word' id='word_1_103' title='bbox 582 910 699 942; x_wconf 87' lang='lat' dir='ltr'><strong>stultus</strong></span> <span class='ocrx_word' id='word_1_104' title='bbox 718 911 815 942; x_wconf 80' lang='lat' dir='ltr'><strong>bibis-</strong></span> 
     </span>
     <span class='ocr_line' id='line_1_16' title="bbox 67 953 816 996; baseline -0.001 -10"><span class='ocrx_word' id='word_1_105' title='bbox 67 958 116 987; x_wconf 78' lang='lat' dir='ltr'><strong>set</strong></span> <span class='ocrx_word' id='word_1_106' title='bbox 130 954 191 996; x_wconf 86' lang='lat' dir='ltr'><strong>Ep.</strong></span> <span class='ocrx_word' id='word_1_107' title='bbox 209 953 233 990; x_wconf 93' lang='lat' dir='ltr'><strong>i,</strong></span> <span class='ocrx_word' id='word_1_108' title='bbox 248 955 283 989; x_wconf 84' lang='lat'><strong>2,</strong></span> <span class='ocrx_word' id='word_1_109' title='bbox 294 954 348 985; x_wconf 85' lang='lat'><strong>24.</strong></span> <span class='ocrx_word' id='word_1_110' title='bbox 391 953 507 984; x_wconf 83' lang='lat' dir='ltr'><strong>stultus</strong></span> <span class='ocrx_word' id='word_1_111' title='bbox 527 953 624 985; x_wconf 89' lang='lat' dir='ltr'><strong>donat</strong></span> <span class='ocrx_word' id='word_1_112' title='bbox 639 964 712 995; x_wconf 85' lang='lat' dir='ltr'><strong>quae</strong></span> <span class='ocrx_word' id='word_1_113' title='bbox 730 964 816 996; x_wconf 86' lang='lat' dir='ltr'><strong>sper-</strong></span> 
     </span>
     <span class='ocr_line' id='line_1_17' title="bbox 67 996 818 1039; baseline 0 -11"><span class='ocrx_word' id='word_1_114' title='bbox 67 996 117 1028; x_wconf 82' lang='lat' dir='ltr'><strong>nit</strong></span> <span class='ocrx_word' id='word_1_115' title='bbox 131 997 204 1038; x_wconf 82' lang='lat' dir='ltr'><strong>Ep.</strong></span> <span class='ocrx_word' id='word_1_116' title='bbox 222 996 246 1033; x_wconf 86' lang='lat' dir='ltr'><strong>i,</strong></span> <span class='ocrx_word' id='word_1_117' title='bbox 263 997 296 1033; x_wconf 86' lang='lat'><strong>7,</strong></span> <span class='ocrx_word' id='word_1_118' title='bbox 309 997 366 1028; x_wconf 87' lang='lat'><strong>20.</strong></span> <span class='ocrx_word' id='word_1_119' title='bbox 412 996 526 1027; x_wconf 82' lang='lat' dir='ltr'><strong>stultus</strong></span> <span class='ocrx_word' id='word_1_120' title='bbox 548 1005 683 1039; x_wconf 84' lang='lat' dir='ltr'><strong>uterque</strong></span> <span class='ocrx_word' id='word_1_121' title='bbox 711 997 818 1028; x_wconf 87' lang='lat' dir='ltr'><strong>locum</strong></span> 
     </span>
     <span class='ocr_line' id='line_1_18' title="bbox 69 1039 818 1082; baseline -0.001 -11"><span class='ocrx_word' id='word_1_122' title='bbox 69 1045 219 1071; x_wconf 74' lang='lat' dir='ltr'><strong>causatur</strong></span> <span class='ocrx_word' id='word_1_123' title='bbox 234 1040 296 1082; x_wconf 87' lang='lat' dir='ltr'><strong>Ep.</strong></span> <span class='ocrx_word' id='word_1_124' title='bbox 311 1039 334 1076; x_wconf 89' lang='lat' dir='ltr'><strong>i,</strong></span> <span class='ocrx_word' id='word_1_125' title='bbox 353 1040 405 1075; x_wconf 87' lang='lat'><strong>14,</strong></span> <span class='ocrx_word' id='word_1_126' title='bbox 425 1040 476 1070; x_wconf 89' lang='lat'><strong>12.</strong></span> <span class='ocrx_word' id='word_1_127' title='bbox 521 1039 610 1080; x_wconf 88' lang='lat' dir='ltr'><strong>quid,</strong></span> <span class='ocrx_word' id='word_1_128' title='bbox 626 1039 652 1070; x_wconf 82' lang='lat' dir='ltr'><strong>si</strong></span> <span class='ocrx_word' id='word_1_129' title='bbox 673 1049 723 1071; x_wconf 87' lang='lat' dir='ltr'><strong>me</strong></span> <span class='ocrx_word' id='word_1_130' title='bbox 739 1040 818 1070; x_wconf 84' lang='lat' dir='ltr'><strong>stul-</strong></span> 
     </span>
    </p>
   </div>
   <div class='ocr_carea' id='block_1_4' title="bbox 23 1081 818 1125">
    <p class='ocr_par' dir='ltr' id='par_1_5' title="bbox 23 1081 818 1125">
     <span class='ocr_line' id='line_1_19' title="bbox 23 1081 818 1125; baseline -0.003 -11"><span class='ocrx_word' id='word_1_131' title='bbox 23 1083 29 1101; x_wconf 52' lang='lat'>*</span> <span class='ocrx_word' id='word_1_132' title='bbox 68 1081 131 1114; x_wconf 79' lang='lat' dir='ltr'><strong>tior</strong></span> <span class='ocrx_word' id='word_1_133' title='bbox 151 1081 221 1125; x_wconf 83' lang='lat' dir='ltr'><strong>ipso</strong></span> <span class='ocrx_word' id='word_1_134' title='bbox 235 1081 458 1124; x_wconf 64' lang='lat' dir='ltr'><strong>deprenderis!</strong></span> <span class='ocrx_word' id='word_1_135' title='bbox 483 1083 551 1112; x_wconf 88' lang='lat' dir='ltr'><strong>Sat.</strong></span> <span class='ocrx_word' id='word_1_136' title='bbox 568 1081 602 1118; x_wconf 90' lang='lat' dir='ltr'><strong>ii,</strong></span> <span class='ocrx_word' id='word_1_137' title='bbox 619 1083 651 1119; x_wconf 88' lang='lat'><strong>7,</strong></span> <span class='ocrx_word' id='word_1_138' title='bbox 669 1083 722 1114; x_wconf 91' lang='lat'><strong>42.</strong></span> <span class='ocrx_word' id='word_1_139' title='bbox 768 1082 818 1113; x_wconf 91' lang='lat' dir='ltr'><strong>hic</strong></span> 
     </span>
    </p>
   </div>
   <div class='ocr_carea' id='block_1_5' title="bbox 67 1124 821 1334">
    <p class='ocr_par' dir='ltr' id='par_1_6' title="bbox 67 1124 821 1334">
     <span class='ocr_line' id='line_1_20' title="bbox 67 1124 819 1167; baseline 0 -11"><span class='ocrx_word' id='word_1_140' title='bbox 67 1133 129 1166; x_wconf 79' lang='lat' dir='ltr'><strong>ogo</strong></span> <span class='ocrx_word' id='word_1_141' title='bbox 143 1125 347 1156; x_wconf 85' lang='lat' dir='ltr'><strong>stultissimus</strong></span> <span class='ocrx_word' id='word_1_142' title='bbox 358 1134 458 1166; x_wconf 88' lang='lat' dir='ltr'><strong>usque</strong></span> <span class='ocrx_word' id='word_1_143' title='bbox 471 1124 611 1167; x_wconf 86' lang='lat' dir='ltr'><strong>puellam</strong></span> <span class='ocrx_word' id='word_1_144' title='bbox 625 1125 665 1156; x_wconf 87' lang='lat' dir='ltr'><strong>ad</strong></span> <span class='ocrx_word' id='word_1_145' title='bbox 682 1124 819 1157; x_wconf 90' lang='lat' dir='ltr'><strong>mediam</strong></span> 
     </span>
     <span class='ocr_line' id='line_1_21' title="bbox 67 1167 820 1210; baseline -0.001 -10"><span class='ocrx_word' id='word_1_146' title='bbox 67 1172 197 1200; x_wconf 80' lang='lat' dir='ltr'><strong>noctem</strong></span> <span class='ocrx_word' id='word_1_147' title='bbox 221 1174 368 1210; x_wconf 84' lang='lat' dir='ltr'><strong>exspecto</strong></span> <span class='ocrx_word' id='word_1_148' title='bbox 391 1168 458 1198; x_wconf 88' lang='lat' dir='ltr'><strong>Sat.</strong></span> <span class='ocrx_word' id='word_1_149' title='bbox 478 1167 500 1202; x_wconf 91' lang='lat' dir='ltr'><strong>i.</strong></span> <span class='ocrx_word' id='word_1_150' title='bbox 521 1169 553 1202; x_wconf 89' lang='grc'><strong>5,</strong></span> <span class='ocrx_word' id='word_1_151' title='bbox 578 1169 632 1199; x_wconf 92' lang='grc'><strong>82.</strong></span> <span class='ocrx_word' id='word_1_152' title='bbox 677 1167 752 1199; x_wconf 91' lang='lat' dir='ltr'><strong>dum</strong></span> <span class='ocrx_word' id='word_1_153' title='bbox 774 1168 820 1199; x_wconf 84' lang='lat' dir='ltr'><strong>vi-</strong></span> 
     </span>
     <span class='ocr_line' id='line_1_22' title="bbox 69 1209 819 1246; baseline 0 -4"><span class='ocrx_word' id='word_1_154' title='bbox 69 1214 140 1242; x_wconf 81' lang='lat' dir='ltr'><strong>tant</strong></span> <span class='ocrx_word' id='word_1_155' title='bbox 158 1209 249 1242; x_wconf 86' lang='lat' dir='ltr'><strong>stulti</strong></span> <span class='ocrx_word' id='word_1_156' title='bbox 265 1210 353 1246; x_wconf 83' lang='lat' dir='ltr'><strong>vitia,</strong></span> <span class='ocrx_word' id='word_1_157' title='bbox 368 1209 401 1240; x_wconf 92' lang='lat' dir='ltr'><strong>in</strong></span> <span class='ocrx_word' id='word_1_158' title='bbox 422 1209 582 1241; x_wconf 87' lang='lat' dir='ltr'><strong>contraria</strong></span> <span class='ocrx_word' id='word_1_159' title='bbox 602 1217 735 1242; x_wconf 90' lang='lat' dir='ltr'><strong>currunt</strong></span> <span class='ocrx_word' id='word_1_160' title='bbox 751 1212 819 1242; x_wconf 89' lang='lat' dir='ltr'><strong>Sat.</strong></span> 
     </span>
     <span class='ocr_line' id='line_1_23' title="bbox 70 1251 821 1296; baseline 0 -12"><span class='ocrx_word' id='word_1_161' title='bbox 70 1251 95 1290; x_wconf 86' lang='lat' dir='ltr'><strong>i,</strong></span> <span class='ocrx_word' id='word_1_162' title='bbox 115 1254 220 1290; x_wconf 85' lang='lat'><strong>2,24.</strong></span> <span class='ocrx_word' id='word_1_163' title='bbox 263 1253 430 1285; x_wconf 85' lang='lat' dir='ltr'><strong>stultorum</strong></span> <span class='ocrx_word' id='word_1_164' title='bbox 455 1253 558 1295; x_wconf 90' lang='lat' dir='ltr'><strong>pudor</strong></span> <span class='ocrx_word' id='word_1_165' title='bbox 583 1253 687 1284; x_wconf 87' lang='lat' dir='ltr'><strong>malus</strong></span> <span class='ocrx_word' id='word_1_166' title='bbox 714 1255 775 1296; x_wconf 87' lang='lat' dir='ltr'><strong>Ep.</strong></span> <span class='ocrx_word' id='word_1_167' title='bbox 798 1253 821 1291; x_wconf 87' lang='lat' dir='ltr'><strong>i,</strong></span> 
     </span>
     <span class='ocr_line' id='line_1_24' title="bbox 74 1295 197 1334; baseline -0.016 -6"><span class='ocrx_word' id='word_1_168' title='bbox 74 1295 127 1334; x_wconf 85' lang='lat'><strong>16,</strong></span> <span class='ocrx_word' id='word_1_169' title='bbox 141 1296 197 1327; x_wconf 91' lang='grc'><strong>24.</strong></span> 
     </span>
    </p>
   </div>
   <div class='ocr_carea' id='block_1_6' title="bbox 113 1337 820 1380">
    <p class='ocr_par' dir='ltr' id='par_1_7' title="bbox 113 1337 820 1380">
     <span class='ocr_line' id='line_1_25' title="bbox 113 1337 820 1380; baseline -0.001 -10"><span class='ocrx_word' id='word_1_170' title='bbox 113 1345 247 1378; x_wconf 73' lang='lat' dir='ltr'><strong>stupere.</strong></span> <span class='ocrx_word' id='word_1_171' title='bbox 291 1347 356 1368; x_wconf 88' lang='lat' dir='ltr'><strong>non</strong></span> <span class='ocrx_word' id='word_1_172' title='bbox 369 1347 462 1369; x_wconf 84' lang='lat' dir='ltr'><strong>secus</strong></span> <span class='ocrx_word' id='word_1_173' title='bbox 475 1337 510 1368; x_wconf 89' lang='lat' dir='ltr'><strong>in</strong></span> <span class='ocrx_word' id='word_1_174' title='bbox 521 1337 609 1379; x_wconf 87' lang='lat' dir='ltr'><strong>jugis</strong></span> <span class='ocrx_word' id='word_1_175' title='bbox 624 1343 728 1380; x_wconf 82' lang='lat' dir='ltr'><strong>stupet</strong></span> <span class='ocrx_word' id='word_1_176' title='bbox 745 1339 820 1370; x_wconf 88' lang='lat' dir='ltr'><strong>Evi-</strong></span> 
     </span>
    </p>
   </div>
   <div class='ocr_carea' id='block_1_7' title="bbox 31 1379 821 1423">
    <p class='ocr_par' dir='ltr' id='par_1_8' title="bbox 31 1379 821 1423">
     <span class='ocr_line' id='line_1_26' title="bbox 31 1379 821 1423; baseline -0.003 -9"><span class='ocrx_word' id='word_1_177' title='bbox 31 1421 35 1423; x_wconf 10' lang='grc' dir='ltr'>μ</span> <span class='ocrx_word' id='word_1_178' title='bbox 71 1391 108 1414; x_wconf 73' lang='lat' dir='ltr'><strong>as</strong></span> <span class='ocrx_word' id='word_1_179' title='bbox 126 1380 189 1414; x_wconf 86' lang='lat' dir='ltr'><strong>Od.</strong></span> <span class='ocrx_word' id='word_1_180' title='bbox 213 1379 259 1417; x_wconf 90' lang='lat' dir='ltr'><strong>iii,</strong></span> <span class='ocrx_word' id='word_1_181' title='bbox 279 1381 334 1416; x_wconf 89' lang='lat'><strong>25,</strong></span> <span class='ocrx_word' id='word_1_182' title='bbox 351 1381 385 1412; x_wconf 91' lang='lat'><strong>9.</strong></span> <span class='ocrx_word' id='word_1_183' title='bbox 430 1385 549 1411; x_wconf 83' lang='lat' dir='ltr'><strong>mentes</strong></span> <span class='ocrx_word' id='word_1_184' title='bbox 575 1381 729 1422; x_wconf 87' lang='lat' dir='ltr'><strong>perculsae</strong></span> <span class='ocrx_word' id='word_1_185' title='bbox 756 1387 821 1412; x_wconf 81' lang='lat' dir='ltr'><strong>stu-</strong></span> 
     </span>
    </p>
   </div>
   <div class='ocr_carea' id='block_1_8' title="bbox 27 1595 302 1646">
    <p class='ocr_par' dir='ltr' id='par_1_9' title="bbox 27 1595 302 1646">
     <span class='ocr_line' id='line_1_27' title="bbox 27 1595 302 1646; baseline -0.007 -18"><span class='ocrx_word' id='word_1_186' title='bbox 27 1602 36 1646; x_wconf 51' lang='lat' dir='ltr'><strong>f*</strong></span> <span class='ocrx_word' id='word_1_187' title='bbox 74 1596 142 1628; x_wconf 74' lang='lat' dir='ltr'><strong>Sat.</strong></span> <span class='ocrx_word' id='word_1_188' title='bbox 157 1595 181 1632; x_wconf 89' lang='lat' dir='ltr'><strong>i,</strong></span> <span class='ocrx_word' id='word_1_189' title='bbox 199 1596 231 1632; x_wconf 88' lang='lat'><strong>6,</strong></span> <span class='ocrx_word' id='word_1_190' title='bbox 252 1595 302 1627; x_wconf 91' lang='grc'><strong>17.</strong></span> 
     </span>
    </p>
   </div>
   <div class='ocr_carea' id='block_1_9' title="bbox 69 1422 824 1679">
    <p class='ocr_par' dir='ltr' id='par_1_10' title="bbox 69 1422 824 1679">
     <span class='ocr_line' id='line_1_28' title="bbox 114 1422 822 1466; baseline -0.001 -10"><span class='ocrx_word' id='word_1_191' title='bbox 114 1429 149 1456; x_wconf 91' lang='lat' dir='ltr'><strong>nt</strong></span> <span class='ocrx_word' id='word_1_192' title='bbox 174 1423 280 1466; x_wconf 84' lang='lat' dir='ltr'><strong>Epod.</strong></span> <span class='ocrx_word' id='word_1_193' title='bbox 303 1423 336 1460; x_wconf 90' lang='lat'><strong>7,</strong></span> <span class='ocrx_word' id='word_1_194' title='bbox 367 1423 420 1454; x_wconf 88' lang='lat'><strong>16.</strong></span> <span class='ocrx_word' id='word_1_195' title='bbox 470 1422 665 1454; x_wconf 86' lang='lat' dir='ltr'><strong>carminibus</strong></span> <span class='ocrx_word' id='word_1_196' title='bbox 690 1429 822 1466; x_wconf 83' lang='lat' dir='ltr'><strong>stupens</strong></span> 
     </span>
     <span class='ocr_line' id='line_1_29' title="bbox 69 1434 823 1508; baseline -0.001 -9"><span class='ocrx_word' id='word_1_197' title='bbox 69 1434 182 1499; x_wconf 50' lang='lat' dir='ltr'><strong>{gnua</strong></span> <span class='ocrx_word' id='word_1_198' title='bbox 197 1466 260 1499; x_wconf 87' lang='lat' dir='ltr'><strong>od.</strong></span> <span class='ocrx_word' id='word_1_199' title='bbox 274 1465 309 1502; x_wconf 87' lang='lat' dir='ltr'><strong>ii,</strong></span> <span class='ocrx_word' id='word_1_200' title='bbox 326 1467 377 1502; x_wconf 88' lang='grc'><strong>13,</strong></span> <span class='ocrx_word' id='word_1_201' title='bbox 393 1466 446 1498; x_wconf 88' lang='grc'><strong>33.</strong></span> <span class='ocrx_word' id='word_1_202' title='bbox 479 1471 584 1508; x_wconf 85' lang='lat' dir='ltr'><strong>stupet</strong></span> <span class='ocrx_word' id='word_1_203' title='bbox 600 1465 684 1497; x_wconf 86' lang='lat' dir='ltr'><strong>acies</strong></span> <span class='ocrx_word' id='word_1_204' title='bbox 700 1465 823 1498; x_wconf 88' lang='lat' dir='ltr'><strong>insanis</strong></span> 
     </span>
     <span class='ocr_line' id='line_1_30' title="bbox 71 1507 823 1552; baseline -0.003 -10"><span class='ocrx_word' id='word_1_205' title='bbox 71 1509 249 1552; x_wconf 75' lang='lat' dir='ltr'><strong>fulgoribus</strong></span> <span class='ocrx_word' id='word_1_206' title='bbox 272 1510 339 1540; x_wconf 83' lang='lat' dir='ltr'><strong>Sat.</strong></span> <span class='ocrx_word' id='word_1_207' title='bbox 365 1507 399 1548; x_wconf 90' lang='lat' dir='ltr'><strong>ii,</strong></span> <span class='ocrx_word' id='word_1_208' title='bbox 425 1509 461 1546; x_wconf 89' lang='lat'><strong>2,</strong></span> <span class='ocrx_word' id='word_1_209' title='bbox 488 1511 522 1540; x_wconf 86' lang='lat'><strong>5.</strong></span> <span class='ocrx_word' id='word_1_210' title='bbox 574 1514 680 1551; x_wconf 86' lang='lat' dir='ltr'><strong>stupet</strong></span> <span class='ocrx_word' id='word_1_211' title='bbox 705 1509 823 1540; x_wconf 88' lang='lat' dir='ltr'><strong>Albius</strong></span> 
     </span>
     <span class='ocr_line' id='line_1_31' title="bbox 70 1551 824 1594; baseline -0.003 -9"><span class='ocrx_word' id='word_1_212' title='bbox 70 1563 135 1585; x_wconf 68' lang='lat' dir='ltr'><strong>are</strong></span> <span class='ocrx_word' id='word_1_213' title='bbox 159 1553 225 1584; x_wconf 81' lang='lat' dir='ltr'><strong>Sat.</strong></span> <span class='ocrx_word' id='word_1_214' title='bbox 248 1551 272 1588; x_wconf 89' lang='lat' dir='ltr'><strong>i,</strong></span> <span class='ocrx_word' id='word_1_215' title='bbox 293 1553 325 1588; x_wconf 85' lang='lat'><strong>4.</strong></span> <span class='ocrx_word' id='word_1_216' title='bbox 346 1552 400 1584; x_wconf 84' lang='lat'><strong>28.</strong></span> <span class='ocrx_word' id='word_1_217' title='bbox 444 1551 501 1594; x_wconf 89' lang='lat' dir='ltr'><strong>qui</strong></span> <span class='ocrx_word' id='word_1_218' title='bbox 528 1557 635 1594; x_wconf 87' lang='lat' dir='ltr'><strong>stupet</strong></span> <span class='ocrx_word' id='word_1_219' title='bbox 659 1551 694 1583; x_wconf 86' lang='lat' dir='ltr'><strong>in</strong></span> <span class='ocrx_word' id='word_1_220' title='bbox 723 1552 824 1583; x_wconf 81' lang='lat' dir='ltr'><strong>titulis</strong></span> 
     </span>
     <span class='ocr_line' id='line_1_32' title="bbox 115 1645 227 1679; baseline -0.009 -9"><span class='ocrx_word' id='word_1_221' title='bbox 115 1645 227 1679; x_wconf 75' lang='lat' dir='ltr'><strong>stupru</strong></span> 
     </span>
    </p>
   </div>
   <div class='ocr_carea' id='block_1_10' title="bbox 228 1636 824 1680">
    <p class='ocr_par' dir='ltr' id='par_1_11' title="bbox 228 1636 824 1680">
     <span class='ocr_line' id='line_1_33' title="bbox 228 1636 824 1680; baseline -0.002 -11"><span class='ocrx_word' id='word_1_222' title='bbox 228 1650 270 1669; x_wconf 87' lang='lat' dir='ltr'><strong>m.</strong></span> <span class='ocrx_word' id='word_1_223' title='bbox 314 1636 412 1668; x_wconf 85' lang='lat' dir='ltr'><strong>nullis</strong></span> <span class='ocrx_word' id='word_1_224' title='bbox 434 1636 588 1680; x_wconf 81' lang='lat' dir='ltr'><strong>polluitur</strong></span> <span class='ocrx_word' id='word_1_225' title='bbox 606 1642 694 1669; x_wconf 83' lang='lat' dir='ltr'><strong>casta</strong></span> <span class='ocrx_word' id='word_1_226' title='bbox 712 1637 824 1670; x_wconf 89' lang='lat' dir='ltr'><strong>domus</strong></span> 
     </span>
    </p>
   </div>
   <div class='ocr_carea' id='block_1_11' title="bbox 24 1667 453 1724">
    <p class='ocr_par' dir='ltr' id='par_1_12' title="bbox 24 1667 453 1724">
     <span class='ocr_line' id='line_1_34' title="bbox 24 1667 453 1724; baseline -0.009 -10"><span class='ocrx_word' id='word_1_227' title='bbox 24 1667 33 1673; x_wconf 63' lang='grc'><strong>”</strong></span> <span class='ocrx_word' id='word_1_228' title='bbox 73 1675 192 1724; x_wconf 58' lang='lat' dir='ltr'><strong>stupris</strong></span> <span class='ocrx_word' id='word_1_229' title='bbox 207 1680 273 1713; x_wconf 85' lang='lat' dir='ltr'><strong>Od.</strong></span> <span class='ocrx_word' id='word_1_230' title='bbox 287 1679 332 1718; x_wconf 84' lang='lat' dir='ltr'><strong>iv,</strong></span> <span class='ocrx_word' id='word_1_231' title='bbox 348 1682 381 1717; x_wconf 84' lang='lat'><strong>5,</strong></span> <span class='ocrx_word' id='word_1_232' title='bbox 398 1681 453 1711; x_wconf 82' lang='lat'><strong>21.</strong></span> 
     </span>
    </p>
   </div>
   <div class='ocr_carea' id='block_1_12' title="bbox 115 1721 822 1765">
    <p class='ocr_par' dir='ltr' id='par_1_13' title="bbox 115 1721 822 1765">
     <span class='ocr_line' id='line_1_35' title="bbox 115 1721 822 1765; baseline -0.003 -9"><span class='ocrx_word' id='word_1_233' title='bbox 115 1726 254 1756; x_wconf 67' lang='lat' dir='ltr'><strong>suadere.</strong></span> <span class='ocrx_word' id='word_1_234' title='bbox 298 1723 368 1755; x_wconf 88' lang='lat' dir='ltr'><strong>isne</strong></span> <span class='ocrx_word' id='word_1_235' title='bbox 388 1722 446 1754; x_wconf 88' lang='lat' dir='ltr'><strong>tibi</strong></span> <span class='ocrx_word' id='word_1_236' title='bbox 466 1721 578 1754; x_wconf 89' lang='lat' dir='ltr'><strong>melius</strong></span> <span class='ocrx_word' id='word_1_237' title='bbox 593 1722 704 1754; x_wconf 81' lang='lat' dir='ltr'><strong>suadet</strong></span> <span class='ocrx_word' id='word_1_238' title='bbox 720 1723 784 1765; x_wconf 88' lang='lat' dir='ltr'><strong>Ep.</strong></span> <span class='ocrx_word' id='word_1_239' title='bbox 800 1722 822 1760; x_wconf 92' lang='lat' dir='ltr'><strong>i,</strong></span> 
     </span>
    </p>
   </div>
   <div class='ocr_carea' id='block_1_13' title="bbox 35 1750 825 1810">
    <p class='ocr_par' dir='ltr' id='par_1_14' title="bbox 35 1750 825 1810">
     <span class='ocr_line' id='line_1_36' title="bbox 35 1750 825 1810; baseline -0.003 -10"><span class='ocrx_word' id='word_1_240' title='bbox 35 1750 45 1779; x_wconf 12' lang='grc' dir='ltr'><strong>γ’</strong></span> <span class='ocrx_word' id='word_1_241' title='bbox 75 1767 108 1806; x_wconf 88' lang='lat' dir='ltr'><strong>l,</strong></span> <span class='ocrx_word' id='word_1_242' title='bbox 122 1767 176 1800; x_wconf 80' lang='lat'><strong>65.</strong></span> <span class='ocrx_word' id='word_1_243' title='bbox 221 1776 287 1810; x_wconf 77' lang='lat' dir='ltr'><strong>qua</strong></span> <span class='ocrx_word' id='word_1_244' title='bbox 311 1765 459 1798; x_wconf 81' lang='lat' dir='ltr'><strong>suaderet</strong></span> <span class='ocrx_word' id='word_1_245' title='bbox 481 1765 559 1796; x_wconf 83' lang='lat' dir='ltr'><strong>ratio</strong></span> <span class='ocrx_word' id='word_1_246' title='bbox 586 1766 651 1796; x_wconf 86' lang='lat' dir='ltr'><strong>Sat.</strong></span> <span class='ocrx_word' id='word_1_247' title='bbox 672 1765 694 1802; x_wconf 89' lang='lat' dir='ltr'><strong>i,</strong></span> <span class='ocrx_word' id='word_1_248' title='bbox 716 1767 749 1802; x_wconf 86' lang='lat'><strong>2,</strong></span> <span class='ocrx_word' id='word_1_249' title='bbox 771 1768 825 1798; x_wconf 88' lang='lat'><strong>50.</strong></span> 
     </span>
    </p>
   </div>
   <div class='ocr_carea' id='block_1_14' title="bbox 75 1808 824 1978">
    <p class='ocr_par' dir='ltr' id='par_1_15' title="bbox 75 1808 822 1851">
     <span class='ocr_line' id='line_1_37' title="bbox 75 1808 822 1851; baseline -0.003 -9"><span class='ocrx_word' id='word_1_250' title='bbox 75 1819 118 1843; x_wconf 74' lang='lat' dir='ltr'><strong>un</strong></span> <span class='ocrx_word' id='word_1_251' title='bbox 141 1809 256 1842; x_wconf 84' lang='lat' dir='ltr'><strong>melius</strong></span> <span class='ocrx_word' id='word_1_252' title='bbox 270 1809 344 1851; x_wconf 86' lang='lat' dir='ltr'><strong>quis</strong></span> <span class='ocrx_word' id='word_1_253' title='bbox 355 1809 453 1841; x_wconf 85' lang='lat' dir='ltr'><strong>habet</strong></span> <span class='ocrx_word' id='word_1_254' title='bbox 467 1808 597 1839; x_wconf 88' lang='lat' dir='ltr'><strong>suadere</strong></span> <span class='ocrx_word' id='word_1_255' title='bbox 611 1810 624 1838; x_wconf 69' lang='grc' dir='ltr'><strong>’ἔ</strong></span> <span class='ocrx_word' id='word_1_256' title='bbox 649 1809 751 1851; x_wconf 88' lang='lat' dir='ltr'><strong>Epod.</strong></span> <span class='ocrx_word' id='word_1_257' title='bbox 775 1810 822 1846; x_wconf 90' lang='lat'><strong>16,</strong></span> 
     </span>
    </p>

    <p class='ocr_par' dir='ltr' id='par_1_16' title="bbox 175 1850 822 1895">
     <span class='ocr_line' id='line_1_38' title="bbox 175 1850 822 1895; baseline -0.002 -11"><span class='ocrx_word' id='word_1_258' title='bbox 175 1852 255 1895; x_wconf 90' lang='lat' dir='ltr'><strong>quid</strong></span> <span class='ocrx_word' id='word_1_259' title='bbox 277 1852 355 1884; x_wconf 87' lang='lat' dir='ltr'><strong>mihi</strong></span> <span class='ocrx_word' id='word_1_260' title='bbox 378 1852 474 1894; x_wconf 88' lang='lat' dir='ltr'><strong>igitur</strong></span> <span class='ocrx_word' id='word_1_261' title='bbox 495 1850 628 1882; x_wconf 68' lang='lat' dir='ltr'><strong>suades!</strong></span> <span class='ocrx_word' id='word_1_262' title='bbox 653 1852 720 1883; x_wconf 86' lang='lat' dir='ltr'><strong>Sat.</strong></span> <span class='ocrx_word' id='word_1_263' title='bbox 742 1851 764 1889; x_wconf 90' lang='lat' dir='ltr'><strong>i,</strong></span> <span class='ocrx_word' id='word_1_264' title='bbox 791 1853 822 1888; x_wconf 91' lang='lat'><strong>1,</strong></span> 
     </span>
    </p>

    <p class='ocr_par' dir='ltr' id='par_1_17' title="bbox 76 1893 824 1978">
     <span class='ocr_line' id='line_1_39' title="bbox 76 1893 824 1971; baseline -0.004 -43"><span class='ocrx_word' id='word_1_265' title='bbox 76 1896 166 1971; x_wconf 55' lang='grc' dir='ltr'>ὲθὲο</span> <span class='ocrx_word' id='word_1_266' title='bbox 198 1895 290 1950; x_wconf 85' lang='lat' dir='ltr'><strong>dolor</strong></span> <span class='ocrx_word' id='word_1_267' title='bbox 309 1894 396 1938; x_wconf 87' lang='lat' dir='ltr'><strong>quod</strong></span> <span class='ocrx_word' id='word_1_268' title='bbox 417 1893 550 1926; x_wconf 82' lang='lat' dir='ltr'><strong>suaserit</strong></span> <span class='ocrx_word' id='word_1_269' title='bbox 570 1899 602 1926; x_wconf 86' lang='lat' dir='ltr'><strong>et</strong></span> <span class='ocrx_word' id='word_1_270' title='bbox 620 1904 708 1926; x_wconf 88' lang='lat' dir='ltr'><strong>mens</strong></span> <span class='ocrx_word' id='word_1_271' title='bbox 726 1895 786 1937; x_wconf 89' lang='lat' dir='ltr'><strong>Ep.</strong></span> <span class='ocrx_word' id='word_1_272' title='bbox 802 1894 824 1933; x_wconf 92' lang='lat' dir='ltr'><strong>i,</strong></span> 
     </span>
     <span class='ocr_line' id='line_1_40' title="bbox 101 1961 180 1978; baseline 0 -7"><span class='ocrx_word' id='word_1_273' title='bbox 101 1962 111 1978; x_wconf 90' lang='lat'><strong>,</strong></span> <span class='ocrx_word' id='word_1_274' title='bbox 170 1961 180 1971; x_wconf 94' lang='lat'><strong>.</strong></span> 
     </span>
    </p>
   </div>
   <div class='ocr_carea' id='block_1_15' title="bbox 28 1979 827 2109">
    <p class='ocr_par' dir='ltr' id='par_1_18' title="bbox 28 1979 827 2109">
     <span class='ocr_line' id='line_1_41' title="bbox 37 1979 824 2022; baseline -0.005 -7"><span class='ocrx_word' id='word_1_275' title='bbox 37 1991 59 2015; x_wconf 60' lang='lat'><strong>⁴.-</strong></span> <span class='ocrx_word' id='word_1_276' title='bbox 119 1983 233 2014; x_wconf 75' lang='lat' dir='ltr'><strong>suam&#39;s.</strong></span> <span class='ocrx_word' id='word_1_277' title='bbox 275 1980 374 2022; x_wconf 81' lang='lat' dir='ltr'><strong>mergi</strong></span> <span class='ocrx_word' id='word_1_278' title='bbox 394 1981 461 2012; x_wconf 82' lang='lat' dir='ltr'><strong>Sat.</strong></span> <span class='ocrx_word' id='word_1_279' title='bbox 483 1979 519 2016; x_wconf 75' lang='lat' dir='ltr'><strong>ii,</strong></span> <span class='ocrx_word' id='word_1_280' title='bbox 539 1981 572 2016; x_wconf 91' lang='lat'><strong>2,</strong></span> <span class='ocrx_word' id='word_1_281' title='bbox 595 1981 650 2011; x_wconf 91' lang='lat'><strong>51.</strong></span> <span class='ocrx_word' id='word_1_282' title='bbox 694 1990 742 2012; x_wconf 88' lang='lat' dir='ltr'><strong>res</strong></span> <span class='ocrx_word' id='word_1_283' title='bbox 758 1980 824 2011; x_wconf 85' lang='lat' dir='ltr'><strong>Sat.</strong></span> 
     </span>
     <span class='ocr_line' id='line_1_42' title="bbox 28 2022 824 2066; baseline -0.005 -9"><span class='ocrx_word' id='word_1_284' title='bbox 28 2027 42 2052; x_wconf 56' lang='grc' dir='ltr'><strong>ἱ</strong></span> <span class='ocrx_word' id='word_1_285' title='bbox 74 2023 110 2062; x_wconf 82' lang='grc' dir='ltr'><strong>ἰί,</strong></span> <span class='ocrx_word' id='word_1_286' title='bbox 126 2025 159 2063; x_wconf 91' lang='grc'><strong>8,</strong></span> <span class='ocrx_word' id='word_1_287' title='bbox 172 2025 227 2057; x_wconf 86' lang='grc'><strong>92.</strong></span> <span class='ocrx_word' id='word_1_288' title='bbox 270 2023 412 2066; x_wconf 84' lang='lat' dir='ltr'><strong>leporum</strong></span> <span class='ocrx_word' id='word_1_289' title='bbox 427 2023 564 2058; x_wconf 80' lang='lat' dir='ltr'><strong>avulsos,</strong></span> <span class='ocrx_word' id='word_1_290' title='bbox 584 2028 620 2054; x_wconf 92' lang='lat' dir='ltr'><strong>ut</strong></span> <span class='ocrx_word' id='word_1_291' title='bbox 637 2022 736 2054; x_wconf 90' lang='lat' dir='ltr'><strong>multo</strong></span> <span class='ocrx_word' id='word_1_292' title='bbox 751 2033 824 2054; x_wconf 85' lang='lat' dir='ltr'><strong>sua-</strong></span> 
     </span>
     <span class='ocr_line' id='line_1_43' title="bbox 43 2065 827 2109; baseline -0.005 -9"><span class='ocrx_word' id='word_1_293' title='bbox 43 2068 50 2082; x_wconf 88' lang='grc'><strong>”·</strong></span> <span class='ocrx_word' id='word_1_294' title='bbox 75 2066 160 2105; x_wconf 73' lang='lat' dir='ltr'><strong>vius,</strong></span> <span class='ocrx_word' id='word_1_295' title='bbox 186 2076 300 2103; x_wconf 71' lang='lat' dir='ltr'><strong>armoS,</strong></span> <span class='ocrx_word' id='word_1_296' title='bbox 328 2077 426 2109; x_wconf 87' lang='lat' dir='ltr'><strong>quam</strong></span> <span class='ocrx_word' id='word_1_297' title='bbox 453 2066 480 2097; x_wconf 89' lang='lat' dir='ltr'><strong>si</strong></span> <span class='ocrx_word' id='word_1_298' title='bbox 507 2066 579 2108; x_wconf 88' lang='lat' dir='ltr'><strong>quis</strong></span> <span class='ocrx_word' id='word_1_299' title='bbox 604 2076 678 2097; x_wconf 89' lang='lat' dir='ltr'><strong>cum</strong></span> <span class='ocrx_word' id='word_1_300' title='bbox 708 2065 827 2097; x_wconf 90' lang='lat' dir='ltr'><strong>lumbis</strong></span> 
     </span>
    </p>
   </div>
   <div class='ocr_carea' id='block_1_16' title="bbox 23 2130 43 2147">
    <p class='ocr_par' dir='ltr' id='par_1_19' title="bbox 23 2130 43 2147">
     <span class='ocr_line' id='line_1_44' title="bbox 23 2130 43 2147; baseline 0 0"><span class='ocrx_word' id='word_1_301' title='bbox 23 2130 43 2147; x_wconf 72' lang='lat' dir='ltr'><strong>’t-</strong></span> 
     </span>
    </p>
   </div>
   <div class='ocr_carea' id='block_1_17' title="bbox 77 2107 825 2149">
    <p class='ocr_par' dir='ltr' id='par_1_20' title="bbox 77 2107 825 2149">
     <span class='ocr_line' id='line_1_45' title="bbox 77 2107 825 2149; baseline -0.005 -6"><span class='ocrx_word' id='word_1_302' title='bbox 77 2109 146 2143; x_wconf 75' lang='lat' dir='ltr'><strong>odit</strong></span> <span class='ocrx_word' id='word_1_303' title='bbox 159 2111 229 2142; x_wconf 78' lang='lat' dir='ltr'><strong>Sat.</strong></span> <span class='ocrx_word' id='word_1_304' title='bbox 242 2109 277 2146; x_wconf 84' lang='lat' dir='ltr'><strong>ii,</strong></span> <span class='ocrx_word' id='word_1_305' title='bbox 293 2111 326 2146; x_wconf 91' lang='lat'><strong>8,</strong></span> <span class='ocrx_word' id='word_1_306' title='bbox 342 2107 396 2142; x_wconf 87' lang='grc'><strong>89.</strong></span> <span class='ocrx_word' id='word_1_307' title='bbox 439 2115 473 2140; x_wconf 91' lang='lat' dir='ltr'><strong>at</strong></span> <span class='ocrx_word' id='word_1_308' title='bbox 496 2119 596 2140; x_wconf 89' lang='lat' dir='ltr'><strong>sermo</strong></span> <span class='ocrx_word' id='word_1_309' title='bbox 616 2108 728 2149; x_wconf 86' lang='lat' dir='ltr'><strong>lingua</strong></span> <span class='ocrx_word' id='word_1_310' title='bbox 748 2119 825 2140; x_wconf 89' lang='lat' dir='ltr'><strong>con-</strong></span> 
     </span>
    </p>
   </div>
   <div class='ocr_carea' id='block_1_18' title="bbox 22 2151 828 2237">
    <p class='ocr_par' dir='ltr' id='par_1_21' title="bbox 22 2151 828 2237">
     <span class='ocr_line' id='line_1_46' title="bbox 39 2151 828 2195; baseline -0.003 -10"><span class='ocrx_word' id='word_1_311' title='bbox 39 2158 45 2194; x_wconf 63' lang='lat' dir='ltr'>j</span> <span class='ocrx_word' id='word_1_312' title='bbox 72 2151 195 2189; x_wconf 64' lang='lat' dir='ltr'><strong>&gt;cintius</strong></span> <span class='ocrx_word' id='word_1_313' title='bbox 209 2158 344 2195; x_wconf 80' lang='lat' dir='ltr'><strong>utraque</strong></span> <span class='ocrx_word' id='word_1_314' title='bbox 358 2151 485 2184; x_wconf 82' lang='lat' dir='ltr'><strong>suavior</strong></span> <span class='ocrx_word' id='word_1_315' title='bbox 501 2153 568 2183; x_wconf 89' lang='lat' dir='ltr'><strong>Sat.</strong></span> <span class='ocrx_word' id='word_1_316' title='bbox 584 2151 606 2187; x_wconf 93' lang='lat' dir='ltr'><strong>i,</strong></span> <span class='ocrx_word' id='word_1_317' title='bbox 627 2153 676 2187; x_wconf 92' lang='lat'><strong>10,</strong></span> <span class='ocrx_word' id='word_1_318' title='bbox 694 2153 749 2182; x_wconf 88' lang='lat'><strong>24.</strong></span> <span class='ocrx_word' id='word_1_319' title='bbox 795 2157 828 2183; x_wconf 86' lang='lat' dir='ltr'><strong>at</strong></span> 
     </span>
     <span class='ocr_line' id='line_1_47' title="bbox 22 2194 825 2237; baseline -0.005 -8"><span class='ocrx_word' id='word_1_320' title='bbox 22 2200 27 2204; x_wconf 88' lang='lat'>&#39;</span> <span class='ocrx_word' id='word_1_321' title='bbox 43 2198 46 2199; x_wconf 48' lang='lat'><em>⁷</em></span> <span class='ocrx_word' id='word_1_322' title='bbox 78 2205 175 2229; x_wconf 74' lang='lat' dir='ltr'><strong>suave</strong></span> <span class='ocrx_word' id='word_1_323' title='bbox 193 2201 242 2228; x_wconf 84' lang='lat' dir='ltr'><strong>est</strong></span> <span class='ocrx_word' id='word_1_324' title='bbox 259 2205 299 2227; x_wconf 89' lang='lat' dir='ltr'><strong>ex</strong></span> <span class='ocrx_word' id='word_1_325' title='bbox 323 2205 439 2237; x_wconf 88' lang='lat' dir='ltr'><strong>magno</strong></span> <span class='ocrx_word' id='word_1_326' title='bbox 459 2195 570 2227; x_wconf 84' lang='lat' dir='ltr'><strong>tollere</strong></span> <span class='ocrx_word' id='word_1_327' title='bbox 588 2204 700 2226; x_wconf 87' lang='lat' dir='ltr'><strong>acervo</strong></span> <span class='ocrx_word' id='word_1_328' title='bbox 720 2195 786 2225; x_wconf 89' lang='lat' dir='ltr'><strong>Sat.</strong></span> <span class='ocrx_word' id='word_1_329' title='bbox 803 2194 825 2232; x_wconf 88' lang='lat' dir='ltr'><strong>i,</strong></span> 
     </span>
    </p>
   </div>
   <div class='ocr_carea' id='block_1_19' title="bbox 0 2514 346 2625">
    <p class='ocr_par' dir='ltr' id='par_1_22' title="bbox 0 2514 346 2625">
     <span class='ocr_line' id='line_1_48' title="bbox 0 2514 310 2583; baseline -0.01 -10"><span class='ocrx_word' id='word_1_330' title='bbox 0 2520 2 2544; x_wconf 60' lang='lat'><em>¹</em></span> <span class='ocrx_word' id='word_1_331' title='bbox 32 2514 56 2543; x_wconf 51' lang='lat'><strong>*⁶⁴</strong></span> <span class='ocrx_word' id='word_1_332' title='bbox 79 2526 191 2583; x_wconf 63' lang='lat' dir='ltr'><strong>Epod.</strong></span> <span class='ocrx_word' id='word_1_333' title='bbox 207 2539 240 2575; x_wconf 87' lang='lat'><strong>3,</strong></span> <span class='ocrx_word' id='word_1_334' title='bbox 253 2539 310 2570; x_wconf 83' lang='lat'><strong>21.</strong></span> 
     </span>
     <span class='ocr_line' id='line_1_49' title="bbox 34 2580 346 2625; baseline -0.003 -11"><span class='ocrx_word' id='word_1_335' title='bbox 34 2589 59 2614; x_wconf 48' lang='grc' dir='ltr'><strong>’ω</strong></span> <span class='ocrx_word' id='word_1_336' title='bbox 125 2583 180 2614; x_wconf 69' lang='lat' dir='ltr'><strong>nub</strong></span> <span class='ocrx_word' id='word_1_337' title='bbox 203 2580 346 2625; x_wconf 62' lang='lat' dir='ltr'><strong>(praep.)-</strong></span> 
     </span>
    </p>
   </div>
   <div class='ocr_carea' id='block_1_20' title="bbox 32 2621 831 2663">
    <p class='ocr_par' dir='ltr' id='par_1_23' title="bbox 32 2621 831 2663">
     <span class='ocr_line' id='line_1_50' title="bbox 32 2621 831 2663; baseline -0.009 -4"><span class='ocrx_word' id='word_1_338' title='bbox 32 2621 56 2663; x_wconf 55' lang='grc' dir='ltr'><strong>ἷι.)</strong></span> <span class='ocrx_word' id='word_1_339' title='bbox 81 2624 204 2658; x_wconf 67' lang='lat' dir='ltr'><strong>furcam</strong></span> <span class='ocrx_word' id='word_1_340' title='bbox 229 2625 295 2656; x_wconf 85' lang='lat' dir='ltr'><strong>Sat.</strong></span> <span class='ocrx_word' id='word_1_341' title='bbox 319 2622 355 2658; x_wconf 88' lang='lat' dir='ltr'><strong>ii,</strong></span> <span class='ocrx_word' id='word_1_342' title='bbox 381 2623 414 2659; x_wconf 88' lang='lat'><strong>7,</strong></span> <span class='ocrx_word' id='word_1_343' title='bbox 441 2623 495 2653; x_wconf 89' lang='lat'><strong>66.</strong></span> <span class='ocrx_word' id='word_1_344' title='bbox 548 2621 590 2652; x_wconf 90' lang='lat' dir='ltr'><strong>im</strong></span> <span class='ocrx_word' id='word_1_345' title='bbox 615 2631 682 2653; x_wconf 89' lang='lat' dir='ltr'><strong>ares</strong></span> <span class='ocrx_word' id='word_1_346' title='bbox 709 2622 831 2652; x_wconf 88' lang='lat' dir='ltr'><strong>animos</strong></span> 
     </span>
    </p>
   </div>
   <div class='ocr_carea' id='block_1_21' title="bbox 37 2542 41 2550">
    <p class='ocr_par' dir='ltr' id='par_1_24' title="bbox 37 2542 41 2550">
     <span class='ocr_line' id='line_1_51' title="bbox 37 2542 41 2550; baseline 0 0"><span class='ocrx_word' id='word_1_347' title='bbox 37 2542 41 2550; x_wconf 52' lang='grc' dir='ltr'><strong>η</strong></span> 
     </span>
    </p>
   </div>
   <div class='ocr_carea' id='block_1_22' title="bbox 80 2237 828 2277">
    <p class='ocr_par' dir='ltr' id='par_1_25' title="bbox 80 2237 828 2277">
     <span class='ocr_line' id='line_1_52' title="bbox 80 2237 828 2277; baseline -0.005 -5"><span class='ocrx_word' id='word_1_348' title='bbox 80 2239 111 2277; x_wconf 87' lang='lat' dir='ltr'><strong>l.</strong></span> <span class='ocrx_word' id='word_1_349' title='bbox 125 2240 182 2272; x_wconf 90' lang='grc'><strong>51.</strong></span> <span class='ocrx_word' id='word_1_350' title='bbox 219 2248 316 2270; x_wconf 86' lang='lat' dir='ltr'><strong>suave</strong></span> <span class='ocrx_word' id='word_1_351' title='bbox 331 2238 421 2270; x_wconf 87' lang='lat' dir='ltr'><strong>locus</strong></span> <span class='ocrx_word' id='word_1_352' title='bbox 436 2237 505 2270; x_wconf 88' lang='lat' dir='ltr'><strong>voci</strong></span> <span class='ocrx_word' id='word_1_353' title='bbox 521 2242 644 2269; x_wconf 85' lang='lat' dir='ltr'><strong>resonat</strong></span> <span class='ocrx_word' id='word_1_354' title='bbox 659 2237 828 2268; x_wconf 86' lang='lat' dir='ltr'><strong>conclusus</strong></span> 
     </span>
    </p>
   </div>
   <div class='ocr_carea' id='block_1_23' title="bbox 50 2280 308 2322">
    <p class='ocr_par' dir='ltr' id='par_1_26' title="bbox 50 2280 308 2322">
     <span class='ocr_line' id='line_1_53' title="bbox 50 2280 308 2322; baseline -0.012 -7"><span class='ocrx_word' id='word_1_355' title='bbox 50 2317 53 2322; x_wconf 20' lang='lat' dir='ltr'><em>A</em></span> <span class='ocrx_word' id='word_1_356' title='bbox 81 2280 150 2315; x_wconf 72' lang='lat' dir='ltr'><strong>Sat.</strong></span> <span class='ocrx_word' id='word_1_357' title='bbox 164 2281 188 2320; x_wconf 83' lang='lat' dir='ltr'><strong>i,</strong></span> <span class='ocrx_word' id='word_1_358' title='bbox 203 2283 236 2318; x_wconf 88' lang='lat'><strong>4,</strong></span> <span class='ocrx_word' id='word_1_359' title='bbox 253 2281 308 2312; x_wconf 85' lang='lat'><strong>76.</strong></span> 
     </span>
    </p>
   </div>
   <div class='ocr_carea' id='block_1_24' title="bbox 121 2322 829 2366">
    <p class='ocr_par' dir='ltr' id='par_1_27' title="bbox 121 2322 829 2366">
     <span class='ocr_line' id='line_1_54' title="bbox 121 2322 829 2366; baseline -0.004 -9"><span class='ocrx_word' id='word_1_360' title='bbox 121 2325 270 2357; x_wconf 71' lang='lat' dir='ltr'><strong>suaviter.</strong></span> <span class='ocrx_word' id='word_1_361' title='bbox 313 2322 392 2366; x_wconf 89' lang='lat' dir='ltr'><strong>quid</strong></span> <span class='ocrx_word' id='word_1_362' title='bbox 406 2323 474 2364; x_wconf 83' lang='lat' dir='ltr'><strong>agis</strong></span> <span class='ocrx_word' id='word_1_363' title='bbox 490 2324 618 2355; x_wconf 64' lang='lat' dir='ltr'><strong>rerum?</strong></span> <span class='ocrx_word' id='word_1_364' title='bbox 641 2322 779 2354; x_wconf 87' lang='lat' dir='ltr'><strong>suaviter</strong></span> <span class='ocrx_word' id='word_1_365' title='bbox 794 2327 829 2354; x_wconf 91' lang='lat' dir='ltr'><strong>ut</strong></span> 
     </span>
    </p>
   </div>
   <div class='ocr_carea' id='block_1_25' title="bbox 51 2366 830 2404">
    <p class='ocr_par' dir='ltr' id='par_1_28' title="bbox 51 2366 830 2404">
     <span class='ocr_line' id='line_1_55' title="bbox 51 2366 830 2404; baseline -0.005 -3"><span class='ocrx_word' id='word_1_366' title='bbox 51 2372 54 2387; x_wconf 77' lang='lat'>³</span> <span class='ocrx_word' id='word_1_367' title='bbox 74 2376 168 2401; x_wconf 75' lang='lat' dir='ltr'><strong>mne</strong></span> <span class='ocrx_word' id='word_1_368' title='bbox 189 2373 240 2400; x_wconf 86' lang='lat' dir='ltr'><strong>est</strong></span> <span class='ocrx_word' id='word_1_369' title='bbox 261 2367 330 2398; x_wconf 80' lang='lat' dir='ltr'><strong>Sat.</strong></span> <span class='ocrx_word' id='word_1_370' title='bbox 354 2367 376 2404; x_wconf 91' lang='lat' dir='ltr'><strong>i,</strong></span> <span class='ocrx_word' id='word_1_371' title='bbox 397 2367 431 2404; x_wconf 87' lang='lat'><strong>9,</strong></span> <span class='ocrx_word' id='word_1_372' title='bbox 457 2368 488 2398; x_wconf 88' lang='grc'><strong>5.</strong></span> <span class='ocrx_word' id='word_1_373' title='bbox 533 2366 580 2397; x_wconf 85' lang='lat' dir='ltr'><strong>his</strong></span> <span class='ocrx_word' id='word_1_374' title='bbox 608 2375 657 2396; x_wconf 87' lang='lat' dir='ltr'><strong>me</strong></span> <span class='ocrx_word' id='word_1_375' title='bbox 685 2366 830 2398; x_wconf 88' lang='lat' dir='ltr'><strong>consolor</strong></span> 
     </span>
    </p>
   </div>
   <div class='ocr_carea' id='block_1_26' title="bbox 80 2408 831 2538">
    <p class='ocr_par' dir='ltr' id='par_1_29' title="bbox 80 2408 831 2538">
     <span class='ocr_line' id='line_1_56' title="bbox 80 2408 831 2460; baseline -0.003 -17"><span class='ocrx_word' id='word_1_376' title='bbox 80 2410 239 2460; x_wconf 63' lang='lat' dir='ltr'><strong>victutum</strong></span> <span class='ocrx_word' id='word_1_377' title='bbox 260 2409 500 2442; x_wconf 79' lang='lat' dir='ltr'><strong>suavius—Sat.</strong></span> <span class='ocrx_word' id='word_1_378' title='bbox 514 2408 538 2447; x_wconf 88' lang='lat' dir='ltr'><strong>i,</strong></span> <span class='ocrx_word' id='word_1_379' title='bbox 554 2410 588 2445; x_wconf 89' lang='lat'><strong>6,</strong></span> <span class='ocrx_word' id='word_1_380' title='bbox 607 2410 680 2440; x_wconf 82' lang='lat'><strong>130.</strong></span> <span class='ocrx_word' id='word_1_381' title='bbox 725 2408 831 2441; x_wconf 83' lang='lat' dir='ltr'><strong>vivere</strong></span> 
     </span>
     <span class='ocr_line' id='line_1_57' title="bbox 83 2452 829 2538; baseline -0.005 -10"><span class='ocrx_word' id='word_1_382' title='bbox 83 2452 288 2528; x_wconf 51' lang='lat' dir='ltr'><strong>Egialz&#39;vga’n?</strong></span> <span class='ocrx_word' id='word_1_383' title='bbox 315 2494 425 2527; x_wconf 86' lang='lat' dir='ltr'><strong>suavio</strong></span> <span class='ocrx_word' id='word_1_384' title='bbox 453 2499 509 2527; x_wconf 87' lang='lat' dir='ltr'><strong>tuo</strong></span> <span class='ocrx_word' id='word_1_385' title='bbox 535 2499 676 2538; x_wconf 82' lang='lat' dir='ltr'><strong>opponat</strong></span> <span class='ocrx_word' id='word_1_386' title='bbox 699 2504 829 2525; x_wconf 86' lang='lat' dir='ltr'><strong>manum</strong></span> 
     </span>
    </p>
   </div>
   <div class='ocr_carea' id='block_1_27' title="bbox 390 2578 829 2616">
    <p class='ocr_par' dir='ltr' id='par_1_30' title="bbox 390 2578 829 2616">
     <span class='ocr_line' id='line_1_58' title="bbox 390 2578 829 2616; baseline -0.002 -5"><span class='ocrx_word' id='word_1_387' title='bbox 390 2580 419 2616; x_wconf 84' lang='lat'><strong>1,</strong></span> <span class='ocrx_word' id='word_1_388' title='bbox 438 2591 468 2611; x_wconf 87' lang='lat' dir='ltr'><strong>c.</strong></span> <span class='ocrx_word' id='word_1_389' title='bbox 487 2589 609 2610; x_wconf 82' lang='lat' dir='ltr'><strong>accus..·</strong></span> <span class='ocrx_word' id='word_1_390' title='bbox 636 2580 665 2615; x_wconf 91' lang='lat' dir='ltr'><strong>l,</strong></span> <span class='ocrx_word' id='word_1_391' title='bbox 686 2578 746 2610; x_wconf 88' lang='lat' dir='ltr'><strong>ibis</strong></span> <span class='ocrx_word' id='word_1_392' title='bbox 769 2579 829 2610; x_wconf 91' lang='lat' dir='ltr'><strong>sub</strong></span> 
     </span>
    </p>
   </div>
   <div class='ocr_carea' id='block_1_28' title="bbox 32 2664 831 2716">
    <p class='ocr_par' dir='ltr' id='par_1_31' title="bbox 32 2664 831 2716">
     <span class='ocr_line' id='line_1_59' title="bbox 32 2664 831 2716; baseline -0.005 -16"><span class='ocrx_word' id='word_1_393' title='bbox 32 2664 143 2716; x_wconf 51' lang='lat' dir='ltr'><strong>{sub</strong></span> <span class='ocrx_word' id='word_1_394' title='bbox 163 2667 243 2716; x_wconf 76' lang='lat' dir='ltr'><strong>juga</strong></span> <span class='ocrx_word' id='word_1_395' title='bbox 267 2665 388 2698; x_wconf 83' lang='lat' dir='ltr'><strong>ahenea</strong></span> <span class='ocrx_word' id='word_1_396' title='bbox 413 2665 535 2696; x_wconf 80' lang='lat' dir='ltr'><strong>mittere</strong></span> <span class='ocrx_word' id='word_1_397' title='bbox 559 2665 588 2695; x_wconf 95' lang='lat' dir='ltr'>O</span> <span class='ocrx_word' id='word_1_398' title='bbox 614 2687 621 2695; x_wconf 90' lang='lat'><strong>.</strong></span> <span class='ocrx_word' id='word_1_399' title='bbox 648 2664 670 2699; x_wconf 89' lang='lat' dir='ltr'><strong>i,</strong></span> <span class='ocrx_word' id='word_1_400' title='bbox 699 2665 753 2701; x_wconf 89' lang='lat'><strong>33,</strong></span> <span class='ocrx_word' id='word_1_401' title='bbox 782 2666 831 2696; x_wconf 93' lang='lat' dir='ltr'><strong>ll.</strong></span> 
     </span>
    </p>
   </div>
   <div class='ocr_carea' id='block_1_29' title="bbox 33 2745 66 3077">
    <p class='ocr_par' dir='ltr' id='par_1_32' title="bbox 33 2745 66 3077">
     <span class='ocr_line' id='line_1_60' title="bbox 34 2745 62 2815; baseline 0 -42"><span class='ocrx_word' id='word_1_402' title='bbox 34 2745 62 2815; x_wconf 95' lang='lat' dir='ltr'><strong>  </strong></span> 
     </span>
     <span class='ocr_line' id='line_1_61' title="bbox 33 2896 66 3077; baseline 0 0"><span class='ocrx_word' id='word_1_403' title='bbox 33 2896 66 3077; x_wconf 95' lang='lat' dir='ltr'><strong>    </strong></span> 
     </span>
    </p>
   </div>
   <div class='ocr_carea' id='block_1_30' title="bbox 57 2750 839 2876">
    <p class='ocr_par' dir='ltr' id='par_1_33' title="bbox 57 2750 839 2876">
     <span class='ocr_line' id='line_1_62' title="bbox 57 2750 838 2797; baseline -0.008 -11"><span class='ocrx_word' id='word_1_404' title='bbox 57 2762 168 2797; x_wconf 51' lang='lat' dir='ltr'><strong>gistum</strong></span> <span class='ocrx_word' id='word_1_405' title='bbox 190 2753 255 2785; x_wconf 89' lang='lat' dir='ltr'><strong>od.</strong></span> <span class='ocrx_word' id='word_1_406' title='bbox 277 2751 301 2789; x_wconf 88' lang='lat' dir='ltr'><strong>i,</strong></span> <span class='ocrx_word' id='word_1_407' title='bbox 324 2752 378 2788; x_wconf 89' lang='lat'><strong>18,</strong></span> <span class='ocrx_word' id='word_1_408' title='bbox 403 2752 454 2783; x_wconf 88' lang='lat'><strong>13.</strong></span> <span class='ocrx_word' id='word_1_409' title='bbox 500 2752 533 2786; x_wconf 89' lang='lat'><strong>2,</strong></span> <span class='ocrx_word' id='word_1_410' title='bbox 553 2760 674 2790; x_wconf 82' lang='lat' dir='ltr'><strong>prope:</strong></span> <span class='ocrx_word' id='word_1_411' title='bbox 699 2750 838 2782; x_wconf 89' lang='lat' dir='ltr'><strong>Venusi-</strong></span> 
     </span>
     <span class='ocr_line' id='line_1_63' title="bbox 59 2835 839 2876; baseline -0.008 -4"><span class='ocrx_word' id='word_1_412' title='bbox 59 2859 62 2862; x_wconf 98' lang='lat'>-</span> <span class='ocrx_word' id='word_1_413' title='bbox 83 2837 123 2876; x_wconf 66' lang='grc' dir='ltr'><strong>ἰὶ.</strong></span> <span class='ocrx_word' id='word_1_414' title='bbox 142 2840 173 2876; x_wconf 86' lang='lat'><strong>1,</strong></span> <span class='ocrx_word' id='word_1_415' title='bbox 189 2839 246 2871; x_wconf 83' lang='lat'><strong>35.</strong></span> <span class='ocrx_word' id='word_1_416' title='bbox 290 2837 392 2870; x_wconf 89' lang='lat' dir='ltr'><strong>amnis</strong></span> <span class='ocrx_word' id='word_1_417' title='bbox 413 2837 494 2868; x_wconf 90' lang='lat' dir='ltr'><strong>ostia</strong></span> <span class='ocrx_word' id='word_1_418' title='bbox 514 2837 573 2867; x_wconf 91' lang='lat' dir='ltr'><strong>sub</strong></span> <span class='ocrx_word' id='word_1_419' title='bbox 597 2835 694 2866; x_wconf 84' lang='lat' dir='ltr'><strong>Tusci</strong></span> <span class='ocrx_word' id='word_1_420' title='bbox 719 2837 786 2867; x_wconf 87' lang='lat' dir='ltr'><strong>Sat.</strong></span> <span class='ocrx_word' id='word_1_421' title='bbox 804 2836 839 2873; x_wconf 90' lang='lat' dir='ltr'><strong>ii,</strong></span> 
     </span>
    </p>
   </div>
   <div class='ocr_carea' id='block_1_31' title="bbox 64 2922 839 2964">
    <p class='ocr_par' dir='ltr' id='par_1_34' title="bbox 64 2922 839 2964">
     <span class='ocr_line' id='line_1_64' title="bbox 64 2922 839 2964; baseline -0.005 -7"><span class='ocrx_word' id='word_1_422' title='bbox 64 2922 122 2964; x_wconf 59' lang='grc'><strong>’9,</strong></span> <span class='ocrx_word' id='word_1_423' title='bbox 137 2925 199 2963; x_wconf 78' lang='lat'><strong>193</strong></span> <span class='ocrx_word' id='word_1_424' title='bbox 221 2925 290 2956; x_wconf 84' lang='lat' dir='ltr'><strong>Sat.</strong></span> <span class='ocrx_word' id='word_1_425' title='bbox 305 2923 341 2960; x_wconf 88' lang='lat' dir='ltr'><strong>ii,</strong></span> <span class='ocrx_word' id='word_1_426' title='bbox 362 2925 392 2959; x_wconf 94' lang='lat'><strong>1,</strong></span> <span class='ocrx_word' id='word_1_427' title='bbox 409 2924 452 2962; x_wconf 79' lang='lat'><strong>93</strong></span> <span class='ocrx_word' id='word_1_428' title='bbox 477 2923 547 2954; x_wconf 85' lang='lat' dir='ltr'><strong>Sat.</strong></span> <span class='ocrx_word' id='word_1_429' title='bbox 564 2922 599 2958; x_wconf 87' lang='lat' dir='ltr'><strong>ii,</strong></span> <span class='ocrx_word' id='word_1_430' title='bbox 616 2923 647 2958; x_wconf 92' lang='grc'><strong>7,</strong></span> <span class='ocrx_word' id='word_1_431' title='bbox 666 2922 728 2953; x_wconf 89' lang='grc'><strong>109</strong></span> <span class='ocrx_word' id='word_1_432' title='bbox 745 2933 754 2961; x_wconf 88' lang='lat'>;</span> <span class='ocrx_word' id='word_1_433' title='bbox 777 2922 839 2964; x_wconf 88' lang='lat' dir='ltr'><strong>Ep.</strong></span> 
     </span>
    </p>
   </div>
   <div class='ocr_carea' id='block_1_32' title="bbox 63 2792 840 2838">
    <p class='ocr_par' dir='ltr' id='par_1_35' title="bbox 63 2792 840 2838">
     <span class='ocr_line' id='line_1_65' title="bbox 63 2792 840 2838; baseline -0.005 -9"><span class='ocrx_word' id='word_1_434' title='bbox 63 2805 148 2838; x_wconf 60' lang='lat' dir='ltr'><strong>¹‘ems</strong></span> <span class='ocrx_word' id='word_1_435' title='bbox 161 2801 230 2828; x_wconf 79' lang='lat' dir='ltr'><strong>arnt</strong></span> <span class='ocrx_word' id='word_1_436' title='bbox 242 2795 336 2827; x_wconf 87' lang='lat' dir='ltr'><strong>finem</strong></span> <span class='ocrx_word' id='word_1_437' title='bbox 353 2795 414 2826; x_wconf 89' lang='lat' dir='ltr'><strong>sub</strong></span> <span class='ocrx_word' id='word_1_438' title='bbox 429 2799 535 2825; x_wconf 85' lang='lat' dir='ltr'><strong>utrum</strong></span> <span class='ocrx_word' id='word_1_439' title='bbox 547 2803 609 2835; x_wconf 89' lang='lat' dir='ltr'><strong>que</strong></span> <span class='ocrx_word' id='word_1_440' title='bbox 624 2792 756 2824; x_wconf 88' lang='lat' dir='ltr'><strong>colonus</strong></span> <span class='ocrx_word' id='word_1_441' title='bbox 772 2793 840 2825; x_wconf 88' lang='lat' dir='ltr'><strong>Sat.</strong></span> 
     </span>
    </p>
   </div>
   <div class='ocr_carea' id='block_1_33' title="bbox 61 2878 841 2921">
    <p class='ocr_par' dir='ltr' id='par_1_36' title="bbox 61 2878 841 2921">
     <span class='ocr_line' id='line_1_66' title="bbox 61 2878 841 2921; baseline -0.008 -6"><span class='ocrx_word' id='word_1_442' title='bbox 61 2890 65 2902; x_wconf 90' lang='grc'><strong>’·</strong></span> <span class='ocrx_word' id='word_1_443' title='bbox 82 2881 122 2919; x_wconf 67' lang='grc'><strong>-2,</strong></span> <span class='ocrx_word' id='word_1_444' title='bbox 137 2883 192 2914; x_wconf 81' lang='grc'><strong>33.</strong></span> <span class='ocrx_word' id='word_1_445' title='bbox 235 2883 269 2918; x_wconf 90' lang='grc'><strong>3,</strong></span> <span class='ocrx_word' id='word_1_446' title='bbox 285 2882 323 2912; x_wconf 76' lang='lat' dir='ltr'><strong>de</strong></span> <span class='ocrx_word' id='word_1_447' title='bbox 339 2886 488 2921; x_wconf 80' lang='lat' dir='ltr'><strong>tempore:</strong></span> <span class='ocrx_word' id='word_1_448' title='bbox 513 2880 572 2910; x_wconf 88' lang='lat' dir='ltr'><strong>sub</strong></span> <span class='ocrx_word' id='word_1_449' title='bbox 596 2883 723 2910; x_wconf 82' lang='lat' dir='ltr'><strong>noctem</strong></span> <span class='ocrx_word' id='word_1_450' title='bbox 740 2879 804 2910; x_wconf 88' lang='lat' dir='ltr'><strong>Od.</strong></span> <span class='ocrx_word' id='word_1_451' title='bbox 819 2878 841 2915; x_wconf 90' lang='lat' dir='ltr'><strong>i,</strong></span> 
     </span>
    </p>
   </div>
   <div class='ocr_carea' id='block_1_34' title="bbox 1531 209 1615 250">
    <p class='ocr_par' dir='ltr' id='par_1_37' title="bbox 1531 209 1615 250">
     <span class='ocr_line' id='line_1_67' title="bbox 1531 209 1615 250; baseline 0 0"><span class='ocrx_word' id='word_1_452' title='bbox 1531 209 1615 250; x_wconf 83' lang='lat'><strong>789</strong></span> 
     </span>
    </p>
   </div>
   <div class='ocr_carea' id='block_1_35' title="bbox 857 310 1626 2702">
    <p class='ocr_par' dir='ltr' id='par_1_38' title="bbox 857 310 1621 2360">
     <span class='ocr_line' id='line_1_68' title="bbox 860 310 1605 366; baseline -0.001 -23"><span class='ocrx_word' id='word_1_453' title='bbox 860 312 1016 361; x_wconf 43' lang='lat' dir='ltr'><strong>temporis·</strong></span> <span class='ocrx_word' id='word_1_454' title='bbox 1025 312 1133 343; x_wconf 88' lang='lat' dir='ltr'><strong>horam</strong></span> <span class='ocrx_word' id='word_1_455' title='bbox 1150 312 1212 361; x_wconf 79' lang='lat' dir='ltr'><strong>Ep.</strong></span> <span class='ocrx_word' id='word_1_456' title='bbox 1227 311 1267 343; x_wconf 86' lang='lat' dir='ltr'><strong>ad</strong></span> <span class='ocrx_word' id='word_1_457' title='bbox 1285 311 1352 343; x_wconf 87' lang='lat' dir='ltr'><strong>Pis.</strong></span> <span class='ocrx_word' id='word_1_458' title='bbox 1367 311 1444 366; x_wconf 70' lang='lat'><strong>302.</strong></span> <span class='ocrx_word' id='word_1_459' title='bbox 1476 311 1538 359; x_wconf 74' lang='lat' dir='ltr'><strong>sub</strong></span> <span class='ocrx_word' id='word_1_460' title='bbox 1554 310 1605 342; x_wconf 90' lang='lat' dir='ltr'><strong>lu·</strong></span> 
     </span>
     <span class='ocr_line' id='line_1_69' title="bbox 859 354 1605 438; baseline 0.005 -11"><span class='ocrx_word' id='word_1_461' title='bbox 859 354 1605 438; x_wconf 49' lang='lat' dir='ltr'><strong>3331?ssssssssssssss{Jeeffi‘niasv‘ffl‘biffiss</strong></span> 
     </span>
     <span class='ocr_line' id='line_1_70' title="bbox 859 439 1606 481; baseline 0 -12"><span class='ocrx_word' id='word_1_462' title='bbox 859 440 914 475; x_wconf 87' lang='lat'><strong>25.</strong></span> <span class='ocrx_word' id='word_1_463' title='bbox 940 441 991 471; x_wconf 92' lang='lat' dir='ltr'><strong>ll.</strong></span> <span class='ocrx_word' id='word_1_464' title='bbox 1038 441 1098 471; x_wconf 89' lang='lat' dir='ltr'><strong>sub</strong></span> <span class='ocrx_word' id='word_1_465' title='bbox 1121 440 1198 481; x_wconf 86' lang='lat' dir='ltr'><strong>galli</strong></span> <span class='ocrx_word' id='word_1_466' title='bbox 1217 446 1345 471; x_wconf 88' lang='lat' dir='ltr'><strong>cantum</strong></span> <span class='ocrx_word' id='word_1_467' title='bbox 1368 441 1434 470; x_wconf 88' lang='lat' dir='ltr'><strong>Sat.</strong></span> <span class='ocrx_word' id='word_1_468' title='bbox 1453 439 1477 475; x_wconf 84' lang='lat' dir='ltr'><strong>i,</strong></span> <span class='ocrx_word' id='word_1_469' title='bbox 1499 440 1529 473; x_wconf 88' lang='grc'><strong>1,</strong></span> <span class='ocrx_word' id='word_1_470' title='bbox 1554 440 1606 470; x_wconf 92' lang='grc'><strong>10.</strong></span> 
     </span>
     <span class='ocr_line' id='line_1_71' title="bbox 858 481 1604 526; baseline 0.001 -15"><span class='ocrx_word' id='word_1_471' title='bbox 858 482 919 512; x_wconf 90' lang='lat' dir='ltr'><strong>sub</strong></span> <span class='ocrx_word' id='word_1_472' title='bbox 941 482 1111 514; x_wconf 87' lang='lat' dir='ltr'><strong>adventum</strong></span> <span class='ocrx_word' id='word_1_473' title='bbox 1134 483 1192 514; x_wconf 84' lang='lat' dir='ltr'><strong>viri</strong></span> <span class='ocrx_word' id='word_1_474' title='bbox 1212 483 1316 526; x_wconf 88' lang='lat' dir='ltr'><strong>Epod.</strong></span> <span class='ocrx_word' id='word_1_475' title='bbox 1332 484 1365 518; x_wconf 87' lang='lat'><strong>2,</strong></span> <span class='ocrx_word' id='word_1_476' title='bbox 1383 484 1435 513; x_wconf 85' lang='lat'><strong>44.</strong></span> <span class='ocrx_word' id='word_1_477' title='bbox 1479 483 1539 513; x_wconf 89' lang='lat' dir='ltr'><strong>sub</strong></span> <span class='ocrx_word' id='word_1_478' title='bbox 1556 481 1604 523; x_wconf 88' lang='lat' dir='ltr'><strong>ip-</strong></span> 
     </span>
     <span class='ocr_line' id='line_1_72' title="bbox 857 523 1606 562; baseline 0 -8"><span class='ocrx_word' id='word_1_479' title='bbox 857 534 927 555; x_wconf 88' lang='lat' dir='ltr'><strong>sum</strong></span> <span class='ocrx_word' id='word_1_480' title='bbox 957 525 1052 556; x_wconf 87' lang='lat' dir='ltr'><strong>funus</strong></span> <span class='ocrx_word' id='word_1_481' title='bbox 1078 526 1143 556; x_wconf 91' lang='lat' dir='ltr'><strong>Od.</strong></span> <span class='ocrx_word' id='word_1_482' title='bbox 1170 525 1205 561; x_wconf 91' lang='lat' dir='ltr'><strong>ii,</strong></span> <span class='ocrx_word' id='word_1_483' title='bbox 1240 527 1289 562; x_wconf 85' lang='lat'><strong>18,</strong></span> <span class='ocrx_word' id='word_1_484' title='bbox 1322 527 1373 556; x_wconf 88' lang='grc'><strong>18.</strong></span> <span class='ocrx_word' id='word_1_485' title='bbox 1423 525 1483 555; x_wconf 91' lang='lat' dir='ltr'><strong>sub</strong></span> <span class='ocrx_word' id='word_1_486' title='bbox 1511 523 1606 555; x_wconf 86' lang='lat' dir='ltr'><strong>lacri-</strong></span> 
     </span>
     <span class='ocr_line' id='line_1_73' title="bbox 858 566 1604 610; baseline 0 -13"><span class='ocrx_word' id='word_1_487' title='bbox 858 577 946 598; x_wconf 89' lang='lat' dir='ltr'><strong>mosa</strong></span> <span class='ocrx_word' id='word_1_488' title='bbox 961 568 1064 610; x_wconf 83' lang='lat' dir='ltr'><strong>Trojae</strong></span> <span class='ocrx_word' id='word_1_489' title='bbox 1080 567 1192 600; x_wconf 86' lang='lat' dir='ltr'><strong>funera</strong></span> <span class='ocrx_word' id='word_1_490' title='bbox 1208 569 1271 600; x_wconf 92' lang='lat' dir='ltr'><strong>Od.</strong></span> <span class='ocrx_word' id='word_1_491' title='bbox 1286 568 1308 601; x_wconf 83' lang='lat' dir='ltr'><strong>i,</strong></span> <span class='ocrx_word' id='word_1_492' title='bbox 1328 570 1359 607; x_wconf 90' lang='lat'><strong>8,</strong></span> <span class='ocrx_word' id='word_1_493' title='bbox 1377 569 1425 598; x_wconf 93' lang='lat'><strong>14.</strong></span> <span class='ocrx_word' id='word_1_494' title='bbox 1467 567 1526 598; x_wconf 85' lang='lat' dir='ltr'><strong>sub</strong></span> <span class='ocrx_word' id='word_1_495' title='bbox 1544 566 1604 598; x_wconf 86' lang='lat' dir='ltr'><strong>hoc</strong></span> 
     </span>
     <span class='ocr_line' id='line_1_74' title="bbox 858 609 1607 653; baseline 0 -13"><span class='ocrx_word' id='word_1_496' title='bbox 858 609 951 641; x_wconf 90' lang='lat' dir='ltr'><strong>herus</strong></span> <span class='ocrx_word' id='word_1_497' title='bbox 965 609 1069 653; x_wconf 89' lang='lat' dir='ltr'><strong>inquit</strong></span> <span class='ocrx_word' id='word_1_498' title='bbox 1084 612 1152 642; x_wconf 90' lang='lat' dir='ltr'><strong>Sat.</strong></span> <span class='ocrx_word' id='word_1_499' title='bbox 1169 610 1203 646; x_wconf 89' lang='lat' dir='ltr'><strong>ii,</strong></span> <span class='ocrx_word' id='word_1_500' title='bbox 1223 612 1254 647; x_wconf 88' lang='grc'><strong>8,</strong></span> <span class='ocrx_word' id='word_1_501' title='bbox 1273 612 1325 642; x_wconf 88' lang='grc'><strong>43.</strong></span> <span class='ocrx_word' id='word_1_502' title='bbox 1369 610 1428 641; x_wconf 86' lang='lat' dir='ltr'><strong>sub</strong></span> <span class='ocrx_word' id='word_1_503' title='bbox 1443 609 1512 641; x_wconf 86' lang='lat' dir='ltr'><strong>haec</strong></span> <span class='ocrx_word' id='word_1_504' title='bbox 1529 619 1607 652; x_wconf 87' lang='lat' dir='ltr'><strong>puer</strong></span> 
     </span>
     <span class='ocr_line' id='line_1_75' title="bbox 858 652 1608 695; baseline 0.001 -13"><span class='ocrx_word' id='word_1_505' title='bbox 858 653 1009 684; x_wconf 88' lang='lat' dir='ltr'><strong>mollibus</strong></span> <span class='ocrx_word' id='word_1_506' title='bbox 1037 652 1136 685; x_wconf 88' lang='lat' dir='ltr'><strong>lenire</strong></span> <span class='ocrx_word' id='word_1_507' title='bbox 1160 653 1262 685; x_wconf 90' lang='lat' dir='ltr'><strong>verbis</strong></span> <span class='ocrx_word' id='word_1_508' title='bbox 1287 653 1547 695; x_wconf 84' lang='lat' dir='ltr'><strong>impias—Epod.</strong></span> <span class='ocrx_word' id='word_1_509' title='bbox 1575 653 1608 688; x_wconf 88' lang='lat'><strong>5,</strong></span> 
     </span>
     <span class='ocr_line' id='line_1_76' title="bbox 858 695 1608 737; baseline -0.001 -11"><span class='ocrx_word' id='word_1_510' title='bbox 858 696 913 727; x_wconf 89' lang='lat'><strong>83.</strong></span> <span class='ocrx_word' id='word_1_511' title='bbox 959 697 1007 732; x_wconf 90' lang='grc' dir='ltr'><strong>ΙΙ,</strong></span> <span class='ocrx_word' id='word_1_512' title='bbox 1025 707 1052 728; x_wconf 80' lang='grc' dir='ltr'><strong>ο.</strong></span> <span class='ocrx_word' id='word_1_513' title='bbox 1075 698 1190 727; x_wconf 81' lang='lat' dir='ltr'><strong>ablat..·</strong></span> <span class='ocrx_word' id='word_1_514' title='bbox 1219 697 1248 731; x_wconf 95' lang='lat'><strong>1,</strong></span> <span class='ocrx_word' id='word_1_515' title='bbox 1270 695 1424 737; x_wconf 88' lang='lat' dir='ltr'><strong>quicquid</strong></span> <span class='ocrx_word' id='word_1_516' title='bbox 1442 695 1502 725; x_wconf 87' lang='lat' dir='ltr'><strong>sub</strong></span> <span class='ocrx_word' id='word_1_517' title='bbox 1527 700 1608 726; x_wconf 87' lang='lat' dir='ltr'><strong>terra</strong></span> 
     </span>
     <span class='ocr_line' id='line_1_77' title="bbox 859 736 1606 781; baseline -0.005 -11"><span class='ocrx_word' id='word_1_518' title='bbox 859 743 906 770; x_wconf 84' lang='lat' dir='ltr'><strong>est</strong></span> <span class='ocrx_word' id='word_1_519' title='bbox 928 739 990 781; x_wconf 91' lang='lat' dir='ltr'><strong>Ep.</strong></span> <span class='ocrx_word' id='word_1_520' title='bbox 1009 739 1031 775; x_wconf 91' lang='lat' dir='ltr'><strong>i,</strong></span> <span class='ocrx_word' id='word_1_521' title='bbox 1054 740 1085 775; x_wconf 87' lang='lat'><strong>6,</strong></span> <span class='ocrx_word' id='word_1_522' title='bbox 1102 740 1159 771; x_wconf 84' lang='lat'><strong>24.</strong></span> <span class='ocrx_word' id='word_1_523' title='bbox 1203 739 1263 770; x_wconf 91' lang='lat' dir='ltr'><strong>sub</strong></span> <span class='ocrx_word' id='word_1_524' title='bbox 1284 740 1369 770; x_wconf 91' lang='lat' dir='ltr'><strong>Orco</strong></span> <span class='ocrx_word' id='word_1_525' title='bbox 1394 737 1458 769; x_wconf 92' lang='lat' dir='ltr'><strong>Od.</strong></span> <span class='ocrx_word' id='word_1_526' title='bbox 1480 736 1527 774; x_wconf 85' lang='lat' dir='ltr'><strong>iii,</strong></span> <span class='ocrx_word' id='word_1_527' title='bbox 1554 738 1606 774; x_wconf 87' lang='lat'><strong>11,</strong></span> 
     </span>
     <span class='ocr_line' id='line_1_78' title="bbox 859 780 1609 824; baseline -0.003 -12"><span class='ocrx_word' id='word_1_528' title='bbox 859 782 913 812; x_wconf 87' lang='grc'><strong>29.</strong></span> <span class='ocrx_word' id='word_1_529' title='bbox 967 782 1026 813; x_wconf 87' lang='lat' dir='ltr'><strong>sub</strong></span> <span class='ocrx_word' id='word_1_530' title='bbox 1057 791 1194 824; x_wconf 85' lang='lat' dir='ltr'><strong>paupere</strong></span> <span class='ocrx_word' id='word_1_531' title='bbox 1224 786 1308 813; x_wconf 87' lang='lat' dir='ltr'><strong>tecto</strong></span> <span class='ocrx_word' id='word_1_532' title='bbox 1335 782 1398 824; x_wconf 89' lang='lat' dir='ltr'><strong>Ep.</strong></span> <span class='ocrx_word' id='word_1_533' title='bbox 1423 781 1444 817; x_wconf 88' lang='lat' dir='ltr'><strong>i,</strong></span> <span class='ocrx_word' id='word_1_534' title='bbox 1472 781 1524 816; x_wconf 89' lang='lat'><strong>10,</strong></span> <span class='ocrx_word' id='word_1_535' title='bbox 1555 780 1609 811; x_wconf 88' lang='lat'><strong>32.</strong></span> 
     </span>
     <span class='ocr_line' id='line_1_79' title="bbox 860 822 1610 867; baseline -0.005 -11"><span class='ocrx_word' id='word_1_536' title='bbox 860 834 957 865; x_wconf 86' lang='lat' dir='ltr'><strong>parvo</strong></span> <span class='ocrx_word' id='word_1_537' title='bbox 980 825 1040 856; x_wconf 90' lang='lat' dir='ltr'><strong>sub</strong></span> <span class='ocrx_word' id='word_1_538' title='bbox 1064 825 1129 856; x_wconf 90' lang='lat' dir='ltr'><strong>lare</strong></span> <span class='ocrx_word' id='word_1_539' title='bbox 1153 835 1328 867; x_wconf 85' lang='lat' dir='ltr'><strong>pauperum</strong></span> <span class='ocrx_word' id='word_1_540' title='bbox 1351 834 1455 856; x_wconf 85' lang='lat' dir='ltr'><strong>coenae</strong></span> <span class='ocrx_word' id='word_1_541' title='bbox 1475 822 1541 854; x_wconf 93' lang='lat' dir='ltr'><strong>Od.</strong></span> <span class='ocrx_word' id='word_1_542' title='bbox 1562 822 1610 859; x_wconf 89' lang='lat' dir='ltr'><strong>iii,</strong></span> 
     </span>
     <span class='ocr_line' id='line_1_80' title="bbox 860 865 1610 903; baseline -0.001 -6"><span class='ocrx_word' id='word_1_543' title='bbox 860 867 915 903; x_wconf 89' lang='lat'><strong>29,</strong></span> <span class='ocrx_word' id='word_1_544' title='bbox 934 869 985 899; x_wconf 88' lang='grc'><strong>14.</strong></span> <span class='ocrx_word' id='word_1_545' title='bbox 1030 868 1090 899; x_wconf 89' lang='lat' dir='ltr'><strong>sub</strong></span> <span class='ocrx_word' id='word_1_546' title='bbox 1103 868 1203 899; x_wconf 78' lang='lat' dir='ltr'><strong>isdem</strong></span> <span class='ocrx_word' id='word_1_547' title='bbox 1217 869 1259 898; x_wconf 88' lang='lat' dir='ltr'><strong>sit</strong></span> <span class='ocrx_word' id='word_1_548' title='bbox 1274 867 1416 898; x_wconf 87' lang='lat' dir='ltr'><strong>trabibus</strong></span> <span class='ocrx_word' id='word_1_549' title='bbox 1432 867 1497 898; x_wconf 92' lang='lat' dir='ltr'><strong>Od.</strong></span> <span class='ocrx_word' id='word_1_550' title='bbox 1510 865 1557 901; x_wconf 82' lang='lat' dir='ltr'><strong>iii,</strong></span> <span class='ocrx_word' id='word_1_551' title='bbox 1575 866 1610 902; x_wconf 85' lang='lat'><strong>2,</strong></span> 
     </span>
     <span class='ocr_line' id='line_1_81' title="bbox 860 909 1610 952; baseline -0.001 -12"><span class='ocrx_word' id='word_1_552' title='bbox 860 910 917 941; x_wconf 88' lang='lat'><strong>27.</strong></span> <span class='ocrx_word' id='word_1_553' title='bbox 961 911 1021 941; x_wconf 88' lang='lat' dir='ltr'><strong>sub</strong></span> <span class='ocrx_word' id='word_1_554' title='bbox 1050 911 1112 942; x_wconf 78' lang='lat' dir='ltr'><strong>alta</strong></span> <span class='ocrx_word' id='word_1_555' title='bbox 1138 911 1232 942; x_wconf 88' lang='lat' dir='ltr'><strong>domo</strong></span> <span class='ocrx_word' id='word_1_556' title='bbox 1257 910 1364 941; x_wconf 88' lang='lat' dir='ltr'><strong>bibam</strong></span> <span class='ocrx_word' id='word_1_557' title='bbox 1392 909 1495 952; x_wconf 89' lang='lat' dir='ltr'><strong>Epod.</strong></span> <span class='ocrx_word' id='word_1_558' title='bbox 1517 910 1550 944; x_wconf 90' lang='lat'><strong>9,</strong></span> <span class='ocrx_word' id='word_1_559' title='bbox 1576 909 1610 940; x_wconf 90' lang='lat'><strong>3.</strong></span> 
     </span>
     <span class='ocr_line' id='line_1_82' title="bbox 861 950 1609 993; baseline -0.003 -10"><span class='ocrx_word' id='word_1_560' title='bbox 861 958 950 993; x_wconf 85' lang='lat' dir='ltr'><strong>grato</strong></span> <span class='ocrx_word' id='word_1_561' title='bbox 965 953 1024 984; x_wconf 89' lang='lat' dir='ltr'><strong>sub</strong></span> <span class='ocrx_word' id='word_1_562' title='bbox 1040 959 1131 985; x_wconf 88' lang='lat' dir='ltr'><strong>antro</strong></span> <span class='ocrx_word' id='word_1_563' title='bbox 1148 953 1211 985; x_wconf 89' lang='lat' dir='ltr'><strong>Od.</strong></span> <span class='ocrx_word' id='word_1_564' title='bbox 1227 953 1249 990; x_wconf 88' lang='lat' dir='ltr'><strong>i,</strong></span> <span class='ocrx_word' id='word_1_565' title='bbox 1266 955 1298 988; x_wconf 90' lang='lat'><strong>5,</strong></span> <span class='ocrx_word' id='word_1_566' title='bbox 1317 954 1350 984; x_wconf 87' lang='lat'><strong>3.</strong></span> <span class='ocrx_word' id='word_1_567' title='bbox 1395 952 1530 983; x_wconf 84' lang='lat' dir='ltr'><strong>Dionaeo</strong></span> <span class='ocrx_word' id='word_1_568' title='bbox 1549 950 1609 982; x_wconf 88' lang='lat' dir='ltr'><strong>sub</strong></span> 
     </span>
     <span class='ocr_line' id='line_1_83' title="bbox 861 994 1609 1036; baseline -0.003 -10"><span class='ocrx_word' id='word_1_569' title='bbox 861 1001 952 1027; x_wconf 88' lang='lat' dir='ltr'><strong>antro</strong></span> <span class='ocrx_word' id='word_1_570' title='bbox 969 996 1032 1027; x_wconf 92' lang='lat' dir='ltr'><strong>Od.</strong></span> <span class='ocrx_word' id='word_1_571' title='bbox 1048 996 1083 1032; x_wconf 90' lang='lat' dir='ltr'><strong>ii,</strong></span> <span class='ocrx_word' id='word_1_572' title='bbox 1105 998 1131 1034; x_wconf 92' lang='lat' dir='ltr'><strong>l,</strong></span> <span class='ocrx_word' id='word_1_573' title='bbox 1147 998 1200 1028; x_wconf 92' lang='lat'><strong>39.</strong></span> <span class='ocrx_word' id='word_1_574' title='bbox 1243 996 1304 1027; x_wconf 90' lang='lat' dir='ltr'><strong>sub</strong></span> <span class='ocrx_word' id='word_1_575' title='bbox 1324 996 1390 1026; x_wconf 86' lang='lat' dir='ltr'><strong>alta</strong></span> <span class='ocrx_word' id='word_1_576' title='bbox 1407 995 1458 1026; x_wconf 91' lang='lat' dir='ltr'><strong>vel</strong></span> <span class='ocrx_word' id='word_1_577' title='bbox 1480 994 1609 1036; x_wconf 85' lang='lat' dir='ltr'><strong>platano</strong></span> 
     </span>
     <span class='ocr_line' id='line_1_84' title="bbox 862 1036 1610 1081; baseline -0.003 -12"><span class='ocrx_word' id='word_1_578' title='bbox 862 1039 912 1070; x_wconf 88' lang='lat' dir='ltr'><strong>vel</strong></span> <span class='ocrx_word' id='word_1_579' title='bbox 929 1038 989 1070; x_wconf 89' lang='lat' dir='ltr'><strong>hac</strong></span> <span class='ocrx_word' id='word_1_580' title='bbox 1006 1039 1083 1081; x_wconf 91' lang='lat' dir='ltr'><strong>pinu</strong></span> <span class='ocrx_word' id='word_1_581' title='bbox 1096 1039 1238 1081; x_wconf 85' lang='lat' dir='ltr'><strong>jacentes</strong></span> <span class='ocrx_word' id='word_1_582' title='bbox 1255 1039 1318 1070; x_wconf 92' lang='lat' dir='ltr'><strong>Od.</strong></span> <span class='ocrx_word' id='word_1_583' title='bbox 1334 1038 1368 1076; x_wconf 89' lang='lat' dir='ltr'><strong>ii,</strong></span> <span class='ocrx_word' id='word_1_584' title='bbox 1387 1039 1438 1073; x_wconf 91' lang='grc'><strong>11,</strong></span> <span class='ocrx_word' id='word_1_585' title='bbox 1459 1039 1511 1068; x_wconf 91' lang='grc'><strong>13.</strong></span> <span class='ocrx_word' id='word_1_586' title='bbox 1549 1036 1610 1067; x_wconf 88' lang='lat' dir='ltr'><strong>sub</strong></span> 
     </span>
     <span class='ocr_line' id='line_1_85' title="bbox 863 1079 1611 1124; baseline -0.001 -13"><span class='ocrx_word' id='word_1_587' title='bbox 863 1081 996 1123; x_wconf 84' lang='lat' dir='ltr'><strong>antiqua</strong></span> <span class='ocrx_word' id='word_1_588' title='bbox 1022 1081 1096 1114; x_wconf 88' lang='lat' dir='ltr'><strong>ilice</strong></span> <span class='ocrx_word' id='word_1_589' title='bbox 1119 1082 1223 1124; x_wconf 88' lang='lat' dir='ltr'><strong>Epod.</strong></span> <span class='ocrx_word' id='word_1_590' title='bbox 1241 1083 1274 1118; x_wconf 89' lang='lat'><strong>2,</strong></span> <span class='ocrx_word' id='word_1_591' title='bbox 1290 1082 1345 1113; x_wconf 88' lang='lat'><strong>23.</strong></span> <span class='ocrx_word' id='word_1_592' title='bbox 1388 1080 1529 1112; x_wconf 88' lang='lat' dir='ltr'><strong>membra</strong></span> <span class='ocrx_word' id='word_1_593' title='bbox 1551 1079 1611 1110; x_wconf 90' lang='lat' dir='ltr'><strong>sub</strong></span> 
     </span>
     <span class='ocr_line' id='line_1_86' title="bbox 864 1121 1613 1166; baseline -0.001 -12"><span class='ocrx_word' id='word_1_594' title='bbox 864 1124 976 1155; x_wconf 84' lang='lat' dir='ltr'><strong>arbuto</strong></span> <span class='ocrx_word' id='word_1_595' title='bbox 990 1130 1103 1155; x_wconf 81' lang='lat' dir='ltr'><strong>stratus</strong></span> <span class='ocrx_word' id='word_1_596' title='bbox 1118 1125 1182 1156; x_wconf 92' lang='lat' dir='ltr'><strong>Od.</strong></span> <span class='ocrx_word' id='word_1_597' title='bbox 1196 1124 1218 1161; x_wconf 88' lang='lat' dir='ltr'><strong>i,</strong></span> <span class='ocrx_word' id='word_1_598' title='bbox 1238 1126 1267 1162; x_wconf 90' lang='lat'><strong>1,</strong></span> <span class='ocrx_word' id='word_1_599' title='bbox 1282 1125 1338 1155; x_wconf 88' lang='lat'><strong>21.</strong></span> <span class='ocrx_word' id='word_1_600' title='bbox 1373 1123 1489 1166; x_wconf 84' lang='lat' dir='ltr'><strong>pocula</strong></span> <span class='ocrx_word' id='word_1_601' title='bbox 1506 1121 1613 1154; x_wconf 84' lang='lat' dir='ltr'><strong>Lesbii</strong></span> 
     </span>
     <span class='ocr_line' id='line_1_87' title="bbox 864 1165 1612 1203; baseline -0.001 -6"><span class='ocrx_word' id='word_1_602' title='bbox 864 1165 961 1198; x_wconf 90' lang='lat' dir='ltr'><strong>duces</strong></span> <span class='ocrx_word' id='word_1_603' title='bbox 975 1167 1035 1198; x_wconf 88' lang='lat' dir='ltr'><strong>sub</strong></span> <span class='ocrx_word' id='word_1_604' title='bbox 1051 1168 1160 1199; x_wconf 87' lang='lat' dir='ltr'><strong>umbra</strong></span> <span class='ocrx_word' id='word_1_605' title='bbox 1177 1167 1240 1198; x_wconf 92' lang='lat' dir='ltr'><strong>Od.</strong></span> <span class='ocrx_word' id='word_1_606' title='bbox 1255 1167 1277 1203; x_wconf 90' lang='lat' dir='ltr'><strong>i,</strong></span> <span class='ocrx_word' id='word_1_607' title='bbox 1298 1168 1346 1202; x_wconf 88' lang='grc'><strong>17,</strong></span> <span class='ocrx_word' id='word_1_608' title='bbox 1363 1167 1418 1197; x_wconf 88' lang='grc'><strong>22.</strong></span> <span class='ocrx_word' id='word_1_609' title='bbox 1462 1166 1522 1197; x_wconf 87' lang='lat' dir='ltr'><strong>sub</strong></span> <span class='ocrx_word' id='word_1_610' title='bbox 1540 1176 1612 1196; x_wconf 89' lang='lat' dir='ltr'><strong>um-</strong></span> 
     </span>
     <span class='ocr_line' id='line_1_88' title="bbox 864 1209 1613 1246; baseline -0.001 -6"><span class='ocrx_word' id='word_1_611' title='bbox 864 1209 922 1240; x_wconf 92' lang='lat' dir='ltr'><strong>bra</strong></span> <span class='ocrx_word' id='word_1_612' title='bbox 936 1210 1066 1241; x_wconf 89' lang='lat' dir='ltr'><strong>lusimus</strong></span> <span class='ocrx_word' id='word_1_613' title='bbox 1080 1215 1182 1241; x_wconf 81' lang='lat' dir='ltr'><strong>tecum</strong></span> <span class='ocrx_word' id='word_1_614' title='bbox 1198 1209 1261 1241; x_wconf 93' lang='lat' dir='ltr'><strong>Od.</strong></span> <span class='ocrx_word' id='word_1_615' title='bbox 1272 1210 1294 1246; x_wconf 91' lang='lat' dir='ltr'><strong>i,</strong></span> <span class='ocrx_word' id='word_1_616' title='bbox 1309 1211 1363 1246; x_wconf 89' lang='lat'><strong>32,</strong></span> <span class='ocrx_word' id='word_1_617' title='bbox 1379 1211 1406 1240; x_wconf 93' lang='lat'><strong>1.</strong></span> <span class='ocrx_word' id='word_1_618' title='bbox 1451 1209 1511 1240; x_wconf 87' lang='lat' dir='ltr'><strong>sub</strong></span> <span class='ocrx_word' id='word_1_619' title='bbox 1526 1213 1613 1240; x_wconf 84' lang='lat' dir='ltr'><strong>arcta</strong></span> 
     </span>
     <span class='ocr_line' id='line_1_89' title="bbox 865 1251 1614 1290; baseline 0.001 -8"><span class='ocrx_word' id='word_1_620' title='bbox 865 1252 927 1283; x_wconf 87' lang='lat' dir='ltr'><strong>vite</strong></span> <span class='ocrx_word' id='word_1_621' title='bbox 944 1252 1055 1285; x_wconf 85' lang='lat' dir='ltr'><strong>bibens</strong></span> <span class='ocrx_word' id='word_1_622' title='bbox 1072 1253 1135 1284; x_wconf 93' lang='lat' dir='ltr'><strong>Od.</strong></span> <span class='ocrx_word' id='word_1_623' title='bbox 1152 1253 1174 1288; x_wconf 91' lang='lat' dir='ltr'><strong>i,</strong></span> <span class='ocrx_word' id='word_1_624' title='bbox 1191 1254 1245 1290; x_wconf 89' lang='lat'><strong>38,</strong></span> <span class='ocrx_word' id='word_1_625' title='bbox 1259 1253 1291 1284; x_wconf 90' lang='lat'><strong>7.</strong></span> <span class='ocrx_word' id='word_1_626' title='bbox 1336 1257 1442 1283; x_wconf 86' lang='lat' dir='ltr'><strong>manet</strong></span> <span class='ocrx_word' id='word_1_627' title='bbox 1455 1252 1514 1282; x_wconf 75' lang='lat' dir='ltr'><strong>sub</strong></span> <span class='ocrx_word' id='word_1_628' title='bbox 1530 1251 1614 1283; x_wconf 89' lang='lat' dir='ltr'><strong>Jove</strong></span> 
     </span>
     <span class='ocr_line' id='line_1_90' title="bbox 865 1293 1615 1336; baseline 0 -12"><span class='ocrx_word' id='word_1_629' title='bbox 865 1294 979 1336; x_wconf 85' lang='lat' dir='ltr'><strong>frigido</strong></span> <span class='ocrx_word' id='word_1_630' title='bbox 1009 1301 1140 1327; x_wconf 88' lang='lat' dir='ltr'><strong>venator</strong></span> <span class='ocrx_word' id='word_1_631' title='bbox 1165 1295 1228 1327; x_wconf 93' lang='lat' dir='ltr'><strong>Od.</strong></span> <span class='ocrx_word' id='word_1_632' title='bbox 1254 1295 1277 1332; x_wconf 91' lang='lat' dir='ltr'><strong>i,</strong></span> <span class='ocrx_word' id='word_1_633' title='bbox 1305 1297 1335 1332; x_wconf 95' lang='lat'><strong>1,</strong></span> <span class='ocrx_word' id='word_1_634' title='bbox 1357 1296 1410 1326; x_wconf 90' lang='lat'><strong>25.</strong></span> <span class='ocrx_word' id='word_1_635' title='bbox 1453 1294 1513 1325; x_wconf 87' lang='lat' dir='ltr'><strong>sub</strong></span> <span class='ocrx_word' id='word_1_636' title='bbox 1539 1293 1615 1325; x_wconf 90' lang='lat' dir='ltr'><strong>divo</strong></span> 
     </span>
     <span class='ocr_line' id='line_1_91' title="bbox 866 1336 1613 1377; baseline 0 -10"><span class='ocrx_word' id='word_1_637' title='bbox 866 1337 995 1368; x_wconf 89' lang='lat' dir='ltr'><strong>moreris</strong></span> <span class='ocrx_word' id='word_1_638' title='bbox 1022 1338 1086 1370; x_wconf 93' lang='lat' dir='ltr'><strong>Od.</strong></span> <span class='ocrx_word' id='word_1_639' title='bbox 1114 1338 1148 1375; x_wconf 90' lang='lat' dir='ltr'><strong>ii,</strong></span> <span class='ocrx_word' id='word_1_640' title='bbox 1171 1339 1203 1377; x_wconf 91' lang='lat'><strong>3,</strong></span> <span class='ocrx_word' id='word_1_641' title='bbox 1227 1339 1282 1369; x_wconf 89' lang='lat'><strong>23.</strong></span> <span class='ocrx_word' id='word_1_642' title='bbox 1335 1338 1432 1369; x_wconf 86' lang='lat' dir='ltr'><strong>vitam</strong></span> <span class='ocrx_word' id='word_1_643' title='bbox 1456 1338 1517 1368; x_wconf 90' lang='lat' dir='ltr'><strong>sub</strong></span> <span class='ocrx_word' id='word_1_644' title='bbox 1539 1336 1613 1368; x_wconf 89' lang='lat' dir='ltr'><strong>divo</strong></span> 
     </span>
     <span class='ocr_line' id='line_1_92' title="bbox 866 1379 1616 1421; baseline -0.001 -10"><span class='ocrx_word' id='word_1_645' title='bbox 866 1386 938 1420; x_wconf 84' lang='lat' dir='ltr'><strong>agat</strong></span> <span class='ocrx_word' id='word_1_646' title='bbox 954 1381 1018 1412; x_wconf 92' lang='lat' dir='ltr'><strong>Od.</strong></span> <span class='ocrx_word' id='word_1_647' title='bbox 1034 1381 1081 1416; x_wconf 89' lang='lat' dir='ltr'><strong>iii,</strong></span> <span class='ocrx_word' id='word_1_648' title='bbox 1098 1382 1132 1417; x_wconf 89' lang='lat'><strong>2,</strong></span> <span class='ocrx_word' id='word_1_649' title='bbox 1149 1383 1181 1412; x_wconf 89' lang='lat'><strong>5.</strong></span> <span class='ocrx_word' id='word_1_650' title='bbox 1224 1391 1275 1413; x_wconf 88' lang='lat' dir='ltr'><strong>me</strong></span> <span class='ocrx_word' id='word_1_651' title='bbox 1293 1381 1353 1412; x_wconf 89' lang='lat' dir='ltr'><strong>sub</strong></span> <span class='ocrx_word' id='word_1_652' title='bbox 1371 1380 1474 1412; x_wconf 86' lang='lat' dir='ltr'><strong>cultro</strong></span> <span class='ocrx_word' id='word_1_653' title='bbox 1497 1379 1616 1421; x_wconf 88' lang='lat' dir='ltr'><strong>linquit</strong></span> 
     </span>
     <span class='ocr_line' id='line_1_93' title="bbox 867 1422 1614 1459; baseline 0 -6"><span class='ocrx_word' id='word_1_654' title='bbox 867 1423 934 1453; x_wconf 89' lang='lat' dir='ltr'><strong>Sat.</strong></span> <span class='ocrx_word' id='word_1_655' title='bbox 950 1422 971 1459; x_wconf 89' lang='lat' dir='ltr'><strong>i,</strong></span> <span class='ocrx_word' id='word_1_656' title='bbox 987 1424 1020 1458; x_wconf 90' lang='lat'><strong>9,</strong></span> <span class='ocrx_word' id='word_1_657' title='bbox 1038 1424 1090 1454; x_wconf 89' lang='lat'><strong>74.</strong></span> <span class='ocrx_word' id='word_1_658' title='bbox 1135 1423 1268 1455; x_wconf 82' lang='lat' dir='ltr'><strong>ne&#39;forte</strong></span> <span class='ocrx_word' id='word_1_659' title='bbox 1283 1424 1343 1455; x_wconf 87' lang='lat' dir='ltr'><strong>sub</strong></span> <span class='ocrx_word' id='word_1_660' title='bbox 1359 1423 1411 1454; x_wconf 86' lang='lat' dir='ltr'><strong>ala</strong></span> <span class='ocrx_word' id='word_1_661' title='bbox 1423 1422 1614 1454; x_wconf 86' lang='lat' dir='ltr'><strong>fasciculum</strong></span> 
     </span>
     <span class='ocr_line' id='line_1_94' title="bbox 867 1463 1615 1551; baseline 0.001 -13"><span class='ocrx_word' id='word_1_662' title='bbox 867 1466 1138 1540; x_wconf 42' lang='lat'><strong>5332533023132</strong></span> <span class='ocrx_word' id='word_1_663' title='bbox 1154 1463 1615 1551; x_wconf 54' lang='lat' dir='ltr'><strong>ffi?.1¹312³,}3,;.¹3,2¹32‹&gt;&lt;3.²e3</strong></span> 
     </span>
     <span class='ocr_line' id='line_1_95' title="bbox 867 1550 1616 1593; baseline 0 -12"><span class='ocrx_word' id='word_1_664' title='bbox 867 1551 923 1586; x_wconf 85' lang='lat'><strong>22,</strong></span> <span class='ocrx_word' id='word_1_665' title='bbox 938 1552 996 1582; x_wconf 85' lang='lat'><strong>21.</strong></span> <span class='ocrx_word' id='word_1_666' title='bbox 1037 1551 1120 1582; x_wconf 86' lang='lat' dir='ltr'><strong>latus</strong></span> <span class='ocrx_word' id='word_1_667' title='bbox 1137 1552 1260 1593; x_wconf 86' lang='lat' dir='ltr'><strong>depone</strong></span> <span class='ocrx_word' id='word_1_668' title='bbox 1279 1552 1339 1583; x_wconf 89' lang='lat' dir='ltr'><strong>sub</strong></span> <span class='ocrx_word' id='word_1_669' title='bbox 1354 1552 1447 1582; x_wconf 90' lang='lat' dir='ltr'><strong>lauru</strong></span> <span class='ocrx_word' id='word_1_670' title='bbox 1463 1561 1535 1582; x_wconf 89' lang='lat' dir='ltr'><strong>mea</strong></span> <span class='ocrx_word' id='word_1_671' title='bbox 1551 1550 1616 1582; x_wconf 90' lang='lat' dir='ltr'><strong>Od.</strong></span> 
     </span>
     <span class='ocr_line' id='line_1_96' title="bbox 868 1593 1615 1636; baseline 0.001 -13"><span class='ocrx_word' id='word_1_672' title='bbox 868 1593 902 1628; x_wconf 83' lang='lat' dir='ltr'><strong>ii.</strong></span> <span class='ocrx_word' id='word_1_673' title='bbox 916 1594 948 1631; x_wconf 93' lang='lat'><strong>7,</strong></span> <span class='ocrx_word' id='word_1_674' title='bbox 962 1594 1014 1625; x_wconf 92' lang='lat'><strong>19.</strong></span> <span class='ocrx_word' id='word_1_675' title='bbox 1047 1594 1190 1636; x_wconf 82' lang='lat' dir='ltr'><strong>posuisse</strong></span> <span class='ocrx_word' id='word_1_676' title='bbox 1205 1594 1291 1626; x_wconf 91' lang='lat' dir='ltr'><strong>nudo</strong></span> <span class='ocrx_word' id='word_1_677' title='bbox 1306 1595 1366 1626; x_wconf 88' lang='lat' dir='ltr'><strong>sub</strong></span> <span class='ocrx_word' id='word_1_678' title='bbox 1382 1593 1461 1636; x_wconf 89' lang='lat' dir='ltr'><strong>pede</strong></span> <span class='ocrx_word' id='word_1_679' title='bbox 1476 1594 1615 1636; x_wconf 87' lang='lat' dir='ltr'><strong>palmam</strong></span> 
     </span>
     <span class='ocr_line' id='line_1_97' title="bbox 870 1635 1616 1679; baseline 0 -11"><span class='ocrx_word' id='word_1_680' title='bbox 870 1636 933 1668; x_wconf 89' lang='lat' dir='ltr'><strong>Od.</strong></span> <span class='ocrx_word' id='word_1_681' title='bbox 954 1635 998 1673; x_wconf 89' lang='lat' dir='ltr'><strong>iii,</strong></span> <span class='ocrx_word' id='word_1_682' title='bbox 1017 1638 1071 1674; x_wconf 90' lang='lat'><strong>20,</strong></span> <span class='ocrx_word' id='word_1_683' title='bbox 1092 1639 1142 1668; x_wconf 90' lang='grc'><strong>12.</strong></span> <span class='ocrx_word' id='word_1_684' title='bbox 1186 1637 1258 1679; x_wconf 92' lang='lat' dir='ltr'><strong>quis</strong></span> <span class='ocrx_word' id='word_1_685' title='bbox 1281 1638 1342 1668; x_wconf 88' lang='lat' dir='ltr'><strong>sub</strong></span> <span class='ocrx_word' id='word_1_686' title='bbox 1365 1638 1464 1668; x_wconf 89' lang='lat' dir='ltr'><strong>Arcto</strong></span> <span class='ocrx_word' id='word_1_687' title='bbox 1485 1647 1539 1667; x_wconf 87' lang='lat' dir='ltr'><strong>rex</strong></span> <span class='ocrx_word' id='word_1_688' title='bbox 1563 1647 1616 1678; x_wconf 90' lang='lat' dir='ltr'><strong>ge·</strong></span> 
     </span>
     <span class='ocr_line' id='line_1_98' title="bbox 869 1679 1618 1721; baseline 0 -11"><span class='ocrx_word' id='word_1_689' title='bbox 869 1679 943 1711; x_wconf 77' lang='lat' dir='ltr'><strong>lidae</strong></span> <span class='ocrx_word' id='word_1_690' title='bbox 960 1685 1119 1711; x_wconf 85' lang='lat' dir='ltr'><strong>metuatur</strong></span> <span class='ocrx_word' id='word_1_691' title='bbox 1133 1691 1195 1711; x_wconf 84' lang='lat' dir='ltr'><strong>orae</strong></span> <span class='ocrx_word' id='word_1_692' title='bbox 1210 1680 1273 1711; x_wconf 92' lang='lat' dir='ltr'><strong>Od.</strong></span> <span class='ocrx_word' id='word_1_693' title='bbox 1290 1680 1312 1716; x_wconf 90' lang='lat' dir='ltr'><strong>i,</strong></span> <span class='ocrx_word' id='word_1_694' title='bbox 1329 1681 1383 1716; x_wconf 90' lang='lat'><strong>26,</strong></span> <span class='ocrx_word' id='word_1_695' title='bbox 1402 1681 1432 1710; x_wconf 92' lang='lat'><strong>3.</strong></span> <span class='ocrx_word' id='word_1_696' title='bbox 1477 1684 1618 1721; x_wconf 86' lang='lat' dir='ltr'><strong>pugnata</strong></span> 
     </span>
     <span class='ocr_line' id='line_1_99' title="bbox 866 1722 1616 1759; baseline 0.001 -7"><span class='ocrx_word' id='word_1_697' title='bbox 866 1722 952 1754; x_wconf 87' lang='lat' dir='ltr'><strong>bella</strong></span> <span class='ocrx_word' id='word_1_698' title='bbox 975 1723 1034 1753; x_wconf 91' lang='lat' dir='ltr'><strong>sub</strong></span> <span class='ocrx_word' id='word_1_699' title='bbox 1054 1723 1117 1754; x_wconf 89' lang='lat' dir='ltr'><strong>Ilio</strong></span> <span class='ocrx_word' id='word_1_700' title='bbox 1141 1723 1205 1755; x_wconf 92' lang='lat' dir='ltr'><strong>Od.</strong></span> <span class='ocrx_word' id='word_1_701' title='bbox 1223 1722 1270 1759; x_wconf 89' lang='lat' dir='ltr'><strong>iii,</strong></span> <span class='ocrx_word' id='word_1_702' title='bbox 1293 1724 1346 1759; x_wconf 90' lang='grc'><strong>19,</strong></span> <span class='ocrx_word' id='word_1_703' title='bbox 1368 1724 1398 1753; x_wconf 92' lang='grc'><strong>4.</strong></span> <span class='ocrx_word' id='word_1_704' title='bbox 1445 1722 1531 1753; x_wconf 90' lang='lat' dir='ltr'><strong>bella</strong></span> <span class='ocrx_word' id='word_1_705' title='bbox 1555 1723 1616 1753; x_wconf 88' lang='lat' dir='ltr'><strong>sub</strong></span> 
     </span>
     <span class='ocr_line' id='line_1_100' title="bbox 869 1765 1615 1807; baseline 0.003 -12"><span class='ocrx_word' id='word_1_706' title='bbox 869 1765 1007 1807; x_wconf 87' lang='lat' dir='ltr'><strong>Alpibus</strong></span> <span class='ocrx_word' id='word_1_707' title='bbox 1035 1767 1161 1797; x_wconf 89' lang='lat' dir='ltr'><strong>Drusus</strong></span> <span class='ocrx_word' id='word_1_708' title='bbox 1192 1775 1302 1806; x_wconf 87' lang='lat' dir='ltr'><strong>gerens</strong></span> <span class='ocrx_word' id='word_1_709' title='bbox 1330 1765 1396 1797; x_wconf 87' lang='lat' dir='ltr'><strong>od.</strong></span> <span class='ocrx_word' id='word_1_710' title='bbox 1427 1765 1470 1801; x_wconf 91' lang='lat' dir='ltr'><strong>iv,</strong></span> <span class='ocrx_word' id='word_1_711' title='bbox 1501 1767 1531 1803; x_wconf 87' lang='lat'><strong>4,</strong></span> <span class='ocrx_word' id='word_1_712' title='bbox 1563 1766 1615 1797; x_wconf 88' lang='grc'><strong>17.</strong></span> 
     </span>
     <span class='ocr_line' id='line_1_101' title="bbox 868 1807 1616 1849; baseline 0 -11"><span class='ocrx_word' id='word_1_713' title='bbox 868 1818 954 1839; x_wconf 90' lang='lat' dir='ltr'><strong>nunc</strong></span> <span class='ocrx_word' id='word_1_714' title='bbox 971 1818 1046 1849; x_wconf 87' lang='lat' dir='ltr'><strong>ager</strong></span> <span class='ocrx_word' id='word_1_715' title='bbox 1061 1808 1218 1841; x_wconf 90' lang='lat' dir='ltr'><strong>Umbreni</strong></span> <span class='ocrx_word' id='word_1_716' title='bbox 1234 1809 1293 1839; x_wconf 91' lang='lat' dir='ltr'><strong>sub</strong></span> <span class='ocrx_word' id='word_1_717' title='bbox 1309 1807 1435 1839; x_wconf 88' lang='lat' dir='ltr'><strong>nomine</strong></span> <span class='ocrx_word' id='word_1_718' title='bbox 1451 1809 1519 1839; x_wconf 82' lang='lat' dir='ltr'><strong>Sat.</strong></span> <span class='ocrx_word' id='word_1_719' title='bbox 1534 1807 1568 1846; x_wconf 92' lang='lat' dir='ltr'><strong>ii,</strong></span> <span class='ocrx_word' id='word_1_720' title='bbox 1583 1809 1616 1845; x_wconf 88' lang='lat'><strong>2,</strong></span> 
     </span>
     <span class='ocr_line' id='line_1_102' title="bbox 872 1851 1618 1892; baseline 0.001 -11"><span class='ocrx_word' id='word_1_721' title='bbox 872 1851 944 1882; x_wconf 89' lang='lat'><strong>133.</strong></span> <span class='ocrx_word' id='word_1_722' title='bbox 990 1851 1153 1892; x_wconf 87' lang='lat' dir='ltr'><strong>ingenium</strong></span> <span class='ocrx_word' id='word_1_723' title='bbox 1169 1852 1292 1882; x_wconf 84' lang='lat' dir='ltr'><strong>inculto</strong></span> <span class='ocrx_word' id='word_1_724' title='bbox 1306 1852 1383 1883; x_wconf 80' lang='lat' dir='ltr'><strong>latet</strong></span> <span class='ocrx_word' id='word_1_725' title='bbox 1399 1851 1457 1882; x_wconf 87' lang='lat' dir='ltr'><strong>boc</strong></span> <span class='ocrx_word' id='word_1_726' title='bbox 1474 1851 1533 1882; x_wconf 90' lang='lat' dir='ltr'><strong>sub</strong></span> <span class='ocrx_word' id='word_1_727' title='bbox 1548 1861 1618 1882; x_wconf 90' lang='lat' dir='ltr'><strong>cor-</strong></span> 
     </span>
     <span class='ocr_line' id='line_1_103' title="bbox 869 1893 1616 1936; baseline -0.001 -11"><span class='ocrx_word' id='word_1_728' title='bbox 869 1903 944 1936; x_wconf 90' lang='lat' dir='ltr'><strong>pore</strong></span> <span class='ocrx_word' id='word_1_729' title='bbox 962 1894 1030 1925; x_wconf 84' lang='lat' dir='ltr'><strong>Sat.</strong></span> <span class='ocrx_word' id='word_1_730' title='bbox 1048 1894 1071 1931; x_wconf 89' lang='lat' dir='ltr'><strong>i,</strong></span> <span class='ocrx_word' id='word_1_731' title='bbox 1092 1896 1124 1931; x_wconf 87' lang='lat'><strong>3,</strong></span> <span class='ocrx_word' id='word_1_732' title='bbox 1145 1896 1198 1925; x_wconf 90' lang='lat'><strong>34.</strong></span> <span class='ocrx_word' id='word_1_733' title='bbox 1245 1894 1342 1925; x_wconf 90' lang='lat' dir='ltr'><strong>animi</strong></span> <span class='ocrx_word' id='word_1_734' title='bbox 1366 1894 1425 1925; x_wconf 88' lang='lat' dir='ltr'><strong>sub</strong></span> <span class='ocrx_word' id='word_1_735' title='bbox 1449 1893 1545 1936; x_wconf 90' lang='lat' dir='ltr'><strong>vulpe</strong></span> <span class='ocrx_word' id='word_1_736' title='bbox 1569 1894 1616 1924; x_wconf 87' lang='lat' dir='ltr'><strong>la-</strong></span> 
     </span>
     <span class='ocr_line' id='line_1_104' title="bbox 869 1937 1616 1980; baseline 0 -13"><span class='ocrx_word' id='word_1_737' title='bbox 869 1941 971 1968; x_wconf 85' lang='lat' dir='ltr'><strong>tentes</strong></span> <span class='ocrx_word' id='word_1_738' title='bbox 998 1937 1060 1980; x_wconf 90' lang='lat' dir='ltr'><strong>Ep.</strong></span> <span class='ocrx_word' id='word_1_739' title='bbox 1081 1937 1119 1968; x_wconf 89' lang='lat' dir='ltr'><strong>ad</strong></span> <span class='ocrx_word' id='word_1_740' title='bbox 1148 1938 1215 1968; x_wconf 89' lang='lat' dir='ltr'><strong>Pis.</strong></span> <span class='ocrx_word' id='word_1_741' title='bbox 1235 1938 1312 1969; x_wconf 90' lang='lat'><strong>437.</strong></span> <span class='ocrx_word' id='word_1_742' title='bbox 1358 1939 1390 1973; x_wconf 91' lang='lat'><strong>2,</strong></span> <span class='ocrx_word' id='word_1_743' title='bbox 1413 1938 1449 1968; x_wconf 81' lang='lat' dir='ltr'><strong>de</strong></span> <span class='ocrx_word' id='word_1_744' title='bbox 1468 1938 1616 1976; x_wconf 82' lang='lat' dir='ltr'><strong>imperio.-</strong></span> 
     </span>
     <span class='ocr_line' id='line_1_105' title="bbox 869 1979 1618 2024; baseline 0.001 -15"><span class='ocrx_word' id='word_1_745' title='bbox 869 1979 929 2010; x_wconf 89' lang='lat' dir='ltr'><strong>sub</strong></span> <span class='ocrx_word' id='word_1_746' title='bbox 953 1990 1030 2024; x_wconf 70' lang='lat' dir='ltr'><strong>rege⁷</strong></span> <span class='ocrx_word' id='word_1_747' title='bbox 1046 1980 1145 2012; x_wconf 85' lang='lat' dir='ltr'><strong>Medo</strong></span> <span class='ocrx_word' id='word_1_748' title='bbox 1162 1979 1227 2012; x_wconf 89' lang='lat' dir='ltr'><strong>Od.</strong></span> <span class='ocrx_word' id='word_1_749' title='bbox 1250 1979 1295 2017; x_wconf 89' lang='lat' dir='ltr'><strong>iii,</strong></span> <span class='ocrx_word' id='word_1_750' title='bbox 1312 1982 1344 2017; x_wconf 91' lang='lat'><strong>5,</strong></span> <span class='ocrx_word' id='word_1_751' title='bbox 1361 1981 1394 2011; x_wconf 88' lang='lat'><strong>9.</strong></span> <span class='ocrx_word' id='word_1_752' title='bbox 1438 1980 1498 2011; x_wconf 87' lang='lat' dir='ltr'><strong>sub</strong></span> <span class='ocrx_word' id='word_1_753' title='bbox 1521 1989 1618 2021; x_wconf 87' lang='lat' dir='ltr'><strong>regno</strong></span> 
     </span>
     <span class='ocr_line' id='line_1_106' title="bbox 872 2022 1619 2060; baseline 0 -7"><span class='ocrx_word' id='word_1_754' title='bbox 872 2022 997 2053; x_wconf 82' lang='lat' dir='ltr'><strong>Cinaroe</strong></span> <span class='ocrx_word' id='word_1_755' title='bbox 1024 2023 1089 2054; x_wconf 94' lang='lat' dir='ltr'><strong>Od.</strong></span> <span class='ocrx_word' id='word_1_756' title='bbox 1115 2023 1158 2058; x_wconf 91' lang='lat' dir='ltr'><strong>iv,</strong></span> <span class='ocrx_word' id='word_1_757' title='bbox 1187 2024 1217 2060; x_wconf 94' lang='lat'><strong>1,</strong></span> <span class='ocrx_word' id='word_1_758' title='bbox 1245 2025 1277 2054; x_wconf 93' lang='lat'><strong>4.</strong></span> <span class='ocrx_word' id='word_1_759' title='bbox 1321 2022 1451 2054; x_wconf 88' lang='lat' dir='ltr'><strong>nomina</strong></span> <span class='ocrx_word' id='word_1_760' title='bbox 1480 2027 1619 2054; x_wconf 82' lang='lat' dir='ltr'><strong>sectatur</strong></span> 
     </span>
     <span class='ocr_line' id='line_1_107' title="bbox 869 2065 1617 2107; baseline 0 -11"><span class='ocrx_word' id='word_1_761' title='bbox 869 2065 928 2096; x_wconf 87' lang='lat' dir='ltr'><strong>sub</strong></span> <span class='ocrx_word' id='word_1_762' title='bbox 953 2066 1094 2107; x_wconf 82' lang='lat' dir='ltr'><strong>patribus</strong></span> <span class='ocrx_word' id='word_1_763' title='bbox 1115 2065 1203 2097; x_wconf 87' lang='lat' dir='ltr'><strong>duris</strong></span> <span class='ocrx_word' id='word_1_764' title='bbox 1225 2066 1362 2097; x_wconf 90' lang='lat' dir='ltr'><strong>tironum</strong></span> <span class='ocrx_word' id='word_1_765' title='bbox 1382 2066 1450 2097; x_wconf 86' lang='lat' dir='ltr'><strong>Sat.</strong></span> <span class='ocrx_word' id='word_1_766' title='bbox 1470 2065 1492 2102; x_wconf 92' lang='lat' dir='ltr'><strong>i,</strong></span> <span class='ocrx_word' id='word_1_767' title='bbox 1514 2067 1546 2102; x_wconf 88' lang='grc'><strong>2,</strong></span> <span class='ocrx_word' id='word_1_768' title='bbox 1566 2066 1617 2096; x_wconf 89' lang='grc'><strong>17.</strong></span> 
     </span>
     <span class='ocr_line' id='line_1_108' title="bbox 870 2108 1618 2151; baseline 0.001 -13"><span class='ocrx_word' id='word_1_769' title='bbox 870 2109 930 2138; x_wconf 93' lang='lat' dir='ltr'><strong>sub</strong></span> <span class='ocrx_word' id='word_1_770' title='bbox 951 2108 1081 2139; x_wconf 90' lang='lat' dir='ltr'><strong>domina</strong></span> <span class='ocrx_word' id='word_1_771' title='bbox 1102 2108 1264 2140; x_wconf 85' lang='lat' dir='ltr'><strong>meretrice</strong></span> <span class='ocrx_word' id='word_1_772' title='bbox 1286 2109 1347 2151; x_wconf 91' lang='lat' dir='ltr'><strong>Ep.</strong></span> <span class='ocrx_word' id='word_1_773' title='bbox 1365 2108 1387 2144; x_wconf 90' lang='lat' dir='ltr'><strong>i,</strong></span> <span class='ocrx_word' id='word_1_774' title='bbox 1407 2110 1440 2145; x_wconf 88' lang='grc'><strong>2,</strong></span> <span class='ocrx_word' id='word_1_775' title='bbox 1458 2110 1514 2140; x_wconf 89' lang='grc'><strong>25.</strong></span> <span class='ocrx_word' id='word_1_776' title='bbox 1559 2109 1618 2140; x_wconf 89' lang='lat' dir='ltr'><strong>sub</strong></span> 
     </span>
     <span class='ocr_line' id='line_1_109' title="bbox 870 2150 1618 2194; baseline 0 -12"><span class='ocrx_word' id='word_1_777' title='bbox 870 2150 994 2183; x_wconf 87' lang='lat' dir='ltr'><strong>nutrice</strong></span> <span class='ocrx_word' id='word_1_778' title='bbox 1007 2151 1113 2193; x_wconf 83' lang='lat' dir='ltr'><strong>puella</strong></span> <span class='ocrx_word' id='word_1_779' title='bbox 1125 2152 1211 2182; x_wconf 90' lang='lat' dir='ltr'><strong>velut</strong></span> <span class='ocrx_word' id='word_1_780' title='bbox 1223 2150 1249 2182; x_wconf 87' lang='lat' dir='ltr'><strong>si</strong></span> <span class='ocrx_word' id='word_1_781' title='bbox 1263 2151 1386 2182; x_wconf 89' lang='lat' dir='ltr'><strong>luderet</strong></span> <span class='ocrx_word' id='word_1_782' title='bbox 1397 2151 1502 2182; x_wconf 82' lang='lat' dir='ltr'><strong>infans</strong></span> <span class='ocrx_word' id='word_1_783' title='bbox 1514 2152 1573 2194; x_wconf 88' lang='lat' dir='ltr'><strong>Ep.</strong></span> <span class='ocrx_word' id='word_1_784' title='bbox 1584 2151 1618 2188; x_wconf 90' lang='lat' dir='ltr'><strong>ii,</strong></span> 
     </span>
     <span class='ocr_line' id='line_1_110' title="bbox 875 2194 1619 2236; baseline 0.003 -12"><span class='ocrx_word' id='word_1_785' title='bbox 875 2195 903 2230; x_wconf 87' lang='lat'><strong>1,</strong></span> <span class='ocrx_word' id='word_1_786' title='bbox 916 2195 971 2225; x_wconf 89' lang='lat'><strong>99.</strong></span> <span class='ocrx_word' id='word_1_787' title='bbox 1002 2194 1107 2225; x_wconf 87' lang='lat' dir='ltr'><strong>adhue</strong></span> <span class='ocrx_word' id='word_1_788' title='bbox 1120 2195 1179 2225; x_wconf 89' lang='lat' dir='ltr'><strong>sub</strong></span> <span class='ocrx_word' id='word_1_789' title='bbox 1192 2194 1302 2236; x_wconf 86' lang='lat' dir='ltr'><strong>judice</strong></span> <span class='ocrx_word' id='word_1_790' title='bbox 1316 2194 1354 2224; x_wconf 87' lang='lat' dir='ltr'><strong>lis</strong></span> <span class='ocrx_word' id='word_1_791' title='bbox 1366 2200 1414 2226; x_wconf 88' lang='lat' dir='ltr'><strong>est</strong></span> <span class='ocrx_word' id='word_1_792' title='bbox 1427 2195 1488 2236; x_wconf 91' lang='lat' dir='ltr'><strong>Ep.</strong></span> <span class='ocrx_word' id='word_1_793' title='bbox 1499 2194 1539 2225; x_wconf 89' lang='lat' dir='ltr'><strong>ad</strong></span> <span class='ocrx_word' id='word_1_794' title='bbox 1551 2194 1619 2226; x_wconf 90' lang='lat' dir='ltr'><strong>Pis.</strong></span> 
     </span>
     <span class='ocr_line' id='line_1_111' title="bbox 873 2237 1621 2277; baseline -0.001 -9"><span class='ocrx_word' id='word_1_795' title='bbox 873 2237 926 2268; x_wconf 91' lang='lat'><strong>78.</strong></span> <span class='ocrx_word' id='word_1_796' title='bbox 965 2238 997 2273; x_wconf 89' lang='lat'><strong>3,</strong></span> <span class='ocrx_word' id='word_1_797' title='bbox 1010 2239 1046 2268; x_wconf 81' lang='lat' dir='ltr'><strong>de</strong></span> <span class='ocrx_word' id='word_1_798' title='bbox 1062 2243 1206 2277; x_wconf 80' lang='lat' dir='ltr'><strong>tempore.-</strong></span> <span class='ocrx_word' id='word_1_799' title='bbox 1230 2238 1288 2268; x_wconf 90' lang='lat' dir='ltr'><strong>sub</strong></span> <span class='ocrx_word' id='word_1_800' title='bbox 1305 2238 1392 2268; x_wconf 92' lang='lat' dir='ltr'><strong>clara</strong></span> <span class='ocrx_word' id='word_1_801' title='bbox 1406 2238 1537 2269; x_wconf 88' lang='lat' dir='ltr'><strong>lucerna</strong></span> <span class='ocrx_word' id='word_1_802' title='bbox 1554 2238 1621 2268; x_wconf 91' lang='lat' dir='ltr'><strong>Sat.</strong></span> 
     </span>
     <span class='ocr_line' id='line_1_112' title="bbox 873 2278 1619 2322; baseline -0.001 -11"><span class='ocrx_word' id='word_1_803' title='bbox 873 2278 907 2314; x_wconf 88' lang='lat' dir='ltr'><strong>ii,</strong></span> <span class='ocrx_word' id='word_1_804' title='bbox 919 2280 951 2316; x_wconf 88' lang='lat'><strong>7,</strong></span> <span class='ocrx_word' id='word_1_805' title='bbox 965 2281 1018 2311; x_wconf 89' lang='grc'><strong>48.</strong></span> <span class='ocrx_word' id='word_1_806' title='bbox 1052 2281 1137 2311; x_wconf 92' lang='lat' dir='ltr'><strong>volet</strong></span> <span class='ocrx_word' id='word_1_807' title='bbox 1153 2281 1220 2311; x_wconf 81' lang='lat' dir='ltr'><strong>haec</strong></span> <span class='ocrx_word' id='word_1_808' title='bbox 1236 2281 1296 2311; x_wconf 91' lang='lat' dir='ltr'><strong>sub</strong></span> <span class='ocrx_word' id='word_1_809' title='bbox 1312 2280 1385 2311; x_wconf 87' lang='lat' dir='ltr'><strong>luce</strong></span> <span class='ocrx_word' id='word_1_810' title='bbox 1398 2280 1497 2311; x_wconf 87' lang='lat' dir='ltr'><strong>videri</strong></span> <span class='ocrx_word' id='word_1_811' title='bbox 1507 2281 1568 2322; x_wconf 89' lang='lat' dir='ltr'><strong>Ep.</strong></span> <span class='ocrx_word' id='word_1_812' title='bbox 1579 2279 1619 2311; x_wconf 91' lang='lat' dir='ltr'><strong>ad</strong></span> 
     </span>
     <span class='ocr_line' id='line_1_113' title="bbox 873 2321 1607 2360; baseline 0.003 -8"><span class='ocrx_word' id='word_1_813' title='bbox 873 2321 942 2353; x_wconf 89' lang='lat' dir='ltr'><strong>Pis.</strong></span> <span class='ocrx_word' id='word_1_814' title='bbox 959 2323 1035 2354; x_wconf 89' lang='lat'><strong>363.</strong></span> <span class='ocrx_word' id='word_1_815' title='bbox 1072 2324 1132 2353; x_wconf 91' lang='lat' dir='ltr'><strong>sub</strong></span> <span class='ocrx_word' id='word_1_816' title='bbox 1149 2329 1244 2354; x_wconf 87' lang='lat' dir='ltr'><strong>cantu</strong></span> <span class='ocrx_word' id='word_1_817' title='bbox 1260 2322 1348 2354; x_wconf 85' lang='lat' dir='ltr'><strong>tibiae</strong></span> <span class='ocrx_word' id='word_1_818' title='bbox 1366 2322 1430 2354; x_wconf 88' lang='lat' dir='ltr'><strong>Od.</strong></span> <span class='ocrx_word' id='word_1_819' title='bbox 1446 2323 1493 2360; x_wconf 88' lang='lat' dir='ltr'><strong>iii,</strong></span> <span class='ocrx_word' id='word_1_820' title='bbox 1510 2324 1540 2359; x_wconf 88' lang='lat'><strong>7,</strong></span> <span class='ocrx_word' id='word_1_821' title='bbox 1554 2324 1607 2354; x_wconf 91' lang='lat'><strong>30.</strong></span> 
     </span>
    </p>

    <p class='ocr_par' dir='ltr' id='par_1_39' title="bbox 875 2365 1622 2450">
     <span class='ocr_line' id='line_1_114' title="bbox 915 2365 1622 2408; baseline 0.001 -12"><span class='ocrx_word' id='word_1_822' title='bbox 915 2367 1036 2397; x_wconf 80' lang='lat' dir='ltr'><strong>subare.</strong></span> <span class='ocrx_word' id='word_1_823' title='bbox 1080 2366 1224 2398; x_wconf 85' lang='lat' dir='ltr'><strong>subando</strong></span> <span class='ocrx_word' id='word_1_824' title='bbox 1251 2371 1338 2397; x_wconf 90' lang='lat' dir='ltr'><strong>tenta</strong></span> <span class='ocrx_word' id='word_1_825' title='bbox 1361 2365 1481 2398; x_wconf 85' lang='lat' dir='ltr'><strong>cubilia</strong></span> <span class='ocrx_word' id='word_1_826' title='bbox 1503 2365 1622 2408; x_wconf 90' lang='lat' dir='ltr'><strong>rumpit</strong></span> 
     </span>
     <span class='ocr_line' id='line_1_115' title="bbox 875 2407 1125 2450; baseline 0.004 -11"><span class='ocrx_word' id='word_1_827' title='bbox 875 2407 978 2450; x_wconf 88' lang='lat' dir='ltr'><strong>Epod.</strong></span> <span class='ocrx_word' id='word_1_828' title='bbox 1002 2410 1054 2444; x_wconf 90' lang='lat'><strong>12,</strong></span> <span class='ocrx_word' id='word_1_829' title='bbox 1075 2410 1125 2440; x_wconf 90' lang='lat'><strong>11.</strong></span> 
     </span>
    </p>

    <p class='ocr_par' dir='ltr' id='par_1_40' title="bbox 874 2452 1626 2666">
     <span class='ocr_line' id='line_1_116' title="bbox 917 2452 1622 2494; baseline 0.004 -13"><span class='ocrx_word' id='word_1_830' title='bbox 917 2452 1092 2483; x_wconf 81' lang='lat' dir='ltr'><strong>subducere.</strong></span> <span class='ocrx_word' id='word_1_831' title='bbox 1142 2453 1170 2488; x_wconf 92' lang='lat'><strong>1,</strong></span> <span class='ocrx_word' id='word_1_832' title='bbox 1191 2456 1263 2494; x_wconf 89' lang='lat' dir='ltr'><strong>post</strong></span> <span class='ocrx_word' id='word_1_833' title='bbox 1284 2452 1389 2493; x_wconf 88' lang='lat' dir='ltr'><strong>ignem</strong></span> <span class='ocrx_word' id='word_1_834' title='bbox 1409 2452 1546 2484; x_wconf 86' lang='lat' dir='ltr'><strong>aetherea</strong></span> <span class='ocrx_word' id='word_1_835' title='bbox 1565 2453 1622 2484; x_wconf 91' lang='lat' dir='ltr'><strong>do-</strong></span> 
     </span>
     <span class='ocr_line' id='line_1_117' title="bbox 874 2494 1625 2533; baseline 0.004 -9"><span class='ocrx_word' id='word_1_836' title='bbox 874 2504 927 2525; x_wconf 89' lang='lat' dir='ltr'><strong>mo</strong></span> <span class='ocrx_word' id='word_1_837' title='bbox 950 2494 1141 2525; x_wconf 91' lang='lat' dir='ltr'><strong>subductum</strong></span> <span class='ocrx_word' id='word_1_838' title='bbox 1169 2495 1233 2526; x_wconf 90' lang='lat' dir='ltr'><strong>Od.</strong></span> <span class='ocrx_word' id='word_1_839' title='bbox 1258 2495 1278 2533; x_wconf 85' lang='lat' dir='ltr'><strong>i,</strong></span> <span class='ocrx_word' id='word_1_840' title='bbox 1307 2496 1339 2531; x_wconf 88' lang='lat'><strong>3,</strong></span> <span class='ocrx_word' id='word_1_841' title='bbox 1363 2496 1419 2526; x_wconf 89' lang='grc'><strong>29.</strong></span> <span class='ocrx_word' id='word_1_842' title='bbox 1467 2496 1625 2527; x_wconf 86' lang='lat' dir='ltr'><strong>subducta</strong></span> 
     </span>
     <span class='ocr_line' id='line_1_118' title="bbox 874 2536 1622 2579; baseline 0.003 -12"><span class='ocrx_word' id='word_1_843' title='bbox 874 2536 990 2568; x_wconf 85' lang='lat' dir='ltr'><strong>viatica</strong></span> <span class='ocrx_word' id='word_1_844' title='bbox 1007 2537 1110 2579; x_wconf 88' lang='lat' dir='ltr'><strong>plorat</strong></span> <span class='ocrx_word' id='word_1_845' title='bbox 1126 2538 1186 2579; x_wconf 89' lang='lat' dir='ltr'><strong>Ep.</strong></span> <span class='ocrx_word' id='word_1_846' title='bbox 1199 2537 1221 2574; x_wconf 89' lang='lat' dir='ltr'><strong>i,</strong></span> <span class='ocrx_word' id='word_1_847' title='bbox 1236 2539 1288 2575; x_wconf 94' lang='lat'><strong>17,</strong></span> <span class='ocrx_word' id='word_1_848' title='bbox 1303 2539 1357 2569; x_wconf 89' lang='lat'><strong>54.</strong></span> <span class='ocrx_word' id='word_1_849' title='bbox 1401 2539 1435 2573; x_wconf 90' lang='lat'><strong>2,</strong></span> <span class='ocrx_word' id='word_1_850' title='bbox 1447 2540 1622 2569; x_wconf 75' lang='lat' dir='ltr'><strong>demittere:</strong></span> 
     </span>
     <span class='ocr_line' id='line_1_119' title="bbox 874 2579 1626 2623; baseline 0.004 -13"><span class='ocrx_word' id='word_1_851' title='bbox 874 2579 1039 2610; x_wconf 87' lang='lat' dir='ltr'><strong>subductis</strong></span> <span class='ocrx_word' id='word_1_852' title='bbox 1062 2580 1217 2622; x_wconf 80' lang='lat' dir='ltr'><strong>(tunicis)</strong></span> <span class='ocrx_word' id='word_1_853' title='bbox 1242 2591 1342 2622; x_wconf 86' lang='lat' dir='ltr'><strong>usque</strong></span> <span class='ocrx_word' id='word_1_854' title='bbox 1366 2581 1405 2612; x_wconf 90' lang='lat' dir='ltr'><strong>ad</strong></span> <span class='ocrx_word' id='word_1_855' title='bbox 1426 2580 1544 2623; x_wconf 86' lang='lat' dir='ltr'><strong>inguen</strong></span> <span class='ocrx_word' id='word_1_856' title='bbox 1568 2582 1626 2613; x_wconf 92' lang='lat' dir='ltr'><strong>ob-</strong></span> 
     </span>
     <span class='ocr_line' id='line_1_120' title="bbox 874 2623 1265 2666; baseline 0.005 -14"><span class='ocrx_word' id='word_1_857' title='bbox 874 2631 1019 2666; x_wconf 73' lang='lat' dir='ltr'><strong>scoenum</strong></span> <span class='ocrx_word' id='word_1_858' title='bbox 1036 2623 1105 2654; x_wconf 82' lang='lat' dir='ltr'><strong>Sat.</strong></span> <span class='ocrx_word' id='word_1_859' title='bbox 1122 2623 1144 2660; x_wconf 89' lang='lat' dir='ltr'><strong>i,</strong></span> <span class='ocrx_word' id='word_1_860' title='bbox 1161 2624 1194 2658; x_wconf 82' lang='lat'><strong>2,</strong></span> <span class='ocrx_word' id='word_1_861' title='bbox 1210 2624 1265 2654; x_wconf 89' lang='grc'><strong>26.</strong></span> 
     </span>
    </p>

    <p class='ocr_par' dir='ltr' id='par_1_41' title="bbox 918 2665 1624 2702">
     <span class='ocr_line' id='line_1_121' title="bbox 918 2665 1624 2702; baseline 0.004 -8"><span class='ocrx_word' id='word_1_862' title='bbox 918 2666 1044 2696; x_wconf 76' lang='lat' dir='ltr'><strong>subesse.</strong></span> <span class='ocrx_word' id='word_1_863' title='bbox 1093 2667 1122 2702; x_wconf 90' lang='lat' dir='ltr'><strong>l,</strong></span> <span class='ocrx_word' id='word_1_864' title='bbox 1145 2665 1254 2697; x_wconf 88' lang='lat' dir='ltr'><strong>subest</strong></span> <span class='ocrx_word' id='word_1_865' title='bbox 1275 2666 1322 2697; x_wconf 89' lang='lat' dir='ltr'><strong>sol</strong></span> <span class='ocrx_word' id='word_1_866' title='bbox 1342 2667 1473 2698; x_wconf 86' lang='lat' dir='ltr'><strong>Oceano</strong></span> <span class='ocrx_word' id='word_1_867' title='bbox 1494 2667 1558 2698; x_wconf 93' lang='lat' dir='ltr'><strong>Od.</strong></span> <span class='ocrx_word' id='word_1_868' title='bbox 1582 2666 1624 2702; x_wconf 90' lang='lat' dir='ltr'><strong>iv,</strong></span> 
     </span>
    </p>
   </div>
   <div class='ocr_carea' id='block_1_36' title="bbox 74 2706 1629 2751">
    <p class='ocr_par' dir='ltr' id='par_1_42' title="bbox 33 2706 1629 2751">
     <span class='ocr_line' id='line_1_122' title="bbox 74 2706 1629 2751; baseline -0.002 -9.077"><span class='ocrx_word' id='word_1_869' title='bbox 74 2718 140 2743; x_wconf 70' lang='lat' dir='ltr'><strong>mc</strong></span> <span class='ocrx_word' id='word_1_870' title='bbox 154 2710 248 2743; x_wconf 81' lang='lat' dir='ltr'><strong>vanis</strong></span> <span class='ocrx_word' id='word_1_871' title='bbox 270 2709 372 2741; x_wconf 83' lang='lat' dir='ltr'><strong>obsita</strong></span> <span class='ocrx_word' id='word_1_872' title='bbox 394 2708 558 2739; x_wconf 81' lang='lat' dir='ltr'><strong>frondibus</strong></span> <span class='ocrx_word' id='word_1_873' title='bbox 580 2707 640 2738; x_wconf 91' lang='lat' dir='ltr'><strong>sub</strong></span> <span class='ocrx_word' id='word_1_874' title='bbox 656 2706 763 2738; x_wconf 88' lang='lat' dir='ltr'><strong>divum</strong></span> <span class='ocrx_word' id='word_1_875' title='bbox 779 2717 830 2738; x_wconf 84' lang='lat' dir='ltr'><strong>ra·</strong></span> <span class='ocrx_word' id='word_1_876' title='bbox 876 2708 908 2742; x_wconf 87' lang='lat'><strong>5,</strong></span> <span class='ocrx_word' id='word_1_877' title='bbox 926 2708 978 2738; x_wconf 89' lang='lat'><strong>40.</strong></span> <span class='ocrx_word' id='word_1_878' title='bbox 1022 2708 1179 2739; x_wconf 86' lang='lat' dir='ltr'><strong>subucula</strong></span> <span class='ocrx_word' id='word_1_879' title='bbox 1205 2709 1312 2740; x_wconf 89' lang='lat' dir='ltr'><strong>subest</strong></span> <span class='ocrx_word' id='word_1_880' title='bbox 1333 2709 1452 2741; x_wconf 80' lang='lat' dir='ltr'><strong>tunieae</strong></span> <span class='ocrx_word' id='word_1_881' title='bbox 1470 2711 1531 2751; x_wconf 88' lang='lat' dir='ltr'><strong>Ep.</strong></span> <span class='ocrx_word' id='word_1_882' title='bbox 1556 2710 1577 2746; x_wconf 88' lang='lat' dir='ltr'><strong>i,</strong></span> <span class='ocrx_word' id='word_1_883' title='bbox 1598 2711 1629 2747; x_wconf 91' lang='lat'><strong>1,</strong></span> 
     </span>
    </p>
   </div>
   <div class='ocr_carea' id='block_1_37' title="bbox 882 2750 1629 2836">
    <p class='ocr_par' dir='ltr' id='par_1_43' title="bbox 882 2750 1629 2836">
     <span class='ocr_line' id='line_1_123' title="bbox 882 2750 1629 2791; baseline 0.004 -11"><span class='ocrx_word' id='word_1_884' title='bbox 882 2750 936 2781; x_wconf 89' lang='lat'><strong>96.</strong></span> <span class='ocrx_word' id='word_1_885' title='bbox 979 2751 1012 2786; x_wconf 89' lang='lat'><strong>2,</strong></span> <span class='ocrx_word' id='word_1_886' title='bbox 1029 2762 1118 2791; x_wconf 84' lang='lat' dir='ltr'><strong>prope</strong></span> <span class='ocrx_word' id='word_1_887' title='bbox 1137 2761 1215 2782; x_wconf 84' lang='lat' dir='ltr'><strong>esse:</strong></span> <span class='ocrx_word' id='word_1_888' title='bbox 1244 2762 1302 2783; x_wconf 91' lang='lat' dir='ltr'><strong>nec</strong></span> <span class='ocrx_word' id='word_1_889' title='bbox 1323 2752 1427 2783; x_wconf 86' lang='lat' dir='ltr'><strong>vicina</strong></span> <span class='ocrx_word' id='word_1_890' title='bbox 1451 2753 1561 2784; x_wconf 87' lang='lat' dir='ltr'><strong>subest</strong></span> <span class='ocrx_word' id='word_1_891' title='bbox 1582 2759 1629 2783; x_wconf 86' lang='lat' dir='ltr'><strong>ta-</strong></span> 
     </span>
     <span class='ocr_line' id='line_1_124' title="bbox 882 2793 1238 2836; baseline 0.003 -12"><span class='ocrx_word' id='word_1_892' title='bbox 882 2793 982 2824; x_wconf 85' lang='lat' dir='ltr'><strong>berna</strong></span> <span class='ocrx_word' id='word_1_893' title='bbox 999 2793 1061 2836; x_wconf 90' lang='lat' dir='ltr'><strong>Ep.</strong></span> <span class='ocrx_word' id='word_1_894' title='bbox 1078 2794 1100 2830; x_wconf 87' lang='lat' dir='ltr'><strong>i,</strong></span> <span class='ocrx_word' id='word_1_895' title='bbox 1118 2795 1169 2829; x_wconf 89' lang='lat'><strong>14,</strong></span> <span class='ocrx_word' id='word_1_896' title='bbox 1185 2795 1238 2825; x_wconf 92' lang='lat'><strong>24.</strong></span> 
     </span>
    </p>
   </div>
   <div class='ocr_carea' id='block_1_38' title="bbox 884 2836 1632 2963">
    <p class='ocr_par' dir='ltr' id='par_1_44' title="bbox 884 2836 1632 2963">
     <span class='ocr_line' id='line_1_125' title="bbox 887 2836 1631 2910; baseline 0.003 -44"><span class='ocrx_word' id='word_1_897' title='bbox 887 2878 904 2884; x_wconf 93' lang='lat'><strong>..</strong></span> <span class='ocrx_word' id='word_1_898' title='bbox 926 2837 1106 2910; x_wconf 53' lang='lat' dir='ltr'><strong>spkyggtare.</strong></span> <span class='ocrx_word' id='word_1_899' title='bbox 1139 2837 1296 2880; x_wconf 85' lang='lat' dir='ltr'><strong>subjectat</strong></span> <span class='ocrx_word' id='word_1_900' title='bbox 1310 2838 1391 2868; x_wconf 86' lang='lat' dir='ltr'><strong>lasso</strong></span> <span class='ocrx_word' id='word_1_901' title='bbox 1406 2836 1548 2868; x_wconf 82' lang='lat' dir='ltr'><strong>stimulos</strong></span> <span class='ocrx_word' id='word_1_902' title='bbox 1564 2838 1631 2868; x_wconf 85' lang='lat' dir='ltr'><strong>Sat.</strong></span> 
     </span>
     <span class='ocr_line' id='line_1_126' title="bbox 884 2890 1632 2963; baseline 0.001 -11"><span class='ocrx_word' id='word_1_903' title='bbox 884 2890 1094 2963; x_wconf 60' lang='lat' dir='ltr'><strong>u’su’lgjeclus.</strong></span> <span class='ocrx_word' id='word_1_904' title='bbox 1139 2922 1279 2954; x_wconf 86' lang='lat' dir='ltr'><strong>Orientis</strong></span> <span class='ocrx_word' id='word_1_905' title='bbox 1306 2932 1369 2952; x_wconf 84' lang='lat' dir='ltr'><strong>orae</strong></span> <span class='ocrx_word' id='word_1_906' title='bbox 1395 2921 1531 2963; x_wconf 83' lang='lat' dir='ltr'><strong>subjecti</strong></span> <span class='ocrx_word' id='word_1_907' title='bbox 1559 2922 1632 2953; x_wconf 88' lang='lat' dir='ltr'><strong>Indi</strong></span> 
     </span>
    </p>
   </div>
   <div class='ocr_carea' id='block_1_39' title="bbox 66 2964 1633 3054">
    <p class='ocr_par' dir='ltr' id='par_1_45' title="bbox 60 2964 1633 3054">
     <span class='ocr_line' id='line_1_127' title="bbox 66 2964 1633 3007; baseline -0.003 -7"><span class='ocrx_word' id='word_1_908' title='bbox 66 2964 124 3004; x_wconf 62' lang='grc' dir='ltr'><strong>ἐ-ἰὶ,</strong></span> <span class='ocrx_word' id='word_1_909' title='bbox 138 2967 174 3004; x_wconf 83' lang='lat'><strong>2,</strong></span> <span class='ocrx_word' id='word_1_910' title='bbox 188 2967 262 2999; x_wconf 78' lang='lat'><strong>169.</strong></span> <span class='ocrx_word' id='word_1_911' title='bbox 301 2966 360 2998; x_wconf 88' lang='lat' dir='ltr'><strong>sub</strong></span> <span class='ocrx_word' id='word_1_912' title='bbox 377 2966 436 2998; x_wconf 86' lang='lat' dir='ltr'><strong>hoc</strong></span> <span class='ocrx_word' id='word_1_913' title='bbox 453 2972 576 3007; x_wconf 87' lang='lat' dir='ltr'><strong>tempus</strong></span> <span class='ocrx_word' id='word_1_914' title='bbox 591 2964 668 2996; x_wconf 89' lang='lat' dir='ltr'><strong>ibid.</strong></span> <span class='ocrx_word' id='word_1_915' title='bbox 687 2965 740 2996; x_wconf 87' lang='grc'><strong>34.</strong></span> <span class='ocrx_word' id='word_1_916' title='bbox 782 2965 842 2996; x_wconf 86' lang='lat' dir='ltr'><strong>sub</strong></span> <span class='ocrx_word' id='word_1_917' title='bbox 885 2968 917 2996; x_wconf 84' lang='lat' dir='ltr'><strong>et</strong></span> <span class='ocrx_word' id='word_1_918' title='bbox 937 2965 1022 2996; x_wconf 82' lang='lat' dir='ltr'><strong>Serae</strong></span> <span class='ocrx_word' id='word_1_919' title='bbox 1038 2965 1102 2996; x_wconf 93' lang='lat' dir='ltr'><strong>Od.</strong></span> <span class='ocrx_word' id='word_1_920' title='bbox 1119 2965 1141 2999; x_wconf 81' lang='lat' dir='ltr'><strong>i,</strong></span> <span class='ocrx_word' id='word_1_921' title='bbox 1163 2966 1213 3002; x_wconf 84' lang='grc'><strong>12,</strong></span> <span class='ocrx_word' id='word_1_922' title='bbox 1231 2967 1284 2996; x_wconf 89' lang='grc'><strong>55.</strong></span> <span class='ocrx_word' id='word_1_923' title='bbox 1328 2964 1497 3006; x_wconf 87' lang='lat' dir='ltr'><strong>subjectior</strong></span> <span class='ocrx_word' id='word_1_924' title='bbox 1521 2964 1552 2995; x_wconf 90' lang='lat' dir='ltr'><strong>in</strong></span> <span class='ocrx_word' id='word_1_925' title='bbox 1578 2965 1633 2996; x_wconf 87' lang='lat' dir='ltr'><strong>ho-</strong></span> 
     </span>
     <span class='ocr_line' id='line_1_128' title="bbox 89 3007 1358 3054; baseline -0.004 -10.112"><span class='ocrx_word' id='word_1_926' title='bbox 89 3013 216 3054; x_wconf 56' lang='lat' dir='ltr'><strong>oempus</strong></span> <span class='ocrx_word' id='word_1_927' title='bbox 237 3009 363 3043; x_wconf 78' lang='lat' dir='ltr'><strong>edendi·</strong></span> <span class='ocrx_word' id='word_1_928' title='bbox 380 3010 442 3052; x_wconf 89' lang='lat' dir='ltr'><strong>Ep.</strong></span> <span class='ocrx_word' id='word_1_929' title='bbox 463 3008 486 3047; x_wconf 89' lang='lat' dir='ltr'><strong>i,</strong></span> <span class='ocrx_word' id='word_1_930' title='bbox 512 3009 563 3046; x_wconf 79' lang='lat'><strong>16,</strong></span> <span class='ocrx_word' id='word_1_931' title='bbox 582 3009 637 3040; x_wconf 87' lang='lat'><strong>22.</strong></span> <span class='ocrx_word' id='word_1_932' title='bbox 679 3007 739 3040; x_wconf 86' lang='lat' dir='ltr'><strong>sub</strong></span> <span class='ocrx_word' id='word_1_933' title='bbox 758 3007 845 3040; x_wconf 87' lang='lat' dir='ltr'><strong>verni</strong></span> <span class='ocrx_word' id='word_1_934' title='bbox 890 3017 957 3042; x_wconf 83' lang='lat' dir='ltr'><strong>ram</strong></span> <span class='ocrx_word' id='word_1_935' title='bbox 973 3014 1006 3041; x_wconf 87' lang='lat' dir='ltr'><strong>et</strong></span> <span class='ocrx_word' id='word_1_936' title='bbox 1018 3007 1103 3040; x_wconf 88' lang='lat' dir='ltr'><strong>diem</strong></span> <span class='ocrx_word' id='word_1_937' title='bbox 1121 3008 1190 3039; x_wconf 85' lang='lat' dir='ltr'><strong>Sat.</strong></span> <span class='ocrx_word' id='word_1_938' title='bbox 1207 3007 1240 3046; x_wconf 89' lang='lat' dir='ltr'><strong>ii,</strong></span> <span class='ocrx_word' id='word_1_939' title='bbox 1257 3010 1288 3045; x_wconf 88' lang='grc'><strong>6,</strong></span> <span class='ocrx_word' id='word_1_940' title='bbox 1305 3009 1358 3039; x_wconf 88' lang='grc'><strong>47.</strong></span> 
     </span>
    </p>
   </div>
  </div>
 </body>
</html>
