1884 3288
914 211 1211 254 EPODON

867 439 1138 481 CARMEN
1170 437 1252 478 XI.

807 588 892 619 AD
950 586 1314 618 PETTIUM.

479 699 637 750 ΡΕΤΤΙ,
658 700 763 744 nihil
783 716 863 750 me,
887 702 995 742 sicut
1017 707 1156 750 antea,
1173 701 1296 754 juvat

594 768 791 808 Scribere
811 767 1041 808 versiculos
1063 766 1222 808 Amore
1243 778 1494 820 percussum
1515 762 1656 817 gravi3

475 831 652 881 Amore,
674 834 746 886 qui
767 848 832 873 me
855 840 1011 886 praeter
1031 846 1175 872 omnes
1198 831 1364 884 expetit

588 898 796 940 Mollibus
818 899 860 939 in
882 899 1025 952 pueris
1047 905 1119 938 aut
1140 898 1181 937 in
1203 895 1356 950 puellis
1378 909 1516 936 urere.

420 965 447 1004 5
477 965 562 1006 Hic
584 966 735 1006 tertius
759 964 1013 1013 December,
1036 979 1090 1004 ex
1111 977 1196 1016 quo
1218 962 1366 1003 destiti

589 1031 763 1071 Inachia
784 1031 939 1080 furere,
963 1029 1077 1070 silvis
1099 1029 1303 1070 honorem
1325 1027 1502 1068 decutit.

475 1097 600 1137 Heu!
633 1111 712 1145 me,
734 1110 814 1150 per
835 1097 983 1136 urbem
1006 1095 1116 1147 (nam
1137 1094 1273 1148 pudet
1294 1093 1401 1134 tanti
1421 1091 1532 1146 mali)

588 1161 754 1202 Fabula
774 1169 934 1215 quanta
954 1161 1060 1201 fuit!
1093 1159 1380 1200 conviviorum
1401 1165 1444 1200 et
1464 1158 1662 1213 poenitet,

475 1228 525 1269 In
546 1229 666 1282 queis
689 1235 898 1269 amantem
918 1234 960 1268 et
980 1226 1162 1280 languor
1183 1234 1226 1266 et
1248 1225 1460 1266 silentium

394 1295 445 1335 10

587 1293 760 1347 Arguit,
783 1301 826 1334 et
845 1294 978 1334 latere
997 1293 1156 1346 petitus
1178 1291 1260 1332 imo
1283 1292 1472 1345 spiritus.

476 1359 693 1402 Contrane
715 1359 878 1400 lucrum
900 1358 957 1399 nil
978 1357 1119 1398 valere
1140 1357 1368 1397 candidum

589 1426 802 1480 Pauperis
823 1425 1068 1479 ingenium?
1103 1424 1327 1478 querebar,
1351 1421 1579 1477 applorans
1600 1422 1696 1472 tibi;

525 1547 731 1578 ‹CARMEN
756 1548 816 1578 XI.

350 1591 454 1625 Quam
475 1599 592 1630 parum
610 1589 769 1619 ‘firmitatis
797 1595 828 1619 et
854 1587 1039 1619 constantias

304 1630 367 1661 sibi
390 1631 431 1661 sit
456 1630 489 1661 in
514 1630 729 1672 pervincendis
753 1629 867 1660 amoris
893 1629 1039 1660 cruciati-

304 1672 376 1708 bus,
395 1672 530 1712 ingenue
552 1677 583 1702 et
606 1671 798 1702 familiariter
818 1671 918 1702 amico
935 1681 992 1702 suo
1007 1676 1039 1702 et

306 1713 406 1743 sodali
423 1713 526 1744 Pettio
542 1713 651 1754 aperit.
699 1713 827 1754 Repetit
842 1713 946 1753 igitur,
964 1712 1040 1754 quid

309 1754 369 1785 sibi
385 1761 457 1785 ante
474 1761 534 1786 tres
549 1765 647 1785 annos
667 1754 698 1784 in
718 1755 855 1785 lnachiae
871 1765 972 1785 amore
988 1765 1041 1785 ac-

310 1796 432 1832 ciderit,
449 1802 479 1827 et
493 1807 587 1838 quam
607 1797 736 1838 turpiter
759 1806 791 1827 se
808 1797 840 1827 in
864 1802 955 1839 capto
975 1807 1043 1827 eam

308 1838 470 1869 deserendi
493 1838 623 1869 consilio
646 1838 777 1869 dederit.
824 1839 894 1875 Qua
919 1849 949 1869 re
975 1849 1044 1868 nar-

310 1885 388 1915 rata,
405 1890 438 1911 se
454 1891 537 1911 nunc
555 1880 680 1921 Lycisci
697 1890 810 1917 amore,
822 1890 839 1910 a
854 1890 915 1920 quo
931 1880 1045 1922 pariter

310 1931 368 1952 nec
394 1922 562 1952 amicorum
587 1921 740 1957 consiliis,
762 1932 820 1952 uec
846 1922 933 1963 pueri
958 1922 1043 1952 illius

310 1962 445 2004 injuriis,
470 1963 607 2004 expediri
630 1963 735 2004 possit,
757 1964 855 1993 teneri
885 1964 1042 2005 profiten5‚

309 2005 433 2035 mollem
459 2015 551 2034 suum
575 2011 606 2036 et
628 2015 736 2047 parum
763 2005 880 2036 virilem
905 2005 1044 2036 animum

310 2046 393 2077 haud
420 2045 608 2077 dissimulat.
652 2047 760 2077 Talem
785 2046 879 2087 igitur
903 2047 966 2078 fere
996 2057 1045 2078 se-

309 2092 374 2118 met
408 2087 510 2129 ipsum
546 2087 577 2117 in
614 2088 672 2118 hoc
709 2088 846 2118 carmine
883 2088 1046 2130 descripsit

309 2134 413 2171 poeta,
459 2128 540 2159 ualis
565 2129 648 2171 apud
670 2129 850 2160 Terentium
877 2129 910 2160 in
934 2131 1044 2160 Eunu-

311 2171 371 2202 cho
406 2140 566 2202 inducitur
602 2170 756 2205 Phaedria,
790 2171 856 2211 qui,
888 2172 1044 2212 quomodo

311 2213 482 2243 amantium
514 2212 609 2242 animi
638 2213 729 2242 modo
757 2212 818 2243 huc
850 2213 939 2243 modo
967 2213 1043 2244 illuc

309 2253 512 2295 impellantur
534 2259 563 2284 et
588 2254 754 2295 agitentur,
778 2264 832 2296 pro
857 2253 970 2285 illustri
989 2266 1043 2286 ex-

311 2296 415 2337 emplo
431 2295 535 2326 haberi
550 2301 661 2337 potest.

358 2339 450 2368 1—4.
475 2338 569 2374 Petri,
584 2338 662 2367 nihil
677 2348 733 2372 me,
748 2339 826 2367 sicut
841 2339 1044 2377 antea,j1wat

308 2379 446 2410 Scribere
459 2380 617 2410 versiculos
632 2380 739 2410 Amore
752 2390 920 2419 percussum
934 2381 1023 2420 gravi
1035 2391 1042 2408 τ

307 2430 347 2451 ex
364 2431 425 2462 quo
441 2426 578 2462 tempore
593 2431 695 2452 amore
715 2420 887 2456 excrucior,
904 2431 964 2450 non
981 2430 1046 2450 am-

309 2462 405 2504 plius.
423 2468 457 2494 ut
478 2468 561 2500 ante,
576 2463 741 2493 Musarum
765 2462 877 2493 studiis
899 2463 1046 2493 delector.

311 2505 416 2536 Amore
430 2515 599 2543 percussum
620 2507 722 2544 gravi,
739 2503 770 2534 h.
787 2514 815 2534 e.
838 2504 1010 2534 sauciatum
1027 2514 1046 2535 a

310 2546 395 2586 gravi
419 2547 500 2581 Deo,
518 2546 654 2585 Amore3
678 2556 750 2576 nam
773 2546 799 2576 si
817 2547 919 2581 Amor,
941 2551 976 2576 ut
996 2556 1044 2576 se·-

309 2588 441 2629 quentia
465 2588 636 2630 postulant,
654 2588 718 2629 jam
742 2587 819 2617 deus
842 2593 898 2622 est.
918 2588 974 2628 qui
996 2597 1044 2618 sa-

310 2629 397 2669 gittis
419 2629 484 2660 suis
501 2629 660 2661 hominum
682 2628 804 2659 animos
819 2629 962 2670 percutit,
982 2639 1044 2660 non

306 2672 476 2710 perculsum
508 2681 579 2701 cum
613 2671 755 2706 Mitsch.‚
789 2670 843 2701 sed
873 2682 1045 2710 percussum

311 2722 382 2743 cum
405 2713 512 2743 Bentl.
536 2713 703 2753 legendum
725 2718 785 2743 est.
834 2713 994 2743 Perculsus
1016 2717 1047 2743 et

308 2764 463 2793 percussus
486 2754 517 2784 in
533 2754 678 2785 omnibus
693 2764 780 2795 paeue
795 2759 931 2784 veterum
948 2754 1045 2795 scrip·

308 2796 427 2826 toribus
449 2796 643 2826 librariorum
667 2795 819 2836 imperitia
842 2801 952 2827 temere
976 2806 1045 2837 per-

308 2843 424 2868 mutata
450 2844 541 2868 sunt:
567 2838 631 2868 vid.
651 2837 756 2867 Bentl.
772 2837 810 2867 ad
827 2837 860 2867 h.
875 2837 897 2867 1.
911 2842 943 2867 et
964 2838 1044 2868 Dra-

307 2879 401 2909 kenb.
430 2879 469 2910 ad
491 2879 547 2910 Sil.
575 2879 650 2910 Ital.
675 2878 708 2914 ii,
730 2879 804 2910 213.
849 2879 970 2913 Gravis,
995 2885 1043 2910 est

306 2921 390 2951 enim
407 2920 505 2952 Amor
523 2921 594 2959 θεὸς
610 2921 731 2962 βαρὺς,
754 2919 872 2958 δεινός.
919 2922 980 2955 Qui
1001 2932 1043 2951 me

1081 1553 1188 1586 praeter
1207 1557 1302 1577 omnes
1319 1548 1569 1587 expetit—urere,
1583 1545 1740 1587 eleganter
1761 1555 1816 1587 pro

1084 1588 1215 1628 vulgari,
1239 1588 1293 1629 qui
1318 1593 1367 1619 me
1390 1588 1532 1631 inprimis
1558 1587 1630 1620 urit.
1674 1586 1819 1618 Mollibus

1083 1630 1116 1659 in
1139 1631 1242 1669 pueris
1267 1636 1322 1660 aut
1347 1632 1381 1660 in
1403 1631 1525 1670 puellis.
1569 1625 1619 1660 De
1648 1628 1816 1664 locutione,

1082 1682 1170 1702 urere
1198 1674 1231 1702 in
1259 1673 1360 1712 aliquo
1387 1679 1415 1703 et
1445 1673 1561 1712 aliqua,
1589 1677 1624 1701 ut
1651 1673 1757 1702 ardere
1786 1676 1819 1701 et

1083 1718 1208 1743 aestuare
1231 1714 1263 1743 in
1287 1715 1402 1754 aliqua,
1451 1724 1494 1748 ro,
1517 1713 1556 1744 ob
1581 1713 1730 1754 aliquam,
1755 1712 1820 1743 vid.

1086 1754 1198 1785 Heins.
1217 1755 1255 1785 ad
1279 1755 1375 1786 Ovid‚
1398 1756 1421 1786 Ji
1438 1759 1479 1786 et.
1501 1754 1544 1790 iv,
1561 1756 1636 1792 234,
1650 1761 1682 1785 et
1696 1754 1816 1784 Brouk·

1087 1796 1159 1826 hus.
1193 1796 1233 1827 ad
1261 1796 1380 1829 Tibull.
1413 1797 1436 1833 i,
1466 1798 1498 1833 7,
1529 1797 1582 1827 40.
1626 1796 1678 1827 Me
1709 1797 1818 1836 expetit

1087 1848 1186 1875 urere,
1202 1839 1323 1874 Graece,
1341 1844 1374 1869 ut
1387 1849 1436 1870 me
1450 1843 1530 1869 urat.

1130 1881 1246 1911 5—10.
1270 1881 1332 1911 Hic
1349 1882 1456 1911 tertius
1470 1880 1754 1911 December—silvis
1767 1879 1818 1909 lm-

1085 1932 1183 1954 norera
1214 1924 1340 1959 decutit,
1367 1928 1473 1953 ornate
1501 1931 1568 1964 pro,
1598 1921 1706 1952 tertius
1735 1930 1819 1951 nunc

1086 1969 1133 1994 est
1147 1973 1259 1994 annus·
1291 1964 1450 1999 Honorem,
1468 1964 1560 1994 folia:
1579 1962 1670 2004 Virg.
1689 1962 1769 1994 Geo.
1785 1962 1819 1998 ii,

1087 2006 1163 2040 404,
1185 2005 1328 2046 Frigidus
1347 2013 1375 2036 et
1397 2007 1478 2037 siluis
1494 2005 1604 2045 Aquilo
1621 2005 1748 2036 domuit
1767 2005 1819 2034 Ῐιο-

1088 2057 1200 2077 norem.
1245 2047 1371 2078 Inachia
1382 2047 1507 2088 jin-ere,
1526 2047 1567 2078 ob
1587 2045 1746 2088 Inachiam
1769 2046 1819 2077 fu-

1087 2098 1162 2123 rere,
1191 2088 1296 2124 furori,
1323 2099 1384 2130 quo
1415 2088 1547 2120 Inachia
1569 2098 1619 2119 me
1645 2093 1819 2130 correptum

1087 2131 1223 2167 tenebat,
1256 2130 1428 2171 indulgere.
1473 2131 1533 2160 Per·
1568 2131 1669 2161 urbem
1702 2129 1821 2162 Fabula

1087 2179 1201 2211 quanta
1216 2172 1298 2212 sui!
1320 2172 1475 2213 quomodo
1501 2182 1554 2213 per
1579 2181 1634 2202 ora
1660 2170 1820 2202 hominum

1087 2212 1249 2244 traductus
1265 2213 1332 2244 fui!
1375 2214 1497 2244 Fabulae
1512 2214 1670 2250 dicuntur,
1686 2213 1741 2254 qui
1757 2223 1820 2244 ser-

1086 2255 1231 2285 monibus
1258 2254 1397 2285 omnium
1421 2255 1691 2291 circumferuntur,
1717 2253 1819 2285 riden-

1087 2300 1148 2330 tur,
1193 2296 1411 2335 diffamantur;
1449 2297 1591 2338 exempla
1631 2295 1692 2327 vid.
1736 2297 1821 2338 apud

1089 2337 1198 2368 Heius.
1222 2338 1260 2368 ad
1286 2337 1380 2368 ovid.
1405 2339 1474 2368 Art.
1493 2338 1569 2368 Am.
1595 2337 1630 2374 ii,
1654 2338 1728 2370 561.
1771 2339 1820 2369 Si-

1087 2380 1231 2409 lentimn:
1255 2380 1293 2410 de
1309 2379 1444 2417 silentio,
1460 2379 1571 2411 amoris
1585 2379 1685 2420 signo,
1701 2380 1742 2412 cf.
1759 2379 1821 2411 Ca-

1088 2420 1158 2452 tull.
1171 2421 1205 2457 li,
1218 2422 1257 2452 9:
1275 2421 1314 2452 cf.
1331 2431 1402 2463 sup.
1416 2422 1456 2458 iv,
1473 2423 1501 2458 1,
1516 2423 1556 2452 35
1571 2422 1672 2461 etv36.
1693 2423 1820 2463 Arguit,

1088 2462 1200 2504 prodit,
1220 2462 1348 2504 μηνύω
1373 2473 1444 2505 sup.
1463 2463 1485 2499 i,
1504 2464 1554 2498 13,
1572 2463 1604 2499 7,
1621 2463 1725 2494 hunwr
1741 2470 1768 2494 et
1789 2466 1822 2495 in

1085 2515 1179 2545 genas
1196 2505 1316 2536 Furtim
1337 2506 1463 2543 labitur,
1479 2515 1620 2546 arguem,
1638 2505 1734 2539 Quam
1755 2506 1820 2536 len-

1091 2548 1128 2576 tis
1140 2548 1259 2586 penitus
1275 2558 1404 2578 macerer
1424 2548 1557 2587 ignibus.
1601 2546 1643 2576 Et
1661 2547 1753 2577 latere
1769 2557 1822 2586 pe-

1090 2589 1164 2618 titus
1178 2590 1233 2618 imo
1248 2590 1384 2628 spiritus,
1399 2594 1504 2619 ornate
1521 2598 1584 2630 pro,
1600 2587 1663 2618 alta
1678 2588 1823 2631 suspiria.

1089 2629 1140 2660 Cl.
1168 2629 1299 2661 Mitsch.
1326 2634 1485 2682 comparat
1507 2629 1643 2661 (tanim.
1674 2630 1729 2671 Ep.
1757 2630 1821 2666 xlv,

1092 2673 1120 2707 l,
1137 2671 1260 2709 ’Ἕλκος
1280 2672 1369 2712 ἔχων
1394 2684 1410 2702 ο
1430 2673 1538 2708 ξεῖνος
1558 2671 1753 2703 ἐλάνθανεν·
1777 2672 1822 2710 ὡς

1090 2713 1231 2764 ἀνιηρὸν
1246 2715 1383 2755 Πνεῦμα
1397 2712 1449 2744 διὰ
1461 2711 1622 2752 στηθέων,
1634 2711 1726 2750 εἶδες,
1739 2713 1822 2753 ἀνη-

1115 2767 1134 2785 α
1162 2766 1224 2786 ετο.

1091 2768 1110 2796 γ
1134 2767 1270 2826 iyl--18-
1295 2796 1444 2827 Contrane
1459 2796 1589 2830 lucrum.
1604 2801 1679 2826 cett.
1712 2797 1823 2828 Nexus

1088 2844 1117 2869 et
1140 2847 1248 2868 sensus
1273 2837 1364 2879 hujus
1385 2837 1479 2879 paulo
1501 2837 1703 2878 impeditioris
1719 2845 1751 2868 et
1767 2839 1822 2868 ob-

1085 2879 1230 2910 scurioris
1245 2879 1318 2915 loci,
1331 2885 1366 2910 ut
1380 2879 1455 2910 mihi
1469 2877 1598 2916 videtur,
1612 2885 1660 2910 est
1674 2879 1734 2910 fere
1749 2879 1800 2911 hic
1813 2891 1821 2910 ε

1087 2927 1120 2952 tu
1139 2921 1215 2963 ipse,
1235 2921 1330 2956 Petti,
1347 2926 1419 2952 ante
1435 2927 1495 2952 tres
1510 2930 1609 2952 annos
1625 2920 1712 2952 testis
1728 2920 1824 2958 suisti,
