1884 3288
11 3061 12 3064 „
0 3020 15 3039 ’τ’
0 2939 15 3003 ·*·':;·:
0 2821 19 2925 affin-'¹:³³³

646 202 872 246 LIBER
903 202 940 253 I,
972 204 1041 245 934.

1555 203 1612 244 49

417 309 651 351 Dimovere
671 307 860 357 lacertae,

473 376 534 418 Et
555 375 688 418 corde
709 381 754 417 et
773 375 959 431 genibus
981 375 1138 416 tremit.

362 442 501 499 Atqui
522 459 607 486 non
626 459 708 500 ego
730 451 788 494 te,
811 442 935 498 tigris
957 449 1006 485 ut
1033 457 1202 496 aspera,

276 513 328 554 10
358 512 617 555 Gaetulusve
638 511 722 562 leo,
745 510 946 567 frangere
966 524 1224 565 persequor.

417 580 620 623 Tandem
641 580 791 622 desine
812 586 995 621 matrem

475 648 759 704 Tempestiva
780 646 904 702 sequi
925 647 1030 687 viro.

596 825 874 868 CARMEN
909 825 1086 868 XXIV.

629 967 699 999 AD
724 966 1048 1011 VIRGJLIUM.

361 1065 477 1114 Qms
498 1066 718 1108 desiderio
741 1066 798 1108 sit
819 1065 962 1121 pudor
984 1073 1061 1106 aut
1081 1065 1236 1106 modus

358 1133 471 1175 Tam
493 1134 582 1176 cari
603 1135 786 1191 capitis?
821 1134 1020 1188 Praecipe
1042 1132 1252 1189 lugubres
1338 1186 1349 1192 -

359 1201 541 1253 Cantus,
564 1202 857 1259 Melpomene,
881 1203 951 1244 cui
971 1201 1181 1258 liquidam
1203 1202 1337 1244 Pater

418 1271 585 1314 Vocem
606 1287 704 1314 cum
725 1271 894 1314 cithara
914 1271 1051 1313 dedit.

299 1340 327 1381 5
359 1339 482 1395 Ergo
504 1340 792 1388 Quinctilium
813 1347 1055 1396 perpetuus
1075 1353 1207 1394 sopor

90 1465 164 1497 lane
177 1464 352 1507 ,ingeniose
367 1470 400 1496 et
424 1463 586 1496 levissima
609 1463 785 1495 mutatione
802 1473 820 1494 a

101 1507 219 1541 entleio
246 1508 420 1540 constituta
447 1507 556 1544 lectio,
580 1508 635 1539 ubi
664 1509 763 1548 vepris
790 1513 822 1538 et

68 1553 164 1584 rubus
189 1550 314 1594 egregie
343 1551 405 1583 sibi
435 1551 640 1594 respondent,
671 1561 754 1587 eam,
787 1551 820 1580 in

69 1600 191 1628 textum
208 1601 378 1637 receptam,
399 1601 529 1626 secutus
545 1605 630 1626 sum.
655 1595 822 1625 Mobilibus

58 1638 154 1679 foliis
175 1639 346 1675 inhorruit,
370 1637 550 1680 ἀορίστως,
562 1636 628 1669 leni
653 1637 820 1668 mobilium

70 1681 219 1714 soliorum
242 1681 379 1718 horrore,
407 1681 482 1712 h.e.
499 1680 672 1723 agitatione
698 1680 820 1722 impelli

70 1725 164 1757 solet.
209 1725 258 1756 Ad
287 1731 425 1760 ventum,
455 1723 488 1755 h.
519 1734 549 1756 e.
576 1724 673 1756 flante
702 1729 818 1754 vento:

71 1767 170 1802 Ovid.
184 1768 282 1799 Trist.
298 1767 322 1804 i,
343 1770 392 1805 10,
407 1768 441 1804 3,
467 1767 535 1798 Sive
560 1778 634 1807 opus
663 1773 706 1798 est
733 1768 819 1802 velis,

70 1813 228 1844 minimam
242 1813 314 1843 bene
328 1812 429 1842 currit
447 1811 510 1853 (sc.
526 1809 634 1851 navis)
645 1811 684 1841 ad
696 1821 820 1846 auram,

70 1855 105 1888 h.
120 1865 150 1888 e.
165 1853 300 1886 minima
313 1864 389 1886 aura
408 1854 516 1885 flante.

115 1899 238 1931 9—12.
263 1897 406 1930 Gaetulus
429 1898 484 1932 leo,
501 1896 551 1928 leo
568 1895 741 1928 Africanus
766 1905 822 1938 pro

72 1941 185 1984 quovis
199 1940 274 1978 alio,
289 1941 367 1983 quia
381 1940 510 1972 leonum
532 1949 646 1982 parens
667 1944 699 1970 et
714 1938 821 1970 nutrix

71 1989 121 2017 est
135 1983 261 2020 Africa,
277 1983 372 2027 cujus
384 1993 457 2026 pars
469 1983 623 2015 Gaetulia.
673 1982 713 2013 Te
722 1983 823 2023 fran-

68 2039 144 2070 gere
155 2038 328 2069 persequor,
346 2028 460 2059 Graece
475 2037 542 2068 pro,
555 2031 586 2058 te
601 2025 822 2066 frangendam,

72 2073 179 2104 velut
201 2076 232 2102 te
257 2070 423 2113 frangam:
447 2070 616 2112 frangere,
643 2069 682 2100 de
707 2068 824 2099 belluis

70 2113 312 2146 immanioribus
338 2124 406 2157 pro,
432 2113 624 2155 discerpere,
654 2111 821 2147 dilaniare,

72 2157 239 2202 ἁγνύναι.
287 2157 474 2198 Tempestiva
500 2158 576 2192 viro,
595 2156 626 2186 h.
641 2166 670 2187 e.
688 2154 820 2190 nubilis.

70 2201 96 2234 ὦ
119 2202 179 2234 aiu
195 2201 321 2245 γάμου.
364 2199 511 2232 Suaviter
525 2199 666 2242 puellam
680 2197 823 2229 nubilem

106 2245 165 2288 irg.
198 2245 279 2278 AEn.
307 2242 363 2281 vii,
393 2245 436 2275 53
469 2242 624 2274 describit
652 2242 712 2277 sic,
751 2241 822 2272 Jam

22 2308 23 2316 κ
71 2295 196 2320 matura
209 2289 288 2325 viro,
295 2289 367 2329 jam
380 2287 480 2328 plenis
495 2287 612 2318 nubilis
626 2285 727 2316 tinnis.

269 2372 473 2406 CARMEN
497 2372 627 2404 XXIV.

118 2416 304 2460 Virgilium.
327 2416 462 2458 graviter
476 2416 516 2448 de
531 2421 631 2447 morte
652 2413 824 2452 Quinctilii

73 2460 251 2498 dolentem,
264 2459 498 2496 consolaturus,
515 2457 702 2490 consolandi
726 2457 822 2488 ratio-

74 2514 150 2537 nem
179 2504 240 2536 init
268 2503 364 2545 longe
402 2502 693 2546 prudentissimam.
749 2501 823 2532 Non

73 2549 172 2584 enim,
210 2557 284 2590 quae
323 2546 482 2589 sapientes
520 2545 560 2577 de
599 2543 824 2588 supprimendo

73 2591 182 2624 dolore
204 2591 331 2634 jactare
355 2589 473 2626 solent,
497 2594 659 2637 praecepta
685 2587 822 2629 repetit;

74 2633 132 2668 sed
152 2634 277 2677 justum
305 2633 458 2676 piumque
483 2632 523 2664 de
549 2630 705 2662 carissimi
730 2630 824 2662 amici

75 2683 175 2711 morte
200 2677 339 2709 dolorem
363 2676 486 2719 probat,
512 2674 609 2705 immo
635 2674 824 2705 mollissimo

74 2720 174 2755 animi
187 2719 304 2752 affectu
321 2719 353 2751 in
369 2719 440 2761 ejus
455 2718 637 2750 societatem
665 2716 763 2754 venit,
779 2723 823 2754 et,

73 2763 214 2798 laudatis
223 2762 362 2805 *singulis
369 2761 542 2800 Quinctilii
555 2761 823 2798 virtutibus,eum,

75 2807 133 2851 qui
155 2817 220 2839 non
243 2808 344 2838 solum
362 2816 382 2838 a
399 2805 548 2846 Virgilio,
564 2814 758 2847 quamquam
783 2806 823 2836 ab

74 2860 114 2890 βο
166 2849 301 2893 aecipue,
317 2849 371 2882 sed
398 2848 494 2880 etiam
511 2847 552 2879 ab
567 2848 716 2879 omnibus
732 2847 823 2879 bonis

75 2892 110 2930 ,dr
139 2899 240 2931 eatur,
255 2892 478 2935 dignissimum
496 2902 565 2923 esse
587 2891 651 2931 ait3
674 2896 706 2922 et
721 2889 767 2922 sic
783 2891 823 2922 ad

75 2937 278 2980 patientiam,
301 2945 367 2978 qua
390 2934 495 2966 levius
523 2934 641 2966 seratur
669 2934 824 2976 quidquid

77 2979 192 3013 mutari
216 2979 339 3022 nequit,
365 2977 502 3020 Virgilio
524 2977 824 3013 commendandam,

77 3022 203 3066 egregie
226 3023 288 3054 sibi
311 3022 396 3054 viam
420 3021 535 3054 munit.
579 3020 739 3063 Scriptum
767 3022 824 3054 hoc

865 1474 992 1495 carmen
1018 1475 1090 1496 esse
1117 1465 1158 1496 ad
1189 1474 1338 1505 magnum
1370 1463 1460 1495 illum
1490 1469 1614 1506 poetam

866 1508 1051 1545 Maronem,
1085 1519 1160 1539 cum
1195 1518 1235 1538 ex
1270 1518 1395 1538 summa
1429 1518 1501 1549 quae
1536 1507 1617 1538 inter

867 1556 1036 1593 utrumque
1062 1557 1185 1594 poetam
1202 1551 1303 1592 viguit
1320 1550 1470 1586 amicitia,
1492 1556 1558 1581 tum
1577 1561 1615 1581 ex

868 1605 897 1625 v.
933 1595 982 1630 13,
1020 1596 1055 1626 14
1093 1594 1202 1636 colligi
1243 1601 1356 1637 potest.
1417 1594 1617 1632 Quinctilius

865 1643 970 1669 autem
990 1637 1073 1669 idem
1095 1649 1164 1670 esse
1187 1637 1320 1674 videtur,
1347 1638 1440 1679 cujus
1455 1639 1617 1678 judicium

865 1688 991 1712 acutum
1013 1687 1046 1712 et
1063 1692 1199 1712 severum
1222 1681 1280 1712 inf.
1303 1681 1336 1712 in
1364 1679 1467 1722 Epist.
1486 1680 1525 1711 ad
1551 1681 1617 1712 Pis.

865 1734 897 1754 v.
929 1725 992 1755 438
1026 1724 1186 1759 laudatur,
1219 1725 1258 1755 de
1297 1735 1361 1765 quo
1401 1723 1617 1766 Hieronymus

867 1766 991 1798 Chron.
1024 1768 1145 1798 Euseb.
1171 1767 1210 1797 ad
1237 1767 1372 1808 Olymp.
1401 1769 1597 1802 ‹t1.xxx1x‚l

867 1810 932 1849 (U.
950 1811 989 1842 C.
1007 1813 1182 1845 Dccxxrx)
1201 1810 1270 1841 haec
1287 1815 1396 1841 notat:
1424 1810 1617 1844 Quinctilius

868 1853 1086 1890 Cremonensis,
1107 1854 1235 1896 Virgilii
1245 1860 1273 1884 et
1292 1853 1616 1895 Horatiifamiliaris,

865 1898 1008 1927 moritur.

914 1940 1008 1970 1-4,
1026 1939 1103 1974 Quis
1115 1941 1262 1970 desiderio
1272 1941 1312 1970 sit
1327 1940 1426 1978 pudor
1438 1945 1494 1969 aut
1511 1941 1616 1970 modus

870 1981 943 2012 Tam
954 1986 1019 2013 cari
1029 1984 1160 2023 capitis?
1175 1993 1270 2024 quam
1290 1982 1422 2025 pulchre
1435 1988 1467 2012 et
1479 1983 1618 2014 breviter

867 2035 922 2066 pro
938 2026 1073 2066 vulgari,
1091 2025 1157 2062 cui,
1171 2036 1292 2068 quaeso,
1315 2025 1460 2056 dedecori
1477 2025 1519 2056 sit
1533 2025 1617 2057 desi-

867 2067 988 2099 derium
1011 2079 1074 2111 quo
1087 2074 1150 2099 tam
1166 2079 1258 2100 carus
1275 2069 1398 2100 amicus
1413 2068 1617 2109 efflagitatur.

867 2112 916 2142 vel
942 2111 1014 2154 quis
1040 2111 1167 2143 modum
1192 2113 1224 2143 in
1246 2123 1284 2143 eo
1305 2119 1420 2146 tenere.
1436 2113 1464 2142 h.
1482 2122 1510 2143 e.
1527 2114 1567 2143 ab
1582 2123 1620 2144 eo

868 2155 927 2185 sibi
946 2161 1130 2198 temperare,
1147 2156 1275 2187 valeatl
1316 2155 1390 2186 Tam
1407 2157 1474 2186 cari
1489 2158 1618 2196 cupitis.-

870 2203 932 2228 tam
950 2199 1024 2230 boni
1041 2205 1072 2230 et
1089 2198 1195 2230 dilecti
1212 2198 1319 2236 amici,
1336 2200 1437 2241 φίλης
1458 2200 1619 2241 κεφαλῆς.

870 2242 1018 2281 Ρτιιείρε,
1044 2242 1075 2272 h.
1092 2252 1119 2273 e.
1137 2242 1215 2273 doce
1240 2253 1291 2274 me
1315 2252 1440 2278 canere,
1466 2241 1619 2284 praecine.

869 2285 976 2316 Musae
1011 2285 1107 2326 igitur
1135 2286 1264 2327 delegat
1299 2291 1416 2328 partes,
1445 2296 1524 2328 quas
1555 2297 1619 2328 prae

869 2327 986 2359 doloris
1004 2329 1160 2369 gravitate
1177 2340 1211 2360 se
1227 2329 1331 2371 ipsum
1349 2329 1504 2361 sustinere
1527 2340 1620 2371 posse

868 2371 1036 2414 desperat3
1058 2372 1147 2403 etsie
1163 2372 1279 2414 passim
1296 2379 1398 2415 poetae
1412 2383 1460 2404 res
1468 2373 1621 2413 gravioris

869 2415 1021 2446 momenti
1048 2415 1154 2446 Musis
1169 2415 1390 2447 memorandas
1403 2416 1619 2447 demandant:

868 2459 911 2489 cf.
931 2459 1052 2490 Catull.
1068 2458 1170 2495 lxviii,
1187 2461 1251 2497 45;
1277 2459 1367 2501 Virg.
1385 2459 1456 2490 Ecl.
1473 2459 1538 2496 viii,
1555 2461 1617 2491 63:

869 2502 1056 2533 translatum
1083 2509 1189 2533 autem
1215 2509 1265 2534 est
1289 2504 1327 2534 τὸ
1354 2504 1518 2543 praecipere
1544 2514 1561 2534 e
1589 2514 1621 2534 re

869 2545 1009 2580 scenica,
1026 2546 1082 2576 ubi
1103 2546 1192 2577 chori
1209 2546 1351 2588 magistri
1366 2547 1510 2577 carmina
1527 2546 1622 2577 choro

870 2588 1016 2620 canenda
1031 2591 1228 2630 qni-acipiunt,
1247 2591 1276 2620 b.
1290 2600 1319 2620 e.
1335 2589 1523 2632 praecinunt.
1567 2590 1621 2620 Li-

869 2634 1005 2672 quidum,
1033 2633 1062 2663 h.
1078 2642 1108 2663 e.
1136 2632 1269 2670 claram,
1297 2643 1454 2668 sonoram,
1479 2633 1620 2665 dulciso-

870 2685 942 2705 nam
957 2687 965 2712 ς
990 2676 1035 2707 sic
1054 2675 1138 2718 apud
1157 2677 1251 2707 Ovid.
1265 2677 1339 2707 Am.
1351 2677 1374 2711 i,
1394 2677 1446 2711 13,
1463 2678 1495 2711 8,
1512 2677 1620 2717 Liqui-

869 2720 943 2749 dum
959 2725 1085 2750 camare
1100 2719 1250 2751 dicuntur
1266 2730 1352 2755 aves,
1369 2719 1486 2761 quibus
1503 2721 1622 2751 Lucre-

870 2761 932 2793 tius
947 2772 978 2798 ν,
998 2763 1093 2797 1378,
1110 2774 1190 2794 voees
1207 2765 1340 2804 liquidas
1354 2761 1476 2794 tribuit.
1516 2763 1622 2801 Pater,

869 2805 899 2836 h.
915 2815 944 2836 e.
960 2806 1099 2847 Jupiter,
1123 2805 1179 2848 qui
1204 2808 1318 2838 Musas
1344 2817 1383 2837 ex
1410 2807 1622 2849 Mnemosyne

868 2858 1050 2891 procreasse
1067 2849 1194 2880 dicitur.

912 2892 1009 2922 5—8.
1035 2892 1119 2930 Ergo
1133 2893 1340 2928 Quinctilium
1357 2898 1522 2933 perpetuus
1536 2903 1622 2933 sopor

874 2934 996 2977 Urget?
1012 2946 1068 2977 pro
1085 2936 1218 2974 vulgari,
1230 2946 1304 2977 ergo
1322 2935 1520 2972 Quinctilius
1536 2946 1620 2966 mor-

870 2983 943 3010 tuus
972 2980 1043 3009 est‘!
1109 2979 1280 3019 Perpetuus
1310 2991 1418 3018 sopor.-
1456 2989 1542 3018 sopor
1574 2980 1622 3010 vel

869 3032 998 3058 somnus,
1031 3021 1086 3064 qui
1123 3023 1189 3053 leti
1226 3025 1470 3064 consanguineus
1509 3021 1622 3064 (Virg.
