<?xml version="1.0" encoding="UTF-8"?>
<!DOCTYPE html PUBLIC "-//W3C//DTD XHTML 1.0 Transitional//EN"
    "http://www.w3.org/TR/xhtml1/DTD/xhtml1-transitional.dtd">
<html xmlns="http://www.w3.org/1999/xhtml" xml:lang="en" lang="en">
 <head>
  <title>
</title>
<meta http-equiv="Content-Type" content="text/html;charset=utf-8" />
  <meta name='ocr-system' content='tesseract 3.04.00' />
  <meta name='ocr-capabilities' content='ocr_page ocr_carea ocr_par ocr_line ocrx_word'/>
</head>
<body>
  <div class='ocr_page' id='page_1' title='image "./operahorac00horauoft_0586.png"; bbox 0 0 1904 3314; ppageno 0'>
   <div class='ocr_carea' id='block_1_1' title="bbox 346 209 430 250">
    <p class='ocr_par' dir='ltr' id='par_1_1' title="bbox 346 209 430 250">
     <span class='ocr_line' id='line_1_1' title="bbox 346 209 430 250; baseline 0 0"><span class='ocrx_word' id='word_1_1' title='bbox 346 209 430 250; x_wconf 77' lang='lat'><strong>546</strong></span> 
     </span>
    </p>
   </div>
   <div class='ocr_carea' id='block_1_2' title="bbox 658 205 1535 250">
    <p class='ocr_par' dir='ltr' id='par_1_2' title="bbox 658 205 1535 250">
     <span class='ocr_line' id='line_1_2' title="bbox 658 205 1535 250; baseline -0.002 -1"><span class='ocrx_word' id='word_1_2' title='bbox 658 205 1019 250; x_wconf 88' lang='lat' dir='ltr'><strong>EPISTOLA</strong></span> <span class='ocrx_word' id='word_1_3' title='bbox 1069 205 1164 246; x_wconf 95' lang='lat' dir='ltr'><strong>AD</strong></span> <span class='ocrx_word' id='word_1_4' title='bbox 1216 205 1535 247; x_wconf 84' lang='lat' dir='ltr'>PISONES.</span> 
     </span>
    </p>
   </div>
   <div class='ocr_carea' id='block_1_3' title="bbox 354 307 1760 1354">
    <p class='ocr_par' dir='ltr' id='par_1_3' title="bbox 462 307 1575 495">
     <span class='ocr_line' id='line_1_3' title="bbox 463 307 1575 362; baseline -0.002 -13"><span class='ocrx_word' id='word_1_5' title='bbox 463 307 560 349; x_wconf 88' lang='lat' dir='ltr'><strong>Nec</strong></span> <span class='ocrx_word' id='word_1_6' title='bbox 581 308 692 350; x_wconf 83' lang='lat' dir='ltr'><strong>circa</strong></span> <span class='ocrx_word' id='word_1_7' title='bbox 713 308 835 349; x_wconf 90' lang='lat' dir='ltr'><strong>vilem</strong></span> <span class='ocrx_word' id='word_1_8' title='bbox 856 307 1133 362; x_wconf 88' lang='lat' dir='ltr'><strong>patulumque</strong></span> <span class='ocrx_word' id='word_1_9' title='bbox 1153 307 1384 348; x_wconf 79' lang='lat' dir='ltr'>moraberis</span> <span class='ocrx_word' id='word_1_10' title='bbox 1406 309 1575 356; x_wconf 81' lang='lat' dir='ltr'><strong>orbem3</strong></span> 
     </span>
     <span class='ocr_line' id='line_1_4' title="bbox 462 374 1432 416; baseline -0.002 0"><span class='ocrx_word' id='word_1_11' title='bbox 462 374 560 416; x_wconf 90' lang='lat' dir='ltr'><strong>Nec</strong></span> <span class='ocrx_word' id='word_1_12' title='bbox 580 376 756 416; x_wconf 88' lang='lat' dir='ltr'><strong>verbum</strong></span> <span class='ocrx_word' id='word_1_13' title='bbox 775 376 907 416; x_wconf 85' lang='lat' dir='ltr'><strong>verbo</strong></span> <span class='ocrx_word' id='word_1_14' title='bbox 928 375 1096 416; x_wconf 88' lang='lat' dir='ltr'><strong>curabis</strong></span> <span class='ocrx_word' id='word_1_15' title='bbox 1116 374 1297 415; x_wconf 84' lang='lat' dir='ltr'>reddere</span> <span class='ocrx_word' id='word_1_16' title='bbox 1317 374 1432 414; x_wconf 87' lang='lat' dir='ltr'><strong>fidus</strong></span> 
     </span>
     <span class='ocr_line' id='line_1_5' title="bbox 463 439 1473 495; baseline -0.003 -13"><span class='ocrx_word' id='word_1_17' title='bbox 463 441 680 495; x_wconf 87' lang='lat' dir='ltr'><strong>Interpres</strong></span> <span class='ocrx_word' id='word_1_18' title='bbox 698 459 708 491; x_wconf 80' lang='lat'><em>3</em></span> <span class='ocrx_word' id='word_1_19' title='bbox 739 455 816 482; x_wconf 91' lang='lat' dir='ltr'><strong>nec</strong></span> <span class='ocrx_word' id='word_1_20' title='bbox 837 439 1008 481; x_wconf 84' lang='lat' dir='ltr'><strong>desilies</strong></span> <span class='ocrx_word' id='word_1_21' title='bbox 1029 440 1213 481; x_wconf 80' lang='lat' dir='ltr'>imitator</span> <span class='ocrx_word' id='word_1_22' title='bbox 1233 440 1275 479; x_wconf 92' lang='lat' dir='ltr'><strong>in</strong></span> <span class='ocrx_word' id='word_1_23' title='bbox 1297 447 1473 488; x_wconf 83' lang='lat' dir='ltr'><strong>arctum,</strong></span> 
     </span>
    </p>

    <p class='ocr_par' dir='ltr' id='par_1_4' title="bbox 354 504 1637 818">
     <span class='ocr_line' id='line_1_6' title="bbox 354 504 1637 560; baseline -0.002 -12"><span class='ocrx_word' id='word_1_24' title='bbox 354 508 433 548; x_wconf 84' lang='lat'><strong>135</strong></span> <span class='ocrx_word' id='word_1_25' title='bbox 465 507 592 548; x_wconf 87' lang='lat' dir='ltr'><strong>Unde</strong></span> <span class='ocrx_word' id='word_1_26' title='bbox 616 507 768 560; x_wconf 90' lang='lat' dir='ltr'><strong>pedem</strong></span> <span class='ocrx_word' id='word_1_27' title='bbox 788 506 981 560; x_wconf 85' lang='lat' dir='ltr'><strong>proferre</strong></span> <span class='ocrx_word' id='word_1_28' title='bbox 1002 506 1142 560; x_wconf 90' lang='lat' dir='ltr'><strong>pudor</strong></span> <span class='ocrx_word' id='word_1_29' title='bbox 1163 513 1276 546; x_wconf 87' lang='lat' dir='ltr'><strong>vetet</strong></span> <span class='ocrx_word' id='word_1_30' title='bbox 1297 513 1370 546; x_wconf 85' lang='lat' dir='ltr'><strong>aut</strong></span> <span class='ocrx_word' id='word_1_31' title='bbox 1391 506 1531 559; x_wconf 89' lang='lat' dir='ltr'><strong>operis</strong></span> <span class='ocrx_word' id='word_1_32' title='bbox 1552 504 1637 546; x_wconf 87' lang='lat' dir='ltr'><strong>lex.</strong></span> 
     </span>
     <span class='ocr_line' id='line_1_7' title="bbox 463 571 1444 626; baseline -0.003 -12"><span class='ocrx_word' id='word_1_33' title='bbox 463 573 560 614; x_wconf 89' lang='lat' dir='ltr'><strong>Nec</strong></span> <span class='ocrx_word' id='word_1_34' title='bbox 582 573 618 613; x_wconf 90' lang='lat' dir='ltr'><strong>si</strong></span> <span class='ocrx_word' id='word_1_35' title='bbox 636 573 825 626; x_wconf 87' lang='lat' dir='ltr'><strong>incipies,</strong></span> <span class='ocrx_word' id='word_1_36' title='bbox 847 579 896 612; x_wconf 87' lang='lat' dir='ltr'><strong>ut</strong></span> <span class='ocrx_word' id='word_1_37' title='bbox 917 573 1100 625; x_wconf 82' lang='lat' dir='ltr'><strong>scriptor</strong></span> <span class='ocrx_word' id='word_1_38' title='bbox 1120 571 1302 625; x_wconf 88' lang='lat' dir='ltr'><strong>cyclicus</strong></span> <span class='ocrx_word' id='word_1_39' title='bbox 1325 571 1444 612; x_wconf 89' lang='lat' dir='ltr'><strong>olim:</strong></span> 
     </span>
     <span class='ocr_line' id='line_1_8' title="bbox 465 636 1562 679; baseline -0.003 0"><span class='ocrx_word' id='word_1_40' title='bbox 465 643 491 660; x_wconf 93' lang='lat'><strong>“</strong></span> <span class='ocrx_word' id='word_1_41' title='bbox 510 638 741 679; x_wconf 87' lang='lat' dir='ltr'>Fortunam</span> <span class='ocrx_word' id='word_1_42' title='bbox 763 637 920 677; x_wconf 86' lang='lat' dir='ltr'><strong>Priami</strong></span> <span class='ocrx_word' id='word_1_43' title='bbox 941 637 1122 677; x_wconf 82' lang='lat' dir='ltr'><strong>cantabo</strong></span> <span class='ocrx_word' id='word_1_44' title='bbox 1143 644 1185 677; x_wconf 92' lang='lat' dir='ltr'><strong>et</strong></span> <span class='ocrx_word' id='word_1_45' title='bbox 1207 636 1348 677; x_wconf 90' lang='lat' dir='ltr'><strong>nobile</strong></span> <span class='ocrx_word' id='word_1_46' title='bbox 1368 636 1562 678; x_wconf 88' lang='lat' dir='ltr'><strong>bellum.”</strong></span> 
     </span>
     <span class='ocr_line' id='line_1_9' title="bbox 465 701 1558 758; baseline -0.002 -13"><span class='ocrx_word' id='word_1_47' title='bbox 465 705 584 752; x_wconf 84' lang='lat' dir='ltr'><strong>Quid</strong></span> <span class='ocrx_word' id='word_1_48' title='bbox 605 705 781 758; x_wconf 85' lang='lat' dir='ltr'><strong>dignum</strong></span> <span class='ocrx_word' id='word_1_49' title='bbox 803 711 920 743; x_wconf 87' lang='lat' dir='ltr'><strong>tanto</strong></span> <span class='ocrx_word' id='word_1_50' title='bbox 942 703 1049 744; x_wconf 86' lang='lat' dir='ltr'><strong>feret</strong></span> <span class='ocrx_word' id='word_1_51' title='bbox 1069 701 1138 743; x_wconf 87' lang='lat' dir='ltr'><strong>hic</strong></span> <span class='ocrx_word' id='word_1_52' title='bbox 1160 703 1390 756; x_wconf 86' lang='lat' dir='ltr'><strong>promissor</strong></span> <span class='ocrx_word' id='word_1_53' title='bbox 1410 703 1558 743; x_wconf 70' lang='lat' dir='ltr'><strong>hiatu?</strong></span> 
     </span>
     <span class='ocr_line' id='line_1_10' title="bbox 464 768 1484 818; baseline -0.003 -6"><span class='ocrx_word' id='word_1_54' title='bbox 464 771 716 812; x_wconf 86' lang='lat' dir='ltr'><strong>Parturiunt</strong></span> <span class='ocrx_word' id='word_1_55' title='bbox 737 778 916 818; x_wconf 90' lang='lat' dir='ltr'><strong>montes,</strong></span> <span class='ocrx_word' id='word_1_56' title='bbox 938 776 1136 809; x_wconf 86' lang='lat' dir='ltr'><strong>nascetur</strong></span> <span class='ocrx_word' id='word_1_57' title='bbox 1155 768 1356 809; x_wconf 89' lang='lat' dir='ltr'><strong>ridiculus</strong></span> <span class='ocrx_word' id='word_1_58' title='bbox 1376 784 1484 810; x_wconf 86' lang='lat' dir='ltr'><strong>mus.</strong></span> 
     </span>
    </p>

    <p class='ocr_par' dir='ltr' id='par_1_5' title="bbox 357 833 1742 1155">
     <span class='ocr_line' id='line_1_11' title="bbox 357 833 1476 889; baseline -0.001 -12"><span class='ocrx_word' id='word_1_59' title='bbox 357 837 437 878; x_wconf 76' lang='lat'><strong>140</strong></span> <span class='ocrx_word' id='word_1_60' title='bbox 467 837 642 883; x_wconf 85' lang='lat' dir='ltr'><strong>Quanto</strong></span> <span class='ocrx_word' id='word_1_61' title='bbox 663 837 822 877; x_wconf 85' lang='lat' dir='ltr'><strong>rectius</strong></span> <span class='ocrx_word' id='word_1_62' title='bbox 844 835 928 884; x_wconf 84' lang='lat' dir='ltr'><strong>hic,</strong></span> <span class='ocrx_word' id='word_1_63' title='bbox 950 835 1023 888; x_wconf 93' lang='lat' dir='ltr'><strong>qui</strong></span> <span class='ocrx_word' id='word_1_64' title='bbox 1043 833 1102 874; x_wconf 87' lang='lat' dir='ltr'><strong>nil</strong></span> <span class='ocrx_word' id='word_1_65' title='bbox 1121 834 1292 875; x_wconf 85' lang='lat' dir='ltr'><strong>molitur</strong></span> <span class='ocrx_word' id='word_1_66' title='bbox 1312 836 1476 889; x_wconf 90' lang='lat' dir='ltr'><strong>inepte:</strong></span> 
     </span>
     <span class='ocr_line' id='line_1_12' title="bbox 466 901 1742 956; baseline 0 -13"><span class='ocrx_word' id='word_1_67' title='bbox 466 906 493 925; x_wconf 92' lang='lat'><strong>“</strong></span> <span class='ocrx_word' id='word_1_68' title='bbox 511 903 596 943; x_wconf 85' lang='lat' dir='ltr'><strong>Die</strong></span> <span class='ocrx_word' id='word_1_69' title='bbox 618 901 731 951; x_wconf 88' lang='lat' dir='ltr'><strong>mihi,</strong></span> <span class='ocrx_word' id='word_1_70' title='bbox 755 902 899 950; x_wconf 86' lang='lat' dir='ltr'><strong>Musa,</strong></span> <span class='ocrx_word' id='word_1_71' title='bbox 921 902 1071 949; x_wconf 91' lang='lat' dir='ltr'><strong>virum,</strong></span> <span class='ocrx_word' id='word_1_72' title='bbox 1093 907 1229 954; x_wconf 83' lang='lat' dir='ltr'><strong>captae</strong></span> <span class='ocrx_word' id='word_1_73' title='bbox 1250 909 1348 954; x_wconf 87' lang='lat' dir='ltr'><strong>post</strong></span> <span class='ocrx_word' id='word_1_74' title='bbox 1369 909 1561 956; x_wconf 85' lang='lat' dir='ltr'><strong>tempora</strong></span> <span class='ocrx_word' id='word_1_75' title='bbox 1580 902 1742 956; x_wconf 85' lang='lat' dir='ltr'><strong>Trojae,</strong></span> 
     </span>
     <span class='ocr_line' id='line_1_13' title="bbox 466 967 1575 1016; baseline 0 -7"><span class='ocrx_word' id='word_1_76' title='bbox 466 970 555 1016; x_wconf 84' lang='lat' dir='ltr'><strong>Qui</strong></span> <span class='ocrx_word' id='word_1_77' title='bbox 573 983 712 1009; x_wconf 87' lang='lat' dir='ltr'><strong>mores</strong></span> <span class='ocrx_word' id='word_1_78' title='bbox 732 968 950 1009; x_wconf 90' lang='lat' dir='ltr'><strong>hominum</strong></span> <span class='ocrx_word' id='word_1_79' title='bbox 972 967 1198 1007; x_wconf 88' lang='lat' dir='ltr'><strong>multorum</strong></span> <span class='ocrx_word' id='word_1_80' title='bbox 1218 967 1324 1008; x_wconf 87' lang='lat' dir='ltr'><strong>vidit</strong></span> <span class='ocrx_word' id='word_1_81' title='bbox 1344 975 1387 1009; x_wconf 93' lang='lat' dir='ltr'><strong>et</strong></span> <span class='ocrx_word' id='word_1_82' title='bbox 1407 969 1575 1009; x_wconf 88' lang='lat' dir='ltr'><strong>urbes.”</strong></span> 
     </span>
     <span class='ocr_line' id='line_1_14' title="bbox 464 1032 1616 1087; baseline -0.001 -11"><span class='ocrx_word' id='word_1_83' title='bbox 464 1035 569 1076; x_wconf 91' lang='lat' dir='ltr'><strong>Non</strong></span> <span class='ocrx_word' id='word_1_84' title='bbox 589 1034 749 1075; x_wconf 90' lang='lat' dir='ltr'><strong>fumum</strong></span> <span class='ocrx_word' id='word_1_85' title='bbox 769 1049 823 1075; x_wconf 86' lang='lat' dir='ltr'><strong>ex</strong></span> <span class='ocrx_word' id='word_1_86' title='bbox 844 1033 1024 1087; x_wconf 87' lang='lat' dir='ltr'><strong>fulgore,</strong></span> <span class='ocrx_word' id='word_1_87' title='bbox 1048 1032 1124 1072; x_wconf 89' lang='lat' dir='ltr'><strong>sed</strong></span> <span class='ocrx_word' id='word_1_88' title='bbox 1146 1047 1200 1072; x_wconf 85' lang='lat' dir='ltr'><strong>ex</strong></span> <span class='ocrx_word' id='word_1_89' title='bbox 1221 1032 1336 1073; x_wconf 87' lang='lat' dir='ltr'><strong>fumo</strong></span> <span class='ocrx_word' id='word_1_90' title='bbox 1357 1034 1460 1074; x_wconf 85' lang='lat' dir='ltr'><strong>dare</strong></span> <span class='ocrx_word' id='word_1_91' title='bbox 1479 1033 1616 1075; x_wconf 89' lang='lat' dir='ltr'><strong>lucem</strong></span> 
     </span>
     <span class='ocr_line' id='line_1_15' title="bbox 466 1098 1535 1155; baseline -0.002 -13"><span class='ocrx_word' id='word_1_92' title='bbox 466 1101 652 1155; x_wconf 79' lang='lat' dir='ltr'><strong>Cogitat,</strong></span> <span class='ocrx_word' id='word_1_93' title='bbox 674 1108 721 1141; x_wconf 92' lang='lat' dir='ltr'><strong>ut</strong></span> <span class='ocrx_word' id='word_1_94' title='bbox 743 1101 936 1154; x_wconf 88' lang='lat' dir='ltr'><strong>speciosa</strong></span> <span class='ocrx_word' id='word_1_95' title='bbox 957 1098 1113 1139; x_wconf 89' lang='lat' dir='ltr'><strong>dehinc</strong></span> <span class='ocrx_word' id='word_1_96' title='bbox 1133 1098 1334 1139; x_wconf 89' lang='lat' dir='ltr'><strong>miracula</strong></span> <span class='ocrx_word' id='word_1_97' title='bbox 1354 1107 1535 1152; x_wconf 86' lang='lat' dir='ltr'><strong>promat,</strong></span> 
     </span>
    </p>

    <p class='ocr_par' dir='ltr' id='par_1_6' title="bbox 355 1164 1760 1354">
     <span class='ocr_line' id='line_1_16' title="bbox 355 1164 1760 1220; baseline -0.001 -11"><span class='ocrx_word' id='word_1_98' title='bbox 355 1168 436 1209; x_wconf 79' lang='lat'><strong>145</strong></span> <span class='ocrx_word' id='word_1_99' title='bbox 465 1165 759 1220; x_wconf 84' lang='lat' dir='ltr'><strong>Antiphatem,</strong></span> <span class='ocrx_word' id='word_1_100' title='bbox 783 1164 1071 1219; x_wconf 86' lang='lat' dir='ltr'><strong>Scyllamque,</strong></span> <span class='ocrx_word' id='word_1_101' title='bbox 1093 1170 1136 1204; x_wconf 89' lang='lat' dir='ltr'><strong>et</strong></span> <span class='ocrx_word' id='word_1_102' title='bbox 1158 1179 1251 1204; x_wconf 90' lang='lat' dir='ltr'><strong>cum</strong></span> <span class='ocrx_word' id='word_1_103' title='bbox 1275 1164 1464 1219; x_wconf 89' lang='lat' dir='ltr'><strong>Cyclope</strong></span> <span class='ocrx_word' id='word_1_104' title='bbox 1485 1165 1760 1220; x_wconf 84' lang='lat' dir='ltr'><strong>Charybdim.</strong></span> 
     </span>
     <span class='ocr_line' id='line_1_17' title="bbox 467 1230 1527 1286; baseline -0.002 -12"><span class='ocrx_word' id='word_1_105' title='bbox 467 1234 565 1274; x_wconf 88' lang='lat' dir='ltr'><strong>Nec</strong></span> <span class='ocrx_word' id='word_1_106' title='bbox 588 1232 772 1272; x_wconf 88' lang='lat' dir='ltr'><strong>reditum</strong></span> <span class='ocrx_word' id='word_1_107' title='bbox 794 1230 1016 1272; x_wconf 86' lang='lat' dir='ltr'><strong>Diomedis</strong></span> <span class='ocrx_word' id='word_1_108' title='bbox 1037 1230 1091 1270; x_wconf 88' lang='lat' dir='ltr'><strong>ab</strong></span> <span class='ocrx_word' id='word_1_109' title='bbox 1112 1230 1286 1271; x_wconf 87' lang='lat' dir='ltr'><strong>interitu</strong></span> <span class='ocrx_word' id='word_1_110' title='bbox 1303 1231 1527 1286; x_wconf 82' lang='lat' dir='ltr'><strong>Meleagri,</strong></span> 
     </span>
     <span class='ocr_line' id='line_1_18' title="bbox 465 1297 1569 1354; baseline -0.002 -13"><span class='ocrx_word' id='word_1_111' title='bbox 465 1299 562 1341; x_wconf 91' lang='lat' dir='ltr'><strong>Nec</strong></span> <span class='ocrx_word' id='word_1_112' title='bbox 584 1299 753 1354; x_wconf 87' lang='lat' dir='ltr'><strong>gemino</strong></span> <span class='ocrx_word' id='word_1_113' title='bbox 774 1297 932 1339; x_wconf 90' lang='lat' dir='ltr'><strong>bellum</strong></span> <span class='ocrx_word' id='word_1_114' title='bbox 954 1297 1191 1350; x_wconf 86' lang='lat' dir='ltr'><strong>Trojanum</strong></span> <span class='ocrx_word' id='word_1_115' title='bbox 1212 1298 1378 1339; x_wconf 88' lang='lat' dir='ltr'><strong>orditur</strong></span> <span class='ocrx_word' id='word_1_116' title='bbox 1400 1299 1454 1339; x_wconf 87' lang='lat' dir='ltr'><strong>ab</strong></span> <span class='ocrx_word' id='word_1_117' title='bbox 1475 1312 1569 1339; x_wconf 79' lang='lat' dir='ltr'><strong>ovo·</strong></span> 
     </span>
    </p>
   </div>
   <div class='ocr_carea' id='block_1_4' title="bbox 353 1428 1091 2099">
    <p class='ocr_par' dir='ltr' id='par_1_7' title="bbox 353 1428 1088 1672">
     <span class='ocr_line' id='line_1_19' title="bbox 356 1428 1085 1474; baseline -0.004 -12"><span class='ocrx_word' id='word_1_118' title='bbox 356 1431 485 1474; x_wconf 85' lang='lat' dir='ltr'><strong>Epist.i,</strong></span> <span class='ocrx_word' id='word_1_119' title='bbox 503 1432 535 1468; x_wconf 83' lang='lat'><strong>2,</strong></span> <span class='ocrx_word' id='word_1_120' title='bbox 552 1430 623 1471; x_wconf 79' lang='lat'><strong>42),</strong></span> <span class='ocrx_word' id='word_1_121' title='bbox 639 1430 766 1461; x_wconf 88' lang='lat' dir='ltr'><strong>verbum</strong></span> <span class='ocrx_word' id='word_1_122' title='bbox 788 1430 879 1461; x_wconf 90' lang='lat' dir='ltr'><strong>verbo</strong></span> <span class='ocrx_word' id='word_1_123' title='bbox 898 1428 1085 1460; x_wconf 87' lang='lat' dir='ltr'><strong>redderecu-</strong></span> 
     </span>
     <span class='ocr_line' id='line_1_20' title="bbox 355 1470 1085 1514; baseline -0.005 -10"><span class='ocrx_word' id='word_1_124' title='bbox 355 1474 451 1509; x_wconf 84' lang='lat' dir='ltr'><strong>rabis,</strong></span> <span class='ocrx_word' id='word_1_125' title='bbox 468 1483 570 1514; x_wconf 89' lang='lat' dir='ltr'><strong>neque</strong></span> <span class='ocrx_word' id='word_1_126' title='bbox 587 1473 691 1503; x_wconf 87' lang='lat' dir='ltr'><strong>servili</strong></span> <span class='ocrx_word' id='word_1_127' title='bbox 707 1472 879 1502; x_wconf 80' lang='lat' dir='ltr'><strong>imitatione</strong></span> <span class='ocrx_word' id='word_1_128' title='bbox 895 1476 925 1502; x_wconf 89' lang='lat' dir='ltr'><strong>te</strong></span> <span class='ocrx_word' id='word_1_129' title='bbox 943 1470 1085 1512; x_wconf 74' lang='lat' dir='ltr'><strong>praecipi-</strong></span> 
     </span>
     <span class='ocr_line' id='line_1_21' title="bbox 353 1512 1087 1556; baseline -0.005 -10"><span class='ocrx_word' id='word_1_130' title='bbox 353 1521 417 1546; x_wconf 87' lang='lat' dir='ltr'><strong>tem</strong></span> <span class='ocrx_word' id='word_1_131' title='bbox 447 1515 535 1546; x_wconf 83' lang='lat' dir='ltr'><strong>dabis</strong></span> <span class='ocrx_word' id='word_1_132' title='bbox 562 1515 594 1545; x_wconf 87' lang='lat' dir='ltr'><strong>in</strong></span> <span class='ocrx_word' id='word_1_133' title='bbox 624 1514 777 1556; x_wconf 87' lang='lat' dir='ltr'><strong>ejusmodi</strong></span> <span class='ocrx_word' id='word_1_134' title='bbox 804 1513 976 1554; x_wconf 80' lang='lat' dir='ltr'><strong>augustias,</strong></span> <span class='ocrx_word' id='word_1_135' title='bbox 1004 1512 1087 1543; x_wconf 88' lang='lat' dir='ltr'><strong>unde</strong></span> 
     </span>
     <span class='ocr_line' id='line_1_22' title="bbox 356 1554 1088 1598; baseline -0.007 -10"><span class='ocrx_word' id='word_1_136' title='bbox 356 1557 466 1598; x_wconf 81' lang='lat' dir='ltr'><strong>pudor,</strong></span> <span class='ocrx_word' id='word_1_137' title='bbox 481 1562 512 1588; x_wconf 90' lang='lat' dir='ltr'><strong>et</strong></span> <span class='ocrx_word' id='word_1_138' title='bbox 527 1557 678 1587; x_wconf 81' lang='lat' dir='ltr'><strong>aberratio</strong></span> <span class='ocrx_word' id='word_1_139' title='bbox 694 1557 734 1586; x_wconf 92' lang='lat' dir='ltr'><strong>ab</strong></span> <span class='ocrx_word' id='word_1_140' title='bbox 752 1556 790 1586; x_wconf 90' lang='lat' dir='ltr'><strong>iis</strong></span> <span class='ocrx_word' id='word_1_141' title='bbox 806 1566 876 1596; x_wconf 87' lang='lat' dir='ltr'><strong>quae</strong></span> <span class='ocrx_word' id='word_1_142' title='bbox 896 1556 976 1585; x_wconf 92' lang='lat' dir='ltr'><strong>bono</strong></span> <span class='ocrx_word' id='word_1_143' title='bbox 992 1554 1088 1594; x_wconf 86' lang='lat' dir='ltr'><strong>scrip-</strong></span> 
     </span>
     <span class='ocr_line' id='line_1_23' title="bbox 358 1596 1088 1639; baseline -0.007 -9"><span class='ocrx_word' id='word_1_144' title='bbox 358 1599 417 1630; x_wconf 86' lang='lat' dir='ltr'><strong>tori</strong></span> <span class='ocrx_word' id='word_1_145' title='bbox 432 1599 584 1630; x_wconf 85' lang='lat' dir='ltr'><strong>servanda</strong></span> <span class='ocrx_word' id='word_1_146' title='bbox 597 1604 680 1633; x_wconf 88' lang='lat' dir='ltr'><strong>sunt,</strong></span> <span class='ocrx_word' id='word_1_147' title='bbox 695 1598 802 1639; x_wconf 89' lang='lat' dir='ltr'><strong>pedem</strong></span> <span class='ocrx_word' id='word_1_148' title='bbox 819 1596 962 1638; x_wconf 86' lang='lat' dir='ltr'><strong>expedire</strong></span> <span class='ocrx_word' id='word_1_149' title='bbox 975 1602 1003 1626; x_wconf 91' lang='lat' dir='ltr'><strong>te</strong></span> <span class='ocrx_word' id='word_1_150' title='bbox 1019 1606 1088 1637; x_wconf 89' lang='lat' dir='ltr'><strong>pro-</strong></span> 
     </span>
     <span class='ocr_line' id='line_1_24' title="bbox 355 1641 473 1672; baseline 0.008 -1"><span class='ocrx_word' id='word_1_151' title='bbox 355 1641 473 1672; x_wconf 88' lang='lat' dir='ltr'><strong>hibeat.</strong></span> 
     </span>
    </p>

    <p class='ocr_par' dir='ltr' id='par_1_8' title="bbox 356 1679 1088 1890">
     <span class='ocr_line' id='line_1_25' title="bbox 403 1679 1087 1719; baseline -0.006 -6"><span class='ocrx_word' id='word_1_152' title='bbox 403 1684 472 1713; x_wconf 79' lang='lat'>132.</span> <span class='ocrx_word' id='word_1_153' title='bbox 503 1683 564 1712; x_wconf 91' lang='lat' dir='ltr'><strong>Per</strong></span> <span class='ocrx_word' id='word_1_154' title='bbox 588 1683 674 1711; x_wconf 72' lang='lat' dir='ltr'><strong>vitem</strong></span> <span class='ocrx_word' id='word_1_155' title='bbox 697 1688 725 1711; x_wconf 83' lang='lat' dir='ltr'><strong>et</strong></span> <span class='ocrx_word' id='word_1_156' title='bbox 745 1681 883 1719; x_wconf 80' lang='lat' dir='ltr'><strong>patulum</strong></span> <span class='ocrx_word' id='word_1_157' title='bbox 908 1681 1002 1710; x_wconf 88' lang='lat' dir='ltr'><strong>orbem</strong></span> <span class='ocrx_word' id='word_1_158' title='bbox 1025 1679 1087 1710; x_wconf 89' lang='lat' dir='ltr'><strong>ele-</strong></span> 
     </span>
     <span class='ocr_line' id='line_1_26' title="bbox 357 1721 1088 1765; baseline -0.005 -11"><span class='ocrx_word' id='word_1_159' title='bbox 357 1730 464 1764; x_wconf 84' lang='lat' dir='ltr'><strong>ganter</strong></span> <span class='ocrx_word' id='word_1_160' title='bbox 487 1723 670 1765; x_wconf 85' lang='lat' dir='ltr'><strong>exprimitur</strong></span> <span class='ocrx_word' id='word_1_161' title='bbox 699 1723 760 1752; x_wconf 88' lang='lat' dir='ltr'><strong>late</strong></span> <span class='ocrx_word' id='word_1_162' title='bbox 788 1728 897 1763; x_wconf 89' lang='lat' dir='ltr'><strong>patens</strong></span> <span class='ocrx_word' id='word_1_163' title='bbox 920 1731 1014 1762; x_wconf 78' lang='lat' dir='ltr'><strong>gyrus</strong></span> <span class='ocrx_word' id='word_1_164' title='bbox 1041 1721 1088 1751; x_wconf 90' lang='lat' dir='ltr'><strong>vel</strong></span> 
     </span>
     <span class='ocr_line' id='line_1_27' title="bbox 356 1763 1088 1807; baseline -0.005 -11"><span class='ocrx_word' id='word_1_165' title='bbox 356 1766 502 1807; x_wconf 86' lang='lat' dir='ltr'><strong>spatium,</strong></span> <span class='ocrx_word' id='word_1_166' title='bbox 518 1765 550 1795; x_wconf 91' lang='lat' dir='ltr'><strong>in</strong></span> <span class='ocrx_word' id='word_1_167' title='bbox 567 1775 630 1805; x_wconf 89' lang='lat' dir='ltr'><strong>quo</strong></span> <span class='ocrx_word' id='word_1_168' title='bbox 648 1764 764 1805; x_wconf 90' lang='lat' dir='ltr'><strong>aliquis</strong></span> <span class='ocrx_word' id='word_1_169' title='bbox 782 1775 819 1794; x_wconf 88' lang='lat' dir='ltr'><strong>ex</strong></span> <span class='ocrx_word' id='word_1_170' title='bbox 841 1764 911 1794; x_wconf 85' lang='lat' dir='ltr'><strong>vilis</strong></span> <span class='ocrx_word' id='word_1_171' title='bbox 928 1763 969 1794; x_wconf 87' lang='lat' dir='ltr'><strong>rei</strong></span> <span class='ocrx_word' id='word_1_172' title='bbox 986 1763 1088 1793; x_wconf 84' lang='lat' dir='ltr'><strong>studio</strong></span> 
     </span>
     <span class='ocr_line' id='line_1_28' title="bbox 357 1805 1088 1847; baseline -0.004 -9"><span class='ocrx_word' id='word_1_173' title='bbox 357 1808 419 1838; x_wconf 91' lang='lat' dir='ltr'><strong>huc</strong></span> <span class='ocrx_word' id='word_1_174' title='bbox 435 1807 512 1838; x_wconf 89' lang='lat' dir='ltr'><strong>illuc</strong></span> <span class='ocrx_word' id='word_1_175' title='bbox 529 1806 671 1838; x_wconf 76' lang='lat' dir='ltr'><strong>discurrit</strong></span> <span class='ocrx_word' id='word_1_176' title='bbox 687 1813 718 1837; x_wconf 82' lang='lat' dir='ltr'><strong>et</strong></span> <span class='ocrx_word' id='word_1_177' title='bbox 731 1805 951 1846; x_wconf 84' lang='lat' dir='ltr'><strong>circumagitur</strong></span> <span class='ocrx_word' id='word_1_178' title='bbox 966 1805 1088 1847; x_wconf 83' lang='grc' dir='ltr'>(τόπος</span> 
     </span>
     <span class='ocr_line' id='line_1_29' title="bbox 358 1847 899 1890; baseline -0.006 -9"><span class='ocrx_word' id='word_1_179' title='bbox 358 1849 487 1890; x_wconf 78' lang='grc' dir='ltr'>κοινός)</span> <span class='ocrx_word' id='word_1_180' title='bbox 501 1861 508 1879; x_wconf 78' lang='lat' dir='ltr'><strong><em>z</em></strong></span> <span class='ocrx_word' id='word_1_181' title='bbox 534 1859 602 1883; x_wconf 71' lang='grc' dir='ltr'><strong>ηος,</strong></span> <span class='ocrx_word' id='word_1_182' title='bbox 617 1851 665 1879; x_wconf 81' lang='grc' dir='ltr'><strong>εἰη</strong></span> <span class='ocrx_word' id='word_1_183' title='bbox 682 1847 899 1887; x_wconf 78' lang='lat' dir='ltr'><strong>Gemeinplatz.</strong></span> 
     </span>
    </p>

    <p class='ocr_par' dir='ltr' id='par_1_9' title="bbox 358 1889 1091 2099">
     <span class='ocr_line' id='line_1_30' title="bbox 403 1889 1090 1928; baseline -0.006 -6"><span class='ocrx_word' id='word_1_184' title='bbox 403 1893 474 1926; x_wconf 87' lang='lat'><strong>134,</strong></span> <span class='ocrx_word' id='word_1_185' title='bbox 493 1892 565 1922; x_wconf 89' lang='grc'><strong>135.</strong></span> <span class='ocrx_word' id='word_1_186' title='bbox 588 1890 627 1921; x_wconf 83' lang='lat' dir='ltr'><strong>In</strong></span> <span class='ocrx_word' id='word_1_187' title='bbox 642 1896 771 1925; x_wconf 82' lang='lat' dir='ltr'><strong>arctum,</strong></span> <span class='ocrx_word' id='word_1_188' title='bbox 789 1899 833 1919; x_wconf 92' lang='lat' dir='ltr'><strong>sc.</strong></span> <span class='ocrx_word' id='word_1_189' title='bbox 852 1889 968 1924; x_wconf 88' lang='lat' dir='ltr'><strong>locum,</strong></span> <span class='ocrx_word' id='word_1_190' title='bbox 986 1890 1090 1928; x_wconf 81' lang='lat' dir='ltr'><strong>patulo</strong></span> 
     </span>
     <span class='ocr_line' id='line_1_31' title="bbox 360 1932 1091 1974; baseline -0.001 -11"><span class='ocrx_word' id='word_1_191' title='bbox 360 1935 423 1963; x_wconf 86' lang='lat' dir='ltr'><strong>orbi</strong></span> <span class='ocrx_word' id='word_1_192' title='bbox 438 1933 626 1974; x_wconf 83' lang='lat' dir='ltr'><strong>oppositum.</strong></span> <span class='ocrx_word' id='word_1_193' title='bbox 658 1933 772 1966; x_wconf 75' lang='lat' dir='ltr'><strong>Pudor,</strong></span> <span class='ocrx_word' id='word_1_194' title='bbox 784 1938 838 1961; x_wconf 84' lang='lat' dir='ltr'><strong>aut</strong></span> <span class='ocrx_word' id='word_1_195' title='bbox 852 1933 946 1970; x_wconf 81' lang='lat' dir='ltr'><strong>operis</strong></span> <span class='ocrx_word' id='word_1_196' title='bbox 958 1932 1022 1960; x_wconf 69' lang='lat' dir='ltr'><strong>lex.-</strong></span> <span class='ocrx_word' id='word_1_197' title='bbox 1045 1941 1091 1962; x_wconf 86' lang='lat' dir='ltr'><strong>sc.</strong></span> 
     </span>
     <span class='ocr_line' id='line_1_32' title="bbox 358 1972 1089 2015; baseline -0.004 -10"><span class='ocrx_word' id='word_1_198' title='bbox 358 1975 413 2015; x_wconf 87' lang='lat' dir='ltr'><strong>qui</strong></span> <span class='ocrx_word' id='word_1_199' title='bbox 429 1974 558 2004; x_wconf 90' lang='lat' dir='ltr'><strong>nimium</strong></span> <span class='ocrx_word' id='word_1_200' title='bbox 574 1973 716 2003; x_wconf 87' lang='lat' dir='ltr'><strong>imitandi</strong></span> <span class='ocrx_word' id='word_1_201' title='bbox 735 1973 842 2003; x_wconf 84' lang='lat' dir='ltr'><strong>studio</strong></span> <span class='ocrx_word' id='word_1_202' title='bbox 857 1983 889 2003; x_wconf 86' lang='lat' dir='ltr'><strong>se</strong></span> <span class='ocrx_word' id='word_1_203' title='bbox 905 1972 1003 2013; x_wconf 89' lang='lat' dir='ltr'><strong>abripi</strong></span> <span class='ocrx_word' id='word_1_204' title='bbox 1019 1982 1089 2013; x_wconf 90' lang='lat' dir='ltr'><strong>pas-</strong></span> 
     </span>
     <span class='ocr_line' id='line_1_33' title="bbox 360 2015 1090 2057; baseline -0.003 -11"><span class='ocrx_word' id='word_1_205' title='bbox 360 2026 414 2047; x_wconf 88' lang='lat' dir='ltr'><strong>sus</strong></span> <span class='ocrx_word' id='word_1_206' title='bbox 438 2022 497 2051; x_wconf 91' lang='lat' dir='ltr'><strong>est,</strong></span> <span class='ocrx_word' id='word_1_207' title='bbox 521 2016 547 2046; x_wconf 90' lang='lat' dir='ltr'><strong>is</strong></span> <span class='ocrx_word' id='word_1_208' title='bbox 573 2015 639 2057; x_wconf 79' lang='lat' dir='ltr'><strong>ipse</strong></span> <span class='ocrx_word' id='word_1_209' title='bbox 662 2016 787 2045; x_wconf 85' lang='lat' dir='ltr'><strong>tandem</strong></span> <span class='ocrx_word' id='word_1_210' title='bbox 815 2025 847 2045; x_wconf 89' lang='lat' dir='ltr'><strong>se</strong></span> <span class='ocrx_word' id='word_1_211' title='bbox 870 2020 979 2045; x_wconf 86' lang='lat' dir='ltr'><strong>contra</strong></span> <span class='ocrx_word' id='word_1_212' title='bbox 998 2017 1090 2053; x_wconf 82' lang='lat' dir='ltr'><strong>operis</strong></span> 
     </span>
     <span class='ocr_line' id='line_1_34' title="bbox 361 2055 1088 2099; baseline -0.004 -12"><span class='ocrx_word' id='word_1_213' title='bbox 361 2059 452 2099; x_wconf 82' lang='lat' dir='ltr'><strong>Iegem</strong></span> <span class='ocrx_word' id='word_1_214' title='bbox 468 2067 625 2099; x_wconf 83' lang='lat' dir='ltr'><strong>peccasse,</strong></span> <span class='ocrx_word' id='word_1_215' title='bbox 644 2057 675 2086; x_wconf 83' lang='lat' dir='ltr'><strong>h.</strong></span> <span class='ocrx_word' id='word_1_216' title='bbox 697 2067 727 2087; x_wconf 89' lang='lat' dir='ltr'><strong>e.</strong></span> <span class='ocrx_word' id='word_1_217' title='bbox 746 2067 778 2087; x_wconf 82' lang='lat' dir='ltr'><strong>se</strong></span> <span class='ocrx_word' id='word_1_218' title='bbox 794 2057 874 2087; x_wconf 84' lang='lat' dir='ltr'><strong>male</strong></span> <span class='ocrx_word' id='word_1_219' title='bbox 894 2055 971 2086; x_wconf 90' lang='lat' dir='ltr'><strong>boni</strong></span> <span class='ocrx_word' id='word_1_220' title='bbox 990 2055 1088 2098; x_wconf 86' lang='lat' dir='ltr'><strong>scrip-</strong></span> 
     </span>
    </p>
   </div>
   <div class='ocr_carea' id='block_1_5' title="bbox 359 2096 1113 2140">
    <p class='ocr_par' dir='ltr' id='par_1_10' title="bbox 359 2096 1113 2140">
     <span class='ocr_line' id='line_1_35' title="bbox 359 2096 1113 2140; baseline -0.001 -10"><span class='ocrx_word' id='word_1_221' title='bbox 359 2101 433 2131; x_wconf 90' lang='lat' dir='ltr'><strong>toris</strong></span> <span class='ocrx_word' id='word_1_222' title='bbox 456 2105 556 2140; x_wconf 82' lang='lat' dir='ltr'><strong>partes</strong></span> <span class='ocrx_word' id='word_1_223' title='bbox 577 2098 774 2134; x_wconf 84' lang='lat' dir='ltr'><strong>sustinuisse,</strong></span> <span class='ocrx_word' id='word_1_224' title='bbox 798 2108 859 2128; x_wconf 91' lang='lat' dir='ltr'><strong>non</strong></span> <span class='ocrx_word' id='word_1_225' title='bbox 885 2098 951 2128; x_wconf 85' lang='lat' dir='ltr'><strong>sine</strong></span> <span class='ocrx_word' id='word_1_226' title='bbox 974 2098 1089 2139; x_wconf 91' lang='lat' dir='ltr'><strong>pudore</strong></span> <span class='ocrx_word' id='word_1_227' title='bbox 1109 2096 1113 2102; x_wconf 67' lang='lat'>¹</span> 
     </span>
    </p>
   </div>
   <div class='ocr_carea' id='block_1_6' title="bbox 357 2142 1090 2976">
    <p class='ocr_par' dir='ltr' id='par_1_11' title="bbox 359 2142 465 2172">
     <span class='ocr_line' id='line_1_36' title="bbox 359 2142 465 2172; baseline -0.009 0"><span class='ocrx_word' id='word_1_228' title='bbox 359 2142 465 2172; x_wconf 85' lang='lat' dir='ltr'><strong>sentit.</strong></span> 
     </span>
    </p>

    <p class='ocr_par' dir='ltr' id='par_1_12' title="bbox 357 2180 1090 2891">
     <span class='ocr_line' id='line_1_37' title="bbox 405 2180 1086 2222; baseline -0.006 -8"><span class='ocrx_word' id='word_1_229' title='bbox 405 2184 477 2214; x_wconf 86' lang='lat'>136.</span> <span class='ocrx_word' id='word_1_230' title='bbox 513 2182 554 2212; x_wconf 79' lang='lat' dir='ltr'><strong>Ut</strong></span> <span class='ocrx_word' id='word_1_231' title='bbox 579 2184 704 2220; x_wconf 80' lang='lat' dir='ltr'><strong>scriptor</strong></span> <span class='ocrx_word' id='word_1_232' title='bbox 730 2183 860 2221; x_wconf 74' lang='lat' dir='ltr'><strong>cyclicus</strong></span> <span class='ocrx_word' id='word_1_233' title='bbox 885 2182 973 2211; x_wconf 82' lang='lat' dir='ltr'><strong>olim.-</strong></span> <span class='ocrx_word' id='word_1_234' title='bbox 1003 2180 1086 2222; x_wconf 91' lang='lat' dir='ltr'><strong>quod</strong></span> 
     </span>
     <span class='ocr_line' id='line_1_38' title="bbox 359 2223 1086 2264; baseline -0.007 -7"><span class='ocrx_word' id='word_1_235' title='bbox 359 2235 472 2256; x_wconf 87' lang='lat' dir='ltr'><strong>nomeu</strong></span> <span class='ocrx_word' id='word_1_236' title='bbox 490 2223 618 2264; x_wconf 82' lang='lat' dir='ltr'><strong>gesserit</strong></span> <span class='ocrx_word' id='word_1_237' title='bbox 635 2223 736 2253; x_wconf 87' lang='lat' dir='ltr'><strong>malus</strong></span> <span class='ocrx_word' id='word_1_238' title='bbox 751 2223 807 2253; x_wconf 86' lang='lat' dir='ltr'><strong>iste</strong></span> <span class='ocrx_word' id='word_1_239' title='bbox 827 2228 918 2263; x_wconf 81' lang='lat' dir='ltr'><strong>poeta</strong></span> <span class='ocrx_word' id='word_1_240' title='bbox 936 2223 1086 2263; x_wconf 86' lang='lat' dir='ltr'><strong>cyclicus,</strong></span> 
     </span>
     <span class='ocr_line' id='line_1_39' title="bbox 359 2263 1086 2309; baseline -0.007 -11"><span class='ocrx_word' id='word_1_241' title='bbox 359 2278 452 2309; x_wconf 89' lang='lat' dir='ltr'><strong>quem</strong></span> <span class='ocrx_word' id='word_1_242' title='bbox 473 2267 504 2297; x_wconf 91' lang='lat' dir='ltr'><strong>h.</strong></span> <span class='ocrx_word' id='word_1_243' title='bbox 526 2266 549 2297; x_wconf 87' lang='lat' dir='ltr'><strong>l.</strong></span> <span class='ocrx_word' id='word_1_244' title='bbox 571 2265 720 2295; x_wconf 85' lang='lat' dir='ltr'><strong>Horatius</strong></span> <span class='ocrx_word' id='word_1_245' title='bbox 742 2270 838 2298; x_wconf 88' lang='lat' dir='ltr'><strong>notat,</strong></span> <span class='ocrx_word' id='word_1_246' title='bbox 857 2263 996 2294; x_wconf 85' lang='lat' dir='ltr'><strong>divinent</strong></span> <span class='ocrx_word' id='word_1_247' title='bbox 1019 2264 1086 2295; x_wconf 81' lang='lat' dir='ltr'><strong>alii.</strong></span> 
     </span>
     <span class='ocr_line' id='line_1_40' title="bbox 361 2304 1086 2349; baseline -0.006 -9"><span class='ocrx_word' id='word_1_248' title='bbox 361 2310 412 2340; x_wconf 91' lang='lat' dir='ltr'><strong>De</strong></span> <span class='ocrx_word' id='word_1_249' title='bbox 432 2309 523 2349; x_wconf 73' lang='lat' dir='ltr'><strong>poetis</strong></span> <span class='ocrx_word' id='word_1_250' title='bbox 541 2308 671 2347; x_wconf 81' lang='lat' dir='ltr'><strong>cyclicis,</strong></span> <span class='ocrx_word' id='word_1_251' title='bbox 691 2306 744 2347; x_wconf 90' lang='lat' dir='ltr'><strong>qui</strong></span> <span class='ocrx_word' id='word_1_252' title='bbox 762 2306 800 2336; x_wconf 91' lang='lat' dir='ltr'><strong>de</strong></span> <span class='ocrx_word' id='word_1_253' title='bbox 821 2306 922 2342; x_wconf 86' lang='lat' dir='ltr'><strong>rebus,</strong></span> <span class='ocrx_word' id='word_1_254' title='bbox 937 2311 1000 2335; x_wconf 90' lang='lat' dir='ltr'><strong>tam</strong></span> <span class='ocrx_word' id='word_1_255' title='bbox 1019 2304 1028 2334; x_wconf 87' lang='lat' dir='ltr'><strong>i</strong></span> <span class='ocrx_word' id='word_1_256' title='bbox 1053 2316 1086 2336; x_wconf 91' lang='lat' dir='ltr'><strong>so</strong></span> 
     </span>
     <span class='ocr_line' id='line_1_41' title="bbox 358 2347 1088 2389; baseline -0.004 -8"><span class='ocrx_word' id='word_1_257' title='bbox 358 2351 443 2382; x_wconf 88' lang='lat' dir='ltr'><strong>bello</strong></span> <span class='ocrx_word' id='word_1_258' title='bbox 470 2349 605 2389; x_wconf 84' lang='lat' dir='ltr'><strong>Trojano</strong></span> <span class='ocrx_word' id='word_1_259' title='bbox 633 2358 727 2389; x_wconf 89' lang='lat' dir='ltr'><strong>quam</strong></span> <span class='ocrx_word' id='word_1_260' title='bbox 753 2353 825 2378; x_wconf 90' lang='lat' dir='ltr'><strong>ante</strong></span> <span class='ocrx_word' id='word_1_261' title='bbox 854 2353 885 2378; x_wconf 85' lang='lat' dir='ltr'><strong>et</strong></span> <span class='ocrx_word' id='word_1_262' title='bbox 915 2353 985 2388; x_wconf 90' lang='lat' dir='ltr'><strong>post</strong></span> <span class='ocrx_word' id='word_1_263' title='bbox 1009 2347 1029 2376; x_wconf 92' lang='lat' dir='ltr'><strong>il</strong></span> <span class='ocrx_word' id='word_1_264' title='bbox 1047 2347 1088 2378; x_wconf 91' lang='lat' dir='ltr'><strong>ud</strong></span> 
     </span>
     <span class='ocr_line' id='line_1_42' title="bbox 359 2389 1088 2433; baseline -0.007 -9"><span class='ocrx_word' id='word_1_265' title='bbox 359 2392 464 2433; x_wconf 86' lang='lat' dir='ltr'><strong>gestis,</strong></span> <span class='ocrx_word' id='word_1_266' title='bbox 487 2392 567 2422; x_wconf 86' lang='lat' dir='ltr'><strong>intra</strong></span> <span class='ocrx_word' id='word_1_267' title='bbox 588 2391 713 2432; x_wconf 90' lang='lat' dir='ltr'><strong>cyclum</strong></span> <span class='ocrx_word' id='word_1_268' title='bbox 737 2390 785 2420; x_wconf 87' lang='lat' dir='ltr'><strong>vel</strong></span> <span class='ocrx_word' id='word_1_269' title='bbox 804 2399 912 2430; x_wconf 85' lang='lat' dir='ltr'><strong>gyrum</strong></span> <span class='ocrx_word' id='word_1_270' title='bbox 932 2389 1088 2430; x_wconf 83' lang='lat' dir='ltr'><strong>quendam</strong></span> 
     </span>
     <span class='ocr_line' id='line_1_43' title="bbox 359 2431 1087 2472; baseline -0.007 -7"><span class='ocrx_word' id='word_1_271' title='bbox 359 2445 394 2465; x_wconf 88' lang='lat' dir='ltr'><strong>se</strong></span> <span class='ocrx_word' id='word_1_272' title='bbox 407 2434 603 2465; x_wconf 84' lang='lat' dir='ltr'><strong>continentes</strong></span> <span class='ocrx_word' id='word_1_273' title='bbox 618 2433 657 2462; x_wconf 86' lang='lat' dir='ltr'><strong>ad</strong></span> <span class='ocrx_word' id='word_1_274' title='bbox 676 2431 803 2462; x_wconf 86' lang='lat' dir='ltr'><strong>Homeri</strong></span> <span class='ocrx_word' id='word_1_275' title='bbox 824 2431 1000 2472; x_wconf 89' lang='lat' dir='ltr'><strong>exemplum</strong></span> <span class='ocrx_word' id='word_1_276' title='bbox 1021 2440 1087 2461; x_wconf 85' lang='lat' dir='ltr'><strong>car-</strong></span> 
     </span>
     <span class='ocr_line' id='line_1_44' title="bbox 359 2473 1087 2514; baseline -0.007 -7"><span class='ocrx_word' id='word_1_277' title='bbox 359 2475 446 2507; x_wconf 86' lang='lat' dir='ltr'><strong>mina</strong></span> <span class='ocrx_word' id='word_1_278' title='bbox 458 2473 644 2507; x_wconf 87' lang='lat' dir='ltr'><strong>concinnare</strong></span> <span class='ocrx_word' id='word_1_279' title='bbox 654 2473 756 2504; x_wconf 85' lang='lat' dir='ltr'><strong>conati</strong></span> <span class='ocrx_word' id='word_1_280' title='bbox 769 2479 853 2507; x_wconf 83' lang='lat' dir='ltr'><strong>sunt,</strong></span> <span class='ocrx_word' id='word_1_281' title='bbox 867 2479 934 2514; x_wconf 87' lang='lat' dir='ltr'><strong>post</strong></span> <span class='ocrx_word' id='word_1_282' title='bbox 945 2473 1087 2504; x_wconf 86' lang='lat' dir='ltr'><strong>Schwar-</strong></span> 
     </span>
     <span class='ocr_line' id='line_1_45' title="bbox 362 2514 1088 2556; baseline -0.004 -8"><span class='ocrx_word' id='word_1_283' title='bbox 362 2518 443 2548; x_wconf 88' lang='lat' dir='ltr'><strong>zium</strong></span> <span class='ocrx_word' id='word_1_284' title='bbox 476 2515 611 2548; x_wconf 79' lang='lat' dir='ltr'><strong>Altdorf.</strong></span> <span class='ocrx_word' id='word_1_285' title='bbox 644 2516 676 2546; x_wconf 92' lang='lat' dir='ltr'><strong>in</strong></span> <span class='ocrx_word' id='word_1_286' title='bbox 707 2514 855 2556; x_wconf 83' lang='lat' dir='ltr'><strong>peculiari</strong></span> <span class='ocrx_word' id='word_1_287' title='bbox 884 2515 1013 2546; x_wconf 86' lang='lat' dir='ltr'><strong>Dissert.</strong></span> <span class='ocrx_word' id='word_1_288' title='bbox 1049 2514 1088 2545; x_wconf 87' lang='lat' dir='ltr'><strong>de</strong></span> 
     </span>
     <span class='ocr_line' id='line_1_46' title="bbox 360 2555 1089 2601; baseline -0.007 -10"><span class='ocrx_word' id='word_1_289' title='bbox 360 2560 461 2601; x_wconf 90' lang='lat' dir='ltr'><strong>Cyclo</strong></span> <span class='ocrx_word' id='word_1_290' title='bbox 478 2559 587 2600; x_wconf 82' lang='lat' dir='ltr'><strong>Epicu,</strong></span> <span class='ocrx_word' id='word_1_291' title='bbox 601 2558 822 2588; x_wconf 87' lang='lat' dir='ltr'><strong>Casaubonum</strong></span> <span class='ocrx_word' id='word_1_292' title='bbox 843 2556 882 2586; x_wconf 87' lang='lat' dir='ltr'><strong>ad</strong></span> <span class='ocrx_word' id='word_1_293' title='bbox 903 2556 1021 2587; x_wconf 88' lang='lat' dir='ltr'><strong>Athen.</strong></span> <span class='ocrx_word' id='word_1_294' title='bbox 1037 2555 1089 2593; x_wconf 85' lang='lat' dir='ltr'><strong>vii,</strong></span> 
     </span>
     <span class='ocr_line' id='line_1_47' title="bbox 359 2598 1090 2640; baseline -0.004 -8"><span class='ocrx_word' id='word_1_295' title='bbox 359 2604 392 2636; x_wconf 80' lang='lat'><strong>4,</strong></span> <span class='ocrx_word' id='word_1_296' title='bbox 415 2601 571 2632; x_wconf 89' lang='lat' dir='ltr'><strong>Dodwell.</strong></span> <span class='ocrx_word' id='word_1_297' title='bbox 590 2600 628 2630; x_wconf 91' lang='lat' dir='ltr'><strong>de</strong></span> <span class='ocrx_word' id='word_1_298' title='bbox 650 2600 740 2640; x_wconf 90' lang='lat' dir='ltr'><strong>Cycl.</strong></span> <span class='ocrx_word' id='word_1_299' title='bbox 765 2610 797 2640; x_wconf 89' lang='lat' dir='ltr'><strong>p.</strong></span> <span class='ocrx_word' id='word_1_300' title='bbox 818 2599 891 2632; x_wconf 81' lang='lat'>802.</span> <span class='ocrx_word' id='word_1_301' title='bbox 914 2598 1037 2639; x_wconf 85' lang='lat' dir='ltr'><strong>copiose</strong></span> <span class='ocrx_word' id='word_1_302' title='bbox 1059 2603 1090 2629; x_wconf 89' lang='lat' dir='ltr'><strong>et</strong></span> 
     </span>
     <span class='ocr_line' id='line_1_48' title="bbox 359 2639 1090 2684; baseline -0.005 -10"><span class='ocrx_word' id='word_1_303' title='bbox 359 2644 449 2674; x_wconf 85' lang='lat' dir='ltr'><strong>docte</strong></span> <span class='ocrx_word' id='word_1_304' title='bbox 467 2643 703 2684; x_wconf 82' lang='lat' dir='ltr'><strong>disputaverunt</strong></span> <span class='ocrx_word' id='word_1_305' title='bbox 723 2641 866 2682; x_wconf 88' lang='lat' dir='ltr'><strong>Heynius</strong></span> <span class='ocrx_word' id='word_1_306' title='bbox 880 2639 913 2669; x_wconf 88' lang='lat' dir='ltr'><strong>in</strong></span> <span class='ocrx_word' id='word_1_307' title='bbox 934 2641 1064 2671; x_wconf 89' lang='lat' dir='ltr'><strong>Excurs.</strong></span> <span class='ocrx_word' id='word_1_308' title='bbox 1080 2640 1090 2670; x_wconf 93' lang='lat' dir='ltr'><strong>i</strong></span> 
     </span>
     <span class='ocr_line' id='line_1_49' title="bbox 360 2681 1084 2725; baseline -0.006 -9"><span class='ocrx_word' id='word_1_309' title='bbox 360 2685 398 2716; x_wconf 87' lang='lat' dir='ltr'><strong>ad</strong></span> <span class='ocrx_word' id='word_1_310' title='bbox 419 2685 508 2725; x_wconf 82' lang='lat' dir='ltr'><strong>Virg.</strong></span> <span class='ocrx_word' id='word_1_311' title='bbox 531 2685 609 2715; x_wconf 84' lang='lat' dir='ltr'><strong>AEn.</strong></span> <span class='ocrx_word' id='word_1_312' title='bbox 630 2683 662 2721; x_wconf 83' lang='lat' dir='ltr'><strong>ii,</strong></span> <span class='ocrx_word' id='word_1_313' title='bbox 680 2689 712 2714; x_wconf 86' lang='lat' dir='ltr'><strong>et</strong></span> <span class='ocrx_word' id='word_1_314' title='bbox 730 2682 896 2714; x_wconf 87' lang='lat' dir='ltr'><strong>Jacobsius</strong></span> <span class='ocrx_word' id='word_1_315' title='bbox 914 2681 946 2712; x_wconf 86' lang='lat' dir='ltr'><strong>in</strong></span> <span class='ocrx_word' id='word_1_316' title='bbox 967 2682 1084 2723; x_wconf 83' lang='lat' dir='ltr'><strong>praefat.</strong></span> 
     </span>
     <span class='ocr_line' id='line_1_50' title="bbox 359 2724 1087 2767; baseline -0.004 -10"><span class='ocrx_word' id='word_1_317' title='bbox 359 2726 399 2757; x_wconf 89' lang='lat' dir='ltr'><strong>ad</strong></span> <span class='ocrx_word' id='word_1_318' title='bbox 415 2727 515 2758; x_wconf 85' lang='lat' dir='ltr'><strong>Tzctz.</strong></span> <span class='ocrx_word' id='word_1_319' title='bbox 532 2736 564 2767; x_wconf 88' lang='lat' dir='ltr'><strong>p.</strong></span> <span class='ocrx_word' id='word_1_320' title='bbox 591 2736 629 2755; x_wconf 88' lang='lat' dir='ltr'><strong>xx</strong></span> <span class='ocrx_word' id='word_1_321' title='bbox 649 2735 718 2766; x_wconf 90' lang='lat' dir='ltr'><strong>sqq.</strong></span> <span class='ocrx_word' id='word_1_322' title='bbox 739 2724 913 2766; x_wconf 87' lang='lat' dir='ltr'><strong>nuperrime</strong></span> <span class='ocrx_word' id='word_1_323' title='bbox 933 2724 1087 2754; x_wconf 84' lang='lat' dir='ltr'><strong>Wuerfer.</strong></span> 
     </span>
     <span class='ocr_line' id='line_1_51' title="bbox 359 2765 1086 2807; baseline -0.004 -8"><span class='ocrx_word' id='word_1_324' title='bbox 359 2769 493 2802; x_wconf 85' lang='lat' dir='ltr'><strong>Bonnae,</strong></span> <span class='ocrx_word' id='word_1_325' title='bbox 513 2768 605 2798; x_wconf 73' lang='lat'>1826.</span> <span class='ocrx_word' id='word_1_326' title='bbox 650 2767 790 2797; x_wconf 85' lang='lat' dir='ltr'><strong>Fuerunt</strong></span> <span class='ocrx_word' id='word_1_327' title='bbox 802 2775 936 2807; x_wconf 89' lang='lat' dir='ltr'><strong>quoque,</strong></span> <span class='ocrx_word' id='word_1_328' title='bbox 953 2765 1006 2807; x_wconf 88' lang='lat' dir='ltr'><strong>qui</strong></span> <span class='ocrx_word' id='word_1_329' title='bbox 1020 2777 1086 2806; x_wconf 82' lang='lat' dir='ltr'><strong>poe—</strong></span> 
     </span>
     <span class='ocr_line' id='line_1_52' title="bbox 358 2807 1087 2851; baseline -0.005 -9"><span class='ocrx_word' id='word_1_330' title='bbox 358 2819 404 2842; x_wconf 80' lang='lat' dir='ltr'><strong>tas</strong></span> <span class='ocrx_word' id='word_1_331' title='bbox 419 2812 542 2851; x_wconf 77' lang='lat' dir='ltr'><strong>cyclicus</strong></span> <span class='ocrx_word' id='word_1_332' title='bbox 556 2809 595 2840; x_wconf 85' lang='lat' dir='ltr'><strong>de</strong></span> <span class='ocrx_word' id='word_1_333' title='bbox 611 2807 709 2850; x_wconf 89' lang='lat' dir='ltr'><strong>poetis</strong></span> <span class='ocrx_word' id='word_1_334' title='bbox 719 2807 971 2839; x_wconf 86' lang='lat' dir='ltr'><strong>circumforaneis</strong></span> <span class='ocrx_word' id='word_1_335' title='bbox 985 2814 1016 2839; x_wconf 82' lang='lat' dir='ltr'><strong>et</strong></span> <span class='ocrx_word' id='word_1_336' title='bbox 1028 2808 1087 2838; x_wconf 91' lang='lat' dir='ltr'><strong>cir-</strong></span> 
     </span>
     <span class='ocr_line' id='line_1_53' title="bbox 357 2851 850 2891; baseline -0.008 -8"><span class='ocrx_word' id='word_1_337' title='bbox 357 2851 553 2884; x_wconf 85' lang='lat' dir='ltr'><strong>culatoribus</strong></span> <span class='ocrx_word' id='word_1_338' title='bbox 565 2851 850 2891; x_wconf 82' lang='lat' dir='ltr'><strong>interpretarentur.</strong></span> 
     </span>
    </p>

    <p class='ocr_par' dir='ltr' id='par_1_13' title="bbox 357 2892 1086 2976">
     <span class='ocr_line' id='line_1_54' title="bbox 404 2892 1086 2932; baseline -0.004 -8"><span class='ocrx_word' id='word_1_339' title='bbox 404 2894 580 2924; x_wconf 79' lang='lat'><strong>138-142.</strong></span> <span class='ocrx_word' id='word_1_340' title='bbox 610 2892 693 2926; x_wconf 75' lang='lat' dir='ltr'><strong>Quid</strong></span> <span class='ocrx_word' id='word_1_341' title='bbox 717 2894 855 2932; x_wconf 81' lang='lat' dir='ltr'><strong>dignum,</strong></span> <span class='ocrx_word' id='word_1_342' title='bbox 883 2895 958 2921; x_wconf 80' lang='lat' dir='ltr'><strong>cett.</strong></span> <span class='ocrx_word' id='word_1_343' title='bbox 1004 2892 1086 2925; x_wconf 78' lang='lat' dir='ltr'><strong>Quid.</strong></span> 
     </span>
     <span class='ocr_line' id='line_1_55' title="bbox 357 2932 1085 2976; baseline -0.004 -10"><span class='ocrx_word' id='word_1_344' title='bbox 357 2938 404 2968; x_wconf 79' lang='lat' dir='ltr'><strong>hie</strong></span> <span class='ocrx_word' id='word_1_345' title='bbox 419 2935 665 2976; x_wconf 67' lang='lat' dir='ltr'><strong>promissorferet</strong></span> <span class='ocrx_word' id='word_1_346' title='bbox 681 2934 841 2975; x_wconf 81' lang='lat' dir='ltr'><strong>(proferet,</strong></span> <span class='ocrx_word' id='word_1_347' title='bbox 855 2932 943 2972; x_wconf 81' lang='lat' dir='ltr'><strong>edet)</strong></span> <span class='ocrx_word' id='word_1_348' title='bbox 959 2934 1085 2973; x_wconf 79' lang='lat' dir='ltr'><strong>dignum</strong></span> 
     </span>
    </p>
   </div>
   <div class='ocr_carea' id='block_1_7' title="bbox 1128 1428 1884 2974">
    <p class='ocr_par' dir='ltr' id='par_1_14' title="bbox 1129 1428 1860 2336">
     <span class='ocr_line' id='line_1_56' title="bbox 1129 1428 1859 1471; baseline 0.005 -13"><span class='ocrx_word' id='word_1_349' title='bbox 1129 1434 1211 1459; x_wconf 74' lang='lat' dir='ltr'><strong>tanto</strong></span> <span class='ocrx_word' id='word_1_350' title='bbox 1233 1430 1332 1463; x_wconf 81' lang='lat' dir='ltr'><strong>hiatu.</strong></span> <span class='ocrx_word' id='word_1_351' title='bbox 1357 1428 1440 1470; x_wconf 86' lang='lat' dir='ltr'><strong>quod</strong></span> <span class='ocrx_word' id='word_1_352' title='bbox 1463 1429 1647 1470; x_wconf 86' lang='lat' dir='ltr'><strong>respoudeat</strong></span> <span class='ocrx_word' id='word_1_353' title='bbox 1666 1429 1767 1461; x_wconf 87' lang='lat' dir='ltr'><strong>verbis</strong></span> <span class='ocrx_word' id='word_1_354' title='bbox 1787 1441 1859 1471; x_wconf 80' lang='lat' dir='ltr'><strong>quae</strong></span> 
     </span>
     <span class='ocr_line' id='line_1_57' title="bbox 1129 1471 1858 1512; baseline 0.004 -12"><span class='ocrx_word' id='word_1_355' title='bbox 1129 1475 1216 1500; x_wconf 85' lang='lat' dir='ltr'><strong>tanto</strong></span> <span class='ocrx_word' id='word_1_356' title='bbox 1226 1471 1285 1501; x_wconf 89' lang='lat' dir='ltr'><strong>oris</strong></span> <span class='ocrx_word' id='word_1_357' title='bbox 1297 1471 1383 1502; x_wconf 87' lang='lat' dir='ltr'><strong>hiatu</strong></span> <span class='ocrx_word' id='word_1_358' title='bbox 1393 1477 1422 1501; x_wconf 88' lang='lat' dir='ltr'><strong>et</strong></span> <span class='ocrx_word' id='word_1_359' title='bbox 1435 1471 1537 1512; x_wconf 84' lang='lat' dir='ltr'><strong>plenis</strong></span> <span class='ocrx_word' id='word_1_360' title='bbox 1547 1471 1657 1502; x_wconf 86' lang='lat' dir='ltr'><strong>buccis</strong></span> <span class='ocrx_word' id='word_1_361' title='bbox 1668 1471 1858 1503; x_wconf 61' lang='lat' dir='ltr'><strong>denunciat?</strong></span> 
     </span>
     <span class='ocr_line' id='line_1_58' title="bbox 1132 1512 1858 1554; baseline 0.003 -12"><span class='ocrx_word' id='word_1_362' title='bbox 1132 1513 1215 1542; x_wconf 84' lang='lat' dir='ltr'><strong>Nam</strong></span> <span class='ocrx_word' id='word_1_363' title='bbox 1231 1517 1376 1543; x_wconf 87' lang='lat' dir='ltr'><strong>ventosus</strong></span> <span class='ocrx_word' id='word_1_364' title='bbox 1391 1513 1447 1543; x_wconf 81' lang='lat' dir='ltr'><strong>iste</strong></span> <span class='ocrx_word' id='word_1_365' title='bbox 1462 1517 1552 1554; x_wconf 87' lang='lat' dir='ltr'><strong>poeta</strong></span> <span class='ocrx_word' id='word_1_366' title='bbox 1566 1512 1719 1554; x_wconf 83' lang='lat' dir='ltr'><strong>cyclicus,</strong></span> <span class='ocrx_word' id='word_1_367' title='bbox 1737 1515 1858 1545; x_wconf 79' lang='lat' dir='ltr'><strong>conclu-</strong></span> 
     </span>
     <span class='ocr_line' id='line_1_59' title="bbox 1131 1554 1858 1596; baseline 0.006 -13"><span class='ocrx_word' id='word_1_368' title='bbox 1131 1564 1175 1583; x_wconf 81' lang='lat' dir='ltr'><strong>sas</strong></span> <span class='ocrx_word' id='word_1_369' title='bbox 1199 1556 1323 1584; x_wconf 81' lang='lat' dir='ltr'><strong>hircinis</strong></span> <span class='ocrx_word' id='word_1_370' title='bbox 1335 1555 1467 1595; x_wconf 81' lang='lat' dir='ltr'><strong>follibus</strong></span> <span class='ocrx_word' id='word_1_371' title='bbox 1484 1565 1575 1585; x_wconf 74' lang='lat' dir='ltr'><strong>auras</strong></span> <span class='ocrx_word' id='word_1_372' title='bbox 1598 1555 1683 1594; x_wconf 75' lang='lat' dir='ltr'><strong>(Sat.</strong></span> <span class='ocrx_word' id='word_1_373' title='bbox 1703 1554 1726 1590; x_wconf 84' lang='lat' dir='ltr'><strong>i,</strong></span> <span class='ocrx_word' id='word_1_374' title='bbox 1746 1558 1777 1592; x_wconf 84' lang='lat'><strong>⁴,</strong></span> <span class='ocrx_word' id='word_1_375' title='bbox 1802 1556 1858 1596; x_wconf 83' lang='lat'><strong>19)</strong></span> 
     </span>
     <span class='ocr_line' id='line_1_60' title="bbox 1132 1595 1860 1639; baseline 0.004 -14"><span class='ocrx_word' id='word_1_376' title='bbox 1132 1595 1269 1630; x_wconf 81' lang='lat' dir='ltr'><strong>imitans,</strong></span> <span class='ocrx_word' id='word_1_377' title='bbox 1282 1606 1344 1626; x_wconf 91' lang='lat' dir='ltr'><strong>non</strong></span> <span class='ocrx_word' id='word_1_378' title='bbox 1355 1597 1451 1626; x_wconf 86' lang='lat' dir='ltr'><strong>Musa</strong></span> <span class='ocrx_word' id='word_1_379' title='bbox 1462 1596 1570 1637; x_wconf 83' lang='lat' dir='ltr'><strong>aliqua</strong></span> <span class='ocrx_word' id='word_1_380' title='bbox 1582 1596 1709 1627; x_wconf 85' lang='lat' dir='ltr'><strong>Homeri</strong></span> <span class='ocrx_word' id='word_1_381' title='bbox 1717 1598 1860 1639; x_wconf 85' lang='lat' dir='ltr'><strong>exemplo</strong></span> 
     </span>
     <span class='ocr_line' id='line_1_61' title="bbox 1133 1636 1860 1680; baseline 0.004 -13"><span class='ocrx_word' id='word_1_382' title='bbox 1133 1636 1164 1666; x_wconf 90' lang='lat' dir='ltr'><strong>in</strong></span> <span class='ocrx_word' id='word_1_383' title='bbox 1188 1643 1288 1678; x_wconf 81' lang='lat' dir='ltr'><strong>partes</strong></span> <span class='ocrx_word' id='word_1_384' title='bbox 1310 1643 1429 1672; x_wconf 85' lang='lat' dir='ltr'><strong>vocata,</strong></span> <span class='ocrx_word' id='word_1_385' title='bbox 1452 1637 1536 1668; x_wconf 85' lang='lat' dir='ltr'><strong>ferox</strong></span> <span class='ocrx_word' id='word_1_386' title='bbox 1558 1638 1718 1680; x_wconf 83' lang='lat' dir='ltr'><strong>fidensque</strong></span> <span class='ocrx_word' id='word_1_387' title='bbox 1741 1638 1860 1679; x_wconf 84' lang='lat' dir='ltr'><strong>ingenii</strong></span> 
     </span>
     <span class='ocr_line' id='line_1_62' title="bbox 1132 1678 1859 1720; baseline 0.004 -11"><span class='ocrx_word' id='word_1_388' title='bbox 1132 1678 1175 1708; x_wconf 89' lang='lat' dir='ltr'><strong>ita</strong></span> <span class='ocrx_word' id='word_1_389' title='bbox 1199 1689 1323 1710; x_wconf 87' lang='lat' dir='ltr'><strong>carmen</strong></span> <span class='ocrx_word' id='word_1_390' title='bbox 1345 1679 1524 1710; x_wconf 83' lang='lat' dir='ltr'><strong>exorditur:</strong></span> <span class='ocrx_word' id='word_1_391' title='bbox 1551 1679 1616 1720; x_wconf 83' lang='lat' dir='ltr'><strong>Ego</strong></span> <span class='ocrx_word' id='word_1_392' title='bbox 1639 1687 1705 1720; x_wconf 80' lang='lat' dir='ltr'><strong>post</strong></span> <span class='ocrx_word' id='word_1_393' title='bbox 1730 1681 1859 1712; x_wconf 79' lang='lat' dir='ltr'><strong>Iliadem</strong></span> 
     </span>
     <span class='ocr_line' id='line_1_63' title="bbox 1133 1721 1857 1755; baseline 0.007 -5"><span class='ocrx_word' id='word_1_394' title='bbox 1133 1721 1299 1751; x_wconf 81' lang='lat' dir='ltr'><strong>Fortunam</strong></span> <span class='ocrx_word' id='word_1_395' title='bbox 1315 1722 1431 1752; x_wconf 78' lang='lat' dir='ltr'><strong>Priami</strong></span> <span class='ocrx_word' id='word_1_396' title='bbox 1445 1723 1570 1752; x_wconf 83' lang='lat' dir='ltr'><strong>cantabo</strong></span> <span class='ocrx_word' id='word_1_397' title='bbox 1584 1728 1612 1754; x_wconf 79' lang='lat' dir='ltr'><strong>et</strong></span> <span class='ocrx_word' id='word_1_398' title='bbox 1625 1723 1721 1752; x_wconf 79' lang='lat' dir='ltr'><strong>nobile</strong></span> <span class='ocrx_word' id='word_1_399' title='bbox 1735 1724 1857 1755; x_wconf 70' lang='lat' dir='ltr'><strong>bellum.</strong></span> 
     </span>
     <span class='ocr_line' id='line_1_64' title="bbox 1178 1764 1859 1801; baseline 0.003 -8"><span class='ocrx_word' id='word_1_400' title='bbox 1178 1764 1249 1794; x_wconf 89' lang='lat'>139.</span> <span class='ocrx_word' id='word_1_401' title='bbox 1275 1764 1461 1794; x_wconf 64' lang='lat' dir='ltr'><strong>Partiri-iant</strong></span> <span class='ocrx_word' id='word_1_402' title='bbox 1481 1770 1600 1801; x_wconf 77' lang='lat' dir='ltr'><strong>montes,</strong></span> <span class='ocrx_word' id='word_1_403' title='bbox 1623 1770 1761 1795; x_wconf 77' lang='lat' dir='ltr'><strong>nascetur</strong></span> <span class='ocrx_word' id='word_1_404' title='bbox 1782 1766 1859 1796; x_wconf 81' lang='lat' dir='ltr'><strong>ridi-</strong></span> 
     </span>
     <span class='ocr_line' id='line_1_65' title="bbox 1131 1805 1860 1842; baseline 0.004 -8"><span class='ocrx_word' id='word_1_405' title='bbox 1131 1806 1217 1835; x_wconf 82' lang='lat' dir='ltr'><strong>culus</strong></span> <span class='ocrx_word' id='word_1_406' title='bbox 1228 1817 1303 1836; x_wconf 86' lang='lat' dir='ltr'><strong>mus.</strong></span> <span class='ocrx_word' id='word_1_407' title='bbox 1333 1806 1475 1837; x_wconf 86' lang='lat' dir='ltr'><strong>Suaviter</strong></span> <span class='ocrx_word' id='word_1_408' title='bbox 1486 1805 1575 1839; x_wconf 77' lang='lat' dir='ltr'><strong>vortit</strong></span> <span class='ocrx_word' id='word_1_409' title='bbox 1588 1805 1733 1842; x_wconf 80' lang='lat' dir='ltr'><strong>Vossius,</strong></span> <span class='ocrx_word' id='word_1_410' title='bbox 1747 1806 1860 1838; x_wconf 80' lang='lat' dir='ltr'><strong>Schaut</strong></span> 
     </span>
     <span class='ocr_line' id='line_1_66' title="bbox 1131 1847 1858 1890; baseline 0.003 -14"><span class='ocrx_word' id='word_1_411' title='bbox 1131 1848 1204 1876; x_wconf 78' lang='lat' dir='ltr'><strong>doch</strong></span> <span class='ocrx_word' id='word_1_412' title='bbox 1232 1849 1289 1877; x_wconf 84' lang='lat' dir='ltr'><strong>den</strong></span> <span class='ocrx_word' id='word_1_413' title='bbox 1322 1848 1493 1878; x_wconf 80' lang='lat' dir='ltr'><strong>kreisenden</strong></span> <span class='ocrx_word' id='word_1_414' title='bbox 1522 1847 1615 1888; x_wconf 66' lang='lat' dir='ltr'><strong>Ber-g,</strong></span> <span class='ocrx_word' id='word_1_415' title='bbox 1642 1850 1696 1878; x_wconf 79' lang='lat' dir='ltr'><strong>wie</strong></span> <span class='ocrx_word' id='word_1_416' title='bbox 1725 1859 1758 1878; x_wconf 79' lang='lat' dir='ltr'><strong>er</strong></span> <span class='ocrx_word' id='word_1_417' title='bbox 1785 1849 1858 1890; x_wconf 57' lang='lat' dir='ltr'><strong>auf—</strong></span> 
     </span>
     <span class='ocr_line' id='line_1_67' title="bbox 1132 1889 1858 1925; baseline 0.004 -8"><span class='ocrx_word' id='word_1_418' title='bbox 1132 1889 1279 1918; x_wconf 79' lang='lat' dir='ltr'><strong>schwillt!</strong></span> <span class='ocrx_word' id='word_1_419' title='bbox 1301 1889 1406 1919; x_wconf 82' lang='lat' dir='ltr'><strong>Komm</strong></span> <span class='ocrx_word' id='word_1_420' title='bbox 1424 1890 1496 1920; x_wconf 84' lang='lat' dir='ltr'><strong>doch</strong></span> <span class='ocrx_word' id='word_1_421' title='bbox 1515 1890 1632 1925; x_wconf 61' lang='lat' dir='ltr'><strong>beraut,</strong></span> <span class='ocrx_word' id='word_1_422' title='bbox 1652 1890 1764 1920; x_wconf 74' lang='lat' dir='ltr'><strong>Maus!</strong></span> <span class='ocrx_word' id='word_1_423' title='bbox 1786 1890 1858 1920; x_wconf 89' lang='lat' dir='ltr'><strong>Hu-</strong></span> 
     </span>
     <span class='ocr_line' id='line_1_68' title="bbox 1129 1930 1856 1972; baseline 0.004 -12"><span class='ocrx_word' id='word_1_424' title='bbox 1129 1930 1184 1970; x_wconf 86' lang='lat' dir='ltr'><strong>jus</strong></span> <span class='ocrx_word' id='word_1_425' title='bbox 1201 1931 1402 1972; x_wconf 86' lang='lat' dir='ltr'><strong>proverbialis</strong></span> <span class='ocrx_word' id='word_1_426' title='bbox 1419 1930 1599 1967; x_wconf 84' lang='lat' dir='ltr'><strong>locutionis,</strong></span> <span class='ocrx_word' id='word_1_427' title='bbox 1615 1940 1679 1972; x_wconf 87' lang='lat' dir='ltr'><strong>qua</strong></span> <span class='ocrx_word' id='word_1_428' title='bbox 1693 1931 1785 1962; x_wconf 88' lang='lat' dir='ltr'><strong>homo</strong></span> <span class='ocrx_word' id='word_1_429' title='bbox 1802 1942 1856 1963; x_wconf 83' lang='lat' dir='ltr'><strong>va-</strong></span> 
     </span>
     <span class='ocr_line' id='line_1_69' title="bbox 1134 1972 1860 2014; baseline 0.004 -13"><span class='ocrx_word' id='word_1_430' title='bbox 1134 1982 1205 2007; x_wconf 90' lang='lat' dir='ltr'><strong>nus,</strong></span> <span class='ocrx_word' id='word_1_431' title='bbox 1245 1973 1374 2012; x_wconf 83' lang='lat' dir='ltr'><strong>grandia</strong></span> <span class='ocrx_word' id='word_1_432' title='bbox 1412 1973 1544 2004; x_wconf 86' lang='lat' dir='ltr'><strong>moliens</strong></span> <span class='ocrx_word' id='word_1_433' title='bbox 1572 1972 1768 2014; x_wconf 84' lang='lat' dir='ltr'><strong>minansque,</strong></span> <span class='ocrx_word' id='word_1_434' title='bbox 1805 1974 1860 2005; x_wconf 89' lang='lat' dir='ltr'><strong>sed</strong></span> 
     </span>
     <span class='ocr_line' id='line_1_70' title="bbox 1154 2014 1860 2062; baseline 0.004 -18"><span class='ocrx_word' id='word_1_435' title='bbox 1154 2014 1246 2044; x_wconf 87' lang='lat' dir='ltr'><strong>usilla</strong></span> <span class='ocrx_word' id='word_1_436' title='bbox 1264 2015 1432 2056; x_wconf 81' lang='lat' dir='ltr'><strong>proferens,</strong></span> <span class='ocrx_word' id='word_1_437' title='bbox 1449 2025 1521 2046; x_wconf 87' lang='lat' dir='ltr'><strong>cum</strong></span> <span class='ocrx_word' id='word_1_438' title='bbox 1542 2019 1646 2045; x_wconf 81' lang='lat' dir='ltr'><strong>monte</strong></span> <span class='ocrx_word' id='word_1_439' title='bbox 1663 2019 1733 2062; x_wconf 81' lang='lat' dir='ltr'><strong>post</strong></span> <span class='ocrx_word' id='word_1_440' title='bbox 1752 2025 1860 2056; x_wconf 74' lang='lat' dir='ltr'><strong>graves</strong></span> 
     </span>
     <span class='ocr_line' id='line_1_71' title="bbox 1145 2055 1860 2088; baseline 0.003 -2"><span class='ocrx_word' id='word_1_441' title='bbox 1145 2056 1252 2087; x_wconf 86' lang='lat' dir='ltr'><strong>abores</strong></span> <span class='ocrx_word' id='word_1_442' title='bbox 1274 2057 1441 2087; x_wconf 90' lang='lat' dir='ltr'><strong>ridiculum</strong></span> <span class='ocrx_word' id='word_1_443' title='bbox 1459 2066 1576 2088; x_wconf 86' lang='lat' dir='ltr'><strong>murem</strong></span> <span class='ocrx_word' id='word_1_444' title='bbox 1594 2057 1626 2086; x_wconf 90' lang='lat' dir='ltr'><strong>in</strong></span> <span class='ocrx_word' id='word_1_445' title='bbox 1647 2055 1714 2087; x_wconf 82' lang='lat' dir='ltr'><strong>dias</strong></span> <span class='ocrx_word' id='word_1_446' title='bbox 1733 2056 1860 2088; x_wconf 87' lang='lat' dir='ltr'><strong>luminis</strong></span> 
     </span>
     <span class='ocr_line' id='line_1_72' title="bbox 1133 2098 1858 2140; baseline 0.006 -13"><span class='ocrx_word' id='word_1_447' title='bbox 1133 2107 1223 2128; x_wconf 86' lang='lat' dir='ltr'><strong>auras</strong></span> <span class='ocrx_word' id='word_1_448' title='bbox 1238 2098 1358 2134; x_wconf 89' lang='lat' dir='ltr'><strong>edente,</strong></span> <span class='ocrx_word' id='word_1_449' title='bbox 1374 2104 1582 2140; x_wconf 84' lang='lat' dir='ltr'><strong>comparatur,</strong></span> <span class='ocrx_word' id='word_1_450' title='bbox 1599 2098 1714 2130; x_wconf 85' lang='lat' dir='ltr'><strong>mentio</strong></span> <span class='ocrx_word' id='word_1_451' title='bbox 1733 2109 1858 2140; x_wconf 89' lang='lat' dir='ltr'><strong>quoque</strong></span> 
     </span>
     <span class='ocr_line' id='line_1_73' title="bbox 1132 2139 1859 2181; baseline 0.006 -12"><span class='ocrx_word' id='word_1_452' title='bbox 1132 2139 1166 2169; x_wconf 90' lang='lat' dir='ltr'><strong>fit</strong></span> <span class='ocrx_word' id='word_1_453' title='bbox 1180 2140 1263 2181; x_wconf 91' lang='lat' dir='ltr'><strong>apud</strong></span> <span class='ocrx_word' id='word_1_454' title='bbox 1281 2140 1468 2171; x_wconf 66' lang='lat' dir='ltr'><strong>Athenaeum</strong></span> <span class='ocrx_word' id='word_1_455' title='bbox 1486 2139 1602 2181; x_wconf 83' lang='lat' dir='ltr'><strong>Deipn.</strong></span> <span class='ocrx_word' id='word_1_456' title='bbox 1616 2139 1679 2175; x_wconf 83' lang='lat' dir='ltr'><strong>xiv,</strong></span> <span class='ocrx_word' id='word_1_457' title='bbox 1695 2140 1726 2174; x_wconf 90' lang='lat'><strong>7,</strong></span> <span class='ocrx_word' id='word_1_458' title='bbox 1741 2139 1859 2173; x_wconf 77' lang='grc' dir='ltr'>ὤδινεν</span> 
     </span>
     <span class='ocr_line' id='line_1_74' title="bbox 1129 2180 1858 2224; baseline 0.005 -13"><span class='ocrx_word' id='word_1_459' title='bbox 1129 2181 1216 2222; x_wconf 85' lang='grc' dir='ltr'><em>ὄρος·</em></span> <span class='ocrx_word' id='word_1_460' title='bbox 1244 2183 1321 2219; x_wconf 78' lang='grc' dir='ltr'>Ζεῦς</span> <span class='ocrx_word' id='word_1_461' title='bbox 1333 2181 1358 2213; x_wconf 84' lang='grc' dir='ltr'><strong>δ’</strong></span> <span class='ocrx_word' id='word_1_462' title='bbox 1375 2182 1538 2224; x_wconf 79' lang='grc' dir='ltr'>ἐφοβεῖτο.</span> <span class='ocrx_word' id='word_1_463' title='bbox 1561 2182 1599 2212; x_wconf 82' lang='grc' dir='ltr'><strong>τὸ</strong></span> <span class='ocrx_word' id='word_1_464' title='bbox 1615 2180 1642 2212; x_wconf 81' lang='grc' dir='ltr'><strong>δ’</strong></span> <span class='ocrx_word' id='word_1_465' title='bbox 1654 2181 1762 2213; x_wconf 76' lang='grc' dir='ltr'><strong><em>ἔτεκεν</em></strong></span> <span class='ocrx_word' id='word_1_466' title='bbox 1776 2185 1858 2224; x_wconf 87' lang='grc' dir='ltr'><strong><em>μῦν.</em></strong></span> 
     </span>
     <span class='ocr_line' id='line_1_75' title="bbox 1177 2223 1858 2265; baseline 0.004 -12"><span class='ocrx_word' id='word_1_467' title='bbox 1177 2224 1247 2259; x_wconf 83' lang='grc'><strong>141,</strong></span> <span class='ocrx_word' id='word_1_468' title='bbox 1281 2225 1352 2254; x_wconf 79' lang='lat'>142.</span> <span class='ocrx_word' id='word_1_469' title='bbox 1381 2225 1431 2254; x_wconf 88' lang='lat' dir='ltr'><strong>En</strong></span> <span class='ocrx_word' id='word_1_470' title='bbox 1457 2223 1538 2254; x_wconf 84' lang='lat' dir='ltr'><strong>duos</strong></span> <span class='ocrx_word' id='word_1_471' title='bbox 1564 2223 1679 2265; x_wconf 81' lang='lat' dir='ltr'><strong>primos</strong></span> <span class='ocrx_word' id='word_1_472' title='bbox 1709 2225 1858 2265; x_wconf 74' lang='lat' dir='ltr'><strong>Odysseae</strong></span> 
     </span>
     <span class='ocr_line' id='line_1_76' title="bbox 1130 2264 1858 2300; baseline 0.007 -7"><span class='ocrx_word' id='word_1_473' title='bbox 1130 2274 1247 2299; x_wconf 79' lang='lat' dir='ltr'><strong>versuS,</strong></span> <span class='ocrx_word' id='word_1_474' title='bbox 1274 2265 1394 2296; x_wconf 83' lang='lat' dir='ltr'><strong>Latinis</strong></span> <span class='ocrx_word' id='word_1_475' title='bbox 1421 2264 1556 2296; x_wconf 86' lang='lat' dir='ltr'><strong>numeris</strong></span> <span class='ocrx_word' id='word_1_476' title='bbox 1582 2266 1623 2300; x_wconf 65' lang='lat' dir='ltr'><strong>ab,</strong></span> <span class='ocrx_word' id='word_1_477' title='bbox 1647 2266 1778 2296; x_wconf 79' lang='lat' dir='ltr'><strong>Horatio</strong></span> <span class='ocrx_word' id='word_1_478' title='bbox 1805 2277 1858 2298; x_wconf 82' lang='lat' dir='ltr'><strong>ex·</strong></span> 
     </span>
     <span class='ocr_line' id='line_1_77' title="bbox 1151 2306 1262 2336; baseline 0 -1"><span class='ocrx_word' id='word_1_479' title='bbox 1151 2306 1262 2336; x_wconf 86' lang='lat' dir='ltr'><strong>ressos!</strong></span> 
     </span>
    </p>

    <p class='ocr_par' dir='ltr' id='par_1_15' title="bbox 1128 2315 1884 2974">
     <span class='ocr_line' id='line_1_78' title="bbox 1129 2315 1860 2389; baseline 0.004 -12"><span class='ocrx_word' id='word_1_480' title='bbox 1129 2315 1149 2346; x_wconf 76' lang='lat' dir='ltr'>p</span> <span class='ocrx_word' id='word_1_481' title='bbox 1177 2349 1354 2378; x_wconf 84' lang='lat'>143—145.</span> <span class='ocrx_word' id='word_1_482' title='bbox 1377 2347 1574 2388; x_wconf 67' lang='lat' dir='ltr'><strong>Nonficmum</strong></span> <span class='ocrx_word' id='word_1_483' title='bbox 1589 2358 1623 2379; x_wconf 70' lang='lat' dir='ltr'><strong>ex</strong></span> <span class='ocrx_word' id='word_1_484' title='bbox 1627 2347 1770 2389; x_wconf 81' lang='lat' dir='ltr'><strong>fulgore,</strong></span> <span class='ocrx_word' id='word_1_485' title='bbox 1785 2355 1860 2380; x_wconf 86' lang='lat' dir='ltr'><strong>cett.</strong></span> 
     </span>
     <span class='ocr_line' id='line_1_79' title="bbox 1132 2389 1860 2430; baseline 0.005 -12"><span class='ocrx_word' id='word_1_486' title='bbox 1132 2389 1288 2428; x_wconf 63' lang='lat' dir='ltr'><strong>Homerus</strong></span> <span class='ocrx_word' id='word_1_487' title='bbox 1307 2399 1369 2419; x_wconf 87' lang='lat' dir='ltr'><strong>non</strong></span> <span class='ocrx_word' id='word_1_488' title='bbox 1387 2389 1418 2419; x_wconf 88' lang='lat' dir='ltr'><strong>id</strong></span> <span class='ocrx_word' id='word_1_489' title='bbox 1436 2398 1541 2420; x_wconf 86' lang='lat' dir='ltr'><strong>secum</strong></span> <span class='ocrx_word' id='word_1_490' title='bbox 1558 2389 1634 2430; x_wconf 83' lang='lat' dir='ltr'><strong>agit,</strong></span> <span class='ocrx_word' id='word_1_491' title='bbox 1650 2395 1686 2420; x_wconf 93' lang='lat' dir='ltr'><strong>ut</strong></span> <span class='ocrx_word' id='word_1_492' title='bbox 1705 2389 1860 2430; x_wconf 79' lang='lat' dir='ltr'><strong>fulgentia</strong></span> 
     </span>
     <span class='ocr_line' id='line_1_80' title="bbox 1132 2429 1884 2467; baseline 0.004 -7"><span class='ocrx_word' id='word_1_493' title='bbox 1132 2430 1218 2461; x_wconf 90' lang='lat' dir='ltr'><strong>fumo</strong></span> <span class='ocrx_word' id='word_1_494' title='bbox 1239 2431 1383 2467; x_wconf 85' lang='lat' dir='ltr'><strong>obducat,</strong></span> <span class='ocrx_word' id='word_1_495' title='bbox 1397 2429 1452 2460; x_wconf 85' lang='lat' dir='ltr'><strong>sed</strong></span> <span class='ocrx_word' id='word_1_496' title='bbox 1471 2436 1506 2461; x_wconf 91' lang='lat' dir='ltr'><strong>ut</strong></span> <span class='ocrx_word' id='word_1_497' title='bbox 1523 2430 1608 2461; x_wconf 80' lang='lat' dir='ltr'><strong>sumo</strong></span> <span class='ocrx_word' id='word_1_498' title='bbox 1630 2431 1767 2462; x_wconf 86' lang='lat' dir='ltr'><strong>obducta</strong></span> <span class='ocrx_word' id='word_1_499' title='bbox 1788 2432 1858 2464; x_wconf 90' lang='lat' dir='ltr'><strong>luce</strong></span> <span class='ocrx_word' id='word_1_500' title='bbox 1877 2447 1884 2450; x_wconf 88' lang='lat'>·</span> 
     </span>
     <span class='ocr_line' id='line_1_81' title="bbox 1131 2471 1861 2514; baseline 0.004 -12"><span class='ocrx_word' id='word_1_501' title='bbox 1131 2472 1302 2507; x_wconf 85' lang='lat' dir='ltr'><strong>collustret,</strong></span> <span class='ocrx_word' id='word_1_502' title='bbox 1316 2478 1347 2503; x_wconf 89' lang='lat' dir='ltr'><strong>et</strong></span> <span class='ocrx_word' id='word_1_503' title='bbox 1361 2471 1406 2502; x_wconf 87' lang='lat' dir='ltr'><strong>sic.</strong></span> <span class='ocrx_word' id='word_1_504' title='bbox 1420 2473 1556 2514; x_wconf 87' lang='lat' dir='ltr'><strong>speciem</strong></span> <span class='ocrx_word' id='word_1_505' title='bbox 1567 2478 1770 2504; x_wconf 79' lang='lat' dir='ltr'><strong>monstrorum</strong></span> <span class='ocrx_word' id='word_1_506' title='bbox 1787 2480 1861 2506; x_wconf 85' lang='lat' dir='ltr'><strong>ante</strong></span> 
     </span>
     <span class='ocr_line' id='line_1_82' title="bbox 1131 2515 1857 2556; baseline 0.003 -12"><span class='ocrx_word' id='word_1_507' title='bbox 1131 2515 1239 2545; x_wconf 87' lang='lat' dir='ltr'><strong>oculos</strong></span> <span class='ocrx_word' id='word_1_508' title='bbox 1256 2519 1362 2556; x_wconf 85' lang='lat' dir='ltr'><strong>ponat¹</strong></span> <span class='ocrx_word' id='word_1_509' title='bbox 1384 2515 1516 2555; x_wconf 88' lang='lat' dir='ltr'><strong>exempli</strong></span> <span class='ocrx_word' id='word_1_510' title='bbox 1535 2524 1631 2545; x_wconf 81' lang='lat' dir='ltr'><strong>causa</strong></span> <span class='ocrx_word' id='word_1_511' title='bbox 1651 2515 1857 2555; x_wconf 77' lang='lat' dir='ltr'><strong>Antiphatem,</strong></span> 
     </span>
     <span class='ocr_line' id='line_1_83' title="bbox 1131 2556 1858 2597; baseline 0.003 -11"><span class='ocrx_word' id='word_1_512' title='bbox 1131 2562 1204 2586; x_wconf 82' lang='lat' dir='ltr'><strong>cett.</strong></span> <span class='ocrx_word' id='word_1_513' title='bbox 1242 2557 1429 2596; x_wconf 78' lang='lat' dir='ltr'><strong>Antiphates,</strong></span> <span class='ocrx_word' id='word_1_514' title='bbox 1446 2565 1498 2586; x_wconf 85' lang='lat' dir='ltr'><strong>rex</strong></span> <span class='ocrx_word' id='word_1_515' title='bbox 1515 2556 1754 2597; x_wconf 81' lang='lat' dir='ltr'><strong>Laestrigonum,</strong></span> <span class='ocrx_word' id='word_1_516' title='bbox 1766 2557 1858 2589; x_wconf 88' lang='lat' dir='ltr'><strong>homo</strong></span> 
     </span>
     <span class='ocr_line' id='line_1_84' title="bbox 1131 2597 1858 2636; baseline 0.003 -9"><span class='ocrx_word' id='word_1_517' title='bbox 1131 2603 1261 2629; x_wconf 85' lang='lat' dir='ltr'><strong>cruenta</strong></span> <span class='ocrx_word' id='word_1_518' title='bbox 1275 2597 1458 2629; x_wconf 84' lang='lat' dir='ltr'><strong>crudelitate</strong></span> <span class='ocrx_word' id='word_1_519' title='bbox 1472 2597 1702 2636; x_wconf 78' lang='lat' dir='ltr'><strong>abominabilis,</strong></span> <span class='ocrx_word' id='word_1_520' title='bbox 1717 2603 1748 2630; x_wconf 87' lang='lat' dir='ltr'><strong>et</strong></span> <span class='ocrx_word' id='word_1_521' title='bbox 1763 2598 1804 2630; x_wconf 89' lang='lat' dir='ltr'><strong>Ul</strong></span> <span class='ocrx_word' id='word_1_522' title='bbox 1829 2610 1858 2629; x_wconf 91' lang='lat' dir='ltr'><strong>s-</strong></span> 
     </span>
     <span class='ocr_line' id='line_1_85' title="bbox 1132 2610 1856 2687; baseline 0.003 -17"><span class='ocrx_word' id='word_1_523' title='bbox 1132 2639 1175 2670; x_wconf 88' lang='lat' dir='ltr'><strong>sis</strong></span> <span class='ocrx_word' id='word_1_524' title='bbox 1194 2639 1297 2676; x_wconf 89' lang='lat' dir='ltr'><strong>sociis,</strong></span> <span class='ocrx_word' id='word_1_525' title='bbox 1314 2649 1444 2687; x_wconf 82' lang='lat' dir='ltr'><strong>quorum</strong></span> <span class='ocrx_word' id='word_1_526' title='bbox 1465 2650 1560 2670; x_wconf 87' lang='lat' dir='ltr'><strong>unum</strong></span> <span class='ocrx_word' id='word_1_527' title='bbox 1579 2639 1747 2678; x_wconf 83' lang='lat' dir='ltr'><strong>devoravit,</strong></span> <span class='ocrx_word' id='word_1_528' title='bbox 1762 2610 1856 2672; x_wconf 67' lang='lat' dir='ltr'><strong>inl‘eyis-</strong></span> 
     </span>
     <span class='ocr_line' id='line_1_86' title="bbox 1130 2680 1858 2723; baseline 0.003 -12"><span class='ocrx_word' id='word_1_529' title='bbox 1130 2680 1286 2712; x_wconf 88' lang='lat' dir='ltr'><strong>tissimus:</strong></span> <span class='ocrx_word' id='word_1_530' title='bbox 1309 2681 1370 2712; x_wconf 80' lang='lat' dir='ltr'><strong>vid.</strong></span> <span class='ocrx_word' id='word_1_531' title='bbox 1387 2681 1514 2712; x_wconf 85' lang='lat' dir='ltr'><strong>Homer.</strong></span> <span class='ocrx_word' id='word_1_532' title='bbox 1525 2681 1641 2723; x_wconf 83' lang='lat' dir='ltr'><strong>Odyss.</strong></span> <span class='ocrx_word' id='word_1_533' title='bbox 1655 2692 1686 2716; x_wconf 82' lang='lat' dir='ltr'><strong>x,</strong></span> <span class='ocrx_word' id='word_1_534' title='bbox 1697 2683 1858 2713; x_wconf 79' lang='lat'>82—132.</span> 
     </span>
     <span class='ocr_line' id='line_1_87' title="bbox 1131 2723 1858 2770; baseline 0.003 -17"><span class='ocrx_word' id='word_1_535' title='bbox 1131 2724 1328 2764; x_wconf 78' lang='lat' dir='ltr'><strong>Scyllamque,</strong></span> <span class='ocrx_word' id='word_1_536' title='bbox 1344 2730 1372 2754; x_wconf 79' lang='lat' dir='ltr'><strong>et</strong></span> <span class='ocrx_word' id='word_1_537' title='bbox 1393 2723 1592 2770; x_wconf 65' lang='lat' dir='ltr'><strong>Charybdim:</strong></span> <span class='ocrx_word' id='word_1_538' title='bbox 1616 2723 1655 2754; x_wconf 81' lang='lat' dir='ltr'><strong>de</strong></span> <span class='ocrx_word' id='word_1_539' title='bbox 1672 2723 1720 2753; x_wconf 75' lang='lat' dir='ltr'><strong>his</strong></span> <span class='ocrx_word' id='word_1_540' title='bbox 1736 2723 1858 2755; x_wconf 75' lang='lat' dir='ltr'><strong>duabus</strong></span> 
     </span>
     <span class='ocr_line' id='line_1_88' title="bbox 1131 2764 1857 2806; baseline 0.001 -11"><span class='ocrx_word' id='word_1_541' title='bbox 1131 2765 1164 2796; x_wconf 88' lang='lat' dir='ltr'><strong>in</strong></span> <span class='ocrx_word' id='word_1_542' title='bbox 1173 2765 1249 2796; x_wconf 82' lang='lat' dir='ltr'><strong>mari</strong></span> <span class='ocrx_word' id='word_1_543' title='bbox 1259 2765 1366 2796; x_wconf 85' lang='lat' dir='ltr'><strong>Siculo</strong></span> <span class='ocrx_word' id='word_1_544' title='bbox 1378 2764 1588 2805; x_wconf 76' lang='lat' dir='ltr'><strong>voraginibus,</strong></span> <span class='ocrx_word' id='word_1_545' title='bbox 1601 2765 1714 2796; x_wconf 81' lang='lat' dir='ltr'><strong>summi</strong></span> <span class='ocrx_word' id='word_1_546' title='bbox 1727 2765 1857 2806; x_wconf 83' lang='lat' dir='ltr'><strong>periculi</strong></span> 
     </span>
     <span class='ocr_line' id='line_1_89' title="bbox 1130 2805 1858 2848; baseline 0 -11"><span class='ocrx_word' id='word_1_547' title='bbox 1130 2813 1241 2838; x_wconf 86' lang='lat' dir='ltr'><strong>terrore</strong></span> <span class='ocrx_word' id='word_1_548' title='bbox 1278 2805 1568 2848; x_wconf 63' lang='lat' dir='ltr'><strong>praeternavigantes</strong></span> <span class='ocrx_word' id='word_1_549' title='bbox 1607 2806 1858 2848; x_wconf 85' lang='lat' dir='ltr'><strong>percellentibus,</strong></span> 
     </span>
     <span class='ocr_line' id='line_1_90' title="bbox 1128 2847 1856 2890; baseline 0 -11"><span class='ocrx_word' id='word_1_550' title='bbox 1128 2848 1192 2880; x_wconf 84' lang='lat' dir='ltr'><strong>vid.</strong></span> <span class='ocrx_word' id='word_1_551' title='bbox 1209 2849 1333 2880; x_wconf 84' lang='lat' dir='ltr'><strong>Homer.</strong></span> <span class='ocrx_word' id='word_1_552' title='bbox 1349 2849 1462 2890; x_wconf 85' lang='lat' dir='ltr'><strong>Odyss.</strong></span> <span class='ocrx_word' id='word_1_553' title='bbox 1476 2847 1514 2880; x_wconf 88' lang='lat' dir='ltr'><strong>de</strong></span> <span class='ocrx_word' id='word_1_554' title='bbox 1533 2849 1635 2888; x_wconf 78' lang='lat' dir='ltr'><strong>Scylla</strong></span> <span class='ocrx_word' id='word_1_555' title='bbox 1652 2847 1778 2889; x_wconf 85' lang='lat' dir='ltr'><strong>quidem</strong></span> <span class='ocrx_word' id='word_1_556' title='bbox 1798 2849 1856 2879; x_wconf 90' lang='lat' dir='ltr'><strong>lib.</strong></span> 
     </span>
     <span class='ocr_line' id='line_1_91' title="bbox 1130 2889 1856 2931; baseline 0 -11"><span class='ocrx_word' id='word_1_557' title='bbox 1130 2890 1184 2926; x_wconf 86' lang='lat' dir='ltr'><strong>xii,</strong></span> <span class='ocrx_word' id='word_1_558' title='bbox 1201 2892 1253 2926; x_wconf 80' lang='lat'><strong>85,</strong></span> <span class='ocrx_word' id='word_1_559' title='bbox 1269 2892 1308 2922; x_wconf 81' lang='lat' dir='ltr'><strong>de</strong></span> <span class='ocrx_word' id='word_1_560' title='bbox 1324 2891 1477 2931; x_wconf 78' lang='lat' dir='ltr'><strong>Charybdi</strong></span> <span class='ocrx_word' id='word_1_561' title='bbox 1493 2889 1546 2926; x_wconf 81' lang='lat' dir='ltr'><strong>xii.</strong></span> <span class='ocrx_word' id='word_1_562' title='bbox 1562 2891 1620 2920; x_wconf 80' lang='lat'><strong>104</strong></span> <span class='ocrx_word' id='word_1_563' title='bbox 1634 2900 1705 2931; x_wconf 79' lang='lat' dir='ltr'><strong>sqq.</strong></span> <span class='ocrx_word' id='word_1_564' title='bbox 1741 2891 1856 2931; x_wconf 74' lang='lat' dir='ltr'><strong>Scylla,</strong></span> 
     </span>
     <span class='ocr_line' id='line_1_92' title="bbox 1130 2931 1852 2974; baseline 0.001 -12"><span class='ocrx_word' id='word_1_565' title='bbox 1130 2938 1162 2963; x_wconf 84' lang='lat' dir='ltr'><strong>ut</strong></span> <span class='ocrx_word' id='word_1_566' title='bbox 1183 2932 1273 2964; x_wconf 86' lang='lat' dir='ltr'><strong>docet</strong></span> <span class='ocrx_word' id='word_1_567' title='bbox 1293 2932 1420 2963; x_wconf 75' lang='lat' dir='ltr'><strong>Cluver,</strong></span> <span class='ocrx_word' id='word_1_568' title='bbox 1439 2932 1503 2962; x_wconf 89' lang='lat' dir='ltr'><strong>Sic.</strong></span> <span class='ocrx_word' id='word_1_569' title='bbox 1524 2931 1546 2967; x_wconf 92' lang='lat' dir='ltr'><strong>i,</strong></span> <span class='ocrx_word' id='word_1_570' title='bbox 1565 2933 1597 2968; x_wconf 83' lang='lat'><strong>5,</strong></span> <span class='ocrx_word' id='word_1_571' title='bbox 1616 2931 1674 2963; x_wconf 79' lang='lat' dir='ltr'><strong>fuit</strong></span> <span class='ocrx_word' id='word_1_572' title='bbox 1693 2933 1852 2974; x_wconf 72' lang='lat' dir='ltr'><strong>scopuluS,</strong></span> 
     </span>
    </p>
   </div>
  </div>
 </body>
</html>
