1904 3314
675 175 906 219 LIBER
937 175 973 227 Ι,
1010 176 1074 218 15.

1567 176 1655 218 477

223 280 358 322 Dicet
379 293 538 335 eques:
572 278 651 320 sed
671 276 774 332 equi
794 275 965 318 frenato
985 281 1054 316 est
1074 275 1192 316 auris
1214 275 1258 316 in
1281 290 1356 317 ore
1371 276 1400 330 ι)

222 348 371 404 Major
390 354 536 390 utrum
555 345 767 401 populum
787 343 992 386 frumenti
1013 343 1139 399 copia
1160 350 1312 399 pascat
1329 361 1339 394 3

138 416 192 458 15
222 415 497 458 Collectosne
516 415 670 456 bibant
690 413 865 462 imbres,
886 418 1104 467 puteosne
1124 426 1340 466 perennes

223 483 352 539 Jugis
374 498 523 538 aquae;
556 481 671 535 (nam
692 481 790 522 vina
809 479 916 522 nihil
936 495 1082 522 moror
1102 479 1217 522 illius
1240 496 1350 523 orae:

224 551 350 593 Rure
369 565 464 592 meo
485 564 664 605 possum
685 548 856 604 quidvis
877 547 1075 603 perferre
1096 548 1301 603 patique3

226 618 302 662 Ad
321 633 437 661 mare
458 633 592 674 quum
612 617 725 667 veni,
748 630 1010 672 generosum
1031 623 1075 657 et
1095 615 1193 657 lene
1215 617 1408 671 requiro,

227 687 362 736 Quod
383 700 509 728 curas
530 685 694 740 abigat,
717 684 836 739 quod
858 698 956 726 cum
978 699 1055 739 spe
1078 683 1212 725 divite
1234 691 1379 725 manet

141 756 199 798 20
227 755 280 798 In
300 769 430 796 venas
452 753 726 807 animumque
747 766 906 802 meum,
928 752 1045 806 quod
1070 753 1202 793 verba
1222 753 1451 801 ministret,

227 821 360 870 Quod
381 835 450 862 me
472 820 665 862 Lucanae
680 821 887 876 juvenem
910 820 1185 861 commendet
1206 820 1353 861 amicae
1371 820 1399 873 z)

229 890 422 932 Tractus
443 896 542 931 uter
561 888 710 944 plures
729 887 918 944 lepores,
939 896 1038 930 uter
1059 888 1218 930 educet
1238 903 1366 943 apros
1385 904 1394 928 :

228 957 344 999 Utra
362 957 499 1013 magis
519 957 663 1012 pisces
684 963 727 998 et
749 956 928 998 echinos
951 970 1127 1011 aequora
1148 954 1305 1005 celent,

230 1025 414 1081 Pinguis
437 1033 486 1067 ut
505 1025 606 1066 inde
629 1025 803 1067 domum
825 1024 988 1079 possim
1010 1023 1266 1078 Phaeaxque
1288 1023 1471 1073 reverti3

144 1094 202 1136 25
232 1094 435 1136 Scribere
456 1100 499 1135 te
520 1093 661 1143 nobis,
682 1093 762 1134 tibi
782 1106 860 1133 nos
883 1092 1130 1142 accredere,
1153 1106 1232 1146 par
1253 1099 1334 1132 est.

232 1161 437 1211 Maenius,
458 1167 522 1211 ut,
544 1161 677 1202 rebus
699 1152 904 1201 maternis
926 1166 1058 1213 atque
1079 1159 1273 1214 paternis

233 1229 428 1271 Fortiter
448 1229 675 1278 absumtis,
699 1229 891 1269 urbanus
913 1228 1048 1282 coepit
1069 1227 1238 1277 haberi,

234 1297 397 1339 Scurra
417 1311 568 1351 vagus,
591 1311 678 1337 non
698 1296 774 1350 qui
795 1302 962 1337 certum
983 1310 1184 1351 praesepe
1207 1301 1390 1345 teneret,

234 1363 489 1420 Impransus
510 1378 599 1405 non
620 1363 695 1418 qui
717 1363 852 1405 civem
875 1362 1154 1417 dignosceret
1175 1363 1318 1412 hoste,

165 1487 263 1519 5—9.
277 1487 357 1519 Sane
371 1494 519 1524 murteta,
529 1492 604 1520 cett.
617 1492 686 1530 post
690 1487 807 1528 frigus
816 1496 874 1529 po·

123 1529 172 1561 sui
181 1529 417 1562 distinctionem
428 1530 576 1573 majorem
588 1543 597 1570 ;
609 1540 737 1562 sensus:
758 1528 874 1572 (Sane)

124 1574 266 1615 profecto
282 1574 404 1616 (vicus)
422 1574 574 1605 Baiarum
590 1573 718 1608 incolae,
741 1578 876 1603 murteta

124 1626 185 1647 sua
196 1617 361 1659 (myrteta,
374 1617 445 1648 loca
460 1616 571 1659 myrtis
584 1615 725 1656 consita)
741 1616 876 1656 relinqui

125 1664 158 1690 et
168 1660 318 1699 sulphura
335 1659 498 1702 (intellige
510 1669 642 1702 vapores
653 1658 873 1701 sulphureos),

125 1712 199 1744 que
222 1701 269 1733 ibi
291 1702 442 1734 dicuntur
463 1704 598 1734 morbum
622 1709 783 1733 cessantem
807 1700 874 1743 (in-

127 1743 320 1786 baerentem)
337 1747 438 1777 nervis
452 1747 564 1777 elidere
580 1744 787 1787 (depellere),
804 1745 874 1785 (ge-

127 1786 202 1829 mit)
225 1799 299 1820 vere
321 1788 442 1825 dolent,
467 1789 611 1830 (invidus
635 1787 743 1829 aegris)
770 1787 875 1828 indig-

126 1836 238 1863 nantes
254 1830 357 1873 aegris,
377 1831 494 1863 balnea
510 1831 624 1872 frigida
643 1829 718 1861 alibi
741 1830 875 1872 petenti-

126 1872 200 1905 bus.
245 1874 331 1906 Rem
345 1874 485 1906 illustrat
499 1874 615 1906 Celsus
636 1872 683 1910 iii,
704 1873 755 1910 17,
778 1872 833 1903 Est
847 1879 877 1903 et

126 1918 322 1958 quarundam
351 1920 547 1949 naturalium
584 1918 781 1948 sudationum
812 1918 876 1958 (sc.

127 1958 247 2000 calor),
268 1962 322 1992 ubi
343 1971 359 1991 e
378 1967 463 1991 terra
481 1960 627 2003 prqfusus
646 1961 764 1990 calidus
786 1970 878 1999 vapor

125 2003 254 2045 edificio
279 2004 466 2040 includitur,
495 2005 576 2035 sicut
599 2013 689 2043 super
719 2002 814 2034 Baias
842 2003 876 2032 in

127 2047 270 2078 murtetis
287 2047 426 2078 habemus
438 2057 450 2084 ;
473 2051 507 2079 et
525 2056 597 2088 cap.
611 2046 666 2081 21,
687 2047 770 2076 siccae
783 2046 876 2076 suda-

128 2089 280 2126 tirmes—,
306 2090 410 2131 quales
437 2101 542 2131 superr
562 2089 655 2120 Baias
678 2089 818 2120 habemus
844 2090 878 2118 in

129 2133 282 2164 murtetis.

173 2175 208 2212 8,
230 2175 263 2207 9.
302 2174 404 2216 Caput
435 2181 464 2206 et
494 2175 678 2206 stomachum
713 2183 880 2214 supponere

121 2217 286 2261 sontibus.-
317 2217 450 2259 cogitari
473 2222 574 2260 potest
599 2216 638 2248 de
667 2216 800 2253 balneis,
824 2216 879 2247 ubi

131 2269 218 2303 aqua
231 2260 267 2292 in
283 2260 426 2292 lavantes
446 2258 594 2302 guttatim
616 2259 775 2297 destillat;
802 2260 878 2290 Clu·

131 2305 221 2340 sinin,
251 2303 366 2339 Clusii.
396 2302 505 2346 oppidi
535 2301 567 2333 in
601 2302 707 2334 media
739 2301 880 2334 Etruria.

133 2346 322 2388 Gabiosque.-
354 2345 398 2377 cf.
423 2357 497 2389 sup.
525 2345 565 2376 ad
594 2345 698 2387 Epist.
722 2344 744 2383 i,
770 2346 821 2382 ll,
847 2345 879 2376 7.

130 2388 266 2432 Frigida
281 2400 372 2427 rura,
386 2388 457 2421 loca
471 2394 636 2420 montana.

179 2433 317 2463 10—13.
340 2432 515 2464 Mutandus
531 2432 612 2462 Iocus
634 2438 689 2468 est,
706 2430 880 2474 parendum

131 2479 180 2507 est
189 2473 334 2513 medinm
357 2475 510 2506 mutanda
526 2475 744 2510 sunt-balnea,
762 2485 824 2505 non
842 2474 882 2505 ad

131 2517 247 2550 balnea
261 2518 408 2549 Cumana
423 2523 480 2548 aut
495 2516 629 2554 Baiana,
641 2517 696 2549 sed
712 2517 752 2548 ad
764 2517 882 2548 balnea

134 2560 267 2593 Gabina
285 2560 344 2592 iter
362 2559 564 2601 dirigendum
585 2566 644 2591 est.
690 2561 805 2592 Facete
824 2570 881 2591 au-

133 2607 197 2635 tem
213 2603 367 2636 Horatius
379 2603 447 2646 jam
462 2602 568 2634 animo
583 2602 643 2634 sibi
658 2602 749 2644 fingit
761 2602 883 2634 instans

134 2645 206 2678 iter.
249 2645 283 2678 Si
313 2646 391 2677 sorte
413 2656 526 2687 equus,
552 2645 668 2686 inquit,
692 2646 773 2677 viam
803 2645 881 2676 dex-

135 2693 272 2720 trorsum
298 2688 396 2720 Baias
420 2694 477 2720 aut
503 2689 625 2720 Cumas
650 2688 818 2720 ducentem
845 2689 886 2719 ob

135 2737 211 2763 nota
225 2730 287 2764 sibi
307 2731 342 2763 in
363 2731 424 2763 hac
446 2731 499 2762 via
519 2730 692 2762 diversoria
717 2732 772 2772 (ut
786 2731 888 2762 facere

137 2774 223 2817 apud
245 2784 303 2806 nos
327 2774 430 2806 solent
450 2774 527 2816 equi
549 2773 694 2806 mercede
718 2773 886 2813 conducti)

137 2817 271 2849 transire
299 2817 398 2854 nolet,
428 2816 550 2859 (eques)
581 2827 652 2858 ego,
679 2817 746 2852 Quo
770 2818 891 2848 tendis!

139 2859 212 2892 Nan
227 2860 303 2891 mihi
320 2860 430 2891 Cumas
455 2861 509 2892 Est
533 2862 604 2895 iter,
628 2867 684 2891 aut
706 2859 812 2895 Baias,
828 2866 886 2891 sta-

138 2903 304 2943 machosus,
318 2913 383 2934 non
395 2903 512 2940 verbis,
527 2902 583 2935 sed
601 2904 716 2935 habena
729 2902 889 2934 sinistror-

139 2955 211 2976 sum
232 2956 352 2988 equum
380 2946 526 2978 flectente
550 2945 682 2984 dicam;
715 2956 779 2977 non
804 2945 892 2977 audit

140 2986 226 3019 enim
239 2998 356 3031 equus.
402 2989 458 3021 Sed
474 2991 542 3030 equi
557 2990 643 3020 auris
660 2991 690 3020 in
703 2988 890 3030 orefrenala

918 1493 973 1524 est,
1004 1485 1037 1517 h.
1066 1496 1095 1518 e.
1124 1496 1226 1528 equus
1256 1496 1320 1518 non
1351 1485 1465 1523 verbis,
1494 1485 1550 1517 sed
1579 1485 1669 1518 freno

918 1534 1019 1571 paret.

965 1574 1018 1603 14.
1043 1572 1146 1613 Major
1161 1579 1268 1604 utrum
1287 1574 1445 1613 populum,
1468 1577 1543 1603 cett.
1568 1572 1670 1614 pergit

920 1614 1111 1656 quaestiones
1143 1626 1328 1657 proponere,
1362 1615 1403 1646 ad
1439 1625 1520 1657 quas
1550 1616 1667 1647 Valam

919 1658 1053 1689 Horatio
1076 1659 1262 1700 respondere
1284 1669 1340 1700 par
1358 1658 1418 1689 sit:
1442 1666 1549 1689 utrum
1569 1669 1666 1698 popu-

921 1702 996 1737 lum,
1012 1701 1135 1731 incolas
1150 1700 1253 1732 Veliae
1269 1707 1301 1732 et
1317 1700 1455 1732 Salerni.

966 1745 1018 1774 16.
1039 1743 1131 1786 Jugis
1146 1755 1229 1784 aquae
1244 1756 1252 1773 .-
1276 1743 1318 1775 cf.
1333 1744 1403 1775 Sat.
1420 1743 1454 1780 ii,
1471 1744 1503 1780 6,
1517 1743 1549 1773 2.

967 1787 1018 1817 17.
1051 1787 1140 1817 Rure
1163 1798 1224 1817 meo
1246 1797 1364 1826 possum
1391 1788 1511 1828 quidvis
1531 1784 1668 1826 perferre

916 1831 1054 1870 patique,
1074 1829 1107 1860 in
1126 1829 1199 1860 villa
1219 1839 1291 1861 mea
1309 1829 1407 1861 didici
1422 1829 1554 1861 tolerare
1570 1827 1667 1859 vitam

919 1872 992 1903 vino
1015 1878 1046 1904 et
1069 1871 1233 1914 quibusvis
1259 1872 1332 1903 aliis
1362 1873 1456 1903 rebus
1486 1876 1670 1910 carentem,

920 1914 1014 1946 modo
1030 1915 1107 1946 mihi
1122 1925 1140 1947 e
1157 1915 1348 1956 perennibus
1361 1915 1449 1957 jugis
1464 1924 1556 1956 aquae
1573 1913 1669 1944 sonti-

920 1958 979 1988 bus
1006 1957 1113 1989 bibere
1143 1957 1249 1989 liceat.
1293 1959 1356 1989 Per
1378 1959 1499 1999 quidvis
1519 1956 1672 1998 intelligit

919 2000 1048 2042 quidem
1065 2001 1218 2032 Horatius
1232 2011 1357 2032 omnem
1374 2000 1492 2032 victum
1516 1999 1670 2037 viliorem,

919 2053 1014 2084 quem
1030 2053 1093 2074 non
1111 2050 1236 2076 recuset
1250 2054 1319 2075 rure
1336 2043 1459 2078 vivens,
1483 2041 1671 2074 nominatim

921 2092 1039 2124 tamen,
1054 2092 1091 2118 ut
1104 2087 1220 2118 docent
1240 2086 1417 2128 sequentia,
1430 2085 1569 2128 regionis
1585 2084 1673 2116 illius

921 2128 1043 2178 vinum,
1075 2140 1139 2172 quo
1169 2140 1202 2162 se
1233 2129 1319 2160 haud
1350 2129 1484 2160 invitum
1515 2127 1673 2160 abstinere

924 2178 982 2204 alt·

968 2215 1020 2246 18.
1044 2214 1146 2252 Mare,
1170 2225 1217 2246 sc.
1239 2214 1396 2255 inferum;
1430 2214 1462 2246 in
1486 2213 1592 2246 animo
1615 2214 1672 2246 ha·

923 2258 994 2290 buit
1005 2258 1195 2294 Lucaniam,
1208 2263 1244 2289 ut
1253 2265 1384 2301 apparet
1394 2269 1433 2290 ex
1447 2269 1476 2290 v.
1486 2258 1540 2288 21.
1578 2258 1674 2295 Lene,

924 2306 960 2333 ut
982 2311 1053 2344 sup.
1077 2301 1140 2333 Od.
1163 2301 1187 2337 i,
1211 2303 1244 2338 7,
1275 2303 1326 2339 19,
1348 2312 1464 2332 merum
1485 2302 1587 2338 molle,
1603 2311 1673 2337 neS,

924 2345 1027 2380 mildo,
1042 2344 1140 2387 sanft.

968 2388 1022 2418 21.
1044 2388 1204 2425 Juvenem,
1221 2386 1405 2429 juveniliter
1419 2387 1594 2419 ardentem.

968 2431 1024 2462 22.
1051 2431 1179 2462 Tractus
1205 2438 1289 2467 uter,
1314 2435 1385 2461 utra
1405 2431 1504 2472 regio,
1530 2430 1676 2462 Veliaene

927 2485 968 2505 an
985 2473 1122 2505 Salerni.

968 2517 1111 2549 23—26.
1136 2517 1284 2547 Echinos:
1313 2515 1357 2547 cf.
1369 2526 1441 2559 sup.
1454 2515 1494 2547 ad
1510 2516 1577 2548 Sat.
1593 2515 1626 2552 ii,
1642 2517 1674 2552 4,

926 2561 981 2591 33.
1027 2560 1206 2600 Phaeaaque,
1223 2564 1255 2591 et
1270 2558 1380 2589 similis
1403 2559 1576 2591 Phaeacum
1597 2558 1675 2600 regi,

928 2601 1080 2638 Alcinoo,
1099 2602 1263 2633 luxuriosa
1278 2602 1344 2633 vita
1359 2602 1477 2633 nobili:
1495 2601 1538 2634 cf.
1552 2613 1625 2645 sup.
1638 2602 1679 2633 ad

928 2645 1032 2687 Epist.
1051 2645 1074 2680 i,
1090 2646 1123 2681 2,
1140 2646 1195 2676 28.
1242 2645 1393 2676 Maem'us:
1414 2645 1481 2687 jam
1498 2654 1592 2687 supra
1610 2645 1679 2676 Ho-

931 2687 1030 2720 ratius
1054 2689 1203 2719 Maenium
1223 2693 1260 2719 ut
1283 2697 1419 2730 vappam
1438 2693 1470 2719 et
1489 2687 1678 2720 nebulonem

932 2730 1092 2774 produxit,
1117 2732 1184 2762 Sat.
1206 2730 1228 2768 i,
1253 2732 1282 2768 l,
1312 2732 1386 2766 101,
1408 2736 1440 2763 et
1461 2732 1530 2762 Sat.
1550 2731 1573 2766 i,
1594 2731 1627 2766 3,
1647 2731 1680 2761 2.

935 2775 1035 2806 Rebus
1050 2776 1195 2806 maternis
1209 2781 1300 2815 atque
1312 2775 1462 2814 paternis,
1480 2773 1681 2816 patrimonio.

976 2818 1030 2848 27.
1064 2817 1220 2854 Urbanus,
1251 2816 1358 2852 dicax,
1389 2817 1521 2858 loquax,
1551 2816 1681 2847 urbanae

932 2860 1100 2902 elegantiae
1124 2860 1254 2893 laudem
1281 2861 1383 2891 facete
1407 2859 1501 2891 dictis
1527 2865 1682 2900 captans;

934 2903 996 2935 huc
1018 2903 1153 2946 pertinet
1173 2902 1330 2946 imprimis
1354 2902 1445 2934 locus
1473 2901 1582 2933 Plauti
1611 2900 1683 2931 Tri-

935 2956 1024 2977 num.
1050 2945 1073 2983 i,
1101 2947 1135 2982 2,
1169 2947 1229 2978 162
1254 2956 1339 2988 sqq.‚
1365 2945 1454 2976 Nihil
1478 2950 1521 2976 est
1549 2943 1684 2985 profecto

934 2990 1072 3025 stulcius,
1092 3000 1187 3030 neque
1206 2990 1359 3023 stolidius,
1380 2988 1483 3028 Neque
1501 2987 1684 3017 mendacito-
