1884 3288
52 2573 79 2627 “”“;ι
44 2271 83 2559 ὸφῐζὼ-Ψίψ

672 203 989 248 CARMEN
1026 205 1092 247 ll.

1570 207 1651 249 271

286 305 424 348 Simul
444 305 624 349 calentis
644 304 964 347 inverecundus
986 303 1113 345 Deus

402 373 654 415 Fervidiore
675 386 794 414 mero
815 385 974 412 arcana
994 377 1219 426 promorat
1238 370 1350 414 loco.

204 440 258 481 15
289 439 423 489 Quod
446 441 482 482 si
501 440 606 481 meis
627 440 830 480 inaestuat
851 437 1108 494 praecordiis

402 507 564 550 Libera
584 505 697 556 bilis,
721 513 768 548 ut
789 506 886 548 haec
910 506 1083 562 ingrata
1106 506 1245 547 ventis
1268 506 1436 549 dividat

289 575 512 624 Fomenta,
533 574 691 617 vulnus
713 574 774 617 nil
794 575 952 617 malum
976 575 1165 616 levantia
1183 592 1193 624 ;

404 643 591 685 Desinet
610 643 849 698 imparibus
871 650 1040 684 certare
1063 643 1290 684 submotus
1311 642 1473 698 pudor.

289 710 382 753 Ubi
400 710 495 752 haec
517 725 694 753 severus
717 718 759 752 te
781 709 925 766 palam
945 709 1240 760 laudaveram,

205 778 264 820 20

406 777 437 820 J
441 793 567 820 ussus
589 779 710 820 abire
732 779 922 828 domum,
945 777 1119 820 ferebar
1140 778 1308 820 incerto
1329 778 1445 833 pede

286 844 364 888 Ad
383 861 470 888 non
491 846 649 888 amicos
670 845 786 887 heu!
819 845 925 887 mihi
946 853 1112 901 postes,
1135 853 1180 887 et
1201 845 1316 888 heu!

403 913 575 956 Limina
597 915 723 963 dura,
746 914 906 968 quibus
928 913 1101 957 lum-bos
1123 921 1167 955 et
1189 913 1349 969 infregi
1367 912 1497 955 latus.

287 981 436 1033 Nunc,
458 982 683 1038 gloriantis
706 981 945 1037 quamlibet
965 980 1263 1023 mulierculam

407 1050 599 1093 Vincere
621 1049 812 1100 mollitia,
834 1064 955 1091 amor
978 1049 1152 1105 Lycisci
1173 1064 1240 1091 me
1263 1056 1407 1100 tenet3

157 1136 159 1138 ·
205 1118 263 1160 25
293 1117 426 1160 Unde
446 1118 656 1173 expedire
677 1133 763 1160 non
786 1118 1022 1159 amicorum
1043 1126 1207 1173 queant

410 1185 574 1228 Libera
594 1185 788 1236 consilia,
807 1183 888 1228 'nec
911 1186 1185 1228 contumeliae
1206 1201 1385 1242 graves3

296 1252 387 1295 Sed
409 1252 518 1295 alius
540 1254 686 1304 ardor,
709 1260 785 1295 aut
807 1253 965 1308 puellae
986 1255 1198 1304 candidae,

409 1318 505 1362 Aut
527 1322 675 1364 teretis
698 1322 838 1376 pueri,
860 1320 1035 1376 longam
1056 1323 1308 1364 renodantis
1329 1337 1509 1364 comam.

118 1420 276 1462 quomodo
290 1426 402 1453 contra
425 1421 592 1454 Inachiam
607 1434 711 1455 meum
730 1423 867 1455 obdura-

119 1472 184 1494 rem
207 1462 370 1496 animum:
404 1465 546 1497 “fierine
574 1471 686 1508 potest,
713 1467 869 1508 querebar

121 1504 208 1547 apud
222 1511 265 1542 te,
281 1517 355 1538 cum
369 1507 444 1539 vino
459 1508 609 1540 incensus
626 1519 759 1540 arcanos
781 1519 869 1540 meos

121 1548 325 1580 amorestibi
349 1555 530 1592 retegerem,
555 1551 661 1583 fierine
688 1557 801 1595 potest,
834 1557 868 1582 ut

122 1590 259 1623 Inachia
294 1591 392 1623 animi
429 1593 491 1625 mei
521 1595 689 1626 candorem
719 1594 868 1626 ditiorum

121 1638 292 1676 postponat
306 1635 513 1667 muneribus?
559 1637 682 1674 Quodzi
705 1637 802 1679 igitur
817 1636 866 1668 in-

913 1422 1017 1454 Graec.
1036 1423 1073 1453 T.
1101 1421 1124 1458 i,
1146 1434 1178 1465 p.
1197 1423 1271 1454 146.
1317 1422 1406 1457 Quod
1429 1424 1454 1453 si
1480 1423 1551 1453 meis
1573 1423 1660 1453 inaes·

912 1472 979 1496 tuat
996 1468 1169 1506 praecordiis
1194 1466 1303 1497 Libera
1325 1467 1410 1497 bilis:
1435 1464 1547 1507 quodsi
1567 1465 1665 1506 igitur

912 1519 998 1539 nunc
1016 1514 1078 1539 tam
1096 1509 1195 1539 libera
1221 1508 1252 1539 in
1276 1508 1382 1539 animo
1405 1519 1476 1539 meo
1499 1509 1596 1539 fervet
1619 1507 1666 1538 ira

913 1552 1040 1593 (libera.
1064 1562 1137 1592 quae
1164 1551 1252 1582 nullo
1277 1551 1414 1594 amplius
1429 1551 1570 1582 fomento
1586 1561 1662 1592 sup-

912 1594 1091 1636 primitur),
1108 1601 1145 1625 ut
1163 1597 1258 1626 ventis
1270 1596 1405 1630 dividat,
1423 1601 1457 1625 ut
1474 1593 1576 1625 ventis
1586 1593 1663 1624 diri-

914 1636 1030 1678 pienda
1046 1637 1178 1673 tradam,
1196 1637 1228 1668 h.
1245 1648 1275 1668 e.
1300 1637 1391 1668 missa
1417 1637 1544 1668 faciam.
1595 1637 1667 1667 Hcrc

121 1675 299 1718 dignationi
323 1687 402 1709 meze
425 1678 465 1710 de
491 1679 634 1711 lnachiae
657 1680 775 1722 injuria
792 1679 868 1711 libe-
904 1679 1060 1720 fontenta,
1078 1679 1222 1721 intellige
1238 1690 1338 1721 spem,
1355 1690 1426 1722 quae
1443 1679 1511 1721 ejus
1527 1679 1558 1710 in
1584 1680 1662 1710 Ina-

122 1718 190 1750 rius
205 1729 290 1751 nuuc
303 1719 349 1751 ita
365 1720 530 1763 indulgere
546 1722 662 1765 placet,
678 1729 713 1753 ut
734 1733 785 1760 ea,
799 1733 871 1764 quae

122 1770 206 1793 vana
219 1762 324 1794 adhuc
347 1763 462 1795 amoris
484 1764 545 1796 mei
570 1765 709 1796 fomenta
733 1766 871 1804 fuerunt,

121 1812 162 1836 ex
187 1805 294 1837 animo
317 1805 442 1848 ejiciam
467 1812 499 1838 et
519 1807 614 1839 missa
641 1808 778 1846 faciam3
801 1818 871 1849 ego,

122 1856 218 1890 quem
245 1853 330 1883 ante,
356 1859 389 1880 se
417 1860 483 1892 prae
510 1849 674 1882 ditioribus
699 1850 870 1887 contemni,

145 1889 276 1926 udebat,
291 1891 439 1923 submoto
458 1902 544 1924 nunc
558 1893 617 1924 isto
643 1893 774 1936 pudore,
797 1904 870 1924 cum

145 1931 301 1970 itioribus,
315 1933 432 1976 quibus
446 1934 548 1977 impar
568 1946 651 1972 sum,
675 1943 794 1968 certare
815 1936 869 1967 de-

122 1974 260 2007 sinam?
303 1976 439 2020 Copiose
452 1977 492 2009 de
512 1979 570 2010 hoc
590 1978 660 2010 loco
685 1979 870 2023 disputavit,

122 2017 179 2049 sed
195 2018 266 2061 ejus
289 2029 415 2051 sensum
439 2031 502 2052 non
524 2021 600 2052 satis
620 2022 777 2065 perspexit
793 2022 870 2053 Mit-

121 2060 340 2093 oeherlichius.
387 2064 541 2095 Contrane
562 2066 682 2095 lucrum
699 2066 746 2096 m'l
760 2067 871 2101 valere,

124 2109 202 2136 nota
217 2104 369 2146 loquendi
392 2105 606 2149 ratione'pro‚
622 2107 730 2139 fierine
755 2114 868 2150 potest,

125 2146 189 2185 vel,
202 2153 292 2179 estne
308 2147 367 2184 fas,
382 2155 419 2180 ut
431 2149 478 2180 nil
494 2150 598 2181 valeat
614 2157 723 2181 contra
744 2150 868 2182 lucrum

123 2194 201 2222 cett.
246 2191 417 2231 Apploram
439 2193 508 2229 tibi,
529 2192 667 2224 dolorem
692 2203 798 2225 meum
822 2199 868 2225 te-

125 2241 200 2263 cum
214 2233 472 2266 communicans:
496 2236 599 2271 simul,
622 2235 768 2268 simulac.
815 2236 870 2267 In-

124 2277 315 2308 verecundae
340 2277 444 2308 Deus.-
479 2278 628 2310 Bacchus
653 2278 722 2320 jam
756 2278 873 2310 dicitur

125 2318 205 2350 deus
213 2320 450 2356 inummndus,
466 2321 564 2362 quod,
580 2321 635 2363 qui
645 2321 714 2364 ejus
729 2332 872 2359 munere,

125 2360 213 2398 vino,
227 2360 441 2398 incaluerunt.
458 2373 522 2395 non
539 2374 608 2396 raro
626 2374 675 2403 ea,
691 2375 762 2406 quae
786 2375 872 2396 vere-

125 2403 232 2436 eunde
239 2409 395 2443 texerant,
406 2405 535 2437 liberius
546 2406 680 2449 proferre
691 2414 723 2439 et
737 2413 874 2449 retegere

110 2445 242 2479 molent.
284 2448 410 2480 Aream
434 2450 562 2480 calentis
586 2450 762 2481 Fer-vidiore
781 2463 873 2487 mero,

126 2488 162 2521 h.
180 2499 212 2522 e.
229 2499 346 2522 trenna
368 2491 440 2525 mei.
461 2491 518 2534 qui
542 2493 686 2524 calebam
710 2493 875 2526 fervidiore

126 2539 226 2582 mero,
254 2533 392 2574 graviter
414 2539 447 2566 et
469 2534 685 2577 significanter
717 2546 772 2578 pro
800 2537 874 2567 sim-

127 2575 223 2623 plroe,
247 2586 332 2612 mea,
353 2576 420 2608 sive
450 2587 583 2609 arcanos
615 2589 702 2610 meos
736 2589 876 2617 amores3

48 2646 77 2651 -
126 2618 234 2655 Verba.
272 2620 402 2651 calamis
426 2620 603 2662 fervidiore
640 2633 720 2653 mero
759 2627 875 2653 statum

81 2690 85 2695 .
128 2659 239 2696 mimi,
254 2672 294 2693 ex
318 2672 384 2704 quo
408 2662 532 2694 facilius
556 2663 680 2706 aliquid
704 2665 879 2707 promoveri

47 2704 52 2718 ³
74 2700 89 2729 ‘l
126 2707 160 2743 et
173 2702 247 2736 elici
269 2710 384 2754 potest,
400 2705 482 2738 bene
497 2706 674 2748 designant.
722 2708 881 2740 Promorat

125 2746 206 2783 hoo,
223 2757 263 2779 ex
282 2757 401 2784 animo,
421 2759 486 2790 quo
512 2749 667 2785 latebant,
687 2751 879 2793 protulerat:

95 2792 199 2832 *fflp-
225 2787 273 2825 iii.
300 2791 356 2828 21,
381 2793 422 2822 15
445 2792 486 2824 de
510 2791 597 2828 vino,
626 2793 672 2824 Tu
699 2796 882 2834 sapientium

54 2823 91 2873 ζ’
107 2828 232 2864 :varas
245 2839 276 2864 et
287 2844 436 2865 arcanum
453 2837 558 2876 jocoso
585 2836 754 2867 Consilium
770 2839 882 2879 retegis

73 2897 79 2900 -
128 2880 141 2915 ’χ
182 2885 242 2906 eo:
265 2875 310 2907 cf.
325 2885 397 2919 sup.
412 2876 436 2913 i,
456 2878 506 2912 18,
527 2878 579 2914 16,
602 2877 660 2909 inf.
686 2878 790 2921 Epist.
807 2879 830 2915 i,
849 2882 882 2916 5,

133 2916 152 2948 l
178 2938 188 2954 ‚
211 2922 244 2950 ot
266 2917 450 2963 Asclepiad.
476 2921 534 2963 Ep.
561 2931 594 2958 x,
629 2923 659 2958 1,
688 2922 725 2958 2,
750 2922 883 2954 Anthol.

914 1722 1018 1752 chiam
1044 1732 1179 1753 amorem
1204 1723 1308 1753 adhuc
1332 1723 1527 1758 nutriverat;
1557 1732 1664 1770 spera-

916 1771 1002 1795 verat
1024 1775 1149 1813 nempe,
1177 1765 1254 1800 sore,
1280 1770 1316 1795 ut
1337 1765 1470 1796 Inachia
1492 1764 1664 1795 cand1dum

916 1817 977 1848 pau
1003 1807 1062 1838 eris
1096 1807 1258 1847 ingenium
1293 1807 1441 1838 ditiorum
1480 1806 1666 1838 muneribus

917 1860 979 1891 prae
995 1855 1072 1881 erat.
1117 1850 1262 1892 Ingrata,
1288 1849 1332 1880 nil
1361 1850 1576 1892 proficient'ia;
1598 1849 1664 1892 ipse

916 1892 1066 1935 explicat,
1083 1895 1196 1924 vulnus
1211 1894 1256 1923 nil
1278 1894 1391 1924 malam
1410 1895 1555 1924 levantia.
1602 1894 1665 1923 De-

914 1937 992 1966 sinet
1015 1937 1168 1966 submotus
1196 1938 1308 1975 pudor,
1342 1946 1401 1977 ego
1433 1936 1579 1966 submoto
1611 1935 1667 1967 illo

915 1977 1035 2020 pudore
1050 1977 1133 2018 (vid.
1149 1977 1238 2021 sup.)
1255 1977 1410 2015 desinam,
1426 1983 1504 2009 cett.

963 2021 1100 2052 19—28.
1124 2021 1261 2056 Severus,
1286 2021 1375 2052 firmo
1400 2028 1430 2052 et
1454 2030 1562 2052 severo
1587 2031 1665 2052 con-

915 2062 1007 2103 silio3
1047 2065 1256 2098 laudaveram,
1287 2063 1502 2105 jactaveram3
1544 2064 1667 2099 Jassus,

914 2116 958 2137 sc.
972 2116 990 2136 a
1007 2112 1037 2137 te
1054 2118 1061 2144 ;
1084 2108 1168 2137 abire
1181 2109 1312 2140 domum,
1331 2116 1432 2137 meam
1450 2117 1575 2149 nempe,
1602 2117 1666 2138 non

913 2149 1030 2191 puellae
1062 2149 1203 2180 domum.
1260 2150 1393 2180 Fer-ebor
1423 2151 1542 2181 incerto
1572 2151 1667 2190 pede.-

914 2202 984 2232 ego,
998 2191 1053 2234 qui
1070 2192 1163 2223 modo
1181 2197 1300 2223 certum
1321 2191 1488 2223 consilium
1508 2203 1667 2234 ceperam,

915 2234 1076 2266 labascere
1097 2236 1194 2277 coepi,
1215 2240 1248 2266 et
1266 2234 1345 2266 redii
1371 2235 1409 2266 ad
1434 2236 1564 2266 domum
1590 2237 1666 2266 Ina—

915 2277 1009 2308 chiae.
1055 2278 1203 2309 Suaviter
1228 2277 1337 2308 tribuit
1367 2278 1453 2320 pedi,
1480 2278 1567 2320 quod
1595 2278 1666 2320 ejus

919 2320 1024 2351 animo
1040 2320 1241 2352 tribuendum
1260 2326 1336 2352 erat.
1381 2320 1499 2352 'sibult
1518 2321 1552 2357 ii,
1569 2323 1601 2357 6,
1617 2322 1669 2357 13,

918 2363 1034 2395 Juravi
1049 2366 1173 2404 quoties,
1191 2365 1366 2395 rediturum
1393 2365 1433 2394 ad
1461 2365 1568 2395 limina
1585 2376 1669 2394 nun-

918 2418 1006 2448 quam
1020 2419 1029 2437 .·
1055 2406 1132 2437 Cum
1149 2409 1219 2438 bene
1229 2409 1355 2447 juravi,
1370 2418 1420 2446 pes
1436 2413 1533 2438 tamen
1547 2410 1609 2447 ipse
1622 2419 1670 2438 re·

918 2451 975 2481 dit.
1021 2449 1152 2480 Lumbos
1165 2457 1194 2481 et
1216 2450 1332 2492 infregi
1354 2451 1446 2485 larus,
1463 2450 1547 2491 quod
1561 2450 1589 2481 ei
1608 2460 1671 2480 non

918 2492 1096 2523 intromisso
1128 2498 1200 2524 ante
1230 2492 1362 2535 januam
1388 2493 1561 2534 jacendum
1590 2492 1671 2532 suit3

919 2542 955 2566 ut
980 2545 1050 2577 sup.
1068 2534 1114 2571 lii,
1133 2536 1184 2572 lO,
1207 2537 1261 2567 20.
1310 2535 1482 2566 Gloriantis
1507 2538 1670 2578 quamlibet

920 2580 1134 2609 mulierculam
1162 2578 1290 2609 Vincere
1310 2580 1451 2615 mollitia,
1477 2579 1565 2622 pueri
1591 2579 1671 2610 mcl-

921 2621 1042 2652 lissimi.
1083 2621 1252 2662 Expedite.-
1275 2621 1542 2664 cf.sup.i.27,4.
1589 2624 1673 2653 Ami-

924 2675 1025 2695 corum
1045 2664 1155 2694 I.il›era
1174 2666 1311 2698 consilia.
1338 2665 1469 2696 consilia
1493 2664 1622 2696 liberius
1644 2671 1677 2696 et

926 2707 1064 2750 apertius
1101 2707 1142 2738 ab
1167 2706 1277 2738 amicis
1304 2706 1391 2743 data,
1422 2708 1454 2739 h.
1480 2719 1509 2739 e.
1541 2707 1675 2739 sincera.

926 2751 1017 2782 Aliu's
1049 2751 1154 2785 ardor,
1190 2760 1289 2781 novus
1320 2760 1419 2780 amor.
1473 2751 1676 2787 Renodantis,

926 2792 1085 2827 solventis.
1097 2798 1134 2823 ut
1146 2803 1241 2835 super
1255 2793 1403 2825 humeros
1419 2793 1550 2832 flueret3
1575 2795 1677 2824 hume-

925 2848 979 2867 rus
994 2836 1078 2867 enim
1094 2837 1214 2875 capillis
1229 2847 1362 2876 sparsus,
1379 2841 1416 2867 ut
1432 2836 1582 2867 Horatius
1605 2847 1676 2878 sup.

927 2878 1037 2916 iii‚20,
1054 2880 1091 2910 14
1102 2878 1253 2920 loquitur,
1265 2878 1415 2921 placebat
1429 2878 1460 2910 in
1479 2878 1583 2923 pueiis
1596 2879 1677 2909 mol-

927 2922 1080 2953 lioribus:
1106 2921 1150 2953 cf.
1166 2921 1211 2958 iv,
1230 2922 1281 2960 10,
1297 2922 1330 2954 3.
