<?xml version="1.0" encoding="UTF-8"?>
<!DOCTYPE html PUBLIC "-//W3C//DTD XHTML 1.0 Transitional//EN"
    "http://www.w3.org/TR/xhtml1/DTD/xhtml1-transitional.dtd">
<html xmlns="http://www.w3.org/1999/xhtml" xml:lang="en" lang="en">
 <head>
  <title>
</title>
<meta http-equiv="Content-Type" content="text/html;charset=utf-8" />
  <meta name='ocr-system' content='tesseract 3.04.00' />
  <meta name='ocr-capabilities' content='ocr_page ocr_carea ocr_par ocr_line ocrx_word'/>
</head>
<body>
  <div class='ocr_page' id='page_1' title='image "./operahorac00horauoft_0328.png"; bbox 0 0 1884 3288; ppageno 0'>
   <div class='ocr_carea' id='block_1_1' title="bbox 485 424 1654 489">
    <p class='ocr_par' dir='ltr' id='par_1_1' title="bbox 485 424 1654 489">
     <span class='ocr_line' id='line_1_1' title="bbox 485 424 1654 489; baseline 0.003 -5"><span class='ocrx_word' id='word_1_1' title='bbox 485 424 967 487; x_wconf 82' lang='lat' dir='ltr'><strong>CARMEN</strong></span> <span class='ocrx_word' id='word_1_2' title='bbox 1025 428 1654 489; x_wconf 82' lang='lat' dir='ltr'><strong>SAECULARE</strong></span> 
     </span>
    </p>
   </div>
   <div class='ocr_carea' id='block_1_2' title="bbox 1032 577 1098 598">
    <p class='ocr_par' dir='ltr' id='par_1_2' title="bbox 1032 577 1098 598">
     <span class='ocr_line' id='line_1_2' title="bbox 1032 577 1098 598; baseline 0.015 -1"><span class='ocrx_word' id='word_1_3' title='bbox 1032 577 1098 598; x_wconf 72' lang='lat' dir='ltr'>rito</span> 
     </span>
    </p>
   </div>
   <div class='ocr_carea' id='block_1_3' title="bbox 670 684 1461 727">
    <p class='ocr_par' dir='ltr' id='par_1_3' title="bbox 670 684 1461 727">
     <span class='ocr_line' id='line_1_3' title="bbox 670 684 1461 727; baseline 0.003 -3"><span class='ocrx_word' id='word_1_4' title='bbox 670 684 1165 725; x_wconf 89' lang='lat' dir='ltr'><strong>INCOLUMITATE</strong></span> <span class='ocrx_word' id='word_1_5' title='bbox 1196 685 1461 727; x_wconf 86' lang='lat' dir='ltr'><strong>IMPERII.</strong></span> 
     </span>
    </p>
   </div>
   <div class='ocr_carea' id='block_1_4' title="bbox 539 899 1478 1303">
    <p class='ocr_par' dir='ltr' id='par_1_4' title="bbox 539 899 1478 1303">
     <span class='ocr_line' id='line_1_4' title="bbox 595 899 1448 966; baseline 0.006 -17"><span class='ocrx_word' id='word_1_6' title='bbox 595 899 790 959; x_wconf 82' lang='lat' dir='ltr'>PnOEBE,</span> <span class='ocrx_word' id='word_1_7' title='bbox 814 909 1098 965; x_wconf 87' lang='lat' dir='ltr'>silvarumque</span> <span class='ocrx_word' id='word_1_8' title='bbox 1118 918 1270 966; x_wconf 83' lang='lat' dir='ltr'>potens</span> <span class='ocrx_word' id='word_1_9' title='bbox 1293 911 1448 963; x_wconf 87' lang='lat' dir='ltr'>Diana,</span> 
     </span>
     <span class='ocr_line' id='line_1_5' title="bbox 595 981 1335 1031; baseline 0.001 -8"><span class='ocrx_word' id='word_1_10' title='bbox 595 982 811 1023; x_wconf 89' lang='lat' dir='ltr'>Lucidum</span> <span class='ocrx_word' id='word_1_11' title='bbox 831 981 929 1023; x_wconf 88' lang='lat' dir='ltr'>coeli</span> <span class='ocrx_word' id='word_1_12' title='bbox 950 983 1097 1031; x_wconf 85' lang='lat' dir='ltr'>decus,</span> <span class='ocrx_word' id='word_1_13' title='bbox 1119 998 1144 1023; x_wconf 96' lang='lat' dir='ltr'>o</span> <span class='ocrx_word' id='word_1_14' title='bbox 1166 982 1335 1024; x_wconf 90' lang='lat' dir='ltr'>colendi</span> 
     </span>
     <span class='ocr_line' id='line_1_6' title="bbox 597 1047 1478 1103; baseline 0.002 -15"><span class='ocrx_word' id='word_1_15' title='bbox 597 1048 776 1102; x_wconf 87' lang='lat' dir='ltr'>Semper</span> <span class='ocrx_word' id='word_1_16' title='bbox 797 1055 840 1089; x_wconf 85' lang='lat' dir='ltr'>et</span> <span class='ocrx_word' id='word_1_17' title='bbox 861 1047 978 1098; x_wconf 87' lang='lat' dir='ltr'>culti,</span> <span class='ocrx_word' id='word_1_18' title='bbox 1001 1049 1113 1098; x_wconf 88' lang='lat' dir='ltr'>date,</span> <span class='ocrx_word' id='word_1_19' title='bbox 1135 1063 1232 1103; x_wconf 90' lang='lat' dir='ltr'>quae</span> <span class='ocrx_word' id='word_1_20' title='bbox 1256 1063 1478 1103; x_wconf 80' lang='lat' dir='ltr'>precamur</span> 
     </span>
     <span class='ocr_line' id='line_1_7' title="bbox 933 1114 1317 1169; baseline 0.003 -14"><span class='ocrx_word' id='word_1_21' title='bbox 933 1114 1151 1169; x_wconf 89' lang='lat' dir='ltr'>Tempore</span> <span class='ocrx_word' id='word_1_22' title='bbox 1173 1130 1317 1165; x_wconf 82' lang='lat' dir='ltr'>sacr03</span> 
     </span>
     <span class='ocr_line' id='line_1_8' title="bbox 539 1180 1324 1236; baseline 0 -14"><span class='ocrx_word' id='word_1_23' title='bbox 539 1182 566 1222; x_wconf 88' lang='lat'>5</span> <span class='ocrx_word' id='word_1_24' title='bbox 597 1181 698 1228; x_wconf 84' lang='lat' dir='ltr'>Quo</span> <span class='ocrx_word' id='word_1_25' title='bbox 720 1180 916 1236; x_wconf 89' lang='lat' dir='ltr'>Sibyllini</span> <span class='ocrx_word' id='word_1_26' title='bbox 936 1195 1138 1222; x_wconf 86' lang='lat' dir='ltr'>monuere</span> <span class='ocrx_word' id='word_1_27' title='bbox 1161 1196 1324 1230; x_wconf 89' lang='lat' dir='ltr'>versus,</span> 
     </span>
     <span class='ocr_line' id='line_1_9' title="bbox 593 1248 1406 1303; baseline -0.001 -13"><span class='ocrx_word' id='word_1_28' title='bbox 593 1249 794 1303; x_wconf 88' lang='lat' dir='ltr'>Virgines</span> <span class='ocrx_word' id='word_1_29' title='bbox 815 1248 960 1298; x_wconf 88' lang='lat' dir='ltr'>lectas,</span> <span class='ocrx_word' id='word_1_30' title='bbox 982 1263 1226 1302; x_wconf 89' lang='lat' dir='ltr'>puerosque</span> <span class='ocrx_word' id='word_1_31' title='bbox 1249 1256 1406 1298; x_wconf 87' lang='lat' dir='ltr'>castos,</span> 
     </span>
    </p>
   </div>
   <div class='ocr_carea' id='block_1_5' title="bbox 309 1348 1043 1683">
    <p class='ocr_par' dir='ltr' id='par_1_5' title="bbox 431 1348 920 1380">
     <span class='ocr_line' id='line_1_10' title="bbox 431 1348 920 1380; baseline -0.002 -1"><span class='ocrx_word' id='word_1_32' title='bbox 431 1348 627 1380; x_wconf 86' lang='lat' dir='ltr'>CARMEN</span> <span class='ocrx_word' id='word_1_33' title='bbox 652 1348 920 1380; x_wconf 85' lang='lat' dir='ltr'><strong>SAECULARE.</strong></span> 
     </span>
    </p>

    <p class='ocr_par' dir='ltr' id='par_1_6' title="bbox 309 1389 1043 1683">
     <span class='ocr_line' id='line_1_11' title="bbox 356 1389 1043 1422; baseline -0.001 -2"><span class='ocrx_word' id='word_1_34' title='bbox 356 1389 437 1420; x_wconf 91' lang='lat' dir='ltr'>Cum</span> <span class='ocrx_word' id='word_1_35' title='bbox 455 1392 497 1422; x_wconf 93' lang='lat' dir='ltr'>U.</span> <span class='ocrx_word' id='word_1_36' title='bbox 515 1391 552 1422; x_wconf 86' lang='lat' dir='ltr'>C.</span> <span class='ocrx_word' id='word_1_37' title='bbox 570 1402 758 1422; x_wconf 82' lang='lat' dir='ltr'>nccxxxvn</span> <span class='ocrx_word' id='word_1_38' title='bbox 777 1390 919 1421; x_wconf 90' lang='lat' dir='ltr'>ludorum</span> <span class='ocrx_word' id='word_1_39' title='bbox 941 1399 1043 1420; x_wconf 82' lang='lat' dir='ltr'>saecu-</span> 
     </span>
     <span class='ocr_line' id='line_1_12' title="bbox 311 1430 1039 1468; baseline -0.001 -7"><span class='ocrx_word' id='word_1_40' title='bbox 311 1430 423 1462; x_wconf 87' lang='lat' dir='ltr'>larium</span> <span class='ocrx_word' id='word_1_41' title='bbox 454 1433 581 1463; x_wconf 80' lang='lat' dir='ltr'>instaret</span> <span class='ocrx_word' id='word_1_42' title='bbox 609 1432 785 1468; x_wconf 82' lang='lat' dir='ltr'>celebratio,</span> <span class='ocrx_word' id='word_1_43' title='bbox 815 1438 845 1463; x_wconf 86' lang='lat' dir='ltr'>et</span> <span class='ocrx_word' id='word_1_44' title='bbox 875 1432 914 1462; x_wconf 90' lang='lat' dir='ltr'>ad</span> <span class='ocrx_word' id='word_1_45' title='bbox 952 1431 1039 1465; x_wconf 90' lang='lat' dir='ltr'>ritus,</span> 
     </span>
     <span class='ocr_line' id='line_1_13' title="bbox 313 1473 1043 1515; baseline 0 -12"><span class='ocrx_word' id='word_1_46' title='bbox 313 1483 393 1514; x_wconf 91' lang='lat' dir='ltr'>quos</span> <span class='ocrx_word' id='word_1_47' title='bbox 409 1474 439 1504; x_wconf 92' lang='lat' dir='ltr'>in</span> <span class='ocrx_word' id='word_1_48' title='bbox 457 1474 494 1504; x_wconf 87' lang='lat' dir='ltr'>iis</span> <span class='ocrx_word' id='word_1_49' title='bbox 509 1475 700 1506; x_wconf 81' lang='lat' dir='ltr'>celebrandis</span> <span class='ocrx_word' id='word_1_50' title='bbox 715 1473 870 1505; x_wconf 88' lang='lat' dir='ltr'>observari</span> <span class='ocrx_word' id='word_1_51' title='bbox 887 1474 1043 1515; x_wconf 85' lang='lat' dir='ltr'>jubebant</span> 
     </span>
     <span class='ocr_line' id='line_1_14' title="bbox 309 1515 1037 1558; baseline 0 -13"><span class='ocrx_word' id='word_1_52' title='bbox 309 1515 382 1545; x_wconf 84' lang='lat' dir='ltr'>libri</span> <span class='ocrx_word' id='word_1_53' title='bbox 408 1515 566 1557; x_wconf 84' lang='lat' dir='ltr'>Sibyllini,</span> <span class='ocrx_word' id='word_1_54' title='bbox 589 1517 753 1558; x_wconf 80' lang='lat' dir='ltr'>pertineret</span> <span class='ocrx_word' id='word_1_55' title='bbox 773 1526 899 1557; x_wconf 89' lang='lat' dir='ltr'>quoque</span> <span class='ocrx_word' id='word_1_56' title='bbox 920 1515 982 1550; x_wconf 90' lang='lat' dir='ltr'>hic,</span> <span class='ocrx_word' id='word_1_57' title='bbox 1003 1521 1037 1545; x_wconf 87' lang='lat' dir='ltr'>ut</span> 
     </span>
     <span class='ocr_line' id='line_1_15' title="bbox 311 1557 1038 1604; baseline -0.003 -16"><span class='ocrx_word' id='word_1_58' title='bbox 311 1567 474 1604; x_wconf 80' lang='lat' dir='ltr'>puerorum</span> <span class='ocrx_word' id='word_1_59' title='bbox 501 1559 736 1600; x_wconf 86' lang='lat' dir='ltr'>puellarumque</span> <span class='ocrx_word' id='word_1_60' title='bbox 757 1558 867 1589; x_wconf 87' lang='lat' dir='ltr'>chorus</span> <span class='ocrx_word' id='word_1_61' title='bbox 888 1557 1038 1598; x_wconf 87' lang='lat' dir='ltr'>hymnum</span> 
     </span>
     <span class='ocr_line' id='line_1_16' title="bbox 311 1599 1036 1640; baseline 0 -12"><span class='ocrx_word' id='word_1_62' title='bbox 311 1607 343 1628; x_wconf 78' lang='lat' dir='ltr'>in</span> <span class='ocrx_word' id='word_1_63' title='bbox 370 1599 547 1640; x_wconf 86' lang='lat' dir='ltr'>Apollinem</span> <span class='ocrx_word' id='word_1_64' title='bbox 570 1606 601 1631; x_wconf 86' lang='lat' dir='ltr'>et</span> <span class='ocrx_word' id='word_1_65' title='bbox 625 1601 761 1631; x_wconf 84' lang='lat' dir='ltr'>Dianam</span> <span class='ocrx_word' id='word_1_66' title='bbox 787 1605 934 1636; x_wconf 88' lang='lat' dir='ltr'>caneret;</span> <span class='ocrx_word' id='word_1_67' title='bbox 969 1599 1036 1628; x_wconf 90' lang='lat' dir='ltr'>Au-</span> 
     </span>
     <span class='ocr_line' id='line_1_17' title="bbox 310 1640 1039 1683; baseline 0 -13"><span class='ocrx_word' id='word_1_68' title='bbox 310 1646 420 1680; x_wconf 82' lang='lat' dir='ltr'>gustus</span> <span class='ocrx_word' id='word_1_69' title='bbox 434 1651 507 1672; x_wconf 85' lang='lat' dir='ltr'>sane</span> <span class='ocrx_word' id='word_1_70' title='bbox 523 1653 571 1677; x_wconf 91' lang='lat' dir='ltr'>eo,</span> <span class='ocrx_word' id='word_1_71' title='bbox 582 1642 668 1683; x_wconf 89' lang='lat' dir='ltr'>quod</span> <span class='ocrx_word' id='word_1_72' title='bbox 682 1641 777 1683; x_wconf 84' lang='lat' dir='ltr'>hujus</span> <span class='ocrx_word' id='word_1_73' title='bbox 793 1640 899 1682; x_wconf 88' lang='lat' dir='ltr'>hymni</span> <span class='ocrx_word' id='word_1_74' title='bbox 914 1650 1039 1681; x_wconf 86' lang='lat' dir='ltr'>compo-</span> 
     </span>
    </p>
   </div>
   <div class='ocr_carea' id='block_1_6' title="bbox 270 1682 1041 1719">
    <p class='ocr_par' dir='ltr' id='par_1_7' title="bbox 270 1682 1041 1719">
     <span class='ocr_line' id='line_1_18' title="bbox 270 1682 1041 1719; baseline 0 -7"><span class='ocrx_word' id='word_1_75' title='bbox 270 1683 276 1686; x_wconf 81' lang='grc'><strong><em>’</em></strong></span> <span class='ocrx_word' id='word_1_76' title='bbox 310 1682 406 1713; x_wconf 89' lang='lat' dir='ltr'>nendi</span> <span class='ocrx_word' id='word_1_77' title='bbox 420 1693 536 1714; x_wconf 89' lang='lat' dir='ltr'>munus</span> <span class='ocrx_word' id='word_1_78' title='bbox 553 1685 696 1719; x_wconf 85' lang='lat' dir='ltr'>Horatio,</span> <span class='ocrx_word' id='word_1_79' title='bbox 710 1690 745 1714; x_wconf 93' lang='lat' dir='ltr'>ut</span> <span class='ocrx_word' id='word_1_80' title='bbox 760 1683 854 1713; x_wconf 88' lang='lat' dir='ltr'>tradit</span> <span class='ocrx_word' id='word_1_81' title='bbox 875 1683 1041 1713; x_wconf 86' lang='lat' dir='ltr'>Suetonius</span> 
     </span>
    </p>
   </div>
   <div class='ocr_carea' id='block_1_7' title="bbox 306 1724 1042 2984">
    <p class='ocr_par' dir='ltr' id='par_1_8' title="bbox 307 1724 1042 2551">
     <span class='ocr_line' id='line_1_19' title="bbox 310 1724 1040 1767; baseline 0 -13"><span class='ocrx_word' id='word_1_82' title='bbox 310 1724 342 1754; x_wconf 90' lang='lat' dir='ltr'>in</span> <span class='ocrx_word' id='word_1_83' title='bbox 359 1724 428 1766; x_wconf 86' lang='lat' dir='ltr'>ejus</span> <span class='ocrx_word' id='word_1_84' title='bbox 443 1725 518 1762; x_wconf 84' lang='lat' dir='ltr'>vita,</span> <span class='ocrx_word' id='word_1_85' title='bbox 530 1725 719 1767; x_wconf 87' lang='lat' dir='ltr'>injungeret,</span> <span class='ocrx_word' id='word_1_86' title='bbox 736 1730 881 1755; x_wconf 86' lang='lat' dir='ltr'>aeternam</span> <span class='ocrx_word' id='word_1_87' title='bbox 898 1725 943 1754; x_wconf 88' lang='lat' dir='ltr'>his</span> <span class='ocrx_word' id='word_1_88' title='bbox 958 1724 1040 1755; x_wconf 87' lang='lat' dir='ltr'>ludis</span> 
     </span>
     <span class='ocr_line' id='line_1_20' title="bbox 310 1766 1041 1809; baseline 0 -13"><span class='ocrx_word' id='word_1_89' title='bbox 310 1766 514 1797; x_wconf 82' lang='lat' dir='ltr'>saecularibus</span> <span class='ocrx_word' id='word_1_90' title='bbox 524 1767 843 1809; x_wconf 78' lang='lat' dir='ltr'>paravitmemoriam.</span> <span class='ocrx_word' id='word_1_91' title='bbox 881 1766 1041 1803; x_wconf 86' lang='lat' dir='ltr'>Quamdiu</span> 
     </span>
     <span class='ocr_line' id='line_1_21' title="bbox 309 1808 1041 1844; baseline 0.001 -6"><span class='ocrx_word' id='word_1_92' title='bbox 309 1808 391 1838; x_wconf 90' lang='lat' dir='ltr'>enim</span> <span class='ocrx_word' id='word_1_93' title='bbox 410 1808 513 1839; x_wconf 83' lang='lat' dir='ltr'>Musis</span> <span class='ocrx_word' id='word_1_94' title='bbox 533 1810 629 1840; x_wconf 88' lang='lat' dir='ltr'>honor</span> <span class='ocrx_word' id='word_1_95' title='bbox 649 1820 722 1840; x_wconf 89' lang='lat' dir='ltr'>suus</span> <span class='ocrx_word' id='word_1_96' title='bbox 745 1809 850 1844; x_wconf 88' lang='lat' dir='ltr'>stabit,</span> <span class='ocrx_word' id='word_1_97' title='bbox 876 1809 993 1839; x_wconf 89' lang='lat' dir='ltr'>tamdiu</span> <span class='ocrx_word' id='word_1_98' title='bbox 1009 1809 1041 1839; x_wconf 91' lang='lat' dir='ltr'>in</span> 
     </span>
     <span class='ocr_line' id='line_1_22' title="bbox 311 1849 1040 1892; baseline 0.004 -13"><span class='ocrx_word' id='word_1_99' title='bbox 311 1849 369 1880; x_wconf 90' lang='lat' dir='ltr'>hoc</span> <span class='ocrx_word' id='word_1_100' title='bbox 388 1850 508 1881; x_wconf 78' lang='lat' dir='ltr'>Horatii</span> <span class='ocrx_word' id='word_1_101' title='bbox 524 1851 660 1882; x_wconf 82' lang='lat' dir='ltr'>carmine</span> <span class='ocrx_word' id='word_1_102' title='bbox 677 1851 929 1892; x_wconf 80' lang='lat' dir='ltr'>praestantissimo</span> <span class='ocrx_word' id='word_1_103' title='bbox 943 1861 1040 1882; x_wconf 82' lang='lat' dir='ltr'>saecu-</span> 
     </span>
     <span class='ocr_line' id='line_1_23' title="bbox 309 1891 1041 1933; baseline 0.003 -12"><span class='ocrx_word' id='word_1_104' title='bbox 309 1891 433 1926; x_wconf 86' lang='lat' dir='ltr'>larium,</span> <span class='ocrx_word' id='word_1_105' title='bbox 456 1903 534 1932; x_wconf 89' lang='lat' dir='ltr'>quos</span> <span class='ocrx_word' id='word_1_106' title='bbox 553 1894 714 1933; x_wconf 84' lang='lat' dir='ltr'>Augustus</span> <span class='ocrx_word' id='word_1_107' title='bbox 734 1893 928 1929; x_wconf 81' lang='lat' dir='ltr'>instauravit,</span> <span class='ocrx_word' id='word_1_108' title='bbox 952 1893 1041 1923; x_wconf 84' lang='lat' dir='ltr'>ludo-</span> 
     </span>
     <span class='ocr_line' id='line_1_24' title="bbox 309 1934 1042 1974; baseline 0.003 -11"><span class='ocrx_word' id='word_1_109' title='bbox 309 1943 377 1963; x_wconf 89' lang='lat' dir='ltr'>rum</span> <span class='ocrx_word' id='word_1_110' title='bbox 411 1934 527 1974; x_wconf 84' lang='lat' dir='ltr'>vigebit</span> <span class='ocrx_word' id='word_1_111' title='bbox 561 1935 719 1966; x_wconf 88' lang='lat' dir='ltr'>memoria.</span> <span class='ocrx_word' id='word_1_112' title='bbox 778 1934 1042 1966; x_wconf 82' lang='lat' dir='ltr'>Elaboratissimis</span> 
     </span>
     <span class='ocr_line' id='line_1_25' title="bbox 310 1976 1042 2008; baseline 0.001 -3"><span class='ocrx_word' id='word_1_113' title='bbox 310 1981 413 2006; x_wconf 88' lang='lat' dir='ltr'>autem</span> <span class='ocrx_word' id='word_1_114' title='bbox 450 1976 570 2006; x_wconf 85' lang='lat' dir='ltr'>Horatii</span> <span class='ocrx_word' id='word_1_115' title='bbox 600 1977 790 2007; x_wconf 89' lang='lat' dir='ltr'>carminibus</span> <span class='ocrx_word' id='word_1_116' title='bbox 824 1976 883 2007; x_wconf 89' lang='lat' dir='ltr'>hoc</span> <span class='ocrx_word' id='word_1_117' title='bbox 917 1987 1042 2008; x_wconf 86' lang='lat' dir='ltr'>carmen</span> 
     </span>
     <span class='ocr_line' id='line_1_26' title="bbox 309 2017 1040 2056; baseline 0.004 -10"><span class='ocrx_word' id='word_1_118' title='bbox 309 2017 459 2048; x_wconf 87' lang='lat' dir='ltr'>saeculare</span> <span class='ocrx_word' id='word_1_119' title='bbox 483 2019 708 2049; x_wconf 88' lang='lat' dir='ltr'>accensendum</span> <span class='ocrx_word' id='word_1_120' title='bbox 730 2029 808 2056; x_wconf 87' lang='lat' dir='ltr'>esse,</span> <span class='ocrx_word' id='word_1_121' title='bbox 824 2018 873 2050; x_wconf 90' lang='lat' dir='ltr'>vel</span> <span class='ocrx_word' id='word_1_122' title='bbox 896 2018 968 2050; x_wconf 90' lang='lat' dir='ltr'>inde</span> <span class='ocrx_word' id='word_1_123' title='bbox 991 2019 1040 2049; x_wconf 93' lang='lat' dir='ltr'>in-</span> 
     </span>
     <span class='ocr_line' id='line_1_27' title="bbox 309 2059 1039 2101; baseline 0.003 -12"><span class='ocrx_word' id='word_1_124' title='bbox 309 2059 408 2100; x_wconf 88' lang='lat' dir='ltr'>telligi</span> <span class='ocrx_word' id='word_1_125' title='bbox 424 2065 535 2101; x_wconf 85' lang='lat' dir='ltr'>potest,</span> <span class='ocrx_word' id='word_1_126' title='bbox 551 2061 635 2101; x_wconf 88' lang='lat' dir='ltr'>quod</span> <span class='ocrx_word' id='word_1_127' title='bbox 652 2061 690 2090; x_wconf 88' lang='lat' dir='ltr'>ad</span> <span class='ocrx_word' id='word_1_128' title='bbox 716 2061 773 2091; x_wconf 86' lang='lat' dir='ltr'>hoc</span> <span class='ocrx_word' id='word_1_129' title='bbox 788 2061 843 2092; x_wconf 87' lang='lat' dir='ltr'>rite.</span> <span class='ocrx_word' id='word_1_130' title='bbox 864 2061 1039 2092; x_wconf 88' lang='lat' dir='ltr'>canendum</span> 
     </span>
     <span class='ocr_line' id='line_1_28' title="bbox 309 2100 1040 2144; baseline 0.004 -14"><span class='ocrx_word' id='word_1_131' title='bbox 309 2100 459 2141; x_wconf 82' lang='lat' dir='ltr'>singulari</span> <span class='ocrx_word' id='word_1_132' title='bbox 485 2102 633 2138; x_wconf 87' lang='lat' dir='ltr'>carmine,</span> <span class='ocrx_word' id='word_1_133' title='bbox 662 2113 732 2144; x_wconf 88' lang='lat' dir='ltr'>sup.</span> <span class='ocrx_word' id='word_1_134' title='bbox 758 2102 799 2138; x_wconf 89' lang='lat' dir='ltr'>iv,</span> <span class='ocrx_word' id='word_1_135' title='bbox 824 2103 856 2137; x_wconf 91' lang='lat'>6,</span> <span class='ocrx_word' id='word_1_136' title='bbox 883 2103 1040 2144; x_wconf 89' lang='lat' dir='ltr'>Apollinis</span> 
     </span>
     <span class='ocr_line' id='line_1_29' title="bbox 310 2143 1038 2185; baseline 0.005 -13"><span class='ocrx_word' id='word_1_137' title='bbox 310 2152 398 2184; x_wconf 90' lang='lat' dir='ltr'>opem</span> <span class='ocrx_word' id='word_1_138' title='bbox 423 2143 596 2185; x_wconf 84' lang='lat' dir='ltr'>imploravit</span> <span class='ocrx_word' id='word_1_139' title='bbox 629 2149 659 2174; x_wconf 86' lang='lat' dir='ltr'>et</span> <span class='ocrx_word' id='word_1_140' title='bbox 693 2144 752 2174; x_wconf 89' lang='lat' dir='ltr'>sibi</span> <span class='ocrx_word' id='word_1_141' title='bbox 777 2143 914 2185; x_wconf 84' lang='lat' dir='ltr'>expetiit.</span> <span class='ocrx_word' id='word_1_142' title='bbox 970 2145 1038 2176; x_wconf 87' lang='lat' dir='ltr'>Nec</span> 
     </span>
     <span class='ocr_line' id='line_1_30' title="bbox 309 2184 1039 2227; baseline 0.001 -13"><span class='ocrx_word' id='word_1_143' title='bbox 309 2184 434 2223; x_wconf 85' lang='lat' dir='ltr'>mirum,</span> <span class='ocrx_word' id='word_1_144' title='bbox 459 2186 485 2215; x_wconf 88' lang='lat' dir='ltr'>si</span> <span class='ocrx_word' id='word_1_145' title='bbox 510 2192 599 2225; x_wconf 86' lang='lat' dir='ltr'>poeta</span> <span class='ocrx_word' id='word_1_146' title='bbox 629 2186 660 2216; x_wconf 90' lang='lat' dir='ltr'>iu</span> <span class='ocrx_word' id='word_1_147' title='bbox 689 2186 825 2216; x_wconf 86' lang='lat' dir='ltr'>carmine</span> <span class='ocrx_word' id='word_1_148' title='bbox 851 2185 977 2227; x_wconf 88' lang='lat' dir='ltr'>publice</span> <span class='ocrx_word' id='word_1_149' title='bbox 1006 2187 1039 2216; x_wconf 91' lang='lat' dir='ltr'>in</span> 
     </span>
     <span class='ocr_line' id='line_1_31' title="bbox 311 2227 1038 2269; baseline 0.003 -12"><span class='ocrx_word' id='word_1_150' title='bbox 311 2227 441 2268; x_wconf 89' lang='lat' dir='ltr'>publica</span> <span class='ocrx_word' id='word_1_151' title='bbox 456 2227 565 2258; x_wconf 84' lang='lat' dir='ltr'>laetitia</span> <span class='ocrx_word' id='word_1_152' title='bbox 581 2238 598 2258; x_wconf 91' lang='lat' dir='ltr'>a</span> <span class='ocrx_word' id='word_1_153' title='bbox 614 2238 777 2269; x_wconf 90' lang='lat' dir='ltr'>puerorum</span> <span class='ocrx_word' id='word_1_154' title='bbox 802 2227 1038 2269; x_wconf 84' lang='lat' dir='ltr'>puellarumque</span> 
     </span>
     <span class='ocr_line' id='line_1_32' title="bbox 309 2268 1038 2310; baseline 0 -11"><span class='ocrx_word' id='word_1_155' title='bbox 309 2268 404 2300; x_wconf 86' lang='lat' dir='ltr'>choro</span> <span class='ocrx_word' id='word_1_156' title='bbox 418 2269 613 2300; x_wconf 85' lang='lat' dir='ltr'>decantando</span> <span class='ocrx_word' id='word_1_157' title='bbox 627 2280 717 2300; x_wconf 88' lang='lat' dir='ltr'>omne</span> <span class='ocrx_word' id='word_1_158' title='bbox 731 2269 867 2300; x_wconf 88' lang='lat' dir='ltr'>studium</span> <span class='ocrx_word' id='word_1_159' title='bbox 891 2270 1038 2310; x_wconf 81' lang='lat' dir='ltr'>posuerit,</span> 
     </span>
     <span class='ocr_line' id='line_1_33' title="bbox 310 2311 1038 2353; baseline 0.001 -12"><span class='ocrx_word' id='word_1_160' title='bbox 310 2316 341 2341; x_wconf 85' lang='lat' dir='ltr'>et</span> <span class='ocrx_word' id='word_1_161' title='bbox 365 2321 471 2341; x_wconf 85' lang='lat' dir='ltr'>omnes</span> <span class='ocrx_word' id='word_1_162' title='bbox 498 2311 614 2353; x_wconf 84' lang='lat' dir='ltr'>ingenii</span> <span class='ocrx_word' id='word_1_163' title='bbox 642 2311 719 2343; x_wconf 87' lang='lat' dir='ltr'>vires</span> <span class='ocrx_word' id='word_1_164' title='bbox 742 2322 911 2352; x_wconf 87' lang='lat' dir='ltr'>nervosque</span> <span class='ocrx_word' id='word_1_165' title='bbox 937 2311 1038 2342; x_wconf 88' lang='lat' dir='ltr'>inten-</span> 
     </span>
     <span class='ocr_line' id='line_1_34' title="bbox 307 2353 1040 2390; baseline 0.003 -7"><span class='ocrx_word' id='word_1_166' title='bbox 307 2353 396 2384; x_wconf 85' lang='lat' dir='ltr'>derit.</span> <span class='ocrx_word' id='word_1_167' title='bbox 441 2354 533 2390; x_wconf 87' lang='lat' dir='ltr'>Quod</span> <span class='ocrx_word' id='word_1_168' title='bbox 561 2359 661 2384; x_wconf 86' lang='lat' dir='ltr'>autem</span> <span class='ocrx_word' id='word_1_169' title='bbox 690 2353 730 2384; x_wconf 90' lang='lat' dir='ltr'>ad</span> <span class='ocrx_word' id='word_1_170' title='bbox 754 2353 844 2384; x_wconf 80' lang='lat' dir='ltr'>ludos</span> <span class='ocrx_word' id='word_1_171' title='bbox 877 2353 1040 2385; x_wconf 85' lang='lat' dir='ltr'>saeculares</span> 
     </span>
     <span class='ocr_line' id='line_1_35' title="bbox 307 2395 1038 2430; baseline 0 -4"><span class='ocrx_word' id='word_1_172' title='bbox 307 2395 430 2430; x_wconf 86' lang='lat' dir='ltr'>attinet,</span> <span class='ocrx_word' id='word_1_173' title='bbox 449 2405 521 2426; x_wconf 89' lang='lat' dir='ltr'>cum</span> <span class='ocrx_word' id='word_1_174' title='bbox 538 2395 568 2426; x_wconf 89' lang='lat' dir='ltr'>in</span> <span class='ocrx_word' id='word_1_175' title='bbox 592 2395 768 2427; x_wconf 89' lang='lat' dir='ltr'>uuiversum</span> <span class='ocrx_word' id='word_1_176' title='bbox 795 2401 857 2426; x_wconf 88' lang='lat' dir='ltr'>tam</span> <span class='ocrx_word' id='word_1_177' title='bbox 879 2395 916 2425; x_wconf 89' lang='lat' dir='ltr'>de</span> <span class='ocrx_word' id='word_1_178' title='bbox 933 2405 1038 2426; x_wconf 91' lang='lat' dir='ltr'>eorum</span> 
     </span>
     <span class='ocr_line' id='line_1_36' title="bbox 308 2437 1038 2478; baseline -0.001 -10"><span class='ocrx_word' id='word_1_179' title='bbox 308 2437 435 2478; x_wconf 84' lang='lat' dir='ltr'>origine,</span> <span class='ocrx_word' id='word_1_180' title='bbox 458 2447 551 2478; x_wconf 87' lang='lat' dir='ltr'>quam</span> <span class='ocrx_word' id='word_1_181' title='bbox 568 2437 606 2468; x_wconf 83' lang='lat' dir='ltr'>de</span> <span class='ocrx_word' id='word_1_182' title='bbox 620 2443 710 2473; x_wconf 86' lang='lat' dir='ltr'>stato,</span> <span class='ocrx_word' id='word_1_183' title='bbox 727 2449 789 2478; x_wconf 92' lang='lat' dir='ltr'>quo</span> <span class='ocrx_word' id='word_1_184' title='bbox 804 2437 951 2468; x_wconf 82' lang='lat' dir='ltr'>celebrati</span> <span class='ocrx_word' id='word_1_185' title='bbox 966 2437 1038 2475; x_wconf 88' lang='lat' dir='ltr'>sint,</span> 
     </span>
     <span class='ocr_line' id='line_1_37' title="bbox 309 2478 1038 2551; baseline -0.001 -40"><span class='ocrx_word' id='word_1_186' title='bbox 309 2484 444 2520; x_wconf 86' lang='lat' dir='ltr'>tempore</span> <span class='ocrx_word' id='word_1_187' title='bbox 461 2479 537 2509; x_wconf 89' lang='lat' dir='ltr'>nihil</span> <span class='ocrx_word' id='word_1_188' title='bbox 552 2481 627 2510; x_wconf 90' lang='lat' dir='ltr'>certi</span> <span class='ocrx_word' id='word_1_189' title='bbox 644 2480 842 2521; x_wconf 80' lang='lat' dir='ltr'>p=onunciari</span> <span class='ocrx_word' id='word_1_190' title='bbox 856 2478 949 2521; x_wconf 80' lang='lat' dir='ltr'>possit</span> <span class='ocrx_word' id='word_1_191' title='bbox 959 2479 1038 2551; x_wconf 49' lang='lat' dir='ltr'>qvid.</span> 
     </span>
    </p>

    <p class='ocr_par' dir='ltr' id='par_1_9' title="bbox 306 2521 1039 2984">
     <span class='ocr_line' id='line_1_38' title="bbox 332 2521 1021 2552; baseline 0 0"><span class='ocrx_word' id='word_1_192' title='bbox 332 2531 386 2552; x_wconf 87' lang='lat' dir='ltr'>uos</span> <span class='ocrx_word' id='word_1_193' title='bbox 413 2521 452 2551; x_wconf 80' lang='lat' dir='ltr'>fle</span> <span class='ocrx_word' id='word_1_194' title='bbox 482 2522 561 2551; x_wconf 76' lang='grc' dir='ltr'><em>Ιιιάἱε</em></span> <span class='ocrx_word' id='word_1_195' title='bbox 590 2523 781 2552; x_wconf 65' lang='lat' dir='ltr'>saecularibus</span> <span class='ocrx_word' id='word_1_196' title='bbox 811 2522 938 2552; x_wconf 74' lang='lat' dir='ltr'>Roman.</span> <span class='ocrx_word' id='word_1_197' title='bbox 982 2532 1021 2552; x_wconf 87' lang='lat' dir='ltr'>au</span> 
     </span>
     <span class='ocr_line' id='line_1_39' title="bbox 307 2532 1039 2606; baseline 0.001 -12"><span class='ocrx_word' id='word_1_198' title='bbox 307 2532 394 2594; x_wconf 60' lang='lat' dir='ltr'>gavit</span> <span class='ocrx_word' id='word_1_199' title='bbox 415 2563 467 2594; x_wconf 88' lang='lat' dir='ltr'>Cl.</span> <span class='ocrx_word' id='word_1_200' title='bbox 492 2564 620 2594; x_wconf 87' lang='lat' dir='ltr'>Mitsch.</span> <span class='ocrx_word' id='word_1_201' title='bbox 645 2575 676 2606; x_wconf 89' lang='lat' dir='ltr'>p.</span> <span class='ocrx_word' id='word_1_202' title='bbox 695 2566 768 2599; x_wconf 83' lang='lat'>643,</span> <span class='ocrx_word' id='word_1_203' title='bbox 786 2564 818 2594; x_wconf 91' lang='lat' dir='ltr'>in</span> <span class='ocrx_word' id='word_1_204' title='bbox 836 2569 898 2595; x_wconf 90' lang='lat' dir='ltr'>not.</span> <span class='ocrx_word' id='word_1_205' title='bbox 914 2574 945 2593; x_wconf 91' lang='lat' dir='ltr'>n.</span> <span class='ocrx_word' id='word_1_206' title='bbox 959 2564 990 2600; x_wconf 89' lang='lat'>3,</span> <span class='ocrx_word' id='word_1_207' title='bbox 1007 2570 1039 2595; x_wconf 89' lang='lat' dir='ltr'>et</span> 
     </span>
     <span class='ocr_line' id='line_1_40' title="bbox 308 2605 1039 2647; baseline 0 -11"><span class='ocrx_word' id='word_1_208' title='bbox 308 2605 399 2639; x_wconf 88' lang='lat' dir='ltr'>adde,</span> <span class='ocrx_word' id='word_1_209' title='bbox 410 2615 480 2646; x_wconf 82' lang='lat' dir='ltr'>quae</span> <span class='ocrx_word' id='word_1_210' title='bbox 499 2606 670 2647; x_wconf 83' lang='lat' dir='ltr'>nuperrime</span> <span class='ocrx_word' id='word_1_211' title='bbox 682 2606 712 2636; x_wconf 92' lang='lat' dir='ltr'>in</span> <span class='ocrx_word' id='word_1_212' title='bbox 729 2606 808 2636; x_wconf 87' lang='lat' dir='ltr'>hanc</span> <span class='ocrx_word' id='word_1_213' title='bbox 825 2616 888 2637; x_wconf 88' lang='lat' dir='ltr'>rem</span> <span class='ocrx_word' id='word_1_214' title='bbox 903 2606 1039 2637; x_wconf 88' lang='lat' dir='ltr'>contulit</span> 
     </span>
     <span class='ocr_line' id='line_1_41' title="bbox 308 2647 1036 2683; baseline -0.001 -4"><span class='ocrx_word' id='word_1_215' title='bbox 308 2648 379 2679; x_wconf 90' lang='lat' dir='ltr'>Cel.</span> <span class='ocrx_word' id='word_1_216' title='bbox 403 2647 539 2678; x_wconf 83' lang='lat' dir='ltr'>Beckius</span> <span class='ocrx_word' id='word_1_217' title='bbox 557 2648 588 2678; x_wconf 92' lang='lat' dir='ltr'>in</span> <span class='ocrx_word' id='word_1_218' title='bbox 614 2648 894 2683; x_wconf 86' lang='lat' dir='ltr'>Commentatione,</span> <span class='ocrx_word' id='word_1_219' title='bbox 912 2647 1036 2678; x_wconf 88' lang='lat' dir='ltr'>Acade-</span> 
     </span>
     <span class='ocr_line' id='line_1_42' title="bbox 309 2688 1037 2731; baseline 0.001 -11"><span class='ocrx_word' id='word_1_220' title='bbox 309 2689 380 2720; x_wconf 82' lang='lat' dir='ltr'>miae</span> <span class='ocrx_word' id='word_1_221' title='bbox 406 2688 491 2730; x_wconf 86' lang='lat' dir='ltr'>Lips.</span> <span class='ocrx_word' id='word_1_222' title='bbox 518 2689 549 2719; x_wconf 87' lang='lat' dir='ltr'>iu</span> <span class='ocrx_word' id='word_1_223' title='bbox 575 2690 682 2721; x_wconf 91' lang='lat' dir='ltr'>saeculi</span> <span class='ocrx_word' id='word_1_224' title='bbox 710 2701 770 2720; x_wconf 80' lang='lat' dir='ltr'>xix</span> <span class='ocrx_word' id='word_1_225' title='bbox 796 2690 891 2720; x_wconf 84' lang='lat' dir='ltr'>initiis</span> <span class='ocrx_word' id='word_1_226' title='bbox 914 2690 1037 2731; x_wconf 88' lang='lat' dir='ltr'>pietatis</span> 
     </span>
     <span class='ocr_line' id='line_1_43' title="bbox 308 2730 1034 2773; baseline 0 -11"><span class='ocrx_word' id='word_1_227' title='bbox 308 2736 518 2768; x_wconf 84' lang='lat' dir='ltr'>monumenta,</span> <span class='ocrx_word' id='word_1_228' title='bbox 532 2730 616 2773; x_wconf 87' lang='lat' dir='ltr'>Lips.</span> <span class='ocrx_word' id='word_1_229' title='bbox 628 2731 711 2773; x_wconf 90' lang='lat' dir='ltr'>apud</span> <span class='ocrx_word' id='word_1_230' title='bbox 720 2732 901 2766; x_wconf 75' lang='lat' dir='ltr'>&#39;l&#39;auchuitz,</span> <span class='ocrx_word' id='word_1_231' title='bbox 918 2732 1014 2770; x_wconf 74' lang='lat'>1801)</span> <span class='ocrx_word' id='word_1_232' title='bbox 1027 2745 1034 2771; x_wconf 86' lang='lat'>;</span> 
     </span>
     <span class='ocr_line' id='line_1_44' title="bbox 309 2773 1036 2820; baseline 0 -16"><span class='ocrx_word' id='word_1_233' title='bbox 309 2776 491 2814; x_wconf 85' lang='lat' dir='ltr'>Augustum</span> <span class='ocrx_word' id='word_1_234' title='bbox 500 2783 550 2804; x_wconf 92' lang='lat' dir='ltr'>eos</span> <span class='ocrx_word' id='word_1_235' title='bbox 561 2774 598 2804; x_wconf 89' lang='lat' dir='ltr'>ad</span> <span class='ocrx_word' id='word_1_236' title='bbox 610 2773 830 2820; x_wconf 81' lang='lat' dir='ltr'>Sibyllinorum</span> <span class='ocrx_word' id='word_1_237' title='bbox 842 2774 1036 2804; x_wconf 83' lang='lat' dir='ltr'>oraculorum</span> 
     </span>
     <span class='ocr_line' id='line_1_45' title="bbox 309 2814 1035 2857; baseline 0 -10"><span class='ocrx_word' id='word_1_238' title='bbox 309 2814 523 2847; x_wconf 86' lang='lat' dir='ltr'>auctoritatem</span> <span class='ocrx_word' id='word_1_239' title='bbox 540 2826 576 2846; x_wconf 89' lang='lat' dir='ltr'>eo</span> <span class='ocrx_word' id='word_1_240' title='bbox 593 2815 734 2852; x_wconf 79' lang='lat' dir='ltr'>consilio,</span> <span class='ocrx_word' id='word_1_241' title='bbox 758 2822 793 2846; x_wconf 92' lang='lat' dir='ltr'>ut</span> <span class='ocrx_word' id='word_1_242' title='bbox 815 2816 946 2857; x_wconf 85' lang='lat' dir='ltr'>populus</span> <span class='ocrx_word' id='word_1_243' title='bbox 970 2816 1035 2847; x_wconf 87' lang='lat' dir='ltr'>Ro-</span> 
     </span>
     <span class='ocr_line' id='line_1_46' title="bbox 308 2857 1033 2898; baseline 0 -10"><span class='ocrx_word' id='word_1_244' title='bbox 308 2867 418 2889; x_wconf 84' lang='lat' dir='ltr'>manus</span> <span class='ocrx_word' id='word_1_245' title='bbox 443 2857 482 2888; x_wconf 89' lang='lat' dir='ltr'>de</span> <span class='ocrx_word' id='word_1_246' title='bbox 509 2867 632 2898; x_wconf 86' lang='lat' dir='ltr'>magna,</span> <span class='ocrx_word' id='word_1_247' title='bbox 660 2868 723 2898; x_wconf 89' lang='lat' dir='ltr'>qua</span> <span class='ocrx_word' id='word_1_248' title='bbox 755 2868 839 2888; x_wconf 91' lang='lat' dir='ltr'>nunc</span> <span class='ocrx_word' id='word_1_249' title='bbox 873 2858 1033 2893; x_wconf 86' lang='lat' dir='ltr'>frueretur,</span> 
     </span>
     <span class='ocr_line' id='line_1_47' title="bbox 308 2899 1035 2941; baseline -0.001 -10"><span class='ocrx_word' id='word_1_250' title='bbox 308 2899 455 2932; x_wconf 81' lang='lat' dir='ltr'>felicitate</span> <span class='ocrx_word' id='word_1_251' title='bbox 487 2899 652 2936; x_wconf 76' lang='lat' dir='ltr'>laetaretur,</span> <span class='ocrx_word' id='word_1_252' title='bbox 677 2900 811 2941; x_wconf 87' lang='lat' dir='ltr'>deosque</span> <span class='ocrx_word' id='word_1_253' title='bbox 846 2899 884 2930; x_wconf 88' lang='lat' dir='ltr'>de</span> <span class='ocrx_word' id='word_1_254' title='bbox 917 2899 1035 2940; x_wconf 83' lang='lat' dir='ltr'>imperii</span> 
     </span>
     <span class='ocr_line' id='line_1_48' title="bbox 306 2940 1036 2984; baseline -0.001 -10"><span class='ocrx_word' id='word_1_255' title='bbox 306 2940 521 2974; x_wconf 80' lang='lat' dir='ltr'>incolumitate</span> <span class='ocrx_word' id='word_1_256' title='bbox 546 2946 578 2973; x_wconf 87' lang='lat' dir='ltr'>et</span> <span class='ocrx_word' id='word_1_257' title='bbox 599 2947 747 2984; x_wconf 87' lang='lat' dir='ltr'>perpetua</span> <span class='ocrx_word' id='word_1_258' title='bbox 767 2941 965 2984; x_wconf 77' lang='lat' dir='ltr'>prosperitate</span> <span class='ocrx_word' id='word_1_259' title='bbox 987 2941 1036 2984; x_wconf 86' lang='lat' dir='ltr'>pie</span> 
     </span>
    </p>
   </div>
   <div class='ocr_carea' id='block_1_8' title="bbox 1080 1349 1815 2523">
    <p class='ocr_par' dir='ltr' id='par_1_10' title="bbox 1080 1349 1815 2523">
     <span class='ocr_line' id='line_1_49' title="bbox 1086 1349 1814 1388; baseline 0.007 -11"><span class='ocrx_word' id='word_1_260' title='bbox 1086 1352 1292 1383; x_wconf 84' lang='lat' dir='ltr'>veneraretur,</span> <span class='ocrx_word' id='word_1_261' title='bbox 1321 1356 1498 1388; x_wconf 79' lang='lat' dir='ltr'>apparasse,</span> <span class='ocrx_word' id='word_1_262' title='bbox 1533 1352 1634 1379; x_wconf 86' lang='lat' dir='ltr'>tenere</span> <span class='ocrx_word' id='word_1_263' title='bbox 1668 1349 1814 1382; x_wconf 83' lang='lat' dir='ltr'>sufficiat.</span> 
     </span>
     <span class='ocr_line' id='line_1_50' title="bbox 1085 1389 1813 1430; baseline 0.005 -11"><span class='ocrx_word' id='word_1_264' title='bbox 1085 1389 1104 1419; x_wconf 90' lang='lat' dir='ltr'>J</span> <span class='ocrx_word' id='word_1_265' title='bbox 1110 1399 1158 1418; x_wconf 89' lang='lat' dir='ltr'>am</span> <span class='ocrx_word' id='word_1_266' title='bbox 1175 1400 1247 1420; x_wconf 86' lang='lat' dir='ltr'>vero</span> <span class='ocrx_word' id='word_1_267' title='bbox 1262 1399 1333 1419; x_wconf 89' lang='lat' dir='ltr'>cum</span> <span class='ocrx_word' id='word_1_268' title='bbox 1348 1389 1464 1430; x_wconf 91' lang='lat' dir='ltr'>Apollo</span> <span class='ocrx_word' id='word_1_269' title='bbox 1476 1394 1508 1420; x_wconf 88' lang='lat' dir='ltr'>et</span> <span class='ocrx_word' id='word_1_270' title='bbox 1523 1389 1628 1420; x_wconf 89' lang='lat' dir='ltr'>Diana</span> <span class='ocrx_word' id='word_1_271' title='bbox 1637 1401 1699 1422; x_wconf 88' lang='lat' dir='ltr'>non</span> <span class='ocrx_word' id='word_1_272' title='bbox 1713 1393 1813 1423; x_wconf 81' lang='lat' dir='ltr'>solum</span> 
     </span>
     <span class='ocr_line' id='line_1_51' title="bbox 1084 1430 1811 1474; baseline 0.008 -14"><span class='ocrx_word' id='word_1_273' title='bbox 1084 1430 1127 1460; x_wconf 86' lang='lat' dir='ltr'>dii</span> <span class='ocrx_word' id='word_1_274' title='bbox 1151 1430 1322 1466; x_wconf 87' lang='lat' dir='ltr'>averrunci,</span> <span class='ocrx_word' id='word_1_275' title='bbox 1348 1430 1548 1469; x_wconf 79' lang='grc' dir='ltr'>ἀλεξίκακοι,</span> <span class='ocrx_word' id='word_1_276' title='bbox 1572 1432 1811 1474; x_wconf 80' lang='grc' dir='ltr'>ἀποτρόπαιοι,</span> 
     </span>
     <span class='ocr_line' id='line_1_52' title="bbox 1085 1471 1814 1512; baseline 0.007 -10"><span class='ocrx_word' id='word_1_277' title='bbox 1085 1471 1281 1507; x_wconf 89' lang='lat' dir='ltr'>haberentur,</span> <span class='ocrx_word' id='word_1_278' title='bbox 1309 1473 1363 1503; x_wconf 87' lang='lat' dir='ltr'>sed</span> <span class='ocrx_word' id='word_1_279' title='bbox 1388 1473 1481 1504; x_wconf 88' lang='lat' dir='ltr'>etiam</span> <span class='ocrx_word' id='word_1_280' title='bbox 1505 1479 1541 1503; x_wconf 86' lang='lat' dir='ltr'>ut</span> <span class='ocrx_word' id='word_1_281' title='bbox 1571 1473 1594 1504; x_wconf 85' lang='lat' dir='ltr'>ii</span> <span class='ocrx_word' id='word_1_282' title='bbox 1627 1475 1814 1512; x_wconf 81' lang='lat' dir='ltr'>colerentur,</span> 
     </span>
     <span class='ocr_line' id='line_1_53' title="bbox 1080 1514 1815 1554; baseline 0.007 -10"><span class='ocrx_word' id='word_1_283' title='bbox 1080 1525 1212 1554; x_wconf 86' lang='lat' dir='ltr'>quorum</span> <span class='ocrx_word' id='word_1_284' title='bbox 1238 1514 1463 1545; x_wconf 83' lang='lat' dir='ltr'>benevolentiae</span> <span class='ocrx_word' id='word_1_285' title='bbox 1491 1515 1539 1546; x_wconf 89' lang='lat' dir='ltr'>vel</span> <span class='ocrx_word' id='word_1_286' title='bbox 1563 1515 1696 1548; x_wconf 79' lang='lat' dir='ltr'>maxime</span> <span class='ocrx_word' id='word_1_287' title='bbox 1720 1516 1815 1549; x_wconf 85' lang='lat' dir='ltr'>debe·</span> 
     </span>
     <span class='ocr_line' id='line_1_54' title="bbox 1081 1555 1813 1599; baseline 0.005 -13"><span class='ocrx_word' id='word_1_288' title='bbox 1081 1561 1163 1586; x_wconf 88' lang='lat' dir='ltr'>retur</span> <span class='ocrx_word' id='word_1_289' title='bbox 1178 1562 1239 1586; x_wconf 90' lang='lat' dir='ltr'>tam</span> <span class='ocrx_word' id='word_1_290' title='bbox 1258 1556 1334 1586; x_wconf 88' lang='lat' dir='ltr'>aeris</span> <span class='ocrx_word' id='word_1_291' title='bbox 1357 1555 1533 1592; x_wconf 86' lang='lat' dir='ltr'>salubritas,</span> <span class='ocrx_word' id='word_1_292' title='bbox 1552 1567 1647 1598; x_wconf 84' lang='lat' dir='ltr'>quam</span> <span class='ocrx_word' id='word_1_293' title='bbox 1671 1568 1813 1599; x_wconf 80' lang='lat' dir='ltr'>agrorum</span> 
     </span>
     <span class='ocr_line' id='line_1_55' title="bbox 1083 1597 1814 1640; baseline 0.007 -13"><span class='ocrx_word' id='word_1_294' title='bbox 1083 1597 1226 1628; x_wconf 79' lang='lat' dir='ltr'>fertilitas</span> <span class='ocrx_word' id='word_1_295' title='bbox 1241 1598 1300 1638; x_wconf 88' lang='lat' dir='ltr'>(ob</span> <span class='ocrx_word' id='word_1_296' title='bbox 1315 1607 1428 1628; x_wconf 79' lang='lat' dir='ltr'>causas</span> <span class='ocrx_word' id='word_1_297' title='bbox 1442 1598 1590 1640; x_wconf 77' lang='lat' dir='ltr'>physicas</span> <span class='ocrx_word' id='word_1_298' title='bbox 1605 1599 1736 1636; x_wconf 85' lang='lat' dir='ltr'>scilicet,</span> <span class='ocrx_word' id='word_1_299' title='bbox 1751 1601 1814 1633; x_wconf 86' lang='lat' dir='ltr'>sive</span> 
     </span>
     <span class='ocr_line' id='line_1_56' title="bbox 1083 1639 1814 1681; baseline 0.007 -12"><span class='ocrx_word' id='word_1_300' title='bbox 1083 1639 1123 1669; x_wconf 92' lang='lat' dir='ltr'>ob</span> <span class='ocrx_word' id='word_1_301' title='bbox 1139 1639 1213 1674; x_wconf 88' lang='lat' dir='ltr'>vim,</span> <span class='ocrx_word' id='word_1_302' title='bbox 1231 1650 1324 1680; x_wconf 88' lang='lat' dir='ltr'>quam</span> <span class='ocrx_word' id='word_1_303' title='bbox 1345 1640 1390 1670; x_wconf 89' lang='lat' dir='ltr'>sol</span> <span class='ocrx_word' id='word_1_304' title='bbox 1413 1646 1444 1670; x_wconf 88' lang='lat' dir='ltr'>et</span> <span class='ocrx_word' id='word_1_305' title='bbox 1467 1640 1542 1671; x_wconf 86' lang='lat' dir='ltr'>luna</span> <span class='ocrx_word' id='word_1_306' title='bbox 1563 1640 1594 1672; x_wconf 82' lang='lat' dir='ltr'>in</span> <span class='ocrx_word' id='word_1_307' title='bbox 1621 1642 1814 1681; x_wconf 48' lang='lat' dir='ltr'>tei-tamud-</span> 
     </span>
     <span class='ocr_line' id='line_1_57' title="bbox 1083 1681 1812 1722; baseline 0.007 -10"><span class='ocrx_word' id='word_1_308' title='bbox 1083 1691 1182 1722; x_wconf 88' lang='lat' dir='ltr'>eoque</span> <span class='ocrx_word' id='word_1_309' title='bbox 1198 1682 1229 1712; x_wconf 90' lang='lat' dir='ltr'>in</span> <span class='ocrx_word' id='word_1_310' title='bbox 1246 1682 1324 1713; x_wconf 87' lang='lat' dir='ltr'>aeris</span> <span class='ocrx_word' id='word_1_311' title='bbox 1340 1681 1552 1713; x_wconf 77' lang='lat' dir='ltr'>salubritatem</span> <span class='ocrx_word' id='word_1_312' title='bbox 1572 1688 1603 1714; x_wconf 83' lang='lat' dir='ltr'>et</span> <span class='ocrx_word' id='word_1_313' title='bbox 1625 1683 1812 1716; x_wconf 78' lang='lat' dir='ltr'>fertilitatem</span> 
     </span>
     <span class='ocr_line' id='line_1_58' title="bbox 1084 1723 1811 1766; baseline 0.007 -13"><span class='ocrx_word' id='word_1_314' title='bbox 1084 1723 1240 1764; x_wconf 86' lang='lat' dir='ltr'>habent);</span> <span class='ocrx_word' id='word_1_315' title='bbox 1272 1734 1375 1761; x_wconf 83' lang='lat' dir='ltr'>causa,</span> <span class='ocrx_word' id='word_1_316' title='bbox 1397 1734 1453 1755; x_wconf 89' lang='lat' dir='ltr'>cur</span> <span class='ocrx_word' id='word_1_317' title='bbox 1484 1728 1590 1756; x_wconf 81' lang='lat' dir='ltr'>eorum</span> <span class='ocrx_word' id='word_1_318' title='bbox 1617 1725 1811 1766; x_wconf 72' lang='lat' dir='ltr'>potissimum</span> 
     </span>
     <span class='ocr_line' id='line_1_59' title="bbox 1085 1765 1813 1800; baseline 0.005 -4"><span class='ocrx_word' id='word_1_319' title='bbox 1085 1766 1214 1797; x_wconf 70' lang='lat' dir='ltr'>numina¹</span> <span class='ocrx_word' id='word_1_320' title='bbox 1234 1767 1265 1796; x_wconf 88' lang='lat' dir='ltr'>in</span> <span class='ocrx_word' id='word_1_321' title='bbox 1283 1765 1364 1796; x_wconf 85' lang='lat' dir='ltr'>ludis</span> <span class='ocrx_word' id='word_1_322' title='bbox 1386 1766 1589 1798; x_wconf 64' lang='lat' dir='ltr'>saecularibus</span> <span class='ocrx_word' id='word_1_323' title='bbox 1611 1766 1813 1800; x_wconf 81' lang='lat' dir='ltr'>adorarentur</span> 
     </span>
     <span class='ocr_line' id='line_1_60' title="bbox 1083 1807 1814 1852; baseline 0.005 -14"><span class='ocrx_word' id='word_1_324' title='bbox 1083 1813 1114 1838; x_wconf 87' lang='lat' dir='ltr'>et</span> <span class='ocrx_word' id='word_1_325' title='bbox 1130 1808 1244 1849; x_wconf 88' lang='lat' dir='ltr'>hymno</span> <span class='ocrx_word' id='word_1_326' title='bbox 1260 1808 1502 1843; x_wconf 82' lang='lat' dir='ltr'>celebrarentur,</span> <span class='ocrx_word' id='word_1_327' title='bbox 1514 1807 1606 1840; x_wconf 83' lang='lat' dir='ltr'>facile</span> <span class='ocrx_word' id='word_1_328' title='bbox 1618 1809 1814 1852; x_wconf 84' lang='lat' dir='ltr'>perspicitur.</span> 
     </span>
     <span class='ocr_line' id='line_1_61' title="bbox 1084 1850 1815 1894; baseline 0.005 -14"><span class='ocrx_word' id='word_1_329' title='bbox 1084 1850 1144 1880; x_wconf 91' lang='lat' dir='ltr'>Ter</span> <span class='ocrx_word' id='word_1_330' title='bbox 1164 1855 1266 1880; x_wconf 86' lang='lat' dir='ltr'>autem</span> <span class='ocrx_word' id='word_1_331' title='bbox 1290 1850 1403 1881; x_wconf 83' lang='lat' dir='ltr'>chorus</span> <span class='ocrx_word' id='word_1_332' title='bbox 1427 1850 1460 1880; x_wconf 90' lang='lat' dir='ltr'>in</span> <span class='ocrx_word' id='word_1_333' title='bbox 1483 1850 1542 1881; x_wconf 88' lang='lat' dir='ltr'>hoe</span> <span class='ocrx_word' id='word_1_334' title='bbox 1563 1850 1678 1892; x_wconf 84' lang='lat' dir='ltr'>hymno</span> <span class='ocrx_word' id='word_1_335' title='bbox 1694 1852 1815 1894; x_wconf 84' lang='lat' dir='ltr'>Apolli-</span> 
     </span>
     <span class='ocr_line' id='line_1_62' title="bbox 1084 1892 1812 1934; baseline 0.005 -12"><span class='ocrx_word' id='word_1_336' title='bbox 1084 1902 1154 1922; x_wconf 87' lang='lat' dir='ltr'>nem</span> <span class='ocrx_word' id='word_1_337' title='bbox 1172 1897 1201 1922; x_wconf 87' lang='lat' dir='ltr'>et</span> <span class='ocrx_word' id='word_1_338' title='bbox 1218 1892 1354 1922; x_wconf 83' lang='lat' dir='ltr'>Dianam</span> <span class='ocrx_word' id='word_1_339' title='bbox 1370 1892 1518 1934; x_wconf 85' lang='lat' dir='ltr'>appellat,</span> <span class='ocrx_word' id='word_1_340' title='bbox 1535 1897 1565 1924; x_wconf 90' lang='lat' dir='ltr'>et</span> <span class='ocrx_word' id='word_1_341' title='bbox 1581 1898 1627 1924; x_wconf 88' lang='lat' dir='ltr'>ter</span> <span class='ocrx_word' id='word_1_342' title='bbox 1648 1893 1812 1934; x_wconf 80' lang='lat' dir='ltr'>singulari-</span> 
     </span>
     <span class='ocr_line' id='line_1_63' title="bbox 1084 1934 1813 1976; baseline 0.005 -12"><span class='ocrx_word' id='word_1_343' title='bbox 1084 1934 1144 1964; x_wconf 85' lang='lat' dir='ltr'>bus</span> <span class='ocrx_word' id='word_1_344' title='bbox 1164 1935 1307 1975; x_wconf 87' lang='lat' dir='ltr'>precibus</span> <span class='ocrx_word' id='word_1_345' title='bbox 1328 1934 1506 1964; x_wconf 84' lang='lat' dir='ltr'>Romanum</span> <span class='ocrx_word' id='word_1_346' title='bbox 1524 1934 1686 1976; x_wconf 87' lang='lat' dir='ltr'>imperium</span> <span class='ocrx_word' id='word_1_347' title='bbox 1707 1946 1813 1968; x_wconf 82' lang='lat' dir='ltr'>eorum</span> 
     </span>
     <span class='ocr_line' id='line_1_64' title="bbox 1085 1975 1813 2020; baseline 0.005 -14"><span class='ocrx_word' id='word_1_348' title='bbox 1085 1976 1190 2006; x_wconf 78' lang='lat' dir='ltr'>tutelae</span> <span class='ocrx_word' id='word_1_349' title='bbox 1214 1981 1245 2007; x_wconf 88' lang='lat' dir='ltr'>et</span> <span class='ocrx_word' id='word_1_350' title='bbox 1269 1975 1364 2007; x_wconf 76' lang='lat' dir='ltr'>favori</span> <span class='ocrx_word' id='word_1_351' title='bbox 1384 1976 1478 2007; x_wconf 82' lang='lat' dir='ltr'>tradit</span> <span class='ocrx_word' id='word_1_352' title='bbox 1497 1981 1528 2007; x_wconf 89' lang='lat' dir='ltr'>et</span> <span class='ocrx_word' id='word_1_353' title='bbox 1548 1983 1727 2017; x_wconf 73' lang='lat' dir='ltr'>consecrat5</span> <span class='ocrx_word' id='word_1_354' title='bbox 1750 1979 1813 2020; x_wconf 85' lang='lat' dir='ltr'>pri·</span> 
     </span>
     <span class='ocr_line' id='line_1_65' title="bbox 1085 2018 1813 2060; baseline 0.007 -13"><span class='ocrx_word' id='word_1_355' title='bbox 1085 2027 1169 2048; x_wconf 87' lang='lat' dir='ltr'>mum</span> <span class='ocrx_word' id='word_1_356' title='bbox 1186 2018 1325 2059; x_wconf 90' lang='lat' dir='ltr'>quidem,</span> <span class='ocrx_word' id='word_1_357' title='bbox 1343 2028 1362 2048; x_wconf 96' lang='lat' dir='ltr'>a</span> <span class='ocrx_word' id='word_1_358' title='bbox 1385 2028 1472 2049; x_wconf 85' lang='lat' dir='ltr'>versu</span> <span class='ocrx_word' id='word_1_359' title='bbox 1499 2020 1510 2048; x_wconf 92' lang='lat' dir='ltr'>l</span> <span class='ocrx_word' id='word_1_360' title='bbox 1533 2029 1632 2060; x_wconf 87' lang='lat' dir='ltr'>usque</span> <span class='ocrx_word' id='word_1_361' title='bbox 1654 2019 1694 2051; x_wconf 74' lang='lat' dir='ltr'>ad</span> <span class='ocrx_word' id='word_1_362' title='bbox 1714 2031 1745 2052; x_wconf 88' lang='lat' dir='ltr'>v.</span> <span class='ocrx_word' id='word_1_363' title='bbox 1760 2022 1813 2059; x_wconf 86' lang='lat'>32,</span> 
     </span>
     <span class='ocr_line' id='line_1_66' title="bbox 1085 2060 1813 2100; baseline 0.005 -10"><span class='ocrx_word' id='word_1_364' title='bbox 1085 2066 1183 2100; x_wconf 85' lang='lat' dir='ltr'>rogat,</span> <span class='ocrx_word' id='word_1_365' title='bbox 1203 2065 1237 2090; x_wconf 88' lang='lat' dir='ltr'>ut</span> <span class='ocrx_word' id='word_1_366' title='bbox 1259 2060 1405 2091; x_wconf 79' lang='lat' dir='ltr'>Phoebus</span> <span class='ocrx_word' id='word_1_367' title='bbox 1427 2060 1460 2090; x_wconf 90' lang='lat' dir='ltr'>in</span> <span class='ocrx_word' id='word_1_368' title='bbox 1483 2065 1547 2091; x_wconf 86' lang='lat' dir='ltr'>toto</span> <span class='ocrx_word' id='word_1_369' title='bbox 1567 2067 1715 2093; x_wconf 84' lang='lat' dir='ltr'>terrarum</span> <span class='ocrx_word' id='word_1_370' title='bbox 1739 2063 1813 2094; x_wconf 88' lang='lat' dir='ltr'>orbe</span> 
     </span>
     <span class='ocr_line' id='line_1_67' title="bbox 1084 2102 1811 2144; baseline 0.007 -13"><span class='ocrx_word' id='word_1_371' title='bbox 1084 2102 1226 2143; x_wconf 86' lang='lat' dir='ltr'>nuspiam</span> <span class='ocrx_word' id='word_1_372' title='bbox 1250 2103 1356 2133; x_wconf 87' lang='lat' dir='ltr'>urbem</span> <span class='ocrx_word' id='word_1_373' title='bbox 1375 2102 1479 2133; x_wconf 86' lang='lat' dir='ltr'>Roma</span> <span class='ocrx_word' id='word_1_374' title='bbox 1499 2102 1647 2144; x_wconf 84' lang='lat' dir='ltr'>majorem</span> <span class='ocrx_word' id='word_1_375' title='bbox 1668 2103 1811 2140; x_wconf 86' lang='lat' dir='ltr'>illustret,</span> 
     </span>
     <span class='ocr_line' id='line_1_68' title="bbox 1084 2143 1813 2188; baseline 0.007 -15"><span class='ocrx_word' id='word_1_376' title='bbox 1084 2143 1190 2174; x_wconf 86' lang='lat' dir='ltr'>Diana</span> <span class='ocrx_word' id='word_1_377' title='bbox 1205 2154 1274 2174; x_wconf 87' lang='lat' dir='ltr'>vero</span> <span class='ocrx_word' id='word_1_378' title='bbox 1293 2144 1412 2174; x_wconf 85' lang='lat' dir='ltr'>subolis</span> <span class='ocrx_word' id='word_1_379' title='bbox 1426 2155 1465 2174; x_wconf 85' lang='lat' dir='ltr'>ex</span> <span class='ocrx_word' id='word_1_380' title='bbox 1489 2144 1636 2186; x_wconf 82' lang='lat' dir='ltr'>legitimis</span> <span class='ocrx_word' id='word_1_381' title='bbox 1657 2146 1813 2188; x_wconf 87' lang='lat' dir='ltr'>conjugiis</span> 
     </span>
     <span class='ocr_line' id='line_1_69' title="bbox 1083 2185 1812 2225; baseline 0.007 -10"><span class='ocrx_word' id='word_1_382' title='bbox 1083 2185 1281 2225; x_wconf 84' lang='lat' dir='ltr'>procreandae</span> <span class='ocrx_word' id='word_1_383' title='bbox 1295 2191 1412 2216; x_wconf 84' lang='lat' dir='ltr'>tantam</span> <span class='ocrx_word' id='word_1_384' title='bbox 1429 2196 1534 2217; x_wconf 84' lang='lat' dir='ltr'>curam</span> <span class='ocrx_word' id='word_1_385' title='bbox 1551 2186 1675 2224; x_wconf 81' lang='lat' dir='ltr'>habeat,</span> <span class='ocrx_word' id='word_1_386' title='bbox 1698 2193 1732 2220; x_wconf 88' lang='lat' dir='ltr'>ut</span> <span class='ocrx_word' id='word_1_387' title='bbox 1754 2199 1812 2220; x_wconf 86' lang='lat' dir='ltr'>ex-</span> 
     </span>
     <span class='ocr_line' id='line_1_70' title="bbox 1083 2228 1813 2269; baseline 0.007 -13"><span class='ocrx_word' id='word_1_388' title='bbox 1083 2232 1152 2257; x_wconf 89' lang='lat' dir='ltr'>acto</span> <span class='ocrx_word' id='word_1_389' title='bbox 1192 2237 1234 2257; x_wconf 83' lang='lat' dir='ltr'>cx</span> <span class='ocrx_word' id='word_1_390' title='bbox 1271 2237 1422 2258; x_wconf 88' lang='lat' dir='ltr'>annorum</span> <span class='ocrx_word' id='word_1_391' title='bbox 1462 2228 1563 2269; x_wconf 84' lang='lat' dir='ltr'>spatio</span> <span class='ocrx_word' id='word_1_392' title='bbox 1590 2228 1702 2260; x_wconf 87' lang='lat' dir='ltr'>iterum</span> <span class='ocrx_word' id='word_1_393' title='bbox 1739 2229 1813 2262; x_wconf 79' lang='lat' dir='ltr'>laeta</span> 
     </span>
     <span class='ocr_line' id='line_1_71' title="bbox 1082 2267 1810 2313; baseline 0.005 -15"><span class='ocrx_word' id='word_1_394' title='bbox 1082 2267 1203 2299; x_wconf 87' lang='lat' dir='ltr'>intersit</span> <span class='ocrx_word' id='word_1_395' title='bbox 1221 2270 1304 2300; x_wconf 91' lang='lat' dir='ltr'>ludis</span> <span class='ocrx_word' id='word_1_396' title='bbox 1326 2268 1540 2305; x_wconf 85' lang='lat' dir='ltr'>saecularibus,</span> <span class='ocrx_word' id='word_1_397' title='bbox 1565 2280 1583 2300; x_wconf 90' lang='lat' dir='ltr'>a</span> <span class='ocrx_word' id='word_1_398' title='bbox 1607 2270 1723 2313; x_wconf 86' lang='lat' dir='ltr'>populo</span> <span class='ocrx_word' id='word_1_399' title='bbox 1746 2272 1810 2302; x_wconf 79' lang='lat' dir='ltr'>Ro·</span> 
     </span>
     <span class='ocr_line' id='line_1_72' title="bbox 1082 2310 1812 2353; baseline 0.007 -13"><span class='ocrx_word' id='word_1_400' title='bbox 1082 2320 1185 2347; x_wconf 86' lang='lat' dir='ltr'>mano,</span> <span class='ocrx_word' id='word_1_401' title='bbox 1213 2311 1323 2352; x_wconf 90' lang='lat' dir='ltr'>quovis</span> <span class='ocrx_word' id='word_1_402' title='bbox 1347 2310 1503 2342; x_wconf 83' lang='lat' dir='ltr'>felicitatis</span> <span class='ocrx_word' id='word_1_403' title='bbox 1527 2322 1638 2353; x_wconf 86' lang='lat' dir='ltr'>genere</span> <span class='ocrx_word' id='word_1_404' title='bbox 1665 2318 1812 2349; x_wconf 83' lang='lat' dir='ltr'>mactato.</span> 
     </span>
     <span class='ocr_line' id='line_1_73' title="bbox 1083 2352 1809 2396; baseline 0.006 -13"><span class='ocrx_word' id='word_1_405' title='bbox 1083 2352 1297 2392; x_wconf 84' lang='lat' dir='ltr'>celebrandis;</span> <span class='ocrx_word' id='word_1_406' title='bbox 1334 2353 1460 2389; x_wconf 89' lang='lat' dir='ltr'>deinde,</span> <span class='ocrx_word' id='word_1_407' title='bbox 1484 2363 1502 2383; x_wconf 88' lang='lat' dir='ltr'>a</span> <span class='ocrx_word' id='word_1_408' title='bbox 1529 2365 1558 2384; x_wconf 90' lang='lat' dir='ltr'>v.</span> <span class='ocrx_word' id='word_1_409' title='bbox 1582 2355 1623 2384; x_wconf 89' lang='grc'>33</span> <span class='ocrx_word' id='word_1_410' title='bbox 1647 2365 1746 2396; x_wconf 89' lang='lat' dir='ltr'>usque</span> <span class='ocrx_word' id='word_1_411' title='bbox 1771 2356 1809 2387; x_wconf 85' lang='lat' dir='ltr'>ad</span> 
     </span>
     <span class='ocr_line' id='line_1_74' title="bbox 1082 2395 1810 2437; baseline 0.005 -13"><span class='ocrx_word' id='word_1_412' title='bbox 1082 2404 1111 2423; x_wconf 90' lang='lat' dir='ltr'>v.</span> <span class='ocrx_word' id='word_1_413' title='bbox 1142 2395 1196 2430; x_wconf 89' lang='lat'>60,</span> <span class='ocrx_word' id='word_1_414' title='bbox 1226 2401 1273 2432; x_wconf 88' lang='lat' dir='ltr'>ut,</span> <span class='ocrx_word' id='word_1_415' title='bbox 1304 2395 1453 2437; x_wconf 88' lang='lat' dir='ltr'>Apolline</span> <span class='ocrx_word' id='word_1_416' title='bbox 1482 2400 1513 2426; x_wconf 79' lang='lat' dir='ltr'>et</span> <span class='ocrx_word' id='word_1_417' title='bbox 1542 2395 1647 2427; x_wconf 81' lang='lat' dir='ltr'>Diana</span> <span class='ocrx_word' id='word_1_418' title='bbox 1675 2397 1810 2428; x_wconf 80' lang='lat' dir='ltr'>Romam</span> 
     </span>
     <span class='ocr_line' id='line_1_75' title="bbox 1082 2436 1810 2478; baseline 0.007 -12"><span class='ocrx_word' id='word_1_419' title='bbox 1082 2437 1253 2472; x_wconf 85' lang='lat' dir='ltr'>tuentibus,</span> <span class='ocrx_word' id='word_1_420' title='bbox 1285 2436 1431 2468; x_wconf 87' lang='lat' dir='ltr'>Romana</span> <span class='ocrx_word' id='word_1_421' title='bbox 1457 2436 1606 2478; x_wconf 84' lang='lat' dir='ltr'>juventus</span> <span class='ocrx_word' id='word_1_422' title='bbox 1630 2443 1750 2470; x_wconf 79' lang='lat' dir='ltr'>mature</span> <span class='ocrx_word' id='word_1_423' title='bbox 1777 2439 1810 2471; x_wconf 85' lang='lat' dir='ltr'>in</span> 
     </span>
     <span class='ocr_line' id='line_1_76' title="bbox 1081 2478 1811 2523; baseline 0.005 -15"><span class='ocrx_word' id='word_1_424' title='bbox 1081 2478 1239 2519; x_wconf 88' lang='lat' dir='ltr'>probitatis</span> <span class='ocrx_word' id='word_1_425' title='bbox 1253 2479 1356 2509; x_wconf 90' lang='lat' dir='ltr'>studio</span> <span class='ocrx_word' id='word_1_426' title='bbox 1371 2485 1559 2516; x_wconf 80' lang='lat' dir='ltr'>exerceatur,</span> <span class='ocrx_word' id='word_1_427' title='bbox 1580 2485 1723 2512; x_wconf 79' lang='lat' dir='ltr'>senectus</span> <span class='ocrx_word' id='word_1_428' title='bbox 1745 2481 1811 2523; x_wconf 83' lang='lat' dir='ltr'>pla-</span> 
     </span>
    </p>
   </div>
   <div class='ocr_carea' id='block_1_9' title="bbox 1026 2519 1810 2569">
    <p class='ocr_par' dir='ltr' id='par_1_11' title="bbox 1026 2519 1810 2569">
     <span class='ocr_line' id='line_1_77' title="bbox 1026 2519 1810 2569; baseline 0.003 -19"><span class='ocrx_word' id='word_1_429' title='bbox 1026 2542 1036 2548; x_wconf 87' lang='lat'>.</span> <span class='ocrx_word' id='word_1_430' title='bbox 1082 2519 1152 2551; x_wconf 87' lang='lat' dir='ltr'>cida</span> <span class='ocrx_word' id='word_1_431' title='bbox 1168 2521 1391 2562; x_wconf 84' lang='lat' dir='ltr'>tranquillitate</span> <span class='ocrx_word' id='word_1_432' title='bbox 1407 2521 1592 2569; x_wconf 82' lang='lat' dir='ltr'>perfruatur,</span> <span class='ocrx_word' id='word_1_433' title='bbox 1608 2527 1690 2554; x_wconf 83' lang='lat' dir='ltr'>totus</span> <span class='ocrx_word' id='word_1_434' title='bbox 1711 2533 1810 2566; x_wconf 83' lang='lat' dir='ltr'>popu.</span> 
     </span>
    </p>
   </div>
   <div class='ocr_carea' id='block_1_10' title="bbox 1079 2562 1809 2983">
    <p class='ocr_par' dir='ltr' id='par_1_12' title="bbox 1079 2562 1809 2983">
     <span class='ocr_line' id='line_1_78' title="bbox 1082 2562 1809 2606; baseline 0.006 -14"><span class='ocrx_word' id='word_1_435' title='bbox 1082 2562 1129 2592; x_wconf 90' lang='lat' dir='ltr'>lus</span> <span class='ocrx_word' id='word_1_436' title='bbox 1145 2563 1310 2594; x_wconf 85' lang='lat' dir='ltr'>Romanus</span> <span class='ocrx_word' id='word_1_437' title='bbox 1332 2574 1415 2594; x_wconf 78' lang='lat' dir='ltr'>omni</span> <span class='ocrx_word' id='word_1_438' title='bbox 1438 2563 1638 2605; x_wconf 82' lang='lat' dir='ltr'>prosperitate</span> <span class='ocrx_word' id='word_1_439' title='bbox 1661 2565 1809 2606; x_wconf 85' lang='lat' dir='ltr'>gaudeat,</span> 
     </span>
     <span class='ocr_line' id='line_1_79' title="bbox 1081 2605 1808 2646; baseline 0.007 -12"><span class='ocrx_word' id='word_1_440' title='bbox 1081 2605 1286 2646; x_wconf 89' lang='lat' dir='ltr'>etimperium</span> <span class='ocrx_word' id='word_1_441' title='bbox 1306 2605 1496 2639; x_wconf 80' lang='lat' dir='ltr'>Romanum.</span> <span class='ocrx_word' id='word_1_442' title='bbox 1513 2605 1553 2636; x_wconf 87' lang='lat' dir='ltr'>ad</span> <span class='ocrx_word' id='word_1_443' title='bbox 1573 2615 1728 2637; x_wconf 84' lang='lat' dir='ltr'>summum</span> <span class='ocrx_word' id='word_1_444' title='bbox 1750 2609 1808 2639; x_wconf 86' lang='lat' dir='ltr'>sub</span> 
     </span>
     <span class='ocr_line' id='line_1_80' title="bbox 1081 2646 1809 2694; baseline 0.005 -18"><span class='ocrx_word' id='word_1_445' title='bbox 1081 2646 1249 2677; x_wconf 60' lang='lat' dir='ltr'>laetissimis</span> <span class='ocrx_word' id='word_1_446' title='bbox 1264 2647 1399 2688; x_wconf 86' lang='lat' dir='ltr'>Augusti</span> <span class='ocrx_word' id='word_1_447' title='bbox 1409 2646 1557 2694; x_wconf 88' lang='lat' dir='ltr'>auspiciis</span> <span class='ocrx_word' id='word_1_448' title='bbox 1566 2648 1713 2689; x_wconf 79' lang='lat' dir='ltr'>potentiae</span> <span class='ocrx_word' id='word_1_449' title='bbox 1722 2648 1809 2680; x_wconf 78' lang='lat' dir='ltr'>sasti-</span> 
     </span>
     <span class='ocr_line' id='line_1_81' title="bbox 1079 2688 1808 2731; baseline 0.007 -13"><span class='ocrx_word' id='word_1_450' title='bbox 1079 2688 1164 2729; x_wconf 88' lang='lat' dir='ltr'>gium</span> <span class='ocrx_word' id='word_1_451' title='bbox 1190 2694 1343 2725; x_wconf 88' lang='lat' dir='ltr'>evectum,</span> <span class='ocrx_word' id='word_1_452' title='bbox 1371 2689 1494 2720; x_wconf 82' lang='lat' dir='ltr'>virtutis</span> <span class='ocrx_word' id='word_1_453' title='bbox 1522 2689 1626 2721; x_wconf 78' lang='lat' dir='ltr'>adhuc</span> <span class='ocrx_word' id='word_1_454' title='bbox 1657 2690 1808 2731; x_wconf 80' lang='lat' dir='ltr'>neglectae</span> 
     </span>
     <span class='ocr_line' id='line_1_82' title="bbox 1079 2731 1808 2774; baseline 0.005 -14"><span class='ocrx_word' id='word_1_455' title='bbox 1079 2731 1167 2762; x_wconf 90' lang='lat' dir='ltr'>cultu</span> <span class='ocrx_word' id='word_1_456' title='bbox 1196 2737 1226 2762; x_wconf 88' lang='lat' dir='ltr'>et</span> <span class='ocrx_word' id='word_1_457' title='bbox 1249 2731 1362 2762; x_wconf 84' lang='lat' dir='ltr'>honore</span> <span class='ocrx_word' id='word_1_458' title='bbox 1387 2731 1633 2773; x_wconf 83' lang='lat' dir='ltr'>exsplendescat,</span> <span class='ocrx_word' id='word_1_459' title='bbox 1661 2733 1808 2774; x_wconf 86' lang='lat' dir='ltr'>omnique</span> 
     </span>
     <span class='ocr_line' id='line_1_83' title="bbox 1079 2773 1806 2816; baseline 0.004 -13"><span class='ocrx_word' id='word_1_460' title='bbox 1079 2783 1179 2804; x_wconf 86' lang='lat' dir='ltr'>rerum</span> <span class='ocrx_word' id='word_1_461' title='bbox 1195 2773 1285 2815; x_wconf 87' lang='lat' dir='ltr'>copia</span> <span class='ocrx_word' id='word_1_462' title='bbox 1299 2773 1455 2811; x_wconf 76' lang='lat' dir='ltr'>abundet5</span> <span class='ocrx_word' id='word_1_463' title='bbox 1478 2778 1557 2808; x_wconf 87' lang='lat' dir='ltr'>tum,</span> <span class='ocrx_word' id='word_1_464' title='bbox 1568 2782 1584 2804; x_wconf 81' lang='lat' dir='ltr'>a</span> <span class='ocrx_word' id='word_1_465' title='bbox 1601 2783 1632 2805; x_wconf 86' lang='lat' dir='ltr'>v.</span> <span class='ocrx_word' id='word_1_466' title='bbox 1648 2774 1687 2804; x_wconf 84' lang='lat'>61</span> <span class='ocrx_word' id='word_1_467' title='bbox 1706 2785 1806 2816; x_wconf 78' lang='lat' dir='ltr'>usque</span> 
     </span>
     <span class='ocr_line' id='line_1_84' title="bbox 1079 2814 1806 2857; baseline 0.006 -13"><span class='ocrx_word' id='word_1_468' title='bbox 1079 2815 1118 2846; x_wconf 89' lang='lat' dir='ltr'>ad</span> <span class='ocrx_word' id='word_1_469' title='bbox 1142 2826 1170 2846; x_wconf 89' lang='lat' dir='ltr'>v.</span> <span class='ocrx_word' id='word_1_470' title='bbox 1192 2816 1242 2852; x_wconf 81' lang='lat'>72.</span> <span class='ocrx_word' id='word_1_471' title='bbox 1260 2820 1294 2846; x_wconf 94' lang='lat' dir='ltr'>ut</span> <span class='ocrx_word' id='word_1_472' title='bbox 1309 2814 1442 2857; x_wconf 87' lang='lat' dir='ltr'>propitia</span> <span class='ocrx_word' id='word_1_473' title='bbox 1459 2814 1617 2857; x_wconf 82' lang='lat' dir='ltr'>Apollinis</span> <span class='ocrx_word' id='word_1_474' title='bbox 1639 2820 1671 2846; x_wconf 87' lang='lat' dir='ltr'>et</span> <span class='ocrx_word' id='word_1_475' title='bbox 1691 2816 1806 2848; x_wconf 82' lang='lat' dir='ltr'>Dianae</span> 
     </span>
     <span class='ocr_line' id='line_1_85' title="bbox 1079 2856 1804 2889; baseline 0.004 -3"><span class='ocrx_word' id='word_1_476' title='bbox 1079 2857 1208 2887; x_wconf 85' lang='lat' dir='ltr'>numina</span> <span class='ocrx_word' id='word_1_477' title='bbox 1224 2857 1266 2888; x_wconf 87' lang='lat' dir='ltr'>rei</span> <span class='ocrx_word' id='word_1_478' title='bbox 1278 2858 1429 2888; x_wconf 76' lang='lat' dir='ltr'>Romanae</span> <span class='ocrx_word' id='word_1_479' title='bbox 1441 2856 1621 2888; x_wconf 75' lang='lat' dir='ltr'>felicitatem</span> <span class='ocrx_word' id='word_1_480' title='bbox 1631 2867 1694 2888; x_wconf 87' lang='lat' dir='ltr'>non</span> <span class='ocrx_word' id='word_1_481' title='bbox 1703 2858 1804 2889; x_wconf 85' lang='lat' dir='ltr'>solum</span> 
     </span>
     <span class='ocr_line' id='line_1_86' title="bbox 1079 2899 1806 2941; baseline 0.004 -13"><span class='ocrx_word' id='word_1_482' title='bbox 1079 2899 1110 2929; x_wconf 91' lang='lat' dir='ltr'>in</span> <span class='ocrx_word' id='word_1_483' title='bbox 1128 2899 1298 2941; x_wconf 85' lang='lat' dir='ltr'>proximum</span> <span class='ocrx_word' id='word_1_484' title='bbox 1316 2899 1447 2930; x_wconf 86' lang='lat' dir='ltr'>lustrum</span> <span class='ocrx_word' id='word_1_485' title='bbox 1470 2905 1645 2941; x_wconf 81' lang='lat' dir='ltr'>prorogent,</span> <span class='ocrx_word' id='word_1_486' title='bbox 1662 2900 1716 2931; x_wconf 81' lang='lat' dir='ltr'>sed</span> <span class='ocrx_word' id='word_1_487' title='bbox 1736 2910 1806 2931; x_wconf 87' lang='lat' dir='ltr'>eam</span> 
     </span>
     <span class='ocr_line' id='line_1_87' title="bbox 1079 2940 1806 2983; baseline 0.003 -11"><span class='ocrx_word' id='word_1_488' title='bbox 1079 2941 1246 2973; x_wconf 87' lang='lat' dir='ltr'>auctiorem</span> <span class='ocrx_word' id='word_1_489' title='bbox 1262 2940 1340 2972; x_wconf 82' lang='lat' dir='ltr'>adeo</span> <span class='ocrx_word' id='word_1_490' title='bbox 1354 2940 1392 2972; x_wconf 89' lang='lat' dir='ltr'>ad</span> <span class='ocrx_word' id='word_1_491' title='bbox 1415 2941 1596 2983; x_wconf 83' lang='lat' dir='ltr'>longissima</span> <span class='ocrx_word' id='word_1_492' title='bbox 1610 2951 1708 2983; x_wconf 87' lang='lat' dir='ltr'>usque</span> <span class='ocrx_word' id='word_1_493' title='bbox 1730 2947 1806 2974; x_wconf 89' lang='lat' dir='ltr'>tem-</span> 
     </span>
    </p>
   </div>
  </div>
 </body>
</html>
