1904 3314
345 175 428 215 520

833 173 1357 215 EPISTOLARUM

461 275 627 316 Tibure
647 273 714 315 vel
735 273 902 323 Gabiis,
923 281 966 314 et
985 281 1125 314 tecum
1145 273 1203 314 sic
1224 279 1345 327 agat:
1380 275 1406 295 “
1420 272 1505 314 Hic
1526 279 1569 314 et

460 342 679 383 Candidus
700 348 743 381 et
763 340 870 381 talos
891 355 916 381 a
935 341 1091 380 vertice
1112 338 1291 394 pulcher
1311 339 1364 379 ad
1386 339 1506 388 imos,

404 409 431 448 5
459 407 556 448 Fiet
575 408 740 460 eritque
761 413 859 447 tuus
880 420 1144 446 nummorum
1163 404 1348 445 millibus
1370 411 1492 453 octo3

459 473 608 513 Verna
628 473 866 513 ministeriis
887 471 938 512 ad
962 479 1092 512 nutus
1114 478 1241 524 aptus
1261 470 1432 518 heriles,

460 539 682 580 Litterulis
704 538 869 579 Graecis
889 538 1092 585 imbutus,
1116 537 1294 576 idoneus
1315 536 1396 576 arti

460 605 646 646 Cuilibet
663 621 671 645 :
704 604 851 658 argilla
871 603 1037 656 quidvis
1058 602 1289 642 imitaberis
1310 601 1417 641 uda:

457 671 575 718 Quin
595 671 720 711 etiam
741 677 863 711 canet
883 668 1115 716 indoctum,
1137 669 1213 708 sed
1234 666 1358 708 dulce
1379 667 1556 708 bibenti.

378 737 430 777 10
458 735 600 777 Multa
619 736 750 777 fidem
770 735 978 789 promissa
997 733 1151 782 levant,
1173 734 1248 773 ubi
1267 732 1434 786 plenius
1454 747 1578 787 aequo

460 802 631 842 Laudat
652 801 836 849 venales,
857 801 931 853 qui
950 799 1039 840 vult
1059 799 1305 847 extrudere,
1326 812 1503 839 merces.

458 867 549 908 Res
571 874 695 921 urget
718 881 781 907 me
803 865 942 906 nulla:
974 879 1067 905 meo
1088 879 1180 904 sum
1199 879 1361 918 pauper
1381 865 1422 904 in
1443 878 1540 904 aere.

457 932 598 973 Nemo
619 933 701 973 hoc
721 946 976 985 mangonum
996 930 1155 970 faceret
1176 930 1278 979 tibi;
1309 945 1394 970 non
1415 937 1570 970 temere
1591 945 1616 970 a
1636 943 1701 969 me

459 998 610 1044 Quivis
631 997 764 1038 ferret
784 998 916 1037 idem:
951 994 1078 1036 semel
1097 995 1167 1035 hic
1189 996 1384 1043 cessavit,
1405 1002 1461 1044 et,
1483 1001 1531 1035 ut
1552 994 1616 1044 fit,

377 1064 428 1103 15
458 1063 508 1103 In
530 1063 651 1104 scalis
672 1062 795 1102 latuit
815 1068 1008 1101 metuens
1030 1060 1255 1113 pendentis
1276 1059 1470 1100 habenae.

457 1129 549 1169 Des
570 1142 778 1175 nummos,
800 1133 982 1179 excepta
1003 1124 1104 1166 nihil
1128 1132 1169 1164 te
1191 1125 1226 1164 si
1246 1124 1349 1178 fuga
1367 1124 1497 1166 laedit.

457 1193 534 1235 Ille
554 1193 663 1234 ferat
682 1192 866 1246 pretium
886 1206 1027 1245 poenae
1049 1204 1240 1239 securus,
1263 1191 1429 1244 opinor.

458 1260 656 1301 Prudens
677 1259 815 1300 emisti
835 1258 1053 1298 vitiosum:
1088 1257 1202 1297 dicta
1223 1257 1299 1298 tibi
1319 1263 1385 1297 est
1404 1255 1497 1298 lex:

344 1405 461 1437 tatione
490 1405 640 1447 nullaque
666 1405 907 1445 largissimorum
934 1402 1075 1445 praemio-

344 1458 411 1478 rum
455 1447 637 1478 romissione
659 1448 698 1477 ad
722 1457 801 1478 nova
814 1446 936 1476 virtutis
954 1445 1075 1476 bellicae

344 1489 423 1521 eden
449 1500 474 1520 ae
490 1489 662 1530 specimina
676 1499 709 1519 se
723 1487 838 1518 adduci
854 1497 962 1528 passus
975 1492 1032 1516 est..

390 1533 420 1562 l.
444 1531 551 1562 Flore:
575 1530 614 1561 ad
636 1530 767 1561 eundem
790 1530 911 1561 Julium
936 1528 1072 1562 Florum,

345 1573 400 1614 qui
422 1578 487 1603 tum
511 1572 543 1602 in
560 1572 677 1603 Tiberii
699 1571 836 1602 Neronis
858 1572 983 1601 cohorte
1006 1579 1073 1610 per-

345 1625 415 1655 egre
431 1615 546 1647 aberat.
558 1614 673 1655 scripta
688 1619 733 1643 est
747 1613 817 1643 libri
832 1612 922 1654 primi
935 1611 1074 1653 Epistola

345 1656 446 1690 tertia,
471 1656 601 1687 eandem
629 1665 723 1696 quam
753 1655 820 1685 haec
853 1653 973 1684 Horatii
1001 1663 1073 1682 cum

345 1698 436 1728 Floro
452 1697 692 1728 familiar-itatem
709 1696 838 1738 spirans.

387 1741 417 1770 3.
443 1740 549 1770 Tecum
571 1741 613 1769 sic
634 1745 716 1780 agat,
733 1738 789 1768 tibi
805 1747 929 1768 vernam
945 1736 993 1766 his
1008 1745 1073 1766 ver-

343 1781 392 1811 bis
421 1787 453 1812 et
484 1781 542 1812 hac
571 1780 839 1812 commendatione
874 1778 1075 1809 mercandum

341 1823 460 1854 offerat.

387 1867 417 1895 4.
442 1866 609 1901 Candidus,
637 1875 699 1894 non
724 1863 762 1894 ad
786 1863 938 1896 animum,
961 1861 1014 1892 sed
1037 1862 1076 1892 ad

344 1906 514 1938 candidum
537 1906 671 1946 corporis
701 1905 833 1936 colorem
858 1903 1073 1934 referendum:

345 1959 412 1984 nos,
428 1950 476 1979 ein
491 1949 645 1982 hiibscher,
663 1949 782 1979 schiiner
797 1947 883 1977 Kerl.

388 1992 421 2021 5.
446 1991 514 2020 Fiet
531 1992 644 2030 eritque
662 1996 742 2024 tuus,
755 1998 860 2019 servus
882 1993 953 2018 tuus
975 1987 1075 2017 mani-

345 2033 405 2063 bus
422 2031 484 2062 tuis
498 2031 653 2062 tradetur:
679 2031 752 2061 audi
768 2029 928 2060 formulam
948 2039 1075 2068 mango-

347 2074 406 2109 nis,
422 2073 610 2104 simillimam
627 2073 655 2103 ei
670 2083 730 2112 qua
745 2072 827 2113 apud
850 2081 905 2101 nos
925 2077 1075 2101 mercato-

346 2126 394 2147 res
415 2120 555 2151 utuntur,
575 2115 764 2144 Ftir-sottst
784 2116 825 2143 du
851 2125 878 2143 es
901 2114 1005 2149 haben,
1023 2114 1077 2142 solt

346 2168 373 2188 es
387 2159 456 2188 dein
470 2167 551 2196 seyn.

388 2200 419 2230 6.
446 2199 543 2229 Verna
557 2199 730 2228 ministeriis
751 2199 790 2227 ad
814 2203 906 2226 nutus
921 2202 1007 2234 aptus
1023 2197 1072 2225 he-

344 2242 435 2271 riles:
469 2240 549 2271 teser
574 2246 660 2278 aprus
689 2240 728 2269 ad
753 2239 947 2274 ministeriis,·
984 2242 1074 2278 aptus

345 2281 526 2314 ministeriis
539 2282 578 2312 ad
594 2281 658 2312 heri
673 2286 783 2311 nutum
799 2279 960 2310 obeundis.

387 2326 418 2355 7.
441 2324 603 2354 Litterutis
627 2324 740 2354 Graecis
762 2323 910 2352 imbutus.-
936 2319 1071 2351 diminu-

343 2367 406 2397 tivo
421 2367 564 2396 litterulis
581 2364 727 2406 expressit
745 2363 828 2405 quod
851 2363 883 2393 in
908 2363 1072 2393 vernacula

342 2419 430 2443 voce,
454 2415 552 2444 etwas,
578 2406 801 2448 exprimimus;
833 2405 958 2436 versteht
985 2412 1073 2435 etwas

339 2451 518 2493 griechisch-

385 2493 416 2523 8.
439 2493 560 2533 Argiua
575 2492 689 2532 quidvis
700 2490 863 2525 imitaberis
872 2491 954 2519 uda:
973 2498 1010 2518 ex
1022 2498 1070 2522 eo,

341 2539 489 2575 tanquam
506 2544 544 2564 ex
560 2533 682 2573 argilla.
701 2531 911 2573 quodcunque
930 2529 984 2560 tibi
1004 2530 1069 2570 pla-

339 2577 439 2607 cuerit
465 2575 603 2616 effinges.
657 2575 860 2615 Comparatur
892 2581 969 2613 puer
997 2581 1070 2602 cum

339 2620 466 2659 argilla,
489 2627 527 2648 ex
549 2626 612 2658 qua
634 2616 749 2656 figulus
774 2625 829 2656 pro
856 2614 957 2644 lubitu
982 2612 1071 2653 fingit

338 2660 512 2691 vasculum.
557 2658 672 2689 Omisit
687 2656 836 2688 Horatius
859 2655 910 2686 hic
932 2665 1069 2696 quoque,

342 2708 376 2733 ut
391 2712 472 2743 saepe
488 2700 564 2732 alibi
581 2700 661 2741 (vid.
671 2709 740 2746 sup.
756 2698 795 2728 ad
807 2697 906 2738 Epist.
920 2697 941 2733 i,
953 2699 985 2731 2,
997 2698 1068 2735 42),

338 2743 520 2786 particulam
549 2740 800 2784 comparationis,
824 2741 931 2774 veluti,
954 2741 1066 2776 sicuti;

337 2788 382 2817 sic
395 2796 413 2816 a
435 2785 477 2816 ud
494 2795 550 2815 nos
564 2784 596 2814 in
607 2783 774 2814 vernacula
785 2780 1069 2823 comparationibus

338 2827 518 2870 simpiciter
533 2825 639 2869 positis
655 2825 732 2856 nihil
748 2823 948 2864 frequentius.

378 2872 409 2900 9.
438 2871 532 2900 Canet
561 2870 723 2901 indoctum,
750 2868 798 2896 sed
827 2867 914 2895 dulce
943 2866 1062 2899 bibenti,

337 2922 399 2944 non
419 2910 543 2954 quidem
570 2916 604 2942 ut
622 2914 741 2941 canunt
760 2907 833 2939 artis
855 2907 987 2938 canendi
1009 2917 1061 2948 pe-

1117 1403 1179 1436 riti,
1199 1402 1241 1433 ita
1258 1407 1360 1432 tamen
1384 1408 1419 1432 ut
1440 1412 1512 1433 cum
1528 1402 1684 1444 voluptate
1705 1413 1776 1433 eum
1791 1413 1844 1434 ca-

1118 1449 1240 1475 nentem
1269 1444 1395 1474 audiant
1426 1449 1628 1491 compotores.
1687 1445 1770 1475 Nam
1805 1446 1846 1475 ad

1118 1485 1381 1526 compotationum
1416 1485 1603 1516 hilaritatem
1641 1485 1784 1516 alendam
1814 1492 1847 1518 et

1117 1526 1351 1557 sustentandam
1367 1526 1540 1568 pertinebat
1552 1526 1644 1558 etiam
1660 1533 1783 1558 cantus.

1165 1570 1213 1598 12.
1240 1569 1297 1599 Res
1314 1575 1402 1610 urget
1420 1580 1465 1599 me
1483 1569 1583 1603 nulla,
1596 1573 1670 1599 cett.
1686 1579 1749 1600 non
1763 1569 1844 1600 diffi-

1118 1610 1231 1645 cultas,
1262 1620 1324 1640 non
1360 1620 1402 1641 aes
1430 1611 1567 1641 alienum
1603 1619 1653 1641 me
1686 1611 1771 1652 cogit
1805 1612 1845 1642 ad

1116 1662 1234 1682 merces
1261 1652 1485 1690 extrudendas3
1516 1662 1576 1682 nou
1605 1651 1730 1692 quidem
1757 1653 1845 1684 dives

1117 1704 1196 1729 sum,
1211 1694 1277 1729 sed,
1294 1694 1377 1735 quod
1393 1704 1495 1724 meum
1511 1699 1570 1729 est,
1585 1693 1697 1725 habeo.

1163 1736 1214 1770 13,
1233 1737 1281 1766 14.
1306 1736 1372 1766 Non
1397 1742 1502 1766 temere
1521 1747 1540 1765 a
1561 1746 1607 1766 me
1626 1735 1731 1770 Quivis
1740 1735 1847 1777 ferret

1118 1779 1213 1807 idem.-
1236 1777 1330 1818 plane
1345 1777 1384 1808 ad
1406 1777 1569 1807 formulam
1585 1787 1677 1818 quam
1693 1787 1775 1819 saepe
1789 1787 1840 1809 au·

1118 1819 1222 1850 dimus
1250 1819 1282 1849 in
1313 1819 1472 1855 nundinis,
1496 1819 1561 1849 Das
1588 1820 1660 1850 thus
1686 1821 1735 1850 ich
1763 1821 1846 1851 nieht

1121 1862 1207 1891 leicht
1229 1863 1321 1892 ciuem
1343 1863 1471 1895 andern.
1490 1863 1559 1891 uber
1579 1862 1645 1892 weil
1666 1863 1708 1892 du
1730 1872 1759 1892 es
1780 1864 1847 1894 bist.

1122 1904 1262 1938 Cessavit,
1277 1903 1320 1933 rei
1334 1903 1492 1934 elevandae
1507 1912 1604 1934 causa
1622 1912 1688 1944 pro,
1704 1903 1845 1944 aufugit;

1118 1955 1229 1975 cessure
1242 1944 1324 1975 enim
1340 1944 1465 1979 dicitur,
1477 1944 1543 1985 qui,
1555 1954 1616 1976 non
1633 1944 1750 1976 faciens
1761 1947 1845 1986 quod

1118 1986 1218 2017 facere
1240 1987 1343 2022 debet,
1363 1986 1559 2027 negligentiae
1577 1992 1698 2017 tantum
1719 1987 1845 2029 culpam

1117 2028 1174 2058 sibi
1192 2028 1366 2060 contrahit:
1390 2028 1432 2059 cf.
1447 2028 1548 2069 Epist.
1563 2029 1603 2059 ad
1619 2028 1687 2060 Pis.
1702 2028 1777 2060 357.

1164 2072 1214 2101 15.
1243 2071 1280 2101 In
1306 2072 1391 2101 scalis
1418 2072 1508 2100 latuit
1536 2077 1666 2101 metuens
1692 2072 1847 2110 pendentis

1119 2114 1254 2143 habenae:
1278 2113 1351 2143 Vet.
1367 2112 1472 2143 Schol.
1489 2117 1520 2143 et
1540 2112 1645 2154 plures
1664 2111 1845 2154 interpretes

1112 2154 1264 2194 jungunt,
1279 2161 1411 2185 metuens
1424 2155 1542 2184 habena:
1556 2156 1711 2193 pendentis
1727 2155 1761 2184 in
1777 2165 1843 2186 sca-

1117 2197 1154 2225 lis
1179 2198 1291 2226 tatuit:
1323 2196 1364 2226 cf.
1386 2196 1532 2226 celeberr.
1555 2196 1683 2227 Jacobs.
1708 2195 1749 2227 ad
1774 2197 1843 2227 An-

1116 2237 1194 2267 thol.
1213 2238 1316 2268 Graec.
1331 2239 1371 2268 T.
1391 2236 1425 2272 ii,
1445 2248 1479 2278 p.
1499 2237 1544 2272 iii,
1568 2247 1606 2278 p.
1625 2238 1698 2268 172.
1743 2238 1843 2279 Equi-

1116 2279 1186 2309 dem
1212 2279 1329 2314 malim,
1353 2285 1484 2309 metuens
1509 2280 1663 2317 pendentis
1687 2278 1737 2320 (in
1763 2290 1843 2321 quo-

1116 2331 1239 2360 cunque
1264 2321 1388 2351 demum
1414 2319 1501 2359 loco)
1527 2321 1645 2352 habene
1671 2321 1764 2351 latuit
1791 2322 1844 2362 (se

1116 2362 1302 2401 occultavit)
1326 2364 1358 2392 in
1382 2361 1475 2403 (sub)
1497 2362 1603 2399 smilis,-
1633 2361 1844 2394 tenebricosus

1115 2403 1199 2435 enim
1215 2405 1274 2434 sub
1288 2404 1381 2434 scalis
1397 2403 1484 2434 locus
1499 2409 1691 2445 opportunus
1711 2409 1756 2435 est
1777 2414 1844 2436 sese

1116 2445 1329 2476 occultaturis.
1363 2445 1521 2476 Gesnerus
1534 2445 1567 2476 in
1583 2445 1663 2476 hanc
1677 2455 1741 2476 rem
1755 2446 1844 2478 effert

1114 2487 1217 2518 locum
1243 2486 1404 2518 Ciceronis
1427 2497 1466 2517 ex
1488 2487 1576 2519 Orat.
1597 2498 1630 2529 p.
1653 2487 1727 2519 Mil.
1749 2498 1779 2519 c.
1803 2490 1842 2519 15

1113 2529 1152 2560 de
1175 2529 1298 2564 Clodio,
1321 2529 1374 2569 qui
1387 2529 1518 2570 fugiens
1538 2531 1571 2560 in
1591 2530 1742 2560 scalarum
1761 2536 1841 2561 tene-

1113 2573 1179 2602 bras
1208 2582 1236 2602 se
1263 2572 1391 2602 abdidit.
1442 2571 1583 2606 Hubenae,
1609 2570 1747 2607 scutica,
1773 2572 1842 2603 lori.

1114 2613 1208 2644 Ovid.
1227 2613 1354 2644 Heroid.
1374 2612 1417 2650 ix,
1436 2613 1489 2647 81,
1511 2615 1628 2644 scutica
1649 2614 1841 2655 tremefactus

1112 2657 1242 2686 habenis.

1158 2698 1271 2733 17,18.
1292 2695 1444 2736 Illeserat
1453 2697 1679 2736 pretiummett.
1706 2697 1778 2728 Jam
1790 2708 1838 2729 se-

1111 2739 1216 2779 quitur
1229 2737 1374 2780 apodosis
1388 2749 1396 2774 ;
1419 2737 1516 2768 oratio
1527 2737 1610 2769 enim
1625 2738 1760 2770 cohaeret
1772 2739 1816 2770 sic
1829 2751 1836 2770 :

1111 2781 1143 2811 Si
1166 2781 1235 2822 quis
1258 2780 1314 2811 tibi
1335 2778 1450 2810 vendat
1470 2789 1612 2820 puerum.
1627 2785 1669 2815 et.
1685 2779 1709 2810 si
1725 2790 1790 2822 qua
1809 2781 1839 2812 ei

1108 2823 1268 2854 adhaerent
1290 2821 1378 2857 vitia,
1401 2831 1439 2852 ea
1461 2827 1490 2852 te
1515 2820 1600 2852 haud
1620 2821 1721 2859 celet;
1747 2823 1837 2864 equi-

1106 2865 1190 2900 dem,
1207 2870 1236 2896 te
1251 2863 1280 2896 ei
1301 2863 1340 2895 de
1361 2862 1504 2895 emtionis
1526 2862 1624 2905 pretio
1644 2863 1729 2894 haud
1751 2863 1836 2895 litem

1105 2906 1263 2939 intendere
1286 2915 1386 2947 posse,
1409 2904 1561 2944 existimo,
1586 2914 1657 2937 nam
1681 2910 1714 2936 tu
1736 2905 1837 2938 sciens
