1904 3314
331 172 414 212 372

868 170 1298 215 SATIRARUM

444 270 623 312 Grande
643 271 785 312 ferunt
805 285 888 312 una
908 285 1004 312 cum
1023 271 1176 312 damno
1198 270 1401 312 dedecus.

1462 270 1592 315 Adde

442 336 603 379 Iratum
622 345 835 392 patruum,
857 338 1030 388 vicinos,
1053 344 1094 378 te
1115 338 1194 378 tibi
1213 338 1416 390 iniquum,

442 403 504 445 Et
524 405 682 446 frustra
700 405 846 446 mortis
867 404 1084 458 cupidum,
1107 418 1202 445 cum
1222 404 1357 444 deerit
1378 405 1522 458 egenti

442 469 522 520 As,
542 470 684 525 laquei
704 471 902 526 pretium.
961 470 1083 518 Jure,
1106 471 1256 523 inquit,
1278 470 1490 511 Trausius
1514 471 1608 512 istis

333 535 413 576 100
441 535 472 577 J
476 544 650 591 urgatur
670 538 834 578 verbis:
866 551 947 591 ego
968 536 1190 591 vectigalia
1211 551 1363 591 magna

443 602 714 657 Divitiasque
734 603 873 644 habeo
895 603 1031 644 tribus
1053 602 1212 656 amplas
1234 604 1422 657 regibus.

1485 603 1621 658 Ergo,

446 669 580 716 Quod
601 675 791 723 superat,
814 684 899 710 non
919 675 998 719 est,
1019 668 1168 710 melius
1192 684 1277 722 quo
1298 670 1508 710 insumere
1528 670 1700 724 possis?

445 735 535 776 Cur
554 741 652 790 eget
671 735 872 789 indignus
894 735 1118 789 quisquam
1140 741 1181 775 te
1203 735 1364 792 divite?
1396 751 1528 790 quare

443 800 626 855 Templa
645 809 776 842 ruunt
796 802 970 855 antiqua
991 801 1164 842 Deum?
1197 816 1286 851 cur,
1308 802 1515 856 improbe,
1537 817 1648 844 carae

336 867 414 908 105
447 867 551 909 Non
571 867 730 922 aliquid
752 869 900 922 patriae
921 875 1040 908 tanto
1061 868 1244 909 emetiris
1265 871 1448 910 acervo?

446 933 535 974 Uni
554 935 748 974 nimirum
769 935 847 975 tibi
867 941 982 975 recte
1006 949 1171 987 semper
1192 941 1316 974 erunt
1336 949 1405 975 res
1423 937 1432 975 Σ

445 1000 487 1040 O
509 1015 685 1054 magnus
706 1000 886 1054 posthac
907 1000 1082 1040 inimicis
1104 1000 1213 1040 risus
1231 1002 1240 1041 l

1302 1000 1468 1041 Uterne

443 1065 516 1107 Ad
539 1081 662 1107 casus
683 1067 836 1107 dubios
857 1067 963 1108 fidet
985 1067 1066 1107 sibi
1086 1067 1274 1107 certius?
1303 1066 1387 1116 hie,
1409 1067 1484 1120 qui

444 1131 646 1173 Pluribus
667 1134 849 1174 assuerit
869 1140 1051 1174 mentem
1073 1147 1314 1186 corpusque
1336 1134 1597 1187 superbum?

336 1199 415 1239 110
446 1197 518 1239 An
539 1200 625 1252 qui,
648 1206 873 1240 contentus
894 1214 1027 1254 parvo
1048 1206 1326 1253 metuensque
1347 1199 1495 1249 futuri,

444 1265 494 1306 In
513 1280 633 1319 pace,
655 1273 702 1306 ut
724 1266 907 1320 sapiens,
929 1266 1084 1319 aptarit
1105 1265 1259 1305 idonea
1279 1264 1424 1305 bello?

444 1332 544 1378 Quo
563 1332 696 1386 magis
717 1331 784 1372 his
806 1332 970 1380 credas,
991 1345 1100 1385 puer
1119 1331 1234 1371 hunc
1255 1345 1335 1385 ego
1357 1346 1513 1384 parvus
1535 1330 1724 1373 Ofellum

332 1451 420 1489 dicit,
443 1452 496 1483 sed
514 1452 591 1484 ridet
611 1458 733 1484 aetatem
754 1452 880 1483 stultam
903 1452 1063 1482 hominum

330 1495 494 1526 rancidum
510 1505 619 1537 aprum
638 1506 698 1536 prae
719 1500 841 1525 recente
858 1494 1063 1524 laudantium.

334 1536 436 1567 Tellus
449 1539 558 1576 prima,
572 1536 790 1578 antiquissima
802 1549 807 1566 :
835 1546 902 1577 sup.
917 1537 982 1566 Sat.
998 1536 1020 1571 i,
1031 1537 1063 1571 3.

331 1578 384 1614 99,
403 1579 477 1609 Cum
490 1585 701 1618 prorepserunt
713 1581 820 1618 primis
838 1579 982 1608 animalia
1003 1584 1063 1608 ler-

331 1621 385 1654 ris.
401 1621 455 1651 ubi
470 1621 510 1651 cs.
525 1626 590 1651 not.

375 1663 428 1692 64.
446 1663 518 1696 Qnae
530 1663 787 1702 carminegratior
799 1673 902 1692 aurem
915 1661 1061 1699 Occupet:

333 1703 439 1734 Schol.
456 1704 586 1745 Porph.,
603 1703 666 1734 Hoc
682 1704 869 1734 Antisthenes
883 1704 988 1733 dixisse
999 1709 1062 1732 tra-

331 1747 429 1776 ditur.
474 1746 505 1776 Is
522 1748 611 1780 enim,
630 1757 698 1775 cum
717 1747 835 1775 vidisset
854 1747 1063 1775 adolescentem

333 1788 519 1818 luxuriosum
540 1788 757 1819 acroamatibus
772 1787 968 1828 (hominibus
986 1797 1061 1817 con-

331 1828 418 1859 vivas
441 1829 521 1860 inter
541 1839 664 1860 coenam
687 1835 782 1860 cantu
804 1829 960 1870 dictisque
974 1828 1060 1859 exhi-

332 1870 522 1909 larantibus)
538 1873 684 1907 deditum,
700 1873 756 1906 ait,
778 1873 915 1902 miserum
937 1878 975 1908 te,
993 1873 1062 1901 arlo-

333 1913 450 1950 lescms,
466 1917 516 1953 qui
531 1925 683 1953 nunquam
694 1915 806 1943 audisti
821 1924 965 1943 summum
981 1924 1062 1943 acro-

332 1965 410 1990 ama,
433 1956 551 1985 laudem
579 1962 671 1985 tuam.
718 1956 790 1985 Huc
817 1955 948 1995 pertinet
975 1954 1063 1986 locus

334 1995 494 2027 Ciceronis
520 2007 536 2026 a
565 1996 718 2027 Lambino
743 1997 857 2027 allatus
882 2008 937 2038 pro
966 1997 1064 2028 Arch.

332 2048 361 2068 c.
386 2039 418 2074 9,
447 2039 663 2069 Themistoclem
686 2040 791 2069 dixisse
815 2041 915 2075 aiunt,
941 2051 1006 2069 cnm
1031 2051 1065 2070 ex

332 2090 364 2110 eo
393 2087 587 2120 qnaereretur,
616 2082 692 2120 qnod
721 2091 870 2115 acroama,
898 2088 951 2111 am
978 2084 1065 2120 cnjus

331 2132 427 2152 vocem
446 2123 634 2152 libentissime
648 2125 791 2158 amliret‚·
814 2125 888 2162 ejus,
904 2134 922 2152 a
937 2135 993 2162 quo
1007 2135 1062 2154 sua

333 2165 430 2194 virtus
444 2166 550 2202 optime
563 2166 789 2203 praedicaretur.

373 2206 428 2236 95.
453 2206 597 2236 Rhombi.-
621 2205 682 2236 vid.
698 2216 767 2246 sup.
782 2206 820 2235 ad
840 2205 940 2246 Epod.
959 2207 990 2240 2,
1009 2207 1061 2237 50.

375 2248 428 2279 96.
453 2248 528 2278 cum
544 2250 661 2283 damno,
677 2258 748 2278 cum
762 2247 803 2278 rei
817 2247 978 2278 familiaris
989 2248 1059 2288 jac-

331 2293 411 2319 tura.

375 2331 427 2362 97.
450 2331 570 2362 Iratum
596 2337 740 2370 patruum
755 2343 763 2360 :
796 2337 913 2370 patruae
943 2332 1062 2361 verbera

332 2373 456 2414 linguae,
479 2379 514 2404 ut
535 2373 684 2404 Horatius
701 2383 771 2415 sup.
795 2373 858 2404 Od.
882 2373 928 2408 iii,
954 2374 1004 2409 12,
1028 2374 1060 2408 3,

331 2415 370 2445 de
395 2420 516 2456 patruo,
537 2421 573 2446 ut
594 2425 699 2445 severo
722 2425 841 2445 morum
864 2414 1061 2455 castigatore,

331 2456 490 2498 loquitur;
511 2457 564 2488 ubi
580 2457 620 2488 cf.
636 2462 701 2487 not.
740 2457 780 2488 Te
795 2458 850 2487 tibi
864 2459 1013 2497 iniquum,
1030 2462 1060 2488 te

331 2498 386 2529 tibi
403 2498 462 2541 ipsi
476 2499 670 2530 irascentem.

373 2542 426 2573 99.
450 2543 501 2576 As,
531 2542 628 2582 laquei
652 2542 803 2580 prelium5
833 2539 872 2571 ad
894 2542 1059 2572 emendum

330 2582 411 2613 enim
429 2583 587 2624 laqueum,
604 2593 667 2624 quo
682 2583 756 2623 gula
774 2582 943 2622 frangatur,
964 2584 1010 2614 vel
1027 2593 1061 2614 as

330 2625 455 2656 suffieit.
490 2626 681 2666 Comparant
692 2625 831 2666 apposite
843 2624 948 2656 Plaut.
962 2627 1058 2656 Pseu-

329 2666 392 2698 dol.
409 2667 430 2703 i,
447 2669 475 2702 l,
489 2668 547 2697 86:
576 2668 626 2697 Ps.
649 2668 704 2697 Sed
720 2669 791 2707 quid
807 2668 843 2697 de
855 2668 1058 2708 drachmafa-

328 2719 393 2739 cere
418 2710 480 2740 vis?
526 2709 580 2740 Cn.
610 2709 724 2739 Res-tim
754 2709 834 2739 Mihi
860 2720 962 2740 emere.
1008 2711 1059 2742 Ps.

333 2750 428 2785 Quum
445 2752 478 2782 ob
492 2752 576 2781 rem?
621 2752 675 2781 Ca.
701 2751 761 2785 Qui
777 2750 946 2791 mefaciam
961 2755 1058 2791 pensi-

329 2794 397 2824 lem.
443 2793 557 2834 Inquit,
578 2803 619 2823 sc.
642 2792 766 2834 aliquiS.
811 2793 975 2824 Heindorf.
991 2804 1055 2825 rna-

328 2834 376 2871 lit,
393 2837 509 2876 inquis:
530 2834 594 2865 vid.
609 2835 648 2866 de
664 2834 825 2876 utriusque
841 2835 982 2866 lectionis
997 2846 1054 2867 usu

329 2877 435 2908 Bentl.
455 2887 524 2919 sup.
541 2877 580 2908 ad
605 2878 670 2907 Sat.
693 2876 713 2914 i,
741 2878 771 2912 4,
796 2878 849 2907 79.
891 2878 1004 2908 Sensus
1023 2883 1054 2908 et

326 2929 442 2952 nexus:
467 2919 533 2951 haec
555 2919 594 2950 ad
613 2929 660 2950 me
679 2918 924 2960 nonpertinent,
951 2919 1052 2961 inquit

1107 1450 1220 1492 aliquis
1230 1451 1326 1485 dives,
1337 1452 1391 1492 qui
1404 1451 1559 1484 luxuriose
1569 1452 1660 1484 vivit:
1684 1453 1836 1485 Transius

1106 1492 1174 1523 istis
1191 1494 1291 1523 verbis
1306 1493 1375 1534 jure
1397 1493 1588 1534 objurgatur,
1610 1504 1673 1536 quo
1692 1505 1749 1536 ego
1766 1506 1834 1527 sum

1107 1534 1199 1575 longe
1219 1534 1331 1572 ditior;
1360 1545 1431 1565 nam
1454 1545 1512 1576 ego
1533 1538 1692 1578 vectigalia
1713 1549 1834 1580 magna,

1108 1576 1138 1605 h.
1154 1587 1183 1606 e.
1202 1587 1330 1617 magnos
1346 1577 1474 1612 reditus.
1489 1584 1562 1610 cett.
1573 1585 1610 1609 ut
1623 1589 1693 1626 sup.
1711 1579 1773 1610 Od.
1788 1581 1834 1615 iii.

1110 1620 1160 1653 16,
1178 1620 1230 1654 40,
1244 1630 1337 1657 parva
1348 1621 1519 1659 vectigalia,
1534 1621 1573 1652 de
1588 1620 1717 1652 modicis
1730 1622 1835 1653 rediti-

1107 1661 1187 1698 bus;
1211 1660 1264 1691 ubi
1281 1660 1341 1691 vid.
1357 1666 1476 1691 notata.

1153 1703 1223 1734 102.
1247 1704 1386 1742 Superat,
1412 1713 1467 1744 pro
1489 1709 1653 1745 super-esu
1683 1715 1745 1736 non
1768 1715 1836 1737 raro

1105 1743 1188 1774 enim
1217 1755 1356 1784 superare
1384 1755 1438 1786 pro
1467 1755 1639 1787 superesse.
1684 1747 1754 1778 Non
1781 1755 1834 1784 est,

1106 1796 1168 1833 non
1206 1786 1324 1818 habes?
1383 1787 1506 1824 Melius,
1537 1787 1730 1829 prudentius,
1767 1800 1836 1821 rec-

1106 1833 1180 1858 tius.
1715 1860 1723 1866 ‚

1152 1871 1223 1901 103.
1260 1871 1429 1912 Indignus:
1471 1871 1592 1913 supple,
1629 1871 1685 1912 qui
1722 1881 1834 1914 egeam

1106 1912 1198 1943 homo
1212 1913 1266 1954 qui
1280 1923 1342 1943 uon
1358 1913 1492 1944 debebat
1503 1918 1640 1954 egestate
1676 1915 1762 1944 remi.

1151 1956 1221 1985 104.
1247 1955 1364 1994 Templa
1380 1958 1517 1996 antiqua,
1532 1966 1599 1997 sup.
1616 1955 1645 1986 O
1669 1978 1678 1988 .
1692 1955 1736 1994 iii,
1751 1957 1783 1994 6,
1801 1958 1833 1994 3,

1107 2003 1256 2027 vocantur
1269 1999 1343 2028 cedes
1359 1998 1486 2028 labentes
1504 1998 1648 2028 Deorum.

1155 2039 1224 2069 105.
1250 2039 1318 2070 Non
1333 2040 1462 2079 aliquid,
1482 2045 1554 2071 cett.
1597 2040 1686 2070 Tune
1698 2050 1716 2071 a
1732 2046 1762 2072 te
1775 2041 1833 2072 im-

1107 2086 1227 2121 petrare
1256 2091 1318 2111 non
1348 2088 1446 2122 potes,
1471 2087 1505 2112 ut
1527 2091 1566 2112 ex
1595 2082 1691 2112 tantis
1719 2082 1835 2114 divitiis

1104 2122 1244 2153 conferas
1260 2123 1379 2164 aliquid
1398 2123 1430 2154 in
1452 2123 1615 2165 publicum
1630 2133 1710 2155 carae
1726 2126 1833 2166 patriae

1103 2164 1324 2195 commodum!
1356 2165 1498 2196 Suaviter
1512 2165 1609 2201 dives,
1621 2166 1711 2207 quasi
1723 2167 1835 2199 modiis

1104 2206 1249 2236 metiatur
1262 2207 1438 2247 pecuniam,
1453 2212 1698 2249 repraesentatur.

1148 2248 1220 2278 106.
1244 2247 1410 2283 Nimirum,
1432 2255 1467 2279 ut
1482 2250 1605 2283 scilicet,
1630 2251 1778 2286 videlicet,
1803 2257 1834 2283 et

1105 2299 1136 2319 v.
1164 2290 1217 2325 90,
1243 2291 1339 2324 credo,
1364 2290 1491 2321 inservit
1514 2289 1656 2328 irrisioni,
1683 2292 1738 2322 ubi
1764 2293 1834 2334 ejus

1105 2331 1189 2371 quod
1203 2331 1371 2362 affirmatur
1384 2333 1571 2363 contrarium
1593 2332 1831 2374 intelligendum

1105 2378 1162 2404 est.
1207 2373 1273 2404 Tibi
1284 2380 1361 2404 recte
1375 2385 1484 2414 semper
1497 2381 1588 2406 erunt
1601 2375 1668 2406 res!
1689 2385 1737 2407 res
1751 2386 1832 2407 sem-

1106 2425 1160 2456 per
1174 2415 1230 2446 tibi
1247 2415 1342 2446 salvae
1354 2424 1455 2453 erunt,
1472 2426 1534 2448 non
1547 2416 1690 2448 mutabili
1702 2418 1832 2450 ἴοι-[ηοω

1103 2457 1246 2488 obnoxiae
1263 2463 1353 2488 erunt
1367 2457 1373 2487 !

1149 2500 1220 2530 107.
1245 2500 1384 2536 Posthac,
1402 2500 1428 2530 si
1440 2504 1584 2541 expertus
1594 2499 1689 2532 fueris
1702 2501 1832 2533 fortunae

1102 2540 1354 2572 inconstantiam.
1400 2543 1534 2583 Magum
1562 2543 1650 2578 risus.
1680 2553 1736 2585 pro
1763 2545 1831 2574 vul-

1103 2584 1181 2623 gari,
1210 2593 1322 2624 magno
1345 2583 1419 2615 risui
1440 2583 1510 2614 eris.
1555 2583 1703 2616 Similiter
1717 2585 1832 2628 aliquis

1102 2627 1192 2656 ludus
1198 2628 1342 2666 jocusque
1356 2636 1424 2657 esse
1437 2625 1561 2656 dicitur.

1148 2669 1218 2699 109.
1242 2668 1399 2703 Pluribus,
1414 2677 1515 2711 rerum
1530 2667 1742 2700 abundantiae.
1772 2669 1831 2700 Su·

1099 2712 1232 2749 pei-bum,
1255 2709 1458 2748 fastidiosum,
1487 2715 1523 2740 ut
1550 2709 1607 2740 inf.
1637 2711 1669 2746 6,
1685 2711 1739 2750 86,
1761 2713 1831 2742 dens

1089 2752 1282 2792 fastidiosus.

1146 2795 1216 2831 110,
1236 2795 1305 2824 111.
1330 2795 1375 2824 Au
1391 2794 1460 2834 qui:
1483 2803 1522 2824 an
1545 2793 1582 2828 is,
1606 2793 1660 2835 qui
1683 2794 1715 2824 iu
1738 2794 1831 2826 rebus

1099 2836 1245 2867 secundis
1268 2835 1434 2877 prudenter
1448 2835 1520 2866 vitae
1543 2835 1652 2877 paucis
1673 2842 1828 2867 contentae

1099 2878 1303 2913 assuefactus,
1333 2883 1368 2908 ut
1394 2876 1529 2918 sapiens,
1553 2875 1591 2907 ad
1614 2887 1661 2908 res
1683 2878 1830 2909 adversas

1097 2920 1290 2961 perferendas
1301 2930 1332 2950 se
1342 2918 1576 2961 praeparaverit?
1600 2920 1742 2952 Suaviter
1751 2930 1828 2961 pau-
