1904 3314
688 145 914 188 LIBER
946 146 983 198 1,
1013 147 1055 189 5.

1557 153 1643 194 449

220 245 282 288 Et
303 247 480 290 Moschi
499 261 696 290 causam:
729 260 824 288 cras
846 254 948 288 nato
970 247 1146 291 Caesare
1168 248 1306 291 festus

133 311 188 354 10
217 313 309 356 Dat
329 315 495 356 veniam
514 327 797 368 somnumque
819 314 914 355 dies
932 331 942 364 3
975 314 1150 369 impune
1170 315 1319 358 licebit

214 381 434 425 AEstivam
455 396 651 424 sermone
672 381 863 437 benigno
885 382 1066 423 tendere
1087 390 1273 424 noctem.

215 448 319 497 Quo
340 450 457 499 mihi,
477 449 652 491 fortuna
674 449 710 490 si
730 463 815 490 non
838 449 1094 491 conceditur
1115 450 1211 492 uti?

214 514 381 558 Parcus
402 517 460 559 ob
480 516 668 558 haeredis
690 530 837 557 curam
859 517 1123 572 nimiumque
1146 533 1323 560 severus

210 581 394 626 Assidet
413 584 579 625 insano.

641 583 802 625 Potare
822 590 866 625 et
888 598 1096 639 spargere
1118 584 1250 627 flores

127 649 181 691 15
210 649 431 706 Incipiam,
453 652 680 706 patiarque
702 650 770 692 vel
789 651 1060 693 inconsultus
1081 651 1250 694 haberi.

209 718 332 766 Quid
354 734 439 762 non
459 720 647 762 ebrietas
668 719 900 774 designat?
931 726 1086 774 operta
1107 720 1294 762 recludit
1311 739 1321 772 ;

208 785 321 842 Spes
336 787 466 842 jubet
486 802 582 829 esse
603 793 743 837 ratas;
775 787 820 827 in
840 785 996 842 proelia
1019 787 1157 832 trudit
1177 789 1385 840 inertem3

208 853 413 896 Sollicitis
435 855 586 896 animis
607 869 717 895 onus
739 854 911 905 eximit3
944 855 1132 897 addocet
1153 863 1268 898 artes
1288 873 1296 897 :

206 920 403 964 Fecundi
422 922 577 966 calices
599 937 727 977 quem
747 937 834 963 non
854 921 998 964 fecere
1016 922 1228 964 disertum
1246 926 1263 965 ?

119 987 177 1030 20
206 987 443 1031 Contracta
462 1003 593 1045 quem
612 1003 699 1030 non
719 989 764 1030 in
784 996 1044 1044 paupertate
1067 989 1256 1032 solutum
1273 993 1289 1032 2

205 1054 319 1098 Haec
339 1071 423 1112 ego
442 1070 680 1112 procurare
701 1063 747 1098 et
766 1056 950 1098 idoneus
972 1057 1177 1112 imperor,
1200 1065 1244 1099 et
1266 1073 1353 1100 non

204 1122 394 1165 Invitus:
427 1139 481 1166 ne
503 1130 631 1179 turpe
652 1123 777 1174 toral,
799 1138 854 1165 ne
877 1125 1054 1166 sordida
1075 1141 1234 1181 mappa

205 1190 426 1246 Corruget
445 1206 571 1233 nares
588 1209 598 1243 ;
630 1206 686 1233 ne
706 1206 794 1233 non
813 1198 859 1233 et
879 1192 1113 1234 cantharus
1134 1200 1178 1235 et
1198 1192 1301 1235 lanx

87 1311 156 1344 dies
178 1317 350 1354 noctesque
373 1311 494 1343 divitiis
522 1311 710 1353 colligendis
741 1318 836 1354 atque

87 1354 243 1397 augendis
256 1354 388 1386 insudas
403 1360 500 1396 atque
515 1354 674 1395 invigilas.

130 1399 164 1430 9.
187 1397 231 1429 Et
246 1397 364 1429 Moschi·
379 1409 514 1436 causam,
536 1407 585 1429 sc.
604 1408 701 1439 quam
724 1396 834 1428 defen·

86 1439 226 1473 flendam
251 1440 432 1482 suscepisti.
493 1441 646 1478 Moschus,
675 1445 712 1471 ut
740 1439 835 1470 tradit

85 1487 176 1516 vetus
191 1481 397 1520 Scholiastes,
419 1483 634 1524 Pergamenus
649 1482 752 1514 rhetor
765 1483 833 1514 cla-

85 1525 240 1563 rissimus,
271 1535 346 1557 cum
377 1525 518 1557 veneficii
546 1531 714 1556 accusatus
740 1531 833 1562 esset,

85 1573 247 1612 patronos,
269 1568 326 1611 qui
346 1568 416 1611 ejus
433 1577 563 1599 causam
585 1567 735 1604 dicerent,
758 1569 834 1598 Tor-

109 1617 218 1644 uatum
233 1615 266 1643 et
280 1610 430 1643 Asinium
447 1610 625 1642 Pollionem
642 1615 755 1641 nactus
774 1615 834 1642 est.

123 1655 164 1686 iu
174 1654 280 1703 festus
302 1660 375 1685 nato
399 1653 515 1684 caesm
538 1663 594 1695 pro
613 1653 749 1694 vulgari,
769 1653 836 1685 dies

85 1697 204 1729 natalis
234 1697 369 1730 Caesaris
399 1697 483 1739 (divi
515 1695 671 1736 Caesaris),
701 1695 768 1737 qui,
800 1701 836 1727 ut

84 1739 348 1772 refert'Macrob.
371 1741 441 1771 Sat.
459 1738 482 1775 i,
500 1740 553 1775 12,
570 1748 600 1769 a.
615 1738 646 1770 iv
664 1737 714 1770 Id.
730 1738 799 1770 Jul.
816 1749 835 1770 a

85 1782 244 1815 Romanis
257 1782 437 1814 celebratus
450 1786 511 1812 est.

131 1827 182 1858 10.
207 1826 344 1862 Veniam,
364 1836 410 1857 sc.
428 1823 561 1860 otiandi,
581 1823 730 1855 bibendi:
756 1835 831 1855 som-

82 1879 228 1910 numque,
241 1873 275 1900 et
290 1873 361 1911 post
379 1872 503 1899 noctem
521 1866 602 1898 inter
621 1877 734 1898 suaves
756 1877 831 1898 con-

83 1911 298 1944 fabulationes
311 1915 455 1943 exactam
468 1909 662 1942 edormiendi
677 1922 684 1948 ;
702 1909 762 1941 nisi
778 1920 833 1951 per

81 1965 230 1991 mnam,
247 1953 457 1996 intelligenda
470 1952 511 1984 sit
523 1953 590 1984 vita
603 1952 689 1984 iners
703 1958 734 1984 et
749 1951 829 1984 desi-

83 1997 186 2035 diosa,
201 2007 266 2040 qua
279 1996 352 2038 quis
366 1996 515 2028 omnibus
529 1996 665 2036 negotiis
679 1995 758 2026 liber
771 1995 830 2026 sibi

84 2040 183 2080 vivit3
206 2040 253 2072 sic
276 2039 336 2070 inf.
359 2039 463 2082 Epist.
476 2038 510 2074 ii,
526 2040 559 2074 2,
576 2039 630 2077 78,
647 2039 719 2070 Rite
737 2039 831 2070 cliens

82 2082 290 2128 (scriptorum
301 2081 434 2123 chorus)
449 2081 573 2117 Bacchi,
583 2092 681 2112 somno
689 2083 830 2123 gauden-

80 2128 122 2158 tis
135 2132 164 2158 et
179 2127 304 2158 umbra.
350 2125 392 2157 Et
407 2124 452 2157 sic
467 2126 600 2156 dormire
624 2124 725 2167 Epist.
747 2123 780 2162 ii,
796 2125 828 2161 2,

83 2170 138 2206 64,
155 2179 223 2212 pro,
238 2170 334 2200 vitam
346 2169 472 2199 inertem
488 2177 589 2208 ogere.

129 2213 182 2243 11.
205 2210 350 2249 Tendere,
364 2211 545 2246 extendere,
558 2209 742 2251 producere.

127 2255 182 2287 12.
217 2254 282 2286 Pro
312 2253 451 2296 fortuna
487 2252 626 2283 malebat
668 2252 828 2288 Muretus,

69 2297 246 2340 firturuau
271 2294 418 2328 Bentleio
434 2295 568 2339 placuit,
605 2301 774 2332 ortunam5
797 2300 830 2326 et

79 2341 145 2373 Fen
173 2339 262 2372 dedit
280 2338 433 2381 fortunae.
486 2339 549 2369 Sed
601 2349 646 2369 aec
675 2337 827 2379 loquendi

76 2383 159 2416 φαίη
183 2387 216 2415 et
236 2382 401 2414 verborum
426 2380 622 2414 constructio
651 2385 698 2411 est
722 2381 825 2412 duris-

72 2426 172 2458 ἢτοι.
215 2425 342 2468 Inque,
366 2424 469 2468 posita
499 2429 570 2467 post
591 2424 666 2454 mihi
693 2422 825 2454 distinc-

75 2466 167 2502 &ne
190 2467 322 2506 minore,
345 2467 466 2499 servavi
492 2465 698 2508 plurimorum
723 2466 826 2498 Codd.

75 2510 258 2548 lectionem,
263 2511 416 2554 fortuna.
454 2511 581 2550 Juuge:
606 2511 632 2540 si
647 2520 708 2540 non
724 2520 826 2540 conce-

74 2555 167 2587 amr
180 2556 230 2586 uti
237 2555 376 2598 fortuna
398 2552 436 2594 (o
461 2557 596 2596 poi-tuna
617 2550 749 2583 laetandi
771 2562 824 2584 oc-

75 2597 237 2638 utione),
259 2608 318 2638 quo
339 2595 436 2639 (quid
481 2596 565 2632 mihi,
586 2595 658 2626 scil.
676 2594 733 2626 illa
753 2605 825 2636 pro-

58 2639 174 2674 *ssss
201 2639 254 2673 eui
283 2640 368 2672 bono
392 2638 449 2670 illa
475 2637 552 2669 mihi
583 2637 647 2668 sit‘!
684 2637 751 2672 Quo
774 2638 826 2669 vel

74 2681 162 2720 :Quoi
179 2683 236 2727 (ut
249 2686 299 2714 est
314 2681 400 2725 apud
420 2680 543 2714 Catull.
562 2680 670 2713 Carm.
690 2679 713 2715 i,
729 2689 761 2711 v.
786 2681 822 2720 l)

59 2725 208 2769 santique
230 2735 298 2770 pro,
320 2724 385 2762 cui,
407 2724 535 2756 cuinam
554 2723 612 2759 rei,
636 2722 713 2765 quid
734 2723 821 2764 (nos,

63 2769 210 2811 *boi-tu).
254 2769 335 2800 Post
344 2769 432 2804 mihi,
449 2766 661 2810 supplendum
677 2770 736 2802 est,
752 2776 822 2807 pro-

62 2811 171 2852 ’ἔβης
194 2816 228 2844 et
248 2810 295 2843 sie
316 2819 388 2853 sup.
411 2811 480 2842 Sat.
502 2810 525 2846 i,
548 2807 580 2847 6,
598 2809 652 2846 24,
678 2808 745 2843 Quo
766 2810 823 2839 tibi

63 2854 144 2898 ,(10.
157 2853 303 2898 prodest)
321 2854 420 2891 Tulli,
442 2853 566 2884 Sumere
579 2852 746 2891 depositum
760 2852 824 2882 cla·

59 2895 290 2939 svam-fimique
302 2897 447 2928 tribuno?
470 2893 567 2926 Ovid.
585 2895 630 2925 A.
652 2894 694 2925 A.
709 2893 732 2932 i,
748 2894 824 2931 303,

57 2938 150 2974 “Quo
163 2940 222 2972 tibi
239 2941 306 2982 (sc.
326 2937 485 2982 prodest),
503 2937 663 2977 Pasiphae,
683 2939 827 2975 pretiosas

879 1323 996 1344 sumere
1011 1315 1124 1344 vestes?
1145 1314 1202 1345 ubi
1219 1314 1319 1346 multa
1334 1315 1366 1346 in
1389 1315 1472 1347 hanc
1493 1327 1556 1348 rem
1573 1328 1627 1349 ex-

879 1355 986 1396 empla
1000 1356 1131 1396 collegit
1152 1357 1197 1387 N.
1221 1357 1385 1388 Heinsius.
1430 1358 1496 1390 Sic.
1517 1358 1575 1390 inf.
1590 1361 1630 1391 ad

879 1397 986 1429 Pison.
1006 1408 1038 1429 v.
1055 1399 1109 1435 20,
1125 1397 1166 1429 ad
1181 1400 1255 1439 quid
1273 1401 1325 1430 hoc
1341 1400 1555 1442 supplendum
1571 1409 1629 1439 est,

878 1441 1022 1482 prodest:
1043 1441 1134 1482 Virg.
1150 1442 1231 1473 AEn.
1247 1441 1302 1478 xii,
1317 1443 1392 1479 879,
1408 1443 1475 1478 Quo
1491 1445 1627 1486 (worzu)

877 1485 973 1514 vitam
988 1485 1073 1515 dedit
1087 1486 1253 1515 aternam?

926 1527 977 1562 13,
989 1527 1039 1557 14.
1051 1527 1243 1568 Parcus,qui
1254 1538 1348 1569 parce
1357 1527 1447 1564 vivit,
1459 1530 1492 1559 ob
1504 1530 1629 1561 haeredis

879 1579 998 1615 cusam,
1031 1574 1066 1600 ut
1091 1569 1209 1600 haeredi
1240 1570 1382 1602 collectis
1405 1571 1526 1603 divitiis
1555 1583 1627 1615 pro-

880 1610 1005 1652 spiciat,
1021 1613 1206 1652 nimiumque
1219 1623 1348 1648 severus,
1367 1613 1529 1655 nimiaque
1541 1625 1628 1647 seve-

880 1653 972 1685 ritate
995 1655 1035 1685 ab
1057 1654 1096 1685 iis
1119 1665 1191 1696 quae
1211 1654 1358 1696 jucunda
1381 1662 1457 1687 sunt
1479 1657 1627 1694 abstinet,

880 1696 1000 1726 Assidet
1021 1700 1137 1734 insano,
1159 1696 1185 1727 is
1206 1697 1348 1739 proxime
1368 1698 1494 1730 accedit
1516 1699 1556 1730 ad
1579 1700 1627 1732 in-

879 1748 1004 1770 sanum.

925 1783 976 1812 15.
1000 1782 1207 1818 Inconsultus,
1231 1782 1287 1823 qui
1312 1782 1444 1814 liberius
1468 1788 1502 1815 et
1526 1783 1627 1816 disso-

878 1823 975 1855 lutius
985 1835 1018 1855 se
1030 1823 1147 1855 laetitiae
1158 1824 1298 1861 tradunt,
1313 1825 1369 1868 ipsi
1379 1826 1527 1868 sefurere
1537 1828 1626 1869 (Od.

877 1866 910 1904 ii,
927 1868 958 1903 7,
976 1868 1051 1906 23),
1071 1869 1204 1907 desipere
1227 1868 1310 1910 (Od.
1331 1868 1372 1900 iv,
1392 1870 1443 1904 12.
1466 1870 1528 1910 28)
1545 1871 1625 1902 velle

877 1909 1061 1952 (μανῆναι,
1078 1910 1199 1941 Auacr.
1213 1910 1280 1946 xiii,
1302 1910 1360 1951 12>
1377 1910 1480 1942 aiunt.

923 1954 974 1984 16.
1009 1953 1171 1994 Designat,
1198 1953 1324 1995 profert,
1353 1953 1460 1985 efficit.
1512 1955 1626 1995 Operta

874 1997 1020 2031 recludit,
1037 2005 1153 2026 arcana
1162 1995 1234 2027 loco
1247 2002 1420 2038 promovet,
1433 2002 1470 2027 ut
1484 1997 1625 2038 loquitur

876 2039 988 2069 Horat.
1001 2048 1071 2080 sup.
1087 2039 1189 2079 Epod.
1207 2040 1258 2076 11,
1278 2040 1330 2075 14,
1349 2038 1404 2070 ubi
1421 2039 1490 2070 vide
1506 2046 1570 2072 not.

921 2082 972 2113 17.
993 2081 1065 2121 Spes
1078 2083 1171 2121 jubet
1197 2092 1255 2112 esse
1277 2089 1381 2113 roras:
1413 2082 1454 2112 cf.
1482 2082 1515 2113 in
1538 2082 1621 2115 hanc

875 2124 1063 2155 sententiam
1078 2134 1149 2165 sup.
1163 2123 1203 2155 ad
1220 2123 1284 2155 Od.
1298 2124 1344 2161 iii,
1361 2125 1416 2162 21,
1437 2126 1490 2157 17.
1553 2155 1558 2162 ,

920 2168 972 2198 18.
997 2167 1143 2197 Sollicitis
1161 2169 1273 2198 animis
1297 2178 1372 2198 onus
1391 2170 1507 2204 eximit,
1530 2179 1623 2200 curas

873 2209 990 2251 abigit:
1013 2209 1069 2240 inf.
1082 2208 1184 2251 Epist.
1197 2210 1218 2247 i,
1234 2212 1285 2247 15,
1303 2212 1355 2242 19.
1382 2211 1518 2243 Addocet
1528 2219 1623 2248 artes,

873 2252 913 2283 ad
935 2262 989 2284 eas
1009 2252 1088 2283 refer
1104 2263 1233 2294 quoque
1251 2253 1474 2291 saltationem;
1496 2264 1570 2284 nam
1587 2261 1623 2286 ut

873 2295 987 2327 Cicero
1009 2295 1054 2326 ait
1074 2296 1149 2337 (pro
1174 2297 1315 2327 Murena
1333 2306 1362 2327 c.
1388 2297 1426 2337 6)
1450 2308 1535 2328 nemo
1546 2297 1622 2339 fere

870 2339 965 2369 saltat
979 2340 1105 2373 sobrius,
1123 2338 1278 2380 nisiforte
1294 2341 1422 2371 insanit.

918 2382 968 2413 19.
996 2382 1143 2419 Fecundi,
1169 2382 1260 2423 largi,
1286 2382 1410 2420 uberes,
1433 2381 1540 2424 pleni;
1565 2384 1621 2414 sed

870 2423 956 2455 haud
978 2424 1044 2456 scio
1067 2434 1108 2454 au
1133 2424 1252 2455 rectius
1276 2425 1480 2467 explicueriS,
1508 2425 1622 2457 biben-

870 2466 909 2497 tis
937 2467 1100 2509 ingenium
1129 2467 1303 2498 fecundum
1335 2467 1524 2506 reddentes;
1557 2479 1621 2500 non

868 2509 934 2540 vini
950 2509 1035 2541 enim
1051 2509 1155 2551 copia,
1171 2509 1226 2541 sed
1240 2510 1289 2541 vis
1302 2510 1436 2542 disertos
1456 2510 1569 2547 reddit,
1589 2518 1620 2543 et

869 2552 914 2583 sic
930 2552 1022 2583 Nilus
1025 2553 1198 2595 secundus,
1209 2562 1300 2594 agros
1308 2553 1461 2585 secundos
1473 2554 1618 2593 reddens,

868 2594 954 2637 apud
970 2595 1056 2626 Plin.
1071 2606 1103 2632 v,
1119 2605 1149 2627 c.
1164 2596 1199 2626 9.

913 2639 967 2669 20.
994 2638 1173 2674 Contracta,
1187 2647 1251 2680 qua
1262 2649 1311 2669 res
1323 2638 1492 2670 admodum
1508 2644 1619 2671 tenues

866 2681 900 2712 in
938 2686 1109 2722 augustum
1146 2680 1240 2722 quasi
1275 2681 1414 2723 spatium
1447 2688 1619 2714 contractae

867 2729 955 2761 sunt,
981 2734 1050 2766 pro,
1078 2729 1235 2765 augusta:
1272 2724 1418 2763 solutum,
1446 2734 1493 2756 sc.
1522 2725 1617 2763 curis,

866 2766 1011 2798 hilarem.
1038 2779 1040 2782 ·

909 2810 966 2840 21.
1005 2809 1091 2846 Haec,
1126 2819 1199 2851 quae
1229 2814 1417 2851 sequuntur,
1452 2821 1490 2840 ne
1528 2816 1618 2849 turpe

867 2853 961 2889 toral,
1003 2857 1080 2884 cett.
1147 2852 1289 2890 Idoneus,
1330 2851 1388 2894 qui
1431 2852 1500 2883 haec
1546 2863 1617 2894 pro-

869 2900 969 2970 cuae&
994 2937 1110 2977 Turpe,
1136 2937 1274 2974 illotum,
1295 2941 1331 2967 ut
1348 2946 1420 2978 sup.
1438 2936 1479 2966 ad
1500 2936 1566 2967 Sat.
1583 2935 1616 2973 ii.

820 2991 880 3022 ΟΒ
