1904 3314
854 154 1381 197 EPISTOLARUM

479 252 691 294 Nimirum
713 268 863 309 sapere
883 262 949 296 est
969 256 1146 310 abjectis
1167 255 1270 297 utile
1290 255 1430 309 nugis,

481 317 541 359 Et
561 321 859 374 tempestivum
877 322 1023 375 pueris
1045 322 1278 363 concedere
1297 321 1444 362 ludum
1461 337 1471 371 3

479 382 546 426 Ac
567 401 652 426 non
670 388 802 428 verba
821 387 940 441 sequi
959 387 1119 428 fidibus
1140 387 1397 428 modulanda
1418 386 1597 435 Latinis,

479 450 568 491 Sed
586 466 698 492 verae
718 467 1002 507 numerosque
1022 453 1258 507 modosque
1280 453 1471 493 ediscere
1492 452 1603 491 vitae.

370 515 448 555 145

478 516 694 562 Quocirca
713 533 875 559 mecum
894 518 1046 573 loquor
1065 518 1173 568 haec,
1195 519 1433 572 tacitusque
1454 517 1657 558 recordor
1673 531 1683 556 :

479 581 527 622 Si
547 583 624 624 tibi
645 583 759 625 nulla
780 585 891 625 sitim
911 584 1055 626 finiret
1075 586 1197 639 copia
1216 584 1413 638 lymphae,

478 648 692 690 Narrares
714 651 887 691 medicis
905 668 913 691 ε
946 652 1076 705 quod,
1099 658 1258 705 quanto
1277 650 1399 705 plura
1420 649 1594 704 parasti,

477 713 621 756 Tanto
641 715 765 769 plura
784 717 920 770 cupis,
942 717 1101 758 nulline
1125 717 1296 757 faterier
1317 717 1482 757 audes?

479 780 524 821 Si
547 781 696 822 vulnus
718 783 796 823 tibi
816 790 1048 824 monstrata
1068 784 1211 824 radice
1232 782 1298 823 vel
1317 783 1466 831 herba,

368 847 448 887 150

477 913 737 955 Proficiente
757 914 876 964 nihil,
899 917 1100 956 cui-arier-

477 847 580 888 Non
600 847 724 890 fieret
744 848 892 898 levius,
914 849 1086 904 fugeres
1108 850 1249 890 radice
1270 849 1334 890 vel
1354 849 1504 898 herba,

1161 914 1391 965 Audieras,
1414 915 1483 957 cui

477 979 590 1020 Rem
611 979 672 1020 Di
692 980 904 1028 donarint,
925 980 985 1020 illi
1006 981 1215 1022 decedere
1234 995 1407 1034 pravam

476 1044 735 1095 Stultitiam3
767 1054 825 1094 et,
847 1061 978 1099 quum
1000 1047 1055 1086 sis
1077 1046 1207 1086 nihilo
1229 1047 1472 1100 sapientior,
1493 1060 1549 1087 ex
1568 1061 1654 1100 quo

477 1109 650 1151 Plenior
669 1126 730 1160 es,
752 1118 892 1152 tamen
912 1113 1045 1152 uteris
1067 1112 1346 1152 monitoribus
1367 1111 1503 1152 isdem
1520 1114 1537 1152 2

367 1175 448 1215 155
476 1175 538 1216 At
561 1176 594 1216 si
616 1177 774 1218 divitiae
794 1178 1050 1231 prudentem
1071 1178 1252 1219 reddere
1272 1185 1464 1232 possent,

475 1241 521 1282 Si
542 1243 745 1296 cupidum
766 1244 1043 1297 timidumque
1064 1244 1201 1284 minus
1223 1250 1288 1294 te3
1321 1257 1471 1298 nempe
1491 1243 1684 1293 ruberes,

474 1307 652 1349 Viveret
672 1309 715 1349 in
736 1310 862 1350 terris
884 1316 925 1350 te
949 1310 983 1349 si
1004 1309 1098 1363 quis
1120 1310 1284 1350 avarior
1304 1324 1403 1350 uno.

478 1374 525 1415 Si
545 1376 765 1429 proprium
785 1383 864 1424 est,
887 1376 1003 1429 quod
1024 1375 1119 1429 quis
1138 1375 1247 1416 libra
1270 1382 1480 1416 mercatus
1502 1381 1546 1416 et
1565 1389 1649 1416 aere
1670 1382 1749 1424 est,

477 1442 700 1492 Quaedam,
723 1443 758 1483 si
778 1443 917 1483 credis
939 1440 1158 1492 consultis,
1181 1443 1390 1496 mancipat
1409 1456 1540 1483 usus:

408 1554 480 1583 141.
510 1554 663 1584 Nimirum
689 1564 789 1592 sapere
818 1561 870 1589 est,
897 1559 968 1584 cett.
1019 1555 1090 1584 Jam

364 1595 513 1625 Horatius
524 1595 631 1626 transit
649 1595 688 1625 ad
703 1595 756 1636 huj
763 1606 796 1626 us
809 1595 958 1637 Epistolae
973 1601 1092 1637 partem

363 1636 589 1675 gravissimam.
633 1638 682 1668 Ex
699 1643 790 1678 poeta
803 1639 884 1668 enim
902 1638 1002 1668 factus
1024 1637 1093 1678 phi-

302 1710 305 1711 .
363 1677 510 1719 Iosephus
534 1684 642 1719 pectus
666 1678 800 1709 ostendit
825 1679 986 1720 sapientire
1011 1689 1091 1720 prae-

364 1720 462 1761 ceptis
477 1720 778 1762 praeparatissimum.
821 1721 988 1757 Nimirum,
1004 1721 1094 1752 rebus

362 1761 407 1792 sic
433 1771 466 1792 se
494 1762 701 1801 habentibus3
732 1763 809 1794 utile
833 1770 886 1798 est,
912 1763 1011 1794 satius
1036 1769 1094 1800 est,

362 1814 474 1843 sapere,
488 1804 528 1834 ad
548 1804 708 1846 sapientiae
730 1810 884 1847 praecepta
899 1804 993 1843 vitam
1009 1815 1092 1835 com-

363 1855 495 1886 ponere3
517 1848 639 1886 aly‘ectis
659 1848 759 1887 nugis,
783 1846 929 1878 modeste
944 1847 1092 1878 Horatius

362 1887 499 1917 carmina
522 1897 577 1919 sua
599 1894 688 1919 vocat
710 1900 817 1930 nugas,
835 1894 870 1919 ut
892 1889 1038 1920 Catullus
1060 1888 1092 1919 in

364 1928 463 1969 primo
484 1930 620 1961 carmine
642 1930 681 1961 ad
698 1930 877 1961 Cornelium
892 1932 1045 1972 Nepotem
1062 1940 1092 1962 v.

363 1972 395 2005 4,
412 1982 537 2011 namque
558 1979 592 2003 tu
609 1973 716 2003 solebds
734 1973 816 2003 Meas
830 1983 886 2003 esse
899 1974 1015 2013 aliquid
1036 1984 1090 2013 pu-

364 2019 430 2042 tare
446 2023 552 2054 nugas.

409 2055 481 2085 142.
510 2055 723 2094 Tempestivum
745 2058 857 2095 pueris,
879 2055 1093 2087 accommoda-

366 2101 430 2127 tum
446 2096 556 2137 puerili
571 2097 666 2127 aetati.

411 2139 483 2173 143,
502 2139 575 2168 144.
600 2139 644 2169 Ac
665 2150 724 2169 non
745 2141 833 2169 verba
854 2141 946 2179 sequi,
965 2145 1036 2170 cett.
1056 2150 1092 2171 ac

366 2189 428 2210 non
451 2190 593 2210 versuum
619 2180 659 2211 ad
674 2180 750 2211 fides
769 2181 896 2211 Latinas
921 2187 1092 2222 temperan-

365 2221 474 2252 dorum
504 2221 640 2252 studium
667 2223 767 2263 sequi,
795 2222 849 2253 sed
878 2232 931 2253 eos
959 2234 1094 2254 numeros

364 2265 515 2304 modosque
529 2265 664 2303 (numeri
681 2270 713 2295 et
729 2266 805 2294 modi
828 2264 949 2306 proprie
970 2265 1009 2295 de
1028 2275 1092 2295 me-

308 2314 311 2317 ’
365 2310 424 2340 tro,
439 2316 502 2346 quo
517 2315 660 2336 versuum
679 2306 771 2347 pedes
793 2305 830 2335 ad
853 2313 970 2336 certum
985 2307 1091 2346 rhyth-

365 2357 449 2378 mum
465 2353 496 2378 et
511 2353 610 2378 certas
624 2348 776 2389 cujusque
792 2357 897 2378 versus
915 2347 997 2388 leges
1015 2348 1093 2380 inter

364 2398 397 2419 se
418 2388 522 2430 juncti
544 2389 678 2420 suaviter
700 2389 897 2429 decurrunt),
923 2390 952 2420 h.
972 2400 1001 2420 e.
1023 2401 1092 2421 eam

365 2439 505 2461 normam
533 2430 572 2461 ad
597 2442 703 2472 quam,
727 2431 781 2472 qui
806 2442 872 2462 vere
897 2431 1002 2462 felices
1025 2442 1092 2464 esse

364 2471 506 2513 cupiunt,
517 2472 611 2503 vitam
624 2473 755 2514 dirigere
769 2473 895 2509 debent,
907 2483 1092 2514 cognoscere

364 2520 458 2555 atque
469 2514 618 2545 ediscere.

409 2557 482 2587 145.
508 2557 684 2596 'faciensque
699 2559 847 2593 recordor,
862 2556 955 2588 tacite
971 2567 1093 2589 mecum

363 2602 467 2639 repeto
486 2598 533 2629 vel
549 2598 651 2628 animo
667 2599 800 2630 revolvo.

410 2641 482 2671 146.
506 2640 534 2670 F
534 2642 638 2675 iniret,
650 2646 867 2682 compesceret,
880 2640 1011 2678 tolleret,
1026 2640 1091 2683 pla-

362 2686 458 2713 caret.

409 2725 481 2760 147,
500 2724 568 2754 148.
590 2724 737 2755 Nori-ares
750 2726 880 2761 medicis,
892 2730 965 2756 cett.
979 2725 1017 2755 de
1033 2724 1091 2755 hac

362 2765 413 2796 siti
442 2765 622 2806 inexplebili
646 2772 679 2796 tu
704 2766 770 2796 sine
795 2766 889 2797 dubio
915 2767 1091 2797 consuleres

361 2807 521 2844 medicos;
548 2812 591 2842 at.
606 2817 725 2849 quaeso,
742 2807 897 2839 neminine
912 2818 978 2839 eam
995 2808 1089 2843 sitim,

361 2859 436 2890 qua,
460 2859 523 2890 quo
549 2849 637 2890 plura
663 2850 757 2888 habes
782 2860 818 2880 co
847 2850 933 2890 plura
959 2850 1088 2891 appetis,

362 2890 448 2922 fateri
464 2890 580 2922 audes?

1181 1554 1252 1584 149.
1278 1553 1459 1589 Monstrum,
1474 1551 1554 1584 sumi
1570 1551 1670 1594 jussa,
1685 1550 1866 1594 praescripta

1136 1604 1154 1625 a
1169 1595 1298 1625 medico.

1183 1637 1254 1672 150,
1279 1638 1353 1667 151.
1385 1637 1528 1677 Fugeres,
1554 1635 1667 1672 nolles,
1692 1645 1863 1672 recusares,

1136 1681 1293 1709 curarier:
1317 1689 1386 1720 sup.
1402 1678 1464 1710 Od.
1484 1678 1507 1714 i,
1528 1679 1561 1714 9,
1579 1679 1629 1716 13,
1647 1678 1728 1713 Quid
1748 1678 1863 1719 sitsu-

1136 1726 1240 1750 turum
1262 1732 1338 1758 cras,
1351 1721 1434 1768 suge
1457 1731 1587 1761 querere
1596 1731 1608 1757 ,-
1635 1725 1668 1751 et
1689 1719 1735 1750 sic
1747 1719 1865 1762 fugere

1137 1772 1203 1803 pro,
1218 1762 1311 1798 nolle,
1324 1773 1439 1804 passm
1454 1762 1538 1803 apud
1553 1767 1672 1803 poetas.
1703 1762 1864 1799 Audierat,

1135 1805 1197 1839 cui,
1213 1810 1286 1835 cett.
1302 1815 1359 1835 nec
1376 1814 1444 1836 raro
1458 1803 1541 1852 apud
1559 1802 1668 1844 nos-ad
1682 1803 1745 1835 vim
1758 1802 1863 1835 diviti·

1136 1855 1221 1876 arum
1239 1846 1404 1877 notandam
1420 1845 1558 1877 auditur.

1182 1889 1252 1919 152.
1276 1887 1331 1919 Illi
1349 1890 1498 1924 decedere,
1517 1888 1558 1919 ab
1579 1897 1617 1919 eo
1639 1886 1746 1929 fugere
1766 1891 1798 1919 et
1817 1897 1864 1919 re-

1135 1930 1254 1961 cedere.

1183 1973 1254 2002 153.
1280 1972 1378 2006 Quum
1393 1973 1442 2009 sis,
1459 1970 1602 2014 quamvis
1617 1970 1672 2003 sis.

1183 2015 1253 2044 154.
1277 2014 1400 2044 Plenior
1416 2025 1454 2049 es.
1473 2024 1518 2045 sc.
1540 2013 1730 2048 divitiarum,
1752 2012 1796 2044 rei
1818 2012 1864 2044 fa-

1136 2054 1285 2086 miliaris:
1309 2057 1348 2087 de
1362 2066 1437 2087 voce
1455 2057 1571 2096 plenus,
1586 2055 1626 2086 ad
1641 2065 1736 2096 quam
1750 2054 1864 2097 sepius

1137 2097 1255 2138 aliquid
1273 2108 1311 2129 ex
1326 2097 1485 2129 vicinitate
1506 2097 1714 2139 supplendum
1729 2102 1786 2135 est,
1800 2096 1865 2128 vid.

1137 2149 1207 2180 sup.
1224 2139 1263 2170 ad
1279 2139 1378 2181 Epist.
1394 2139 1428 2174 ii,
1447 2141 1476 2175 1,
1494 2139 1565 2170 100.
1609 2139 1809 2174 Menum-ibus
1823 2139 1864 2170 ts-

1135 2182 1222 2227 dem?
1253 2182 1308 2222 qui
1332 2180 1444 2212 divites
1467 2180 1609 2212 stultitia}
1632 2186 1773 2223 expertes
1796 2188 1864 2212 esse

1136 2227 1234 2252 aiunt.

1181 2265 1252 2295 156.
1277 2264 1426 2295 Timidum
1449 2266 1564 2295 minus:
1589 2274 1660 2296 nam
1683 2263 1862 2295 divitiarum

1136 2315 1326 2346 possessores
1347 2306 1459 2342 solent,
1478 2311 1513 2336 ut.
1535 2305 1682 2337 Horatius
1703 2316 1774 2348 sup.
1796 2306 1864 2337 Sat.

1137 2348 1157 2383 i,
1177 2348 1204 2383 l,
1223 2348 1260 2378 77
1282 2347 1370 2383 dicit,
1391 2348 1565 2378 For-iniciare
1588 2347 1795 2389 malos-fures,
1814 2349 1862 2378 in·

1136 2391 1253 2426 cendia,
1265 2400 1371 2420 servos.
1417 2390 1538 2430 Nempe,
1553 2394 1618 2420 tum
1633 2399 1720 2421 sane.

1182 2432 1252 2466 158,
1276 2433 1344 2462 159.
1366 2432 1398 2462 Si
1420 2433 1574 2471 proprium
1593 2437 1647 2466 est.
1662 2436 1739 2463 cett.
1784 2430 1862 2461 Sena

1135 2483 1209 2503 sus:
1245 2473 1270 2503 si
1293 2473 1334 2510 id,
1357 2473 1440 2514 quod
1463 2473 1534 2515 quis
1555 2483 1609 2521 per
1631 2483 1675 2504 aas
1695 2478 1728 2506 et
1749 2470 1860 2502 libram

1135 2521 1288 2546 mercatus
1312 2520 1369 2552 est,
1394 2525 1448 2556 pro
1472 2514 1609 2556 riabejus
1631 2515 1671 2548 ,fit
1698 2513 1861 2557 possessio,

1135 2526 1862 2598 quaedam,utcontend'untjurisconsulti‚(man-

1137 2601 1217 2638 cipue
1233 2598 1321 2638 usus)
1334 2599 1524 2641 usucapione
1537 2599 1616 2630 fiunt
1627 2598 1759 2641 propria.
1795 2596 1861 2644 Res

1135 2651 1206 2682 quse
1231 2641 1360 2671 solemni
1389 2640 1534 2672 emtionis
1556 2639 1776 2672 confirmanda
1800 2644 1860 2670 ritu

1135 2682 1275 2724 quinque
1290 2682 1420 2714 testibus
1436 2687 1467 2714 et
1485 2681 1657 2723 libripende
1673 2682 1800 2725 (libram
1817 2686 1862 2712 te·

1135 2728 1246 2762 nente)
1271 2724 1476 2766 praesentibus
1503 2724 1690 2762 venduntur,
1713 2723 1793 2755 fiunt
1817 2733 1863 2754 res

1135 2769 1264 2805 mancipi
1279 2769 1365 2808 (pro,
1380 2765 1558 2808 mancipii),
1576 2765 1608 2796 h.
1623 2776 1652 2798 e.
1667 2765 1820 2798 ceduntur
1842 2774 1861 2796 a

1135 2808 1291 2840 venditore
1313 2807 1438 2839 emtori:
1459 2809 1616 2847 mancipio,
1635 2807 1668 2840 h.
1683 2818 1712 2840 e.
1729 2805 1860 2849 proprias

1134 2850 1328 2891 possessioni,
1351 2850 1410 2887 vel,
1432 2854 1468 2880 ut
1486 2849 1702 2890 jurisconsulti
1724 2849 1858 2890 loquun-

1133 2898 1193 2929 tur,
1204 2893 1343 2923 dominio.
1382 2892 1537 2931 Mancipat
1551 2902 1638 2923 usus:
1661 2890 1714 2932 qui
1725 2891 1857 2923 fructum
