<?xml version="1.0" encoding="UTF-8"?>
<!DOCTYPE html PUBLIC "-//W3C//DTD XHTML 1.0 Transitional//EN"
    "http://www.w3.org/TR/xhtml1/DTD/xhtml1-transitional.dtd">
<html xmlns="http://www.w3.org/1999/xhtml" xml:lang="en" lang="en">
 <head>
  <title>
</title>
<meta http-equiv="Content-Type" content="text/html;charset=utf-8" />
  <meta name='ocr-system' content='tesseract 3.04.00' />
  <meta name='ocr-capabilities' content='ocr_page ocr_carea ocr_par ocr_line ocrx_word'/>
</head>
<body>
  <div class='ocr_page' id='page_1' title='image "./operahorac00horauoft_0266.png"; bbox 0 0 1884 3288; ppageno 0'>
   <div class='ocr_carea' id='block_1_1' title="bbox 314 195 398 236">
    <p class='ocr_par' dir='ltr' id='par_1_1' title="bbox 314 195 398 236">
     <span class='ocr_line' id='line_1_1' title="bbox 314 195 398 236; baseline -0.024 0"><span class='ocrx_word' id='word_1_1' title='bbox 314 195 398 236; x_wconf 68' lang='lat'>226</span> 
     </span>
    </p>
   </div>
   <div class='ocr_carea' id='block_1_2' title="bbox 519 564 569 603">
    <p class='ocr_par' dir='ltr' id='par_1_2' title="bbox 519 564 569 603">
     <span class='ocr_line' id='line_1_2' title="bbox 519 564 569 603; baseline 0 0"><span class='ocrx_word' id='word_1_2' title='bbox 519 564 569 603; x_wconf 90' lang='grc'>15</span> 
     </span>
    </p>
   </div>
   <div class='ocr_carea' id='block_1_3' title="bbox 510 894 566 934">
    <p class='ocr_par' dir='ltr' id='par_1_3' title="bbox 510 894 566 934">
     <span class='ocr_line' id='line_1_3' title="bbox 510 894 566 934; baseline 0 0"><span class='ocrx_word' id='word_1_3' title='bbox 510 894 566 934; x_wconf 75' lang='lat'>20</span> 
     </span>
    </p>
   </div>
   <div class='ocr_carea' id='block_1_4' title="bbox 865 197 1262 239">
    <p class='ocr_par' dir='ltr' id='par_1_4' title="bbox 865 197 1262 239">
     <span class='ocr_line' id='line_1_4' title="bbox 865 197 1262 239; baseline -0.003 0"><span class='ocrx_word' id='word_1_4' title='bbox 865 197 1262 239; x_wconf 83' lang='lat' dir='ltr'><strong>CARMINUM</strong></span> 
     </span>
    </p>
   </div>
   <div class='ocr_carea' id='block_1_5' title="bbox 596 297 1374 617">
    <p class='ocr_par' dir='ltr' id='par_1_5' title="bbox 596 297 1374 547">
     <span class='ocr_line' id='line_1_5' title="bbox 656 297 1315 352; baseline 0.002 -14"><span class='ocrx_word' id='word_1_5' title='bbox 656 297 904 352; x_wconf 89' lang='lat' dir='ltr'>Vivuntque</span> <span class='ocrx_word' id='word_1_6' title='bbox 924 299 1134 340; x_wconf 85' lang='lat' dir='ltr'>commissi</span> <span class='ocrx_word' id='word_1_7' title='bbox 1153 298 1315 340; x_wconf 88' lang='lat' dir='ltr'>calores</span> 
     </span>
     <span class='ocr_line' id='line_1_6' title="bbox 711 364 1237 420; baseline 0 -14"><span class='ocrx_word' id='word_1_8' title='bbox 711 364 868 406; x_wconf 86' lang='lat' dir='ltr'>AEoliae</span> <span class='ocrx_word' id='word_1_9' title='bbox 889 365 1047 406; x_wconf 85' lang='lat' dir='ltr'>fidibus</span> <span class='ocrx_word' id='word_1_10' title='bbox 1069 365 1237 420; x_wconf 86' lang='lat' dir='ltr'>puellae.</span> 
     </span>
     <span class='ocr_line' id='line_1_7' title="bbox 597 429 1322 472; baseline 0.001 -2"><span class='ocrx_word' id='word_1_11' title='bbox 597 429 701 471; x_wconf 93' lang='lat' dir='ltr'>Non</span> <span class='ocrx_word' id='word_1_12' title='bbox 722 430 812 471; x_wconf 89' lang='lat' dir='ltr'>sola</span> <span class='ocrx_word' id='word_1_13' title='bbox 831 438 993 472; x_wconf 86' lang='lat' dir='ltr'>comtos</span> <span class='ocrx_word' id='word_1_14' title='bbox 1014 432 1119 471; x_wconf 84' lang='lat' dir='ltr'><strong>arsit</strong></span> <span class='ocrx_word' id='word_1_15' title='bbox 1138 430 1322 472; x_wconf 83' lang='lat' dir='ltr'>adulteri</span> 
     </span>
     <span class='ocr_line' id='line_1_8' title="bbox 596 496 1374 547; baseline 0.003 -11"><span class='ocrx_word' id='word_1_16' title='bbox 596 496 760 547; x_wconf 86' lang='lat' dir='ltr'>Crines,</span> <span class='ocrx_word' id='word_1_17' title='bbox 782 504 825 538; x_wconf 88' lang='lat' dir='ltr'>et</span> <span class='ocrx_word' id='word_1_18' title='bbox 844 511 994 537; x_wconf 88' lang='lat' dir='ltr'>aurum</span> <span class='ocrx_word' id='word_1_19' title='bbox 1013 497 1202 537; x_wconf 88' lang='lat' dir='ltr'>vestibus</span> <span class='ocrx_word' id='word_1_20' title='bbox 1225 497 1374 538; x_wconf 87' lang='lat' dir='ltr'>illitum</span> 
     </span>
    </p>

    <p class='ocr_par' dir='ltr' id='par_1_6' title="bbox 655 562 1266 617">
     <span class='ocr_line' id='line_1_9' title="bbox 655 562 1266 617; baseline -0.002 -13"><span class='ocrx_word' id='word_1_21' title='bbox 655 563 830 610; x_wconf 88' lang='lat' dir='ltr'>Mirata‚</span> <span class='ocrx_word' id='word_1_22' title='bbox 851 562 1103 617; x_wconf 81' lang='lat' dir='ltr'>regalesque</span> <span class='ocrx_word' id='word_1_23' title='bbox 1125 562 1266 603; x_wconf 86' lang='lat' dir='ltr'>cultus</span> 
     </span>
    </p>
   </div>
   <div class='ocr_carea' id='block_1_6' title="bbox 712 627 1401 678">
    <p class='ocr_par' dir='ltr' id='par_1_7' title="bbox 712 627 1401 678">
     <span class='ocr_line' id='line_1_10' title="bbox 712 627 1401 678; baseline -0.003 -6"><span class='ocrx_word' id='word_1_24' title='bbox 712 631 772 672; x_wconf 86' lang='lat' dir='ltr'>Et</span> <span class='ocrx_word' id='word_1_25' title='bbox 793 630 981 678; x_wconf 85' lang='lat' dir='ltr'>comites,</span> <span class='ocrx_word' id='word_1_26' title='bbox 1004 627 1172 669; x_wconf 88' lang='lat' dir='ltr'>Helene</span> <span class='ocrx_word' id='word_1_27' title='bbox 1195 629 1401 670; x_wconf 80' lang='lat' dir='ltr'>Lacaena:</span> 
     </span>
    </p>
   </div>
   <div class='ocr_carea' id='block_1_7' title="bbox 596 693 1331 802">
    <p class='ocr_par' dir='ltr' id='par_1_8' title="bbox 596 693 1331 802">
     <span class='ocr_line' id='line_1_11' title="bbox 596 693 1331 748; baseline -0.001 -12"><span class='ocrx_word' id='word_1_28' title='bbox 596 695 818 737; x_wconf 87' lang='lat' dir='ltr'>Primusve</span> <span class='ocrx_word' id='word_1_29' title='bbox 839 696 1010 736; x_wconf 87' lang='lat' dir='ltr'>Teucer</span> <span class='ocrx_word' id='word_1_30' title='bbox 1030 693 1116 735; x_wconf 89' lang='lat' dir='ltr'>tela</span> <span class='ocrx_word' id='word_1_31' title='bbox 1137 694 1331 748; x_wconf 89' lang='lat' dir='ltr'>Cydonio</span> 
     </span>
     <span class='ocr_line' id='line_1_12' title="bbox 598 760 1312 802; baseline 0 0"><span class='ocrx_word' id='word_1_32' title='bbox 598 761 772 802; x_wconf 89' lang='lat' dir='ltr'>Direxit</span> <span class='ocrx_word' id='word_1_33' title='bbox 793 776 894 802; x_wconf 85' lang='lat' dir='ltr'>arcu</span> <span class='ocrx_word' id='word_1_34' title='bbox 912 777 920 801; x_wconf 91' lang='lat'>:</span> <span class='ocrx_word' id='word_1_35' title='bbox 954 776 1039 802; x_wconf 90' lang='lat' dir='ltr'>non</span> <span class='ocrx_word' id='word_1_36' title='bbox 1062 760 1191 802; x_wconf 90' lang='lat' dir='ltr'>semel</span> <span class='ocrx_word' id='word_1_37' title='bbox 1213 761 1312 802; x_wconf 91' lang='lat' dir='ltr'>Ilios</span> 
     </span>
    </p>
   </div>
   <div class='ocr_carea' id='block_1_8' title="bbox 651 827 1404 936">
    <p class='ocr_par' dir='ltr' id='par_1_9' title="bbox 651 827 1404 936">
     <span class='ocr_line' id='line_1_13' title="bbox 651 827 1361 882; baseline -0.004 -12"><span class='ocrx_word' id='word_1_38' title='bbox 651 828 846 870; x_wconf 83' lang='lat' dir='ltr'>Vexata:</span> <span class='ocrx_word' id='word_1_39' title='bbox 878 842 964 868; x_wconf 90' lang='lat' dir='ltr'>non</span> <span class='ocrx_word' id='word_1_40' title='bbox 984 827 1192 881; x_wconf 84' lang='lat' dir='ltr'>pugnavit</span> <span class='ocrx_word' id='word_1_41' title='bbox 1212 828 1361 882; x_wconf 87' lang='lat' dir='ltr'>ingens</span> 
     </span>
     <span class='ocr_line' id='line_1_14' title="bbox 709 893 1404 936; baseline 0.003 -2"><span class='ocrx_word' id='word_1_42' title='bbox 709 894 965 935; x_wconf 88' lang='lat' dir='ltr'>Idomeneus</span> <span class='ocrx_word' id='word_1_43' title='bbox 987 893 1269 935; x_wconf 85' lang='lat' dir='ltr'>Sthenelusve</span> <span class='ocrx_word' id='word_1_44' title='bbox 1289 894 1404 936; x_wconf 90' lang='lat' dir='ltr'>solus</span> 
     </span>
    </p>
   </div>
   <div class='ocr_carea' id='block_1_9' title="bbox 508 960 1433 1279">
    <p class='ocr_par' dir='ltr' id='par_1_10' title="bbox 508 960 1433 1279">
     <span class='ocr_line' id='line_1_15' title="bbox 597 960 1414 1014; baseline 0 -12"><span class='ocrx_word' id='word_1_45' title='bbox 597 961 797 1002; x_wconf 84' lang='lat' dir='ltr'>Dicenda</span> <span class='ocrx_word' id='word_1_46' title='bbox 817 961 957 1002; x_wconf 89' lang='lat' dir='ltr'>Musis</span> <span class='ocrx_word' id='word_1_47' title='bbox 978 960 1154 1014; x_wconf 85' lang='lat' dir='ltr'>proelia:</span> <span class='ocrx_word' id='word_1_48' title='bbox 1187 975 1271 1001; x_wconf 91' lang='lat' dir='ltr'>non</span> <span class='ocrx_word' id='word_1_49' title='bbox 1292 961 1414 1002; x_wconf 87' lang='lat' dir='ltr'>ferox</span> 
     </span>
     <span class='ocr_line' id='line_1_16' title="bbox 595 1027 1433 1081; baseline 0 -13"><span class='ocrx_word' id='word_1_50' title='bbox 595 1027 778 1078; x_wconf 85' lang='lat' dir='ltr'>Hector,</span> <span class='ocrx_word' id='word_1_51' title='bbox 799 1027 864 1069; x_wconf 93' lang='lat' dir='ltr'>vel</span> <span class='ocrx_word' id='word_1_52' title='bbox 884 1041 981 1069; x_wconf 89' lang='lat' dir='ltr'>acer</span> <span class='ocrx_word' id='word_1_53' title='bbox 1003 1027 1261 1080; x_wconf 84' lang='lat' dir='ltr'>Deiphobus</span> <span class='ocrx_word' id='word_1_54' title='bbox 1282 1041 1433 1081; x_wconf 85' lang='lat' dir='ltr'>graves</span> 
     </span>
     <span class='ocr_line' id='line_1_17' title="bbox 654 1093 1261 1148; baseline -0.002 -14"><span class='ocrx_word' id='word_1_55' title='bbox 654 1093 842 1148; x_wconf 87' lang='lat' dir='ltr'>Excepit</span> <span class='ocrx_word' id='word_1_56' title='bbox 862 1094 972 1134; x_wconf 93' lang='lat' dir='ltr'>ictus</span> <span class='ocrx_word' id='word_1_57' title='bbox 992 1107 1072 1146; x_wconf 85' lang='lat' dir='ltr'>pro</span> <span class='ocrx_word' id='word_1_58' title='bbox 1092 1093 1261 1146; x_wconf 84' lang='lat' dir='ltr'>pudicis</span> 
     </span>
     <span class='ocr_line' id='line_1_18' title="bbox 708 1159 1428 1214; baseline -0.001 -13"><span class='ocrx_word' id='word_1_59' title='bbox 708 1160 978 1214; x_wconf 85' lang='lat' dir='ltr'>Conjugibus</span> <span class='ocrx_word' id='word_1_60' title='bbox 999 1159 1231 1212; x_wconf 90' lang='lat' dir='ltr'>puerisque</span> <span class='ocrx_word' id='word_1_61' title='bbox 1251 1159 1428 1213; x_wconf 86' lang='lat' dir='ltr'>primus.</span> 
     </span>
     <span class='ocr_line' id='line_1_19' title="bbox 508 1223 1374 1279; baseline 0 -12"><span class='ocrx_word' id='word_1_62' title='bbox 508 1227 564 1267; x_wconf 74' lang='lat'>25</span> <span class='ocrx_word' id='word_1_63' title='bbox 594 1226 757 1268; x_wconf 85' lang='lat' dir='ltr'>Vixere</span> <span class='ocrx_word' id='word_1_64' title='bbox 777 1226 911 1267; x_wconf 84' lang='lat' dir='ltr'>fortes</span> <span class='ocrx_word' id='word_1_65' title='bbox 933 1232 1030 1266; x_wconf 85' lang='lat' dir='ltr'>ante</span> <span class='ocrx_word' id='word_1_66' title='bbox 1051 1223 1374 1279; x_wconf 83' lang='lat' dir='ltr'>Agamemnona</span> 
     </span>
    </p>
   </div>
   <div class='ocr_carea' id='block_1_10' title="bbox 305 1346 1047 2987">
    <p class='ocr_par' dir='ltr' id='par_1_11' title="bbox 305 1346 1047 2903">
     <span class='ocr_line' id='line_1_20' title="bbox 311 1346 1043 1386; baseline 0 -10"><span class='ocrx_word' id='word_1_67' title='bbox 311 1346 391 1377; x_wconf 83' lang='lat' dir='ltr'>Nam</span> <span class='ocrx_word' id='word_1_68' title='bbox 417 1348 449 1377; x_wconf 84' lang='lat' dir='ltr'>in</span> <span class='ocrx_word' id='word_1_69' title='bbox 474 1350 564 1386; x_wconf 83' lang='lat' dir='ltr'>poetis</span> <span class='ocrx_word' id='word_1_70' title='bbox 587 1359 646 1378; x_wconf 81' lang='lat' dir='ltr'>non.</span> <span class='ocrx_word' id='word_1_71' title='bbox 677 1347 802 1378; x_wconf 87' lang='lat' dir='ltr'>Homero</span> <span class='ocrx_word' id='word_1_72' title='bbox 826 1348 879 1378; x_wconf 83' lang='lat' dir='ltr'>soli</span> <span class='ocrx_word' id='word_1_73' title='bbox 902 1349 981 1377; x_wconf 78' lang='lat' dir='ltr'>loeus</span> <span class='ocrx_word' id='word_1_74' title='bbox 1002 1353 1043 1376; x_wconf 78' lang='lat' dir='ltr'>est</span> 
     </span>
     <span class='ocr_line' id='line_1_21' title="bbox 309 1389 1043 1430; baseline 0 -11"><span class='ocrx_word' id='word_1_75' title='bbox 309 1392 364 1428; x_wconf 83' lang='lat' dir='ltr'>(ut</span> <span class='ocrx_word' id='word_1_76' title='bbox 379 1391 414 1420; x_wconf 84' lang='lat' dir='ltr'>de</span> <span class='ocrx_word' id='word_1_77' title='bbox 434 1389 549 1420; x_wconf 68' lang='lat' dir='ltr'>Graecis</span> <span class='ocrx_word' id='word_1_78' title='bbox 568 1389 702 1430; x_wconf 85' lang='lat' dir='ltr'>loquar),</span> <span class='ocrx_word' id='word_1_79' title='bbox 723 1396 777 1419; x_wconf 81' lang='lat' dir='ltr'>aut</span> <span class='ocrx_word' id='word_1_80' title='bbox 796 1390 965 1424; x_wconf 76' lang='lat' dir='ltr'>Archiloco,</span> <span class='ocrx_word' id='word_1_81' title='bbox 988 1396 1043 1419; x_wconf 84' lang='lat' dir='ltr'>aut</span> 
     </span>
     <span class='ocr_line' id='line_1_22' title="bbox 309 1431 1040 1471; baseline 0 -11"><span class='ocrx_word' id='word_1_82' title='bbox 309 1431 455 1471; x_wconf 76' lang='lat' dir='ltr'>Sophocli,</span> <span class='ocrx_word' id='word_1_83' title='bbox 472 1438 527 1462; x_wconf 80' lang='lat' dir='ltr'>aut</span> <span class='ocrx_word' id='word_1_84' title='bbox 545 1432 689 1466; x_wconf 74' lang='lat' dir='ltr'>Pindaro,</span> <span class='ocrx_word' id='word_1_85' title='bbox 700 1433 749 1462; x_wconf 85' lang='lat' dir='ltr'>sed</span> <span class='ocrx_word' id='word_1_86' title='bbox 766 1433 869 1461; x_wconf 81' lang='lat' dir='ltr'>horum</span> <span class='ocrx_word' id='word_1_87' title='bbox 879 1433 924 1462; x_wconf 85' lang='lat' dir='ltr'>vel</span> <span class='ocrx_word' id='word_1_88' title='bbox 939 1442 1040 1461; x_wconf 80' lang='lat' dir='ltr'>secu-n-</span> 
     </span>
     <span class='ocr_line' id='line_1_23' title="bbox 309 1473 1041 1515; baseline 0 -12"><span class='ocrx_word' id='word_1_89' title='bbox 309 1474 368 1508; x_wconf 83' lang='lat' dir='ltr'>dis,</span> <span class='ocrx_word' id='word_1_90' title='bbox 383 1475 429 1504; x_wconf 83' lang='lat' dir='ltr'>vel</span> <span class='ocrx_word' id='word_1_91' title='bbox 445 1474 530 1515; x_wconf 65' lang='lat' dir='ltr'>i&#39;lfrss</span> <span class='ocrx_word' id='word_1_92' title='bbox 546 1476 699 1505; x_wconf 78' lang='lat' dir='ltr'>secundos.</span> <span class='ocrx_word' id='word_1_93' title='bbox 746 1473 797 1504; x_wconf 87' lang='lat' dir='ltr'>Cl.</span> <span class='ocrx_word' id='word_1_94' title='bbox 812 1473 942 1503; x_wconf 85' lang='lat' dir='ltr'>Mitsch.</span> <span class='ocrx_word' id='word_1_95' title='bbox 957 1483 1041 1503; x_wconf 83' lang='lat' dir='ltr'>com-</span> 
     </span>
     <span class='ocr_line' id='line_1_24' title="bbox 310 1515 1045 1557; baseline 0.001 -12"><span class='ocrx_word' id='word_1_96' title='bbox 310 1521 400 1556; x_wconf 83' lang='lat' dir='ltr'>parat</span> <span class='ocrx_word' id='word_1_97' title='bbox 413 1515 526 1557; x_wconf 83' lang='lat' dir='ltr'>Antip.</span> <span class='ocrx_word' id='word_1_98' title='bbox 545 1516 630 1550; x_wconf 85' lang='lat' dir='ltr'>xxiv,</span> <span class='ocrx_word' id='word_1_99' title='bbox 652 1517 672 1546; x_wconf 90' lang='lat'><strong>6</strong></span> <span class='ocrx_word' id='word_1_100' title='bbox 691 1525 761 1556; x_wconf 89' lang='lat' dir='ltr'><strong>sqq.</strong></span> <span class='ocrx_word' id='word_1_101' title='bbox 786 1515 918 1546; x_wconf 89' lang='lat' dir='ltr'>Anthol.</span> <span class='ocrx_word' id='word_1_102' title='bbox 942 1515 1045 1546; x_wconf 84' lang='lat' dir='ltr'>Graec.</span> 
     </span>
     <span class='ocr_line' id='line_1_25' title="bbox 309 1557 1044 1599; baseline 0.001 -12"><span class='ocrx_word' id='word_1_103' title='bbox 309 1557 348 1587; x_wconf 88' lang='lat' dir='ltr'>T.</span> <span class='ocrx_word' id='word_1_104' title='bbox 363 1557 397 1593; x_wconf 87' lang='lat' dir='ltr'>ii,</span> <span class='ocrx_word' id='word_1_105' title='bbox 413 1569 446 1599; x_wconf 88' lang='lat' dir='ltr'>p.</span> <span class='ocrx_word' id='word_1_106' title='bbox 465 1559 535 1592; x_wconf 87' lang='lat'>101,</span> <span class='ocrx_word' id='word_1_107' title='bbox 547 1557 574 1588; x_wconf 78' lang='grc' dir='ltr'>εἰ</span> <span class='ocrx_word' id='word_1_108' title='bbox 584 1557 609 1588; x_wconf 79' lang='grc' dir='ltr'>δ’</span> <span class='ocrx_word' id='word_1_109' title='bbox 623 1557 738 1598; x_wconf 82' lang='grc' dir='ltr'>ὕμνων</span> <span class='ocrx_word' id='word_1_110' title='bbox 754 1557 1044 1598; x_wconf 82' lang='grc' dir='ltr'>σκᾶπτρον”’ομη-</span> 
     </span>
     <span class='ocr_line' id='line_1_26' title="bbox 310 1598 1045 1641; baseline 0 -12"><span class='ocrx_word' id='word_1_111' title='bbox 310 1610 370 1640; x_wconf 88' lang='grc' dir='ltr'>ρος</span> <span class='ocrx_word' id='word_1_112' title='bbox 378 1599 459 1640; x_wconf 82' lang='grc' dir='ltr'>ἔχει,</span> <span class='ocrx_word' id='word_1_113' title='bbox 469 1599 524 1631; x_wconf 82' lang='grc' dir='ltr'>καὶ</span> <span class='ocrx_word' id='word_1_114' title='bbox 535 1600 614 1636; x_wconf 84' lang='grc' dir='ltr'><strong><em>Ζεύς</em></strong></span> <span class='ocrx_word' id='word_1_115' title='bbox 621 1611 672 1630; x_wconf 82' lang='grc' dir='ltr'>τοι</span> <span class='ocrx_word' id='word_1_116' title='bbox 681 1599 843 1641; x_wconf 80' lang='grc' dir='ltr'>κρείσσων</span> <span class='ocrx_word' id='word_1_117' title='bbox 853 1598 1045 1638; x_wconf 78' lang='grc' dir='ltr'>Ἐνοσίχθο-</span> 
     </span>
     <span class='ocr_line' id='line_1_27' title="bbox 309 1641 1045 1682; baseline 0 -11"><span class='ocrx_word' id='word_1_118' title='bbox 309 1651 379 1678; x_wconf 83' lang='grc' dir='ltr'>νος·</span> <span class='ocrx_word' id='word_1_119' title='bbox 397 1641 474 1672; x_wconf 83' lang='grc' dir='ltr'>ἀλλ’</span> <span class='ocrx_word' id='word_1_120' title='bbox 490 1641 702 1682; x_wconf 81' lang='grc' dir='ltr'>Ἐνοσίχθων</span> <span class='ocrx_word' id='word_1_121' title='bbox 715 1642 772 1672; x_wconf 82' lang='grc' dir='ltr'>τοῦ</span> <span class='ocrx_word' id='word_1_122' title='bbox 785 1642 846 1682; x_wconf 86' lang='grc' dir='ltr'>μὲν</span> <span class='ocrx_word' id='word_1_123' title='bbox 863 1641 918 1682; x_wconf 82' lang='grc' dir='ltr'>ἔφυ</span> <span class='ocrx_word' id='word_1_124' title='bbox 932 1643 1045 1682; x_wconf 82' lang='grc' dir='ltr'><em>μείων,</em></span> 
     </span>
     <span class='ocr_line' id='line_1_28' title="bbox 309 1682 1044 1722; baseline 0.003 -10"><span class='ocrx_word' id='word_1_125' title='bbox 309 1682 494 1715; x_wconf 78' lang='grc' dir='ltr'>ἀθανάτων</span> <span class='ocrx_word' id='word_1_126' title='bbox 509 1683 534 1714; x_wconf 88' lang='grc' dir='ltr'>δ’</span> <span class='ocrx_word' id='word_1_127' title='bbox 548 1683 687 1720; x_wconf 77' lang='grc' dir='ltr'>ὕπατος.</span> <span class='ocrx_word' id='word_1_128' title='bbox 718 1685 786 1714; x_wconf 83' lang='grc' dir='ltr'>Καὶ</span> <span class='ocrx_word' id='word_1_129' title='bbox 798 1683 923 1722; x_wconf 85' lang='grc' dir='ltr'>ναετὴρ</span> <span class='ocrx_word' id='word_1_130' title='bbox 938 1684 1044 1714; x_wconf 87' lang='grc' dir='ltr'>Κολο-</span> 
     </span>
     <span class='ocr_line' id='line_1_29' title="bbox 309 1724 1047 1767; baseline 0.001 -12"><span class='ocrx_word' id='word_1_131' title='bbox 309 1727 419 1766; x_wconf 80' lang='grc' dir='ltr'>φῶνος</span> <span class='ocrx_word' id='word_1_132' title='bbox 429 1725 628 1761; x_wconf 77' lang='grc' dir='ltr'>ὑπέζευκται</span> <span class='ocrx_word' id='word_1_133' title='bbox 638 1727 700 1767; x_wconf 79' lang='grc' dir='ltr'>μὲν</span> <span class='ocrx_word' id='word_1_134' title='bbox 708 1724 852 1767; x_wconf 78' lang='grc' dir='ltr'>Ὁμήρῳ,</span> <span class='ocrx_word' id='word_1_135' title='bbox 860 1724 1008 1766; x_wconf 80' lang='grc' dir='ltr'>Ἀγεῗται</span> <span class='ocrx_word' id='word_1_136' title='bbox 1019 1724 1047 1756; x_wconf 79' lang='grc' dir='ltr'>δ’</span> 
     </span>
     <span class='ocr_line' id='line_1_30' title="bbox 311 1766 1046 1810; baseline 0 -13"><span class='ocrx_word' id='word_1_137' title='bbox 311 1767 428 1799; x_wconf 82' lang='grc' dir='ltr'>ἄλλων</span> <span class='ocrx_word' id='word_1_138' title='bbox 446 1767 593 1805; x_wconf 84' lang='grc' dir='ltr'>πλάθεος</span> <span class='ocrx_word' id='word_1_139' title='bbox 611 1768 816 1810; x_wconf 86' lang='grc' dir='ltr'>ὑμνοπόλων</span> <span class='ocrx_word' id='word_1_140' title='bbox 837 1766 997 1809; x_wconf 74' lang='grc' dir='ltr'>[ἡμιθέων</span> <span class='ocrx_word' id='word_1_141' title='bbox 1013 1767 1046 1797; x_wconf 91' lang='lat' dir='ltr'>in</span> 
     </span>
     <span class='ocr_line' id='line_1_31' title="bbox 310 1809 1045 1851; baseline 0 -12"><span class='ocrx_word' id='word_1_142' title='bbox 310 1809 386 1840; x_wconf 80' lang='lat' dir='ltr'>edit.</span> <span class='ocrx_word' id='word_1_143' title='bbox 407 1809 568 1849; x_wconf 85' lang='lat' dir='ltr'>Mitsch.).</span> <span class='ocrx_word' id='word_1_144' title='bbox 615 1811 779 1840; x_wconf 76' lang='lat' dir='ltr'>Moeom&#39;us:</span> <span class='ocrx_word' id='word_1_145' title='bbox 802 1810 845 1840; x_wconf 85' lang='lat' dir='ltr'>cf.</span> <span class='ocrx_word' id='word_1_146' title='bbox 868 1819 937 1851; x_wconf 91' lang='lat' dir='ltr'>sup.</span> <span class='ocrx_word' id='word_1_147' title='bbox 959 1810 999 1840; x_wconf 88' lang='lat' dir='ltr'>ad</span> <span class='ocrx_word' id='word_1_148' title='bbox 1022 1810 1045 1845; x_wconf 86' lang='lat' dir='ltr'>i,</span> 
     </span>
     <span class='ocr_line' id='line_1_32' title="bbox 311 1852 1042 1894; baseline 0.001 -13"><span class='ocrx_word' id='word_1_149' title='bbox 311 1852 342 1886; x_wconf 89' lang='lat'>6,</span> <span class='ocrx_word' id='word_1_150' title='bbox 359 1852 391 1882; x_wconf 83' lang='lat'>2.</span> <span class='ocrx_word' id='word_1_151' title='bbox 437 1853 557 1883; x_wconf 81' lang='lat' dir='ltr'>Priores</span> <span class='ocrx_word' id='word_1_152' title='bbox 571 1855 660 1888; x_wconf 76' lang='lat' dir='ltr'>sedes,</span> <span class='ocrx_word' id='word_1_153' title='bbox 675 1852 809 1894; x_wconf 86' lang='lat' dir='ltr'>primum</span> <span class='ocrx_word' id='word_1_154' title='bbox 824 1852 942 1887; x_wconf 81' lang='lat' dir='ltr'>locum,</span> <span class='ocrx_word' id='word_1_155' title='bbox 961 1863 1042 1892; x_wconf 89' lang='grc' dir='ltr'>προ-</span> 
     </span>
     <span class='ocr_line' id='line_1_33' title="bbox 310 1892 1044 1931; baseline 0.001 -7"><span class='ocrx_word' id='word_1_156' title='bbox 310 1892 438 1931; x_wconf 79' lang='grc' dir='ltr'>εδρίαν.</span> <span class='ocrx_word' id='word_1_157' title='bbox 485 1895 548 1925; x_wconf 82' lang='lat' dir='ltr'>Ceae</span> <span class='ocrx_word' id='word_1_158' title='bbox 576 1894 722 1929; x_wconf 81' lang='lat' dir='ltr'>Camenae,</span> <span class='ocrx_word' id='word_1_159' title='bbox 754 1893 948 1925; x_wconf 84' lang='lat' dir='ltr'>Simonides:</span> <span class='ocrx_word' id='word_1_160' title='bbox 979 1893 1044 1925; x_wconf 90' lang='lat' dir='ltr'>vid.</span> 
     </span>
     <span class='ocr_line' id='line_1_34' title="bbox 311 1935 1042 1977; baseline 0.001 -12"><span class='ocrx_word' id='word_1_161' title='bbox 311 1935 351 1966; x_wconf 86' lang='lat' dir='ltr'>ad</span> <span class='ocrx_word' id='word_1_162' title='bbox 368 1935 402 1972; x_wconf 90' lang='lat' dir='ltr'>ii,</span> <span class='ocrx_word' id='word_1_163' title='bbox 420 1938 449 1970; x_wconf 89' lang='lat'>1.</span> <span class='ocrx_word' id='word_1_164' title='bbox 467 1936 520 1966; x_wconf 88' lang='grc'>38.</span> <span class='ocrx_word' id='word_1_165' title='bbox 567 1937 658 1967; x_wconf 79' lang='lat' dir='ltr'>Alcaei</span> <span class='ocrx_word' id='word_1_166' title='bbox 673 1938 819 1967; x_wconf 78' lang='lat' dir='ltr'>minaces:</span> <span class='ocrx_word' id='word_1_167' title='bbox 843 1935 968 1977; x_wconf 86' lang='lat' dir='ltr'>respicit</span> <span class='ocrx_word' id='word_1_168' title='bbox 984 1936 1042 1966; x_wconf 92' lang='grc' dir='ltr'>ΑΙ-</span> 
     </span>
     <span class='ocr_line' id='line_1_35' title="bbox 310 1977 1043 2019; baseline 0.001 -12"><span class='ocrx_word' id='word_1_169' title='bbox 310 1977 368 2008; x_wconf 83' lang='lat' dir='ltr'>caei</span> <span class='ocrx_word' id='word_1_170' title='bbox 391 1977 542 2013; x_wconf 81' lang='lat' dir='ltr'>carmina,</span> <span class='ocrx_word' id='word_1_171' title='bbox 558 1977 611 2008; x_wconf 90' lang='lat' dir='ltr'>irae</span> <span class='ocrx_word' id='word_1_172' title='bbox 630 1983 661 2008; x_wconf 90' lang='lat' dir='ltr'>et</span> <span class='ocrx_word' id='word_1_173' title='bbox 683 1977 862 2008; x_wconf 84' lang='lat' dir='ltr'>acerbitatis</span> <span class='ocrx_word' id='word_1_174' title='bbox 882 1977 914 2008; x_wconf 91' lang='lat' dir='ltr'>in</span> <span class='ocrx_word' id='word_1_175' title='bbox 937 1984 1043 2019; x_wconf 88' lang='lat' dir='ltr'>tyran-</span> 
     </span>
     <span class='ocr_line' id='line_1_36' title="bbox 313 2019 1044 2061; baseline 0.003 -12"><span class='ocrx_word' id='word_1_176' title='bbox 313 2029 381 2057; x_wconf 86' lang='lat' dir='ltr'>nos,</span> <span class='ocrx_word' id='word_1_177' title='bbox 406 2019 574 2061; x_wconf 89' lang='lat' dir='ltr'>Myrsilum</span> <span class='ocrx_word' id='word_1_178' title='bbox 600 2024 630 2050; x_wconf 85' lang='lat' dir='ltr'>et</span> <span class='ocrx_word' id='word_1_179' title='bbox 659 2020 829 2057; x_wconf 76' lang='lat' dir='ltr'>Pittacum,</span> <span class='ocrx_word' id='word_1_180' title='bbox 852 2030 870 2050; x_wconf 87' lang='lat' dir='ltr'>a</span> <span class='ocrx_word' id='word_1_181' title='bbox 891 2020 1006 2061; x_wconf 88' lang='lat' dir='ltr'>quibus</span> <span class='ocrx_word' id='word_1_182' title='bbox 1027 2030 1044 2052; x_wconf 91' lang='lat' dir='ltr'>e</span> 
     </span>
     <span class='ocr_line' id='line_1_37' title="bbox 311 2061 1044 2103; baseline 0.001 -11"><span class='ocrx_word' id='word_1_183' title='bbox 311 2062 413 2103; x_wconf 83' lang='lat' dir='ltr'>patria</span> <span class='ocrx_word' id='word_1_184' title='bbox 442 2062 592 2103; x_wconf 84' lang='lat' dir='ltr'>expulsus</span> <span class='ocrx_word' id='word_1_185' title='bbox 622 2062 734 2098; x_wconf 83' lang='lat' dir='ltr'>fuerat,</span> <span class='ocrx_word' id='word_1_186' title='bbox 767 2061 966 2103; x_wconf 86' lang='lat' dir='ltr'>plenissima:</span> <span class='ocrx_word' id='word_1_187' title='bbox 1002 2063 1044 2094; x_wconf 87' lang='lat' dir='ltr'>cf.</span> 
     </span>
     <span class='ocr_line' id='line_1_38' title="bbox 311 2102 1046 2145; baseline 0 -11"><span class='ocrx_word' id='word_1_188' title='bbox 311 2113 381 2145; x_wconf 88' lang='lat' dir='ltr'>sup.</span> <span class='ocrx_word' id='word_1_189' title='bbox 403 2103 443 2134; x_wconf 87' lang='lat' dir='ltr'>ad</span> <span class='ocrx_word' id='word_1_190' title='bbox 467 2102 500 2139; x_wconf 84' lang='lat' dir='ltr'>ii,</span> <span class='ocrx_word' id='word_1_191' title='bbox 529 2105 579 2139; x_wconf 85' lang='lat'>13,</span> <span class='ocrx_word' id='word_1_192' title='bbox 602 2105 656 2134; x_wconf 87' lang='lat'>27.</span> <span class='ocrx_word' id='word_1_193' title='bbox 707 2104 920 2143; x_wconf 79' lang='lat' dir='ltr'>Stesichorique</span> <span class='ocrx_word' id='word_1_194' title='bbox 939 2115 1046 2145; x_wconf 81' lang='lat' dir='ltr'>graves</span> 
     </span>
     <span class='ocr_line' id='line_1_39' title="bbox 315 2145 1045 2186; baseline 0 -10"><span class='ocrx_word' id='word_1_195' title='bbox 315 2146 471 2182; x_wconf 66' lang='lat' dir='ltr'>comm,-</span> <span class='ocrx_word' id='word_1_196' title='bbox 504 2155 618 2186; x_wconf 85' lang='lat' dir='ltr'>magna</span> <span class='ocrx_word' id='word_1_197' title='bbox 648 2145 731 2175; x_wconf 85' lang='lat' dir='ltr'>enim</span> <span class='ocrx_word' id='word_1_198' title='bbox 758 2145 827 2186; x_wconf 85' lang='lat' dir='ltr'>ejus</span> <span class='ocrx_word' id='word_1_199' title='bbox 856 2147 1045 2176; x_wconf 81' lang='lat' dir='ltr'>carminibus</span> 
     </span>
     <span class='ocr_line' id='line_1_40' title="bbox 312 2186 1043 2229; baseline 0.001 -12"><span class='ocrx_word' id='word_1_200' title='bbox 312 2189 446 2228; x_wconf 85' lang='lat' dir='ltr'>gravitas</span> <span class='ocrx_word' id='word_1_201' title='bbox 461 2193 492 2218; x_wconf 83' lang='lat' dir='ltr'>et</span> <span class='ocrx_word' id='word_1_202' title='bbox 507 2187 656 2228; x_wconf 70' lang='lat' dir='ltr'>dignitasi.</span> <span class='ocrx_word' id='word_1_203' title='bbox 681 2186 966 2229; x_wconf 80' lang='grc' dir='ltr'>μεγαλοπρέπεια,</span> <span class='ocrx_word' id='word_1_204' title='bbox 989 2189 1043 2218; x_wconf 91' lang='lat' dir='ltr'>tri-</span> 
     </span>
     <span class='ocr_line' id='line_1_41' title="bbox 311 2228 1044 2269; baseline 0.001 -9"><span class='ocrx_word' id='word_1_205' title='bbox 311 2229 438 2260; x_wconf 82' lang='lat' dir='ltr'>buitur:</span> <span class='ocrx_word' id='word_1_206' title='bbox 472 2229 533 2260; x_wconf 90' lang='lat' dir='ltr'>vid.</span> <span class='ocrx_word' id='word_1_207' title='bbox 559 2228 693 2266; x_wconf 87' lang='lat' dir='ltr'>Quintil.</span> <span class='ocrx_word' id='word_1_208' title='bbox 719 2230 775 2260; x_wconf 88' lang='lat' dir='ltr'>Or.</span> <span class='ocrx_word' id='word_1_209' title='bbox 797 2229 818 2266; x_wconf 88' lang='lat' dir='ltr'>i,</span> <span class='ocrx_word' id='word_1_210' title='bbox 846 2230 894 2259; x_wconf 92' lang='grc'>10.</span> <span class='ocrx_word' id='word_1_211' title='bbox 939 2230 1044 2269; x_wconf 78' lang='lat' dir='ltr'>Spirat</span> 
     </span>
     <span class='ocr_line' id='line_1_42' title="bbox 311 2271 1043 2313; baseline 0.001 -11"><span class='ocrx_word' id='word_1_212' title='bbox 311 2273 411 2302; x_wconf 80' lang='lat' dir='ltr'>adhuc</span> <span class='ocrx_word' id='word_1_213' title='bbox 434 2283 526 2309; x_wconf 81' lang='lat' dir='ltr'>amor,</span> <span class='ocrx_word' id='word_1_214' title='bbox 545 2276 618 2302; x_wconf 86' lang='lat' dir='ltr'>cett.</span> <span class='ocrx_word' id='word_1_215' title='bbox 635 2271 667 2301; x_wconf 93' lang='lat' dir='ltr'>in</span> <span class='ocrx_word' id='word_1_216' title='bbox 684 2271 830 2313; x_wconf 83' lang='lat' dir='ltr'>Sapphus</span> <span class='ocrx_word' id='word_1_217' title='bbox 851 2271 1043 2303; x_wconf 84' lang='lat' dir='ltr'>carminibus</span> 
     </span>
     <span class='ocr_line' id='line_1_43' title="bbox 312 2313 1042 2355; baseline 0.001 -11"><span class='ocrx_word' id='word_1_218' title='bbox 312 2313 415 2344; x_wconf 86' lang='lat' dir='ltr'>adhuc</span> <span class='ocrx_word' id='word_1_219' title='bbox 439 2313 558 2344; x_wconf 84' lang='lat' dir='ltr'>fervent</span> <span class='ocrx_word' id='word_1_220' title='bbox 583 2313 653 2354; x_wconf 85' lang='lat' dir='ltr'>ejus</span> <span class='ocrx_word' id='word_1_221' title='bbox 679 2323 811 2350; x_wconf 79' lang='lat' dir='ltr'>amoreS,</span> <span class='ocrx_word' id='word_1_222' title='bbox 840 2323 897 2344; x_wconf 86' lang='lat' dir='ltr'>nec</span> <span class='ocrx_word' id='word_1_223' title='bbox 921 2318 1042 2355; x_wconf 86' lang='lat' dir='ltr'>tempus</span> 
     </span>
     <span class='ocr_line' id='line_1_44' title="bbox 311 2355 1044 2397; baseline 0.001 -11"><span class='ocrx_word' id='word_1_224' title='bbox 311 2355 462 2387; x_wconf 81' lang='lat' dir='ltr'>exstinxit</span> <span class='ocrx_word' id='word_1_225' title='bbox 477 2356 572 2386; x_wconf 88' lang='lat' dir='ltr'>animi</span> <span class='ocrx_word' id='word_1_226' title='bbox 587 2355 718 2390; x_wconf 84' lang='lat' dir='ltr'>calores,</span> <span class='ocrx_word' id='word_1_227' title='bbox 730 2365 809 2396; x_wconf 88' lang='lat' dir='ltr'>quos</span> <span class='ocrx_word' id='word_1_228' title='bbox 824 2355 875 2385; x_wconf 82' lang='lat' dir='ltr'>illa</span> <span class='ocrx_word' id='word_1_229' title='bbox 893 2366 962 2386; x_wconf 89' lang='lat' dir='ltr'>cum</span> <span class='ocrx_word' id='word_1_230' title='bbox 978 2356 1044 2397; x_wconf 86' lang='lat' dir='ltr'>lyra</span> 
     </span>
     <span class='ocr_line' id='line_1_45' title="bbox 312 2397 1042 2438; baseline 0 -10"><span class='ocrx_word' id='word_1_231' title='bbox 312 2408 370 2428; x_wconf 88' lang='lat' dir='ltr'>sua</span> <span class='ocrx_word' id='word_1_232' title='bbox 391 2397 647 2433; x_wconf 87' lang='lat' dir='ltr'>communicavit,</span> <span class='ocrx_word' id='word_1_233' title='bbox 671 2397 702 2427; x_wconf 87' lang='lat' dir='ltr'>h.</span> <span class='ocrx_word' id='word_1_234' title='bbox 716 2407 746 2428; x_wconf 91' lang='lat' dir='ltr'>e.</span> <span class='ocrx_word' id='word_1_235' title='bbox 772 2398 811 2427; x_wconf 84' lang='lat' dir='ltr'>ad</span> <span class='ocrx_word' id='word_1_236' title='bbox 833 2398 930 2438; x_wconf 89' lang='lat' dir='ltr'>lyram</span> <span class='ocrx_word' id='word_1_237' title='bbox 955 2408 1042 2428; x_wconf 84' lang='lat' dir='ltr'>suam</span> 
     </span>
     <span class='ocr_line' id='line_1_46' title="bbox 311 2439 1044 2482; baseline 0 -11"><span class='ocrx_word' id='word_1_238' title='bbox 311 2440 482 2482; x_wconf 80' lang='lat' dir='ltr'>expressit3</span> <span class='ocrx_word' id='word_1_239' title='bbox 506 2439 652 2481; x_wconf 87' lang='lat' dir='ltr'>praeclare</span> <span class='ocrx_word' id='word_1_240' title='bbox 672 2449 725 2480; x_wconf 88' lang='lat' dir='ltr'>pro</span> <span class='ocrx_word' id='word_1_241' title='bbox 745 2439 876 2480; x_wconf 86' lang='lat' dir='ltr'>vulgari,</span> <span class='ocrx_word' id='word_1_242' title='bbox 899 2440 1044 2481; x_wconf 88' lang='lat' dir='ltr'>Sapphus</span> 
     </span>
     <span class='ocr_line' id='line_1_47' title="bbox 311 2480 1043 2523; baseline 0.001 -11"><span class='ocrx_word' id='word_1_243' title='bbox 311 2481 449 2512; x_wconf 85' lang='lat' dir='ltr'>carmina</span> <span class='ocrx_word' id='word_1_244' title='bbox 472 2481 631 2516; x_wconf 80' lang='lat' dir='ltr'>amatoria,</span> <span class='ocrx_word' id='word_1_245' title='bbox 647 2480 797 2523; x_wconf 82' lang='grc' dir='ltr'><strong>ᾄσματα,</strong></span> <span class='ocrx_word' id='word_1_246' title='bbox 820 2482 926 2522; x_wconf 86' lang='lat' dir='ltr'>vigent</span> <span class='ocrx_word' id='word_1_247' title='bbox 942 2483 1043 2513; x_wconf 88' lang='lat' dir='ltr'>adhuc</span> 
     </span>
     <span class='ocr_line' id='line_1_48' title="bbox 310 2523 1045 2566; baseline 0.001 -12"><span class='ocrx_word' id='word_1_248' title='bbox 310 2529 343 2555; x_wconf 86' lang='lat' dir='ltr'>et</span> <span class='ocrx_word' id='word_1_249' title='bbox 365 2524 397 2554; x_wconf 91' lang='lat' dir='ltr'>in</span> <span class='ocrx_word' id='word_1_250' title='bbox 420 2534 477 2554; x_wconf 86' lang='lat' dir='ltr'>suo</span> <span class='ocrx_word' id='word_1_251' title='bbox 503 2523 586 2565; x_wconf 88' lang='lat' dir='ltr'>apud</span> <span class='ocrx_word' id='word_1_252' title='bbox 614 2530 753 2565; x_wconf 78' lang='lat' dir='ltr'>posteros</span> <span class='ocrx_word' id='word_1_253' title='bbox 780 2529 907 2555; x_wconf 79' lang='lat' dir='ltr'>manent</span> <span class='ocrx_word' id='word_1_254' title='bbox 935 2524 1045 2566; x_wconf 89' lang='lat' dir='ltr'>pretio.</span> 
     </span>
     <span class='ocr_line' id='line_1_49' title="bbox 315 2565 1043 2608; baseline 0.001 -12"><span class='ocrx_word' id='word_1_255' title='bbox 315 2566 494 2606; x_wconf 80' lang='lat' dir='ltr'>Vivuntque,</span> <span class='ocrx_word' id='word_1_256' title='bbox 524 2572 556 2596; x_wconf 92' lang='lat' dir='ltr'>et</span> <span class='ocrx_word' id='word_1_257' title='bbox 583 2575 704 2607; x_wconf 85' lang='lat' dir='ltr'>semper</span> <span class='ocrx_word' id='word_1_258' title='bbox 733 2565 853 2601; x_wconf 85' lang='lat' dir='ltr'>ardent,</span> <span class='ocrx_word' id='word_1_259' title='bbox 880 2576 1043 2608; x_wconf 87' lang='lat' dir='ltr'>nunquam</span> 
     </span>
     <span class='ocr_line' id='line_1_50' title="bbox 309 2607 1046 2649; baseline 0.001 -11"><span class='ocrx_word' id='word_1_260' title='bbox 309 2608 561 2648; x_wconf 86' lang='lat' dir='ltr'>exstinguuntur,</span> <span class='ocrx_word' id='word_1_261' title='bbox 577 2607 699 2648; x_wconf 81' lang='lat' dir='ltr'>egregie</span> <span class='ocrx_word' id='word_1_262' title='bbox 719 2609 759 2638; x_wconf 85' lang='lat' dir='ltr'>ad</span> <span class='ocrx_word' id='word_1_263' title='bbox 780 2618 864 2645; x_wconf 88' lang='lat' dir='ltr'>rem;</span> <span class='ocrx_word' id='word_1_264' title='bbox 887 2609 1046 2649; x_wconf 81' lang='lat' dir='ltr'>eleganter</span> 
     </span>
     <span class='ocr_line' id='line_1_51' title="bbox 309 2650 1042 2691; baseline 0.001 -11"><span class='ocrx_word' id='word_1_265' title='bbox 309 2650 391 2681; x_wconf 91' lang='lat' dir='ltr'>enim</span> <span class='ocrx_word' id='word_1_266' title='bbox 417 2660 478 2681; x_wconf 92' lang='lat' dir='ltr'>non</span> <span class='ocrx_word' id='word_1_267' title='bbox 500 2655 621 2680; x_wconf 89' lang='lat' dir='ltr'>tantum</span> <span class='ocrx_word' id='word_1_268' title='bbox 646 2650 734 2690; x_wconf 88' lang='lat' dir='ltr'>ignes</span> <span class='ocrx_word' id='word_1_269' title='bbox 754 2660 874 2691; x_wconf 87' lang='lat' dir='ltr'>semper</span> <span class='ocrx_word' id='word_1_270' title='bbox 889 2651 1042 2688; x_wconf 83' lang='lat' dir='ltr'>ardentes,</span> 
     </span>
     <span class='ocr_line' id='line_1_52' title="bbox 309 2692 1041 2733; baseline 0.003 -11"><span class='ocrx_word' id='word_1_271' title='bbox 309 2692 364 2724; x_wconf 89' lang='lat' dir='ltr'>sed</span> <span class='ocrx_word' id='word_1_272' title='bbox 384 2692 522 2723; x_wconf 78' lang='lat' dir='ltr'>carmina</span> <span class='ocrx_word' id='word_1_273' title='bbox 540 2702 664 2733; x_wconf 89' lang='lat' dir='ltr'>quoque</span> <span class='ocrx_word' id='word_1_274' title='bbox 681 2702 802 2732; x_wconf 86' lang='lat' dir='ltr'>semper</span> <span class='ocrx_word' id='word_1_275' title='bbox 819 2692 975 2728; x_wconf 87' lang='lat' dir='ltr'>durantia,</span> <span class='ocrx_word' id='word_1_276' title='bbox 997 2696 1041 2724; x_wconf 87' lang='grc' dir='ltr'>υἰ-</span> 
     </span>
     <span class='ocr_line' id='line_1_53' title="bbox 307 2733 1041 2775; baseline 0.001 -10"><span class='ocrx_word' id='word_1_277' title='bbox 307 2745 374 2765; x_wconf 80' lang='lat' dir='ltr'>vere</span> <span class='ocrx_word' id='word_1_278' title='bbox 388 2734 550 2765; x_wconf 83' lang='lat' dir='ltr'>dicuntur:</span> <span class='ocrx_word' id='word_1_279' title='bbox 575 2734 617 2765; x_wconf 84' lang='lat' dir='ltr'>cf.</span> <span class='ocrx_word' id='word_1_280' title='bbox 637 2745 707 2775; x_wconf 89' lang='lat' dir='ltr'>sup.</span> <span class='ocrx_word' id='word_1_281' title='bbox 729 2734 769 2764; x_wconf 89' lang='lat' dir='ltr'>ad</span> <span class='ocrx_word' id='word_1_282' title='bbox 786 2733 807 2770; x_wconf 86' lang='lat' dir='ltr'>i,</span> <span class='ocrx_word' id='word_1_283' title='bbox 823 2735 876 2769; x_wconf 80' lang='lat'>32,</span> <span class='ocrx_word' id='word_1_284' title='bbox 892 2735 924 2764; x_wconf 87' lang='lat'>3.</span> <span class='ocrx_word' id='word_1_285' title='bbox 971 2736 1041 2766; x_wconf 87' lang='lat' dir='ltr'>AEo·</span> 
     </span>
     <span class='ocr_line' id='line_1_54' title="bbox 309 2776 1040 2816; baseline 0.001 -9"><span class='ocrx_word' id='word_1_286' title='bbox 309 2778 356 2807; x_wconf 78' lang='lat' dir='ltr'>liae</span> <span class='ocrx_word' id='word_1_287' title='bbox 370 2777 490 2816; x_wconf 82' lang='lat' dir='ltr'>puellae.</span> <span class='ocrx_word' id='word_1_288' title='bbox 502 2787 564 2807; x_wconf 90' lang='lat' dir='ltr'>non</span> <span class='ocrx_word' id='word_1_289' title='bbox 578 2776 611 2806; x_wconf 92' lang='lat' dir='ltr'>in</span> <span class='ocrx_word' id='word_1_290' title='bbox 621 2785 696 2807; x_wconf 86' lang='lat' dir='ltr'>casu</span> <span class='ocrx_word' id='word_1_291' title='bbox 707 2776 857 2811; x_wconf 89' lang='lat' dir='ltr'>secundo,</span> <span class='ocrx_word' id='word_1_292' title='bbox 873 2776 927 2807; x_wconf 91' lang='lat' dir='ltr'>sed</span> <span class='ocrx_word' id='word_1_293' title='bbox 939 2778 1040 2814; x_wconf 88' lang='lat' dir='ltr'>tertio,</span> 
     </span>
     <span class='ocr_line' id='line_1_55' title="bbox 309 2818 1039 2860; baseline 0.003 -12"><span class='ocrx_word' id='word_1_294' title='bbox 309 2829 376 2860; x_wconf 87' lang='lat' dir='ltr'>pro,</span> <span class='ocrx_word' id='word_1_295' title='bbox 399 2819 439 2850; x_wconf 83' lang='lat' dir='ltr'>ab</span> <span class='ocrx_word' id='word_1_296' title='bbox 466 2818 573 2850; x_wconf 83' lang='lat' dir='ltr'>AEolia</span> <span class='ocrx_word' id='word_1_297' title='bbox 595 2818 710 2860; x_wconf 86' lang='lat' dir='ltr'>puella,</span> <span class='ocrx_word' id='word_1_298' title='bbox 733 2818 815 2859; x_wconf 85' lang='lat' dir='ltr'>(vid.</span> <span class='ocrx_word' id='word_1_299' title='bbox 836 2828 906 2860; x_wconf 88' lang='lat' dir='ltr'>sup.</span> <span class='ocrx_word' id='word_1_300' title='bbox 930 2818 964 2855; x_wconf 92' lang='lat' dir='ltr'>ii,</span> <span class='ocrx_word' id='word_1_301' title='bbox 991 2821 1039 2856; x_wconf 87' lang='lat'>13,</span> 
     </span>
     <span class='ocr_line' id='line_1_56' title="bbox 305 2860 624 2903; baseline -0.003 -12"><span class='ocrx_word' id='word_1_302' title='bbox 305 2860 379 2900; x_wconf 82' lang='lat'>24.)</span> <span class='ocrx_word' id='word_1_303' title='bbox 395 2860 624 2903; x_wconf 78' lang='lat' dir='ltr'>accipiendum.</span> 
     </span>
    </p>

    <p class='ocr_par' dir='ltr' id='par_1_12' title="bbox 308 2901 1038 2987">
     <span class='ocr_line' id='line_1_57' title="bbox 353 2901 1038 2934; baseline 0 0"><span class='ocrx_word' id='word_1_304' title='bbox 353 2904 488 2934; x_wconf 77' lang='lat'>13—24.</span> <span class='ocrx_word' id='word_1_305' title='bbox 519 2903 567 2933; x_wconf 89' lang='lat' dir='ltr'>De</span> <span class='ocrx_word' id='word_1_306' title='bbox 600 2901 822 2933; x_wconf 86' lang='lat' dir='ltr'>sententiarum</span> <span class='ocrx_word' id='word_1_307' title='bbox 856 2913 941 2932; x_wconf 88' lang='lat' dir='ltr'>nexu</span> <span class='ocrx_word' id='word_1_308' title='bbox 976 2902 1038 2934; x_wconf 81' lang='lat' dir='ltr'>vid.</span> 
     </span>
     <span class='ocr_line' id='line_1_58' title="bbox 308 2945 1037 2987; baseline 0.001 -11"><span class='ocrx_word' id='word_1_309' title='bbox 308 2955 428 2987; x_wconf 80' lang='lat' dir='ltr'>argum.</span> <span class='ocrx_word' id='word_1_310' title='bbox 474 2945 543 2976; x_wconf 88' lang='lat' dir='ltr'>Non</span> <span class='ocrx_word' id='word_1_311' title='bbox 564 2946 623 2976; x_wconf 81' lang='lat' dir='ltr'>sola</span> <span class='ocrx_word' id='word_1_312' title='bbox 647 2952 752 2976; x_wconf 75' lang='lat' dir='ltr'>comtos</span> <span class='ocrx_word' id='word_1_313' title='bbox 768 2947 853 2980; x_wconf 83' lang='lat' dir='ltr'>arsit,</span> <span class='ocrx_word' id='word_1_314' title='bbox 877 2950 952 2977; x_wconf 84' lang='lat' dir='ltr'>cett.</span> <span class='ocrx_word' id='word_1_315' title='bbox 974 2955 1037 2977; x_wconf 88' lang='lat' dir='ltr'>non</span> 
     </span>
    </p>
   </div>
   <div class='ocr_carea' id='block_1_11' title="bbox 1080 1345 1870 2986">
    <p class='ocr_par' dir='ltr' id='par_1_13' title="bbox 1080 1345 1870 2986">
     <span class='ocr_line' id='line_1_59' title="bbox 1086 1345 1820 1389; baseline 0.004 -14"><span class='ocrx_word' id='word_1_316' title='bbox 1086 1345 1223 1377; x_wconf 87' lang='lat' dir='ltr'>dubitari</span> <span class='ocrx_word' id='word_1_317' title='bbox 1246 1352 1359 1388; x_wconf 88' lang='lat' dir='ltr'>potest,</span> <span class='ocrx_word' id='word_1_318' title='bbox 1376 1346 1430 1383; x_wconf 88' lang='lat' dir='ltr'>ait,</span> <span class='ocrx_word' id='word_1_319' title='bbox 1446 1346 1521 1389; x_wconf 90' lang='lat' dir='ltr'>quin</span> <span class='ocrx_word' id='word_1_320' title='bbox 1538 1351 1648 1389; x_wconf 80' lang='lat' dir='ltr'>praeter</span> <span class='ocrx_word' id='word_1_321' title='bbox 1666 1346 1820 1379; x_wconf 80' lang='lat' dir='ltr'>Helenam</span> 
     </span>
     <span class='ocr_line' id='line_1_60' title="bbox 1088 1388 1822 1430; baseline 0.003 -12"><span class='ocrx_word' id='word_1_322' title='bbox 1088 1388 1192 1428; x_wconf 89' lang='lat' dir='ltr'>plures</span> <span class='ocrx_word' id='word_1_323' title='bbox 1202 1388 1325 1420; x_wconf 85' lang='lat' dir='ltr'>feminae</span> <span class='ocrx_word' id='word_1_324' title='bbox 1337 1389 1460 1420; x_wconf 82' lang='lat' dir='ltr'>formosi</span> <span class='ocrx_word' id='word_1_325' title='bbox 1472 1389 1523 1430; x_wconf 85' lang='lat' dir='ltr'>cuj</span> <span class='ocrx_word' id='word_1_326' title='bbox 1529 1390 1637 1420; x_wconf 76' lang='lat' dir='ltr'>usdam</span> <span class='ocrx_word' id='word_1_327' title='bbox 1646 1394 1679 1420; x_wconf 84' lang='lat' dir='ltr'>et</span> <span class='ocrx_word' id='word_1_328' title='bbox 1693 1395 1822 1421; x_wconf 85' lang='lat' dir='ltr'>externo</span> 
     </span>
     <span class='ocr_line' id='line_1_61' title="bbox 1086 1430 1819 1473; baseline 0.004 -14"><span class='ocrx_word' id='word_1_329' title='bbox 1086 1430 1250 1471; x_wconf 83' lang='lat' dir='ltr'>splendore</span> <span class='ocrx_word' id='word_1_330' title='bbox 1269 1432 1430 1473; x_wconf 86' lang='lat' dir='ltr'>conspicui</span> <span class='ocrx_word' id='word_1_331' title='bbox 1448 1430 1574 1472; x_wconf 84' lang='lat' dir='ltr'>juvenis</span> <span class='ocrx_word' id='word_1_332' title='bbox 1597 1441 1700 1462; x_wconf 84' lang='lat' dir='ltr'>amore</span> <span class='ocrx_word' id='word_1_333' title='bbox 1718 1437 1819 1473; x_wconf 84' lang='lat' dir='ltr'>captae</span> 
     </span>
     <span class='ocr_line' id='line_1_62' title="bbox 1086 1471 1822 1509; baseline 0.001 -8"><span class='ocrx_word' id='word_1_334' title='bbox 1086 1471 1220 1502; x_wconf 79' lang='lat' dir='ltr'>fuerint:</span> <span class='ocrx_word' id='word_1_335' title='bbox 1246 1473 1287 1503; x_wconf 82' lang='lat' dir='ltr'>cf.</span> <span class='ocrx_word' id='word_1_336' title='bbox 1302 1475 1437 1504; x_wconf 60' lang='lat' dir='ltr'>innsat.</span> <span class='ocrx_word' id='word_1_337' title='bbox 1450 1473 1472 1508; x_wconf 87' lang='lat' dir='ltr'>i,</span> <span class='ocrx_word' id='word_1_338' title='bbox 1485 1474 1517 1509; x_wconf 86' lang='lat'>3,</span> <span class='ocrx_word' id='word_1_339' title='bbox 1533 1474 1607 1504; x_wconf 88' lang='lat'>107.</span> <span class='ocrx_word' id='word_1_340' title='bbox 1645 1474 1728 1504; x_wconf 78' lang='lat' dir='ltr'>Arsit</span> <span class='ocrx_word' id='word_1_341' title='bbox 1743 1485 1822 1504; x_wconf 82' lang='lat' dir='ltr'>com.</span> 
     </span>
     <span class='ocr_line' id='line_1_63' title="bbox 1090 1514 1820 1550; baseline 0.005 -7"><span class='ocrx_word' id='word_1_342' title='bbox 1090 1520 1132 1543; x_wconf 82' lang='lat' dir='ltr'>tos</span> <span class='ocrx_word' id='word_1_343' title='bbox 1147 1517 1244 1545; x_wconf 79' lang='lat' dir='ltr'>crines</span> <span class='ocrx_word' id='word_1_344' title='bbox 1257 1516 1405 1550; x_wconf 72' lang='lat' dir='ltr'>adulteri,</span> <span class='ocrx_word' id='word_1_345' title='bbox 1421 1514 1587 1545; x_wconf 80' lang='lat' dir='ltr'>formosum</span> <span class='ocrx_word' id='word_1_346' title='bbox 1602 1514 1748 1546; x_wconf 77' lang='lat' dir='ltr'>Paridem</span> <span class='ocrx_word' id='word_1_347' title='bbox 1765 1515 1820 1547; x_wconf 87' lang='lat' dir='ltr'>de-</span> 
     </span>
     <span class='ocr_line' id='line_1_64' title="bbox 1089 1555 1822 1599; baseline 0.004 -14"><span class='ocrx_word' id='word_1_348' title='bbox 1089 1555 1190 1596; x_wconf 89' lang='lat' dir='ltr'>periit.</span> <span class='ocrx_word' id='word_1_349' title='bbox 1237 1558 1331 1587; x_wconf 79' lang='lat' dir='ltr'>Comti</span> <span class='ocrx_word' id='word_1_350' title='bbox 1350 1557 1468 1587; x_wconf 79' lang='lat' dir='ltr'>Crines.</span> <span class='ocrx_word' id='word_1_351' title='bbox 1490 1566 1560 1599; x_wconf 82' lang='lat' dir='ltr'>pars</span> <span class='ocrx_word' id='word_1_352' title='bbox 1602 1556 1822 1588; x_wconf 86' lang='lat' dir='ltr'>ulchritudinis</span> 
     </span>
     <span class='ocr_line' id='line_1_65' title="bbox 1089 1598 1870 1640; baseline 0.006 -13"><span class='ocrx_word' id='word_1_353' title='bbox 1089 1607 1144 1638; x_wconf 88' lang='lat' dir='ltr'>pro</span> <span class='ocrx_word' id='word_1_354' title='bbox 1166 1598 1251 1629; x_wconf 87' lang='lat' dir='ltr'>omni</span> <span class='ocrx_word' id='word_1_355' title='bbox 1273 1598 1526 1640; x_wconf 82' lang='lat' dir='ltr'>pulchritudine3</span> <span class='ocrx_word' id='word_1_356' title='bbox 1549 1608 1568 1629; x_wconf 80' lang='lat' dir='ltr'>a</span> <span class='ocrx_word' id='word_1_357' title='bbox 1615 1598 1822 1640; x_wconf 85' lang='lat' dir='ltr'>pulchritudi-</span> <span class='ocrx_word' id='word_1_358' title='bbox 1861 1625 1870 1633; x_wconf 87' lang='lat'>.</span> 
     </span>
     <span class='ocr_line' id='line_1_66' title="bbox 1089 1638 1820 1682; baseline 0.005 -14"><span class='ocrx_word' id='word_1_359' title='bbox 1089 1638 1150 1674; x_wconf 88' lang='lat' dir='ltr'>nis,</span> <span class='ocrx_word' id='word_1_360' title='bbox 1163 1650 1225 1680; x_wconf 92' lang='lat' dir='ltr'>qua</span> <span class='ocrx_word' id='word_1_361' title='bbox 1239 1640 1328 1671; x_wconf 85' lang='lat' dir='ltr'>Paris</span> <span class='ocrx_word' id='word_1_362' title='bbox 1340 1641 1473 1681; x_wconf 85' lang='lat' dir='ltr'>insignis</span> <span class='ocrx_word' id='word_1_363' title='bbox 1485 1640 1554 1676; x_wconf 84' lang='lat' dir='ltr'>fuit,</span> <span class='ocrx_word' id='word_1_364' title='bbox 1567 1646 1682 1682; x_wconf 86' lang='lat' dir='ltr'>partem</span> <span class='ocrx_word' id='word_1_365' title='bbox 1701 1642 1820 1673; x_wconf 76' lang='lat' dir='ltr'>Home-</span> 
     </span>
     <span class='ocr_line' id='line_1_67' title="bbox 1089 1682 1818 1724; baseline 0.005 -14"><span class='ocrx_word' id='word_1_366' title='bbox 1089 1691 1140 1711; x_wconf 88' lang='lat' dir='ltr'>rus</span> <span class='ocrx_word' id='word_1_367' title='bbox 1155 1693 1282 1724; x_wconf 86' lang='lat' dir='ltr'>quoque</span> <span class='ocrx_word' id='word_1_368' title='bbox 1298 1683 1389 1713; x_wconf 89' lang='lat' dir='ltr'>Iliad.</span> <span class='ocrx_word' id='word_1_369' title='bbox 1400 1682 1446 1719; x_wconf 89' lang='lat' dir='ltr'>iii,</span> <span class='ocrx_word' id='word_1_370' title='bbox 1459 1685 1512 1719; x_wconf 87' lang='grc'>55,</span> <span class='ocrx_word' id='word_1_371' title='bbox 1525 1682 1594 1724; x_wconf 84' lang='lat' dir='ltr'>ejus</span> <span class='ocrx_word' id='word_1_372' title='bbox 1602 1684 1698 1714; x_wconf 77' lang='lat' dir='ltr'>crines</span> <span class='ocrx_word' id='word_1_373' title='bbox 1708 1683 1818 1714; x_wconf 82' lang='lat' dir='ltr'>refert:</span> 
     </span>
     <span class='ocr_line' id='line_1_68' title="bbox 1089 1723 1822 1766; baseline 0.004 -13"><span class='ocrx_word' id='word_1_374' title='bbox 1089 1723 1129 1754; x_wconf 79' lang='lat' dir='ltr'>cf.</span> <span class='ocrx_word' id='word_1_375' title='bbox 1153 1734 1223 1766; x_wconf 88' lang='lat' dir='ltr'>sup.</span> <span class='ocrx_word' id='word_1_376' title='bbox 1251 1725 1272 1760; x_wconf 91' lang='lat' dir='ltr'>i,</span> <span class='ocrx_word' id='word_1_377' title='bbox 1296 1726 1344 1760; x_wconf 83' lang='lat'>15,</span> <span class='ocrx_word' id='word_1_378' title='bbox 1368 1726 1420 1755; x_wconf 82' lang='lat'>13.</span> <span class='ocrx_word' id='word_1_379' title='bbox 1464 1725 1514 1756; x_wconf 81' lang='lat' dir='ltr'>De</span> <span class='ocrx_word' id='word_1_380' title='bbox 1536 1724 1693 1756; x_wconf 80' lang='lat' dir='ltr'>locutione</span> <span class='ocrx_word' id='word_1_381' title='bbox 1714 1727 1822 1756; x_wconf 79' lang='lat' dir='ltr'>ardere</span> 
     </span>
     <span class='ocr_line' id='line_1_69' title="bbox 1088 1766 1820 1808; baseline 0.005 -14"><span class='ocrx_word' id='word_1_382' title='bbox 1088 1766 1215 1806; x_wconf 79' lang='lat' dir='ltr'>aliquem</span> <span class='ocrx_word' id='word_1_383' title='bbox 1246 1766 1358 1808; x_wconf 87' lang='lat' dir='ltr'>(Virg.</span> <span class='ocrx_word' id='word_1_384' title='bbox 1385 1767 1456 1798; x_wconf 90' lang='lat' dir='ltr'>Ecl.</span> <span class='ocrx_word' id='word_1_385' title='bbox 1484 1767 1517 1798; x_wconf 91' lang='lat' dir='ltr'>ii.</span> <span class='ocrx_word' id='word_1_386' title='bbox 1548 1768 1577 1802; x_wconf 87' lang='lat' dir='ltr'>l.</span> <span class='ocrx_word' id='word_1_387' title='bbox 1605 1767 1745 1807; x_wconf 79' lang='lat' dir='ltr'>Corydon</span> <span class='ocrx_word' id='word_1_388' title='bbox 1767 1779 1820 1798; x_wconf 83' lang='lat' dir='ltr'>ar-</span> 
     </span>
     <span class='ocr_line' id='line_1_70' title="bbox 1088 1809 1820 1850; baseline 0.004 -13"><span class='ocrx_word' id='word_1_389' title='bbox 1088 1809 1175 1839; x_wconf 80' lang='lat' dir='ltr'>debat</span> <span class='ocrx_word' id='word_1_390' title='bbox 1190 1809 1330 1846; x_wconf 69' lang='lat' dir='ltr'>Alexin),</span> <span class='ocrx_word' id='word_1_391' title='bbox 1346 1816 1377 1840; x_wconf 89' lang='lat' dir='ltr'>et</span> <span class='ocrx_word' id='word_1_392' title='bbox 1393 1811 1499 1840; x_wconf 81' lang='lat' dir='ltr'>ardere</span> <span class='ocrx_word' id='word_1_393' title='bbox 1518 1809 1618 1850; x_wconf 81' lang='lat' dir='ltr'>aliquo</span> <span class='ocrx_word' id='word_1_394' title='bbox 1636 1809 1684 1840; x_wconf 84' lang='lat' dir='ltr'>vel</span> <span class='ocrx_word' id='word_1_395' title='bbox 1705 1810 1820 1850; x_wconf 78' lang='lat' dir='ltr'>aliqua.</span> 
     </span>
     <span class='ocr_line' id='line_1_71' title="bbox 1088 1850 1821 1893; baseline 0.005 -14"><span class='ocrx_word' id='word_1_396' title='bbox 1088 1859 1154 1890; x_wconf 89' lang='lat' dir='ltr'>pro,</span> <span class='ocrx_word' id='word_1_397' title='bbox 1179 1852 1283 1882; x_wconf 88' lang='lat' dir='ltr'>ardere</span> <span class='ocrx_word' id='word_1_398' title='bbox 1301 1851 1340 1882; x_wconf 92' lang='lat' dir='ltr'>ob</span> <span class='ocrx_word' id='word_1_399' title='bbox 1361 1851 1497 1893; x_wconf 83' lang='lat' dir='ltr'>aliquem</span> <span class='ocrx_word' id='word_1_400' title='bbox 1519 1851 1569 1883; x_wconf 85' lang='lat' dir='ltr'>vel</span> <span class='ocrx_word' id='word_1_401' title='bbox 1586 1850 1734 1892; x_wconf 76' lang='lat' dir='ltr'>aliquam,</span> <span class='ocrx_word' id='word_1_402' title='bbox 1757 1852 1821 1883; x_wconf 89' lang='lat' dir='ltr'>vid.</span> 
     </span>
     <span class='ocr_line' id='line_1_72' title="bbox 1088 1893 1818 1933; baseline 0.005 -12"><span class='ocrx_word' id='word_1_403' title='bbox 1088 1901 1157 1933; x_wconf 89' lang='lat' dir='ltr'>sup.</span> <span class='ocrx_word' id='word_1_404' title='bbox 1174 1894 1212 1923; x_wconf 88' lang='lat' dir='ltr'>ad</span> <span class='ocrx_word' id='word_1_405' title='bbox 1227 1893 1260 1929; x_wconf 87' lang='lat' dir='ltr'>ii,</span> <span class='ocrx_word' id='word_1_406' title='bbox 1279 1895 1310 1930; x_wconf 84' lang='lat'>4,</span> <span class='ocrx_word' id='word_1_407' title='bbox 1327 1894 1359 1925; x_wconf 76' lang='grc' dir='ltr'>7ι</span> <span class='ocrx_word' id='word_1_408' title='bbox 1403 1896 1521 1924; x_wconf 81' lang='lat' dir='ltr'>Aurum</span> <span class='ocrx_word' id='word_1_409' title='bbox 1541 1894 1668 1924; x_wconf 71' lang='lat' dir='ltr'>vestibus</span> <span class='ocrx_word' id='word_1_410' title='bbox 1690 1895 1818 1931; x_wconf 75' lang='lat' dir='ltr'>illitum,</span> 
     </span>
     <span class='ocr_line' id='line_1_73' title="bbox 1088 1934 1819 1978; baseline 0.005 -14"><span class='ocrx_word' id='word_1_411' title='bbox 1088 1935 1272 1975; x_wconf 81' lang='lat' dir='ltr'>exquisitius</span> <span class='ocrx_word' id='word_1_412' title='bbox 1294 1946 1360 1978; x_wconf 86' lang='lat' dir='ltr'>pro,</span> <span class='ocrx_word' id='word_1_413' title='bbox 1385 1941 1484 1968; x_wconf 83' lang='lat' dir='ltr'>vestes</span> <span class='ocrx_word' id='word_1_414' title='bbox 1506 1945 1582 1966; x_wconf 83' lang='lat' dir='ltr'>auro</span> <span class='ocrx_word' id='word_1_415' title='bbox 1601 1934 1709 1974; x_wconf 75' lang='lat' dir='ltr'>illitas,</span> <span class='ocrx_word' id='word_1_416' title='bbox 1736 1935 1766 1967; x_wconf 82' lang='lat' dir='ltr'>h.</span> <span class='ocrx_word' id='word_1_417' title='bbox 1787 1946 1819 1968; x_wconf 80' lang='lat' dir='ltr'>e.</span> 
     </span>
     <span class='ocr_line' id='line_1_74' title="bbox 1088 1977 1821 2016; baseline 0.004 -10"><span class='ocrx_word' id='word_1_418' title='bbox 1088 1977 1189 2007; x_wconf 88' lang='lat' dir='ltr'>aureis</span> <span class='ocrx_word' id='word_1_419' title='bbox 1208 1978 1267 2008; x_wconf 78' lang='lat' dir='ltr'>filis</span> <span class='ocrx_word' id='word_1_420' title='bbox 1288 1977 1337 2009; x_wconf 90' lang='lat' dir='ltr'>vel</span> <span class='ocrx_word' id='word_1_421' title='bbox 1360 1977 1495 2009; x_wconf 84' lang='lat' dir='ltr'>bracteis</span> <span class='ocrx_word' id='word_1_422' title='bbox 1519 1977 1688 2016; x_wconf 52' lang='lat' dir='ltr'>discretam</span> <span class='ocrx_word' id='word_1_423' title='bbox 1709 1989 1821 2009; x_wconf 79' lang='lat' dir='ltr'>aurum</span> 
     </span>
     <span class='ocr_line' id='line_1_75' title="bbox 1087 2018 1818 2057; baseline 0.007 -10"><span class='ocrx_word' id='word_1_424' title='bbox 1087 2021 1212 2050; x_wconf 69' lang='lat' dir='ltr'>vestibus</span> <span class='ocrx_word' id='word_1_425' title='bbox 1222 2021 1341 2051; x_wconf 80' lang='lat' dir='ltr'>illinere</span> <span class='ocrx_word' id='word_1_426' title='bbox 1350 2020 1399 2051; x_wconf 86' lang='lat' dir='ltr'>vel</span> <span class='ocrx_word' id='word_1_427' title='bbox 1410 2022 1514 2056; x_wconf 81' lang='lat' dir='ltr'>linere.</span> <span class='ocrx_word' id='word_1_428' title='bbox 1526 2018 1648 2051; x_wconf 80' lang='lat' dir='ltr'>Graecis</span> <span class='ocrx_word' id='word_1_429' title='bbox 1663 2019 1818 2057; x_wconf 82' lang='grc' dir='ltr'>πάσσειν,</span> 
     </span>
     <span class='ocr_line' id='line_1_76' title="bbox 1087 2060 1820 2104; baseline 0.003 -12"><span class='ocrx_word' id='word_1_430' title='bbox 1087 2060 1234 2103; x_wconf 77' lang='grc' dir='ltr'>βρέχειν,</span> <span class='ocrx_word' id='word_1_431' title='bbox 1251 2062 1408 2098; x_wconf 90' lang='lat' dir='ltr'>dicuntur,</span> <span class='ocrx_word' id='word_1_432' title='bbox 1420 2062 1473 2104; x_wconf 87' lang='lat' dir='ltr'>qui</span> <span class='ocrx_word' id='word_1_433' title='bbox 1487 2072 1591 2093; x_wconf 83' lang='lat' dir='ltr'>earum</span> <span class='ocrx_word' id='word_1_434' title='bbox 1605 2061 1731 2092; x_wconf 77' lang='lat' dir='ltr'>stamini</span> <span class='ocrx_word' id='word_1_435' title='bbox 1745 2064 1820 2094; x_wconf 81' lang='lat' dir='ltr'>sub—</span> 
     </span>
     <span class='ocr_line' id='line_1_77' title="bbox 1089 2104 1818 2142; baseline 0.003 -9"><span class='ocrx_word' id='word_1_436' title='bbox 1089 2109 1190 2134; x_wconf 83' lang='lat' dir='ltr'>temen</span> <span class='ocrx_word' id='word_1_437' title='bbox 1207 2114 1347 2142; x_wconf 87' lang='lat' dir='ltr'>aureum,</span> <span class='ocrx_word' id='word_1_438' title='bbox 1363 2105 1415 2134; x_wconf 87' lang='lat' dir='ltr'>fila</span> <span class='ocrx_word' id='word_1_439' title='bbox 1429 2114 1524 2135; x_wconf 86' lang='lat' dir='ltr'>aurea</span> <span class='ocrx_word' id='word_1_440' title='bbox 1539 2104 1588 2135; x_wconf 89' lang='lat' dir='ltr'>vel</span> <span class='ocrx_word' id='word_1_441' title='bbox 1603 2113 1713 2135; x_wconf 78' lang='lat' dir='ltr'>aureas</span> <span class='ocrx_word' id='word_1_442' title='bbox 1729 2105 1818 2136; x_wconf 78' lang='lat' dir='ltr'>brac-</span> 
     </span>
     <span class='ocr_line' id='line_1_78' title="bbox 1089 2145 1821 2188; baseline 0.005 -13"><span class='ocrx_word' id='word_1_443' title='bbox 1089 2150 1153 2175; x_wconf 83' lang='lat' dir='ltr'>teas</span> <span class='ocrx_word' id='word_1_444' title='bbox 1168 2145 1333 2177; x_wconf 82' lang='lat' dir='ltr'>intexunt:</span> <span class='ocrx_word' id='word_1_445' title='bbox 1357 2146 1422 2177; x_wconf 82' lang='lat' dir='ltr'>vid.</span> <span class='ocrx_word' id='word_1_446' title='bbox 1444 2145 1578 2187; x_wconf 84' lang='lat' dir='ltr'>Boettig.</span> <span class='ocrx_word' id='word_1_447' title='bbox 1621 2146 1821 2188; x_wconf 74' lang='lat' dir='ltr'>Expressisse</span> 
     </span>
     <span class='ocr_line' id='line_1_79' title="bbox 1088 2188 1818 2229; baseline 0.004 -13"><span class='ocrx_word' id='word_1_448' title='bbox 1088 2193 1190 2218; x_wconf 83' lang='lat' dir='ltr'>autem</span> <span class='ocrx_word' id='word_1_449' title='bbox 1208 2189 1354 2218; x_wconf 87' lang='lat' dir='ltr'>Horatius</span> <span class='ocrx_word' id='word_1_450' title='bbox 1365 2188 1488 2219; x_wconf 85' lang='lat' dir='ltr'>videtur</span> <span class='ocrx_word' id='word_1_451' title='bbox 1503 2188 1609 2229; x_wconf 88' lang='lat' dir='ltr'>Eurip.</span> <span class='ocrx_word' id='word_1_452' title='bbox 1619 2188 1732 2219; x_wconf 81' lang='lat' dir='ltr'>Troad.</span> <span class='ocrx_word' id='word_1_453' title='bbox 1742 2189 1818 2224; x_wconf 86' lang='lat'><em>991,</em></span> 
     </span>
     <span class='ocr_line' id='line_1_80' title="bbox 1081 2227 1821 2272; baseline 0.005 -14"><span class='ocrx_word' id='word_1_454' title='bbox 1081 2227 1143 2259; x_wconf 72' lang='grc' dir='ltr'>’Ὀν</span> <span class='ocrx_word' id='word_1_455' title='bbox 1153 2229 1315 2261; x_wconf 80' lang='grc' dir='ltr'>εἰσιδοῦσα</span> <span class='ocrx_word' id='word_1_456' title='bbox 1323 2230 1515 2272; x_wconf 84' lang='grc' dir='ltr'>βαρβάροις</span> <span class='ocrx_word' id='word_1_457' title='bbox 1525 2229 1687 2272; x_wconf 78' lang='grc' dir='ltr'>ἐσθήμασι</span> <span class='ocrx_word' id='word_1_458' title='bbox 1698 2233 1821 2272; x_wconf 76' lang='grc' dir='ltr'>Χρυσῷ</span> 
     </span>
     <span class='ocr_line' id='line_1_81' title="bbox 1086 2271 1822 2315; baseline 0.004 -14"><span class='ocrx_word' id='word_1_459' title='bbox 1086 2282 1121 2301; x_wconf 80' lang='grc' dir='ltr'>τε</span> <span class='ocrx_word' id='word_1_460' title='bbox 1151 2272 1312 2314; x_wconf 84' lang='grc' dir='ltr'>λαμπρὸν</span> <span class='ocrx_word' id='word_1_461' title='bbox 1341 2272 1572 2315; x_wconf 77' lang='grc' dir='ltr'>ἐξεμαργώθης</span> <span class='ocrx_word' id='word_1_462' title='bbox 1604 2271 1739 2314; x_wconf 79' lang='grc' dir='ltr'>φρένας·</span> <span class='ocrx_word' id='word_1_463' title='bbox 1778 2273 1822 2306; x_wconf 85' lang='lat' dir='ltr'>cf.</span> 
     </span>
     <span class='ocr_line' id='line_1_82' title="bbox 1086 2312 1816 2356; baseline 0.003 -14"><span class='ocrx_word' id='word_1_464' title='bbox 1086 2312 1191 2354; x_wconf 83' lang='lat' dir='ltr'>Iphig.</span> <span class='ocrx_word' id='word_1_465' title='bbox 1206 2313 1282 2345; x_wconf 93' lang='lat' dir='ltr'>Aul.</span> <span class='ocrx_word' id='word_1_466' title='bbox 1296 2315 1349 2350; x_wconf 88' lang='lat'>73,</span> <span class='ocrx_word' id='word_1_467' title='bbox 1366 2322 1397 2345; x_wconf 86' lang='lat' dir='ltr'>et</span> <span class='ocrx_word' id='word_1_468' title='bbox 1412 2314 1503 2355; x_wconf 85' lang='lat' dir='ltr'>Cycl.</span> <span class='ocrx_word' id='word_1_469' title='bbox 1523 2315 1583 2344; x_wconf 89' lang='lat'>180</span> <span class='ocrx_word' id='word_1_470' title='bbox 1597 2323 1668 2356; x_wconf 88' lang='lat' dir='ltr'>sqq.</span> <span class='ocrx_word' id='word_1_471' title='bbox 1715 2314 1816 2356; x_wconf 81' lang='lat' dir='ltr'>Rega-</span> 
     </span>
     <span class='ocr_line' id='line_1_83' title="bbox 1087 2355 1819 2399; baseline 0.003 -14"><span class='ocrx_word' id='word_1_472' title='bbox 1087 2356 1182 2395; x_wconf 71' lang='lat' dir='ltr'>[esque</span> <span class='ocrx_word' id='word_1_473' title='bbox 1210 2357 1321 2391; x_wconf 76' lang='lat' dir='ltr'>cultus,</span> <span class='ocrx_word' id='word_1_474' title='bbox 1352 2357 1470 2397; x_wconf 86' lang='lat' dir='ltr'>regium</span> <span class='ocrx_word' id='word_1_475' title='bbox 1501 2355 1707 2398; x_wconf 85' lang='lat' dir='ltr'>splendorem,</span> <span class='ocrx_word' id='word_1_476' title='bbox 1744 2366 1819 2399; x_wconf 84' lang='lat' dir='ltr'>opes</span> 
     </span>
     <span class='ocr_line' id='line_1_84' title="bbox 1088 2397 1816 2439; baseline 0.004 -12"><span class='ocrx_word' id='word_1_477' title='bbox 1088 2397 1253 2439; x_wconf 85' lang='lat' dir='ltr'>Phrygias.</span> <span class='ocrx_word' id='word_1_478' title='bbox 1299 2399 1340 2429; x_wconf 78' lang='lat' dir='ltr'>Et</span> <span class='ocrx_word' id='word_1_479' title='bbox 1363 2401 1496 2429; x_wconf 76' lang='lat' dir='ltr'>comites:</span> <span class='ocrx_word' id='word_1_480' title='bbox 1526 2397 1666 2439; x_wconf 74' lang='lat' dir='ltr'>apposite</span> <span class='ocrx_word' id='word_1_481' title='bbox 1689 2399 1728 2429; x_wconf 78' lang='lat' dir='ltr'>ad</span> <span class='ocrx_word' id='word_1_482' title='bbox 1753 2409 1816 2430; x_wconf 84' lang='lat' dir='ltr'>rem</span> 
     </span>
     <span class='ocr_line' id='line_1_85' title="bbox 1088 2439 1818 2477; baseline 0.005 -9"><span class='ocrx_word' id='word_1_483' title='bbox 1088 2439 1181 2470; x_wconf 86' lang='lat' dir='ltr'>Ovid.</span> <span class='ocrx_word' id='word_1_484' title='bbox 1210 2440 1335 2471; x_wconf 84' lang='lat' dir='ltr'>Heroid.</span> <span class='ocrx_word' id='word_1_485' title='bbox 1363 2441 1430 2476; x_wconf 84' lang='lat' dir='ltr'>xiii,</span> <span class='ocrx_word' id='word_1_486' title='bbox 1455 2441 1593 2477; x_wconf 78' lang='lat'><strong>57—60,</strong></span> <span class='ocrx_word' id='word_1_487' title='bbox 1623 2440 1760 2476; x_wconf 79' lang='lat' dir='ltr'>Veneror,</span> <span class='ocrx_word' id='word_1_488' title='bbox 1782 2448 1818 2472; x_wconf 75' lang='grc' dir='ltr'>ιιι</span> 
     </span>
     <span class='ocr_line' id='line_1_86' title="bbox 1080 2482 1818 2523; baseline 0.003 -12"><span class='ocrx_word' id='word_1_489' title='bbox 1080 2482 1170 2523; x_wconf 83' lang='lat' dir='ltr'>sama</span> <span class='ocrx_word' id='word_1_490' title='bbox 1199 2488 1252 2517; x_wconf 84' lang='lat' dir='ltr'>est,</span> <span class='ocrx_word' id='word_1_491' title='bbox 1282 2484 1376 2513; x_wconf 78' lang='lat' dir='ltr'>multo</span> <span class='ocrx_word' id='word_1_492' title='bbox 1399 2483 1566 2522; x_wconf 76' lang='lat' dir='ltr'>spectabilis</span> <span class='ocrx_word' id='word_1_493' title='bbox 1588 2493 1674 2519; x_wconf 78' lang='lat' dir='ltr'>auro,</span> <span class='ocrx_word' id='word_1_494' title='bbox 1701 2483 1818 2523; x_wconf 78' lang='lat' dir='ltr'>Quique</span> 
     </span>
     <span class='ocr_line' id='line_1_87' title="bbox 1086 2524 1820 2565; baseline 0.004 -12"><span class='ocrx_word' id='word_1_495' title='bbox 1086 2535 1138 2554; x_wconf 83' lang='lat' dir='ltr'>suo</span> <span class='ocrx_word' id='word_1_496' title='bbox 1164 2524 1316 2565; x_wconf 77' lang='lat' dir='ltr'>Phrygias</span> <span class='ocrx_word' id='word_1_497' title='bbox 1343 2536 1463 2565; x_wconf 84' lang='lat' dir='ltr'>corpore</span> <span class='ocrx_word' id='word_1_498' title='bbox 1483 2526 1581 2563; x_wconf 78' lang='lat' dir='ltr'>t&#39;erret</span> <span class='ocrx_word' id='word_1_499' title='bbox 1602 2535 1688 2564; x_wconf 75' lang='lat' dir='ltr'>opes,-</span> <span class='ocrx_word' id='word_1_500' title='bbox 1721 2525 1820 2556; x_wconf 79' lang='lat' dir='ltr'>Classe</span> 
     </span>
     <span class='ocr_line' id='line_1_88' title="bbox 1086 2566 1818 2608; baseline 0.003 -12"><span class='ocrx_word' id='word_1_501' title='bbox 1086 2568 1216 2606; x_wconf 78' lang='lat' dir='ltr'>virisque</span> <span class='ocrx_word' id='word_1_502' title='bbox 1237 2573 1347 2606; x_wconf 78' lang='lat' dir='ltr'>potens,</span> <span class='ocrx_word' id='word_1_503' title='bbox 1364 2578 1418 2606; x_wconf 84' lang='lat' dir='ltr'>per</span> <span class='ocrx_word' id='word_1_504' title='bbox 1436 2578 1499 2607; x_wconf 77' lang='lat' dir='ltr'>quae</span> <span class='ocrx_word' id='word_1_505' title='bbox 1509 2566 1588 2608; x_wconf 82' lang='lat' dir='ltr'>sera</span> <span class='ocrx_word' id='word_1_506' title='bbox 1609 2568 1688 2598; x_wconf 84' lang='lat' dir='ltr'>bella</span> <span class='ocrx_word' id='word_1_507' title='bbox 1703 2577 1818 2608; x_wconf 75' lang='lat' dir='ltr'>gerun-</span> 
     </span>
     <span class='ocr_line' id='line_1_89' title="bbox 1089 2609 1817 2652; baseline 0.003 -14"><span class='ocrx_word' id='word_1_508' title='bbox 1089 2614 1152 2646; x_wconf 78' lang='lat' dir='ltr'>tur,</span> <span class='ocrx_word' id='word_1_509' title='bbox 1182 2609 1222 2639; x_wconf 78' lang='lat' dir='ltr'>Et</span> <span class='ocrx_word' id='word_1_510' title='bbox 1249 2611 1384 2649; x_wconf 79' lang='lat' dir='ltr'>sequitur</span> <span class='ocrx_word' id='word_1_511' title='bbox 1404 2611 1492 2652; x_wconf 80' lang='lat' dir='ltr'>regni</span> <span class='ocrx_word' id='word_1_512' title='bbox 1513 2619 1585 2648; x_wconf 78' lang='lat' dir='ltr'>pars</span> <span class='ocrx_word' id='word_1_513' title='bbox 1611 2615 1817 2650; x_wconf 78' lang='lat' dir='ltr'>quotacunque</span> 
     </span>
     <span class='ocr_line' id='line_1_90' title="bbox 1086 2651 1818 2699; baseline 0.003 -19"><span class='ocrx_word' id='word_1_514' title='bbox 1086 2652 1196 2681; x_wconf 82' lang='lat' dir='ltr'>virum.</span> <span class='ocrx_word' id='word_1_515' title='bbox 1241 2651 1407 2687; x_wconf 78' lang='lat' dir='ltr'>Primusve,</span> <span class='ocrx_word' id='word_1_516' title='bbox 1426 2661 1483 2681; x_wconf 87' lang='lat' dir='ltr'>nec</span> <span class='ocrx_word' id='word_1_517' title='bbox 1506 2651 1624 2699; x_wconf 78' lang='lat' dir='ltr'>primus</span> <span class='ocrx_word' id='word_1_518' title='bbox 1636 2662 1645 2689; x_wconf 88' lang='grc'><strong>;</strong></span> <span class='ocrx_word' id='word_1_519' title='bbox 1666 2661 1700 2682; x_wconf 80' lang='lat' dir='ltr'>ve</span> <span class='ocrx_word' id='word_1_520' title='bbox 1721 2656 1752 2682; x_wconf 87' lang='lat' dir='ltr'>et</span> <span class='ocrx_word' id='word_1_521' title='bbox 1771 2653 1818 2682; x_wconf 81' lang='lat' dir='ltr'>vel</span> 
     </span>
     <span class='ocr_line' id='line_1_91' title="bbox 1086 2692 1816 2735; baseline 0.003 -12"><span class='ocrx_word' id='word_1_522' title='bbox 1086 2699 1156 2733; x_wconf 88' lang='lat' dir='ltr'>post</span> <span class='ocrx_word' id='word_1_523' title='bbox 1178 2703 1253 2727; x_wconf 89' lang='lat' dir='ltr'>non,</span> <span class='ocrx_word' id='word_1_524' title='bbox 1273 2703 1338 2735; x_wconf 89' lang='lat' dir='ltr'>pro,</span> <span class='ocrx_word' id='word_1_525' title='bbox 1358 2703 1426 2727; x_wconf 84' lang='lat' dir='ltr'>nec,</span> <span class='ocrx_word' id='word_1_526' title='bbox 1451 2698 1487 2724; x_wconf 87' lang='lat' dir='ltr'>ut</span> <span class='ocrx_word' id='word_1_527' title='bbox 1507 2703 1539 2723; x_wconf 83' lang='lat' dir='ltr'>in</span> <span class='ocrx_word' id='word_1_528' title='bbox 1561 2692 1675 2733; x_wconf 83' lang='lat' dir='ltr'>vulgus</span> <span class='ocrx_word' id='word_1_529' title='bbox 1697 2698 1816 2725; x_wconf 84' lang='lat' dir='ltr'>notum.</span> 
     </span>
     <span class='ocr_line' id='line_1_92' title="bbox 1088 2734 1816 2777; baseline 0.003 -13"><span class='ocrx_word' id='word_1_530' title='bbox 1088 2735 1211 2770; x_wconf 81' lang='lat' dir='ltr'>Teucer,</span> <span class='ocrx_word' id='word_1_531' title='bbox 1231 2735 1322 2766; x_wconf 85' lang='lat' dir='ltr'>frater</span> <span class='ocrx_word' id='word_1_532' title='bbox 1344 2734 1453 2776; x_wconf 77' lang='lat' dir='ltr'>Ajacis</span> <span class='ocrx_word' id='word_1_533' title='bbox 1471 2734 1646 2765; x_wconf 84' lang='lat' dir='ltr'>Telamonii</span> <span class='ocrx_word' id='word_1_534' title='bbox 1667 2735 1725 2776; x_wconf 80' lang='lat' dir='ltr'>(cf.</span> <span class='ocrx_word' id='word_1_535' title='bbox 1743 2745 1816 2777; x_wconf 75' lang='lat' dir='ltr'>sup.</span> 
     </span>
     <span class='ocr_line' id='line_1_93' title="bbox 1084 2775 1815 2818; baseline 0.001 -11"><span class='ocrx_word' id='word_1_536' title='bbox 1084 2778 1123 2807; x_wconf 88' lang='lat' dir='ltr'>ad</span> <span class='ocrx_word' id='word_1_537' title='bbox 1140 2778 1162 2812; x_wconf 89' lang='grc' dir='ltr'>ἰ,</span> <span class='ocrx_word' id='word_1_538' title='bbox 1179 2779 1210 2813; x_wconf 87' lang='lat'>7,</span> <span class='ocrx_word' id='word_1_539' title='bbox 1225 2778 1299 2816; x_wconf 84' lang='lat'><strong>21),</strong></span> <span class='ocrx_word' id='word_1_540' title='bbox 1315 2775 1482 2818; x_wconf 78' lang='lat' dir='ltr'>sagittandi</span> <span class='ocrx_word' id='word_1_541' title='bbox 1498 2776 1639 2818; x_wconf 85' lang='lat' dir='ltr'>inprimis</span> <span class='ocrx_word' id='word_1_542' title='bbox 1654 2782 1719 2807; x_wconf 83' lang='lat' dir='ltr'>arte</span> <span class='ocrx_word' id='word_1_543' title='bbox 1734 2777 1815 2808; x_wconf 82' lang='lat' dir='ltr'>iuter</span> 
     </span>
     <span class='ocr_line' id='line_1_94' title="bbox 1085 2818 1814 2850; baseline 0 0"><span class='ocrx_word' id='word_1_544' title='bbox 1085 2819 1266 2850; x_wconf 86' lang='lat' dir='ltr'>Graecorum</span> <span class='ocrx_word' id='word_1_545' title='bbox 1290 2818 1472 2850; x_wconf 80' lang='lat' dir='ltr'>fortissimos</span> <span class='ocrx_word' id='word_1_546' title='bbox 1493 2818 1660 2850; x_wconf 84' lang='lat' dir='ltr'>excellens.</span> <span class='ocrx_word' id='word_1_547' title='bbox 1684 2819 1814 2850; x_wconf 86' lang='lat' dir='ltr'>Homer.</span> 
     </span>
     <span class='ocr_line' id='line_1_95' title="bbox 1083 2859 1813 2902; baseline 0.001 -11"><span class='ocrx_word' id='word_1_548' title='bbox 1083 2861 1176 2892; x_wconf 87' lang='lat' dir='ltr'>Iliad.</span> <span class='ocrx_word' id='word_1_549' title='bbox 1194 2861 1258 2898; x_wconf 85' lang='lat' dir='ltr'>xiii,</span> <span class='ocrx_word' id='word_1_550' title='bbox 1271 2862 1345 2896; x_wconf 85' lang='lat'><strong>313,</strong></span> <span class='ocrx_word' id='word_1_551' title='bbox 1359 2862 1396 2898; x_wconf 78' lang='grc' dir='ltr'>ὃς</span> <span class='ocrx_word' id='word_1_552' title='bbox 1406 2862 1543 2902; x_wconf 77' lang='grc' dir='ltr'>ἄριστος</span> <span class='ocrx_word' id='word_1_553' title='bbox 1558 2859 1707 2902; x_wconf 80' lang='grc' dir='ltr'>Ἀχαιῶν</span> <span class='ocrx_word' id='word_1_554' title='bbox 1719 2862 1813 2896; x_wconf 80' lang='grc' dir='ltr'>τοξο-</span> 
     </span>
     <span class='ocr_line' id='line_1_96' title="bbox 1082 2902 1814 2944; baseline -0.003 -10"><span class='ocrx_word' id='word_1_555' title='bbox 1082 2903 1181 2944; x_wconf 73' lang='grc' dir='ltr'>σύνῃ.</span> <span class='ocrx_word' id='word_1_556' title='bbox 1225 2904 1308 2933; x_wconf 74' lang='lat' dir='ltr'>Aren</span> <span class='ocrx_word' id='word_1_557' title='bbox 1342 2903 1488 2941; x_wconf 70' lang='lat' dir='ltr'>Cydonio.</span> <span class='ocrx_word' id='word_1_558' title='bbox 1517 2902 1549 2933; x_wconf 85' lang='lat' dir='ltr'>h.</span> <span class='ocrx_word' id='word_1_559' title='bbox 1574 2911 1603 2932; x_wconf 88' lang='lat' dir='ltr'>e.</span> <span class='ocrx_word' id='word_1_560' title='bbox 1634 2903 1768 2935; x_wconf 84' lang='lat' dir='ltr'>Cretico.</span> <span class='ocrx_word' id='word_1_561' title='bbox 1794 2913 1814 2933; x_wconf 77' lang='lat' dir='ltr'>a</span> 
     </span>
     <span class='ocr_line' id='line_1_97' title="bbox 1081 2944 1811 2986; baseline -0.003 -9"><span class='ocrx_word' id='word_1_562' title='bbox 1081 2946 1223 2986; x_wconf 83' lang='lat' dir='ltr'>Cydone‚</span> <span class='ocrx_word' id='word_1_563' title='bbox 1240 2944 1337 2976; x_wconf 87' lang='lat' dir='ltr'>nobili</span> <span class='ocrx_word' id='word_1_564' title='bbox 1353 2945 1455 2976; x_wconf 81' lang='lat' dir='ltr'>Cretae</span> <span class='ocrx_word' id='word_1_565' title='bbox 1469 2945 1545 2976; x_wconf 89' lang='lat' dir='ltr'>urbe</span> <span class='ocrx_word' id='word_1_566' title='bbox 1559 2955 1567 2974; x_wconf 72' lang='lat' dir='ltr'>t</span> <span class='ocrx_word' id='word_1_567' title='bbox 1591 2944 1633 2976; x_wconf 81' lang='lat' dir='ltr'>cs.</span> <span class='ocrx_word' id='word_1_568' title='bbox 1646 2954 1717 2986; x_wconf 79' lang='lat' dir='ltr'>sup.</span> <span class='ocrx_word' id='word_1_569' title='bbox 1734 2945 1772 2975; x_wconf 82' lang='lat' dir='ltr'>ad</span> <span class='ocrx_word' id='word_1_570' title='bbox 1789 2945 1811 2980; x_wconf 82' lang='lat' dir='ltr'>i,</span> 
     </span>
    </p>
   </div>
  </div>
 </body>
</html>
