<?xml version="1.0" encoding="UTF-8"?>
<!DOCTYPE html PUBLIC "-//W3C//DTD XHTML 1.0 Transitional//EN"
    "http://www.w3.org/TR/xhtml1/DTD/xhtml1-transitional.dtd">
<html xmlns="http://www.w3.org/1999/xhtml" xml:lang="en" lang="en">
 <head>
  <title>
</title>
<meta http-equiv="Content-Type" content="text/html;charset=utf-8" />
  <meta name='ocr-system' content='tesseract 3.04.00' />
  <meta name='ocr-capabilities' content='ocr_page ocr_carea ocr_par ocr_line ocrx_word'/>
</head>
<body>
  <div class='ocr_page' id='page_1' title='image "./operahorac00horauoft_0031.png"; bbox 0 0 1884 3288; ppageno 0'>
   <div class='ocr_carea' id='block_1_1' title="bbox 0 2091 21 2269">
    <p class='ocr_par' dir='ltr' id='par_1_1' title="bbox 0 2091 21 2246">
     <span class='ocr_line' id='line_1_1' title="bbox 6 2091 12 2100; baseline 0 0"><span class='ocrx_word' id='word_1_1' title='bbox 6 2091 12 2100; x_wconf 71' lang='lat' dir='ltr'>r</span> 
     </span>
     <span class='ocr_line' id='line_1_2' title="bbox 0 2111 21 2134; baseline 0.143 -3"><span class='ocrx_word' id='word_1_2' title='bbox 0 2111 21 2134; x_wconf 65' lang='grc' dir='ltr'>ἓ-</span> 
     </span>
     <span class='ocr_line' id='line_1_3' title="bbox 0 2220 16 2246; baseline 0 0"><span class='ocrx_word' id='word_1_3' title='bbox 0 2220 16 2246; x_wconf 63' lang='grc' dir='ltr'>,ζ’</span> 
     </span>
    </p>

    <p class='ocr_par' dir='ltr' id='par_1_2' title="bbox 0 2249 19 2269">
     <span class='ocr_line' id='line_1_4' title="bbox 0 2249 19 2269; baseline 0 -7"><span class='ocrx_word' id='word_1_4' title='bbox 0 2249 19 2269; x_wconf 80' lang='lat'>;:</span> 
     </span>
    </p>
   </div>
   <div class='ocr_carea' id='block_1_2' title="bbox 0 2366 50 3288">
    <p class='ocr_par' dir='ltr' id='par_1_3' title="bbox 0 2366 50 3288">
     <span class='ocr_line' id='line_1_5' title="bbox 0 2366 50 3288; baseline 0 0"><span class='ocrx_word' id='word_1_5' title='bbox 0 2366 50 3288; x_wconf 95' lang='lat' dir='ltr'> </span> 
     </span>
    </p>
   </div>
   <div class='ocr_carea' id='block_1_3' title="bbox 626 184 1646 226">
    <p class='ocr_par' dir='ltr' id='par_1_4' title="bbox 626 184 1646 226">
     <span class='ocr_line' id='line_1_6' title="bbox 626 184 1646 226; baseline -0.003 0"><span class='ocrx_word' id='word_1_6' title='bbox 626 185 864 226; x_wconf 90' lang='lat' dir='ltr'>HORATII</span> <span class='ocrx_word' id='word_1_7' title='bbox 895 184 1112 223; x_wconf 88' lang='lat' dir='ltr'>METRA.</span> <span class='ocrx_word' id='word_1_8' title='bbox 1567 198 1646 224; x_wconf 85' lang='lat' dir='ltr'>xxv</span> 
     </span>
    </p>
   </div>
   <div class='ocr_carea' id='block_1_4' title="bbox 195 280 1639 581">
    <p class='ocr_par' dir='ltr' id='par_1_5' title="bbox 195 280 1639 581">
     <span class='ocr_line' id='line_1_7' title="bbox 202 280 1639 333; baseline -0.006 -7"><span class='ocrx_word' id='word_1_9' title='bbox 202 288 274 326; x_wconf 91' lang='lat' dir='ltr'>hoc</span> <span class='ocrx_word' id='word_1_10' title='bbox 301 284 462 332; x_wconf 82' lang='lat' dir='ltr'>affirmo)</span> <span class='ocrx_word' id='word_1_11' title='bbox 473 283 645 323; x_wconf 83' lang='lat' dir='ltr'>discessit</span> <span class='ocrx_word' id='word_1_12' title='bbox 675 283 724 322; x_wconf 91' lang='lat' dir='ltr'>ab</span> <span class='ocrx_word' id='word_1_13' title='bbox 752 282 823 321; x_wconf 86' lang='lat' dir='ltr'>hac</span> <span class='ocrx_word' id='word_1_14' title='bbox 845 281 1110 331; x_wconf 74' lang='lat' dir='ltr'>(observandae</span> <span class='ocrx_word' id='word_1_15' title='bbox 1140 293 1280 331; x_wconf 85' lang='lat' dir='ltr'><strong>nempe</strong></span> <span class='ocrx_word' id='word_1_16' title='bbox 1307 280 1478 328; x_wconf 81' lang='lat' dir='ltr'>caesurae)</span> <span class='ocrx_word' id='word_1_17' title='bbox 1505 281 1639 333; x_wconf 86' lang='lat' dir='ltr'>regula</span> 
     </span>
     <span class='ocr_line' id='line_1_8' title="bbox 195 343 851 396; baseline -0.006 -10"><span class='ocrx_word' id='word_1_18' title='bbox 195 349 338 388; x_wconf 86' lang='lat' dir='ltr'>Noster</span> <span class='ocrx_word' id='word_1_19' title='bbox 356 349 398 386; x_wconf 90' lang='lat' dir='ltr'>in</span> <span class='ocrx_word' id='word_1_20' title='bbox 416 359 532 386; x_wconf 87' lang='lat' dir='ltr'>versu</span> <span class='ocrx_word' id='word_1_21' title='bbox 556 343 851 396; x_wconf 82' lang='lat' dir='ltr'>Asclepiadeo.”</span> 
     </span>
     <span class='ocr_line' id='line_1_9' title="bbox 195 407 934 461; baseline -0.008 -11"><span class='ocrx_word' id='word_1_22' title='bbox 195 411 326 450; x_wconf 89' lang='lat' dir='ltr'>Semel</span> <span class='ocrx_word' id='word_1_23' title='bbox 344 411 385 448; x_wconf 90' lang='lat' dir='ltr'>in</span> <span class='ocrx_word' id='word_1_24' title='bbox 405 423 523 461; x_wconf 88' lang='lat' dir='ltr'>pausa</span> <span class='ocrx_word' id='word_1_25' title='bbox 541 409 669 447; x_wconf 89' lang='lat' dir='ltr'>brevis</span> <span class='ocrx_word' id='word_1_26' title='bbox 688 415 747 446; x_wconf 86' lang='lat' dir='ltr'>est</span> <span class='ocrx_word' id='word_1_27' title='bbox 763 407 908 458; x_wconf 86' lang='lat' dir='ltr'><strong>syllaba</strong></span> <span class='ocrx_word' id='word_1_28' title='bbox 925 419 934 444; x_wconf 88' lang='lat'><strong>:</strong></span> 
     </span>
     <span class='ocr_line' id='line_1_10' title="bbox 247 464 1424 523; baseline -0.003 -13"><span class='ocrx_word' id='word_1_29' title='bbox 247 472 375 515; x_wconf 80' lang='lat' dir='ltr'>Quam</span> <span class='ocrx_word' id='word_1_30' title='bbox 394 472 428 509; x_wconf 80' lang='lat' dir='ltr'>si</span> <span class='ocrx_word' id='word_1_31' title='bbox 446 470 640 523; x_wconf 80' lang='lat' dir='ltr'>quidquid</span> <span class='ocrx_word' id='word_1_32' title='bbox 657 476 751 508; x_wconf 84' lang='lat' dir='ltr'>arat</span> <span class='ocrx_word' id='word_1_33' title='bbox 769 469 934 520; x_wconf 75' lang='lat' dir='ltr'>impiqer</span> <span class='ocrx_word' id='word_1_34' title='bbox 951 467 1143 519; x_wconf 81' lang='lat' dir='ltr'><em>Appulus.</em></span> <span class='ocrx_word' id='word_1_35' title='bbox 1197 468 1254 514; x_wconf 90' lang='lat' dir='ltr'>iii,</span> <span class='ocrx_word' id='word_1_36' title='bbox 1276 467 1339 514; x_wconf 89' lang='lat'>16,</span> <span class='ocrx_word' id='word_1_37' title='bbox 1359 464 1424 506; x_wconf 88' lang='grc'>26.</span> 
     </span>
     <span class='ocr_line' id='line_1_11' title="bbox 195 533 734 581; baseline -0.007 -7"><span class='ocrx_word' id='word_1_38' title='bbox 195 535 267 574; x_wconf 79' lang='lat' dir='ltr'>Est</span> <span class='ocrx_word' id='word_1_39' title='bbox 285 535 327 573; x_wconf 91' lang='lat' dir='ltr'>in</span> <span class='ocrx_word' id='word_1_40' title='bbox 344 541 468 573; x_wconf 90' lang='lat' dir='ltr'>metro</span> <span class='ocrx_word' id='word_1_41' title='bbox 491 534 519 579; x_wconf 89' lang='lat' dir='ltr'>i,</span> <span class='ocrx_word' id='word_1_42' title='bbox 538 534 580 581; x_wconf 86' lang='lat' dir='ltr'>ii,</span> <span class='ocrx_word' id='word_1_43' title='bbox 601 533 658 578; x_wconf 90' lang='lat' dir='ltr'>iii,</span> <span class='ocrx_word' id='word_1_44' title='bbox 679 533 734 570; x_wconf 87' lang='lat' dir='ltr'>iv.-</span> 
     </span>
    </p>
   </div>
   <div class='ocr_carea' id='block_1_5' title="bbox 31 591 1633 648">
    <p class='ocr_par' dir='ltr' id='par_1_6' title="bbox 31 591 1633 648">
     <span class='ocr_line' id='line_1_12' title="bbox 31 591 1633 648; baseline -0.004 -11"><span class='ocrx_word' id='word_1_45' title='bbox 31 628 37 637; x_wconf 37' lang='lat'>.</span> <span class='ocrx_word' id='word_1_46' title='bbox 85 598 124 639; x_wconf 86' lang='lat'>9.</span> <span class='ocrx_word' id='word_1_47' title='bbox 152 597 296 638; x_wconf 83' lang='lat' dir='ltr'>Versus</span> <span class='ocrx_word' id='word_1_48' title='bbox 319 596 598 648; x_wconf 87' lang='lat' dir='ltr'>Asclepiadeus</span> <span class='ocrx_word' id='word_1_49' title='bbox 622 596 743 647; x_wconf 88' lang='lat' dir='ltr'>major</span> <span class='ocrx_word' id='word_1_50' title='bbox 766 609 799 634; x_wconf 86' lang='lat' dir='ltr'>s.</span> <span class='ocrx_word' id='word_1_51' title='bbox 829 594 1106 636; x_wconf 83' lang='lat' dir='ltr'>choriambicus</span> <span class='ocrx_word' id='word_1_52' title='bbox 1131 600 1371 639; x_wconf 86' lang='lat' dir='ltr'><strong>tetrameter,</strong></span> <span class='ocrx_word' id='word_1_53' title='bbox 1387 591 1633 632; x_wconf 83' lang='lat' dir='ltr'><strong>antecedenti</strong></span> 
     </span>
    </p>
   </div>
   <div class='ocr_carea' id='block_1_6' title="bbox 139 657 1563 1019">
    <p class='ocr_par' dir='ltr' id='par_1_7' title="bbox 139 657 1563 1019">
     <span class='ocr_line' id='line_1_13' title="bbox 191 657 1286 710; baseline -0.005 -10"><span class='ocrx_word' id='word_1_54' title='bbox 191 660 342 707; x_wconf 83' lang='lat' dir='ltr'>similis,</span> <span class='ocrx_word' id='word_1_55' title='bbox 361 659 436 698; x_wconf 89' lang='lat' dir='ltr'>nisi</span> <span class='ocrx_word' id='word_1_56' title='bbox 454 659 558 710; x_wconf 90' lang='lat' dir='ltr'>quod</span> <span class='ocrx_word' id='word_1_57' title='bbox 575 672 652 696; x_wconf 91' lang='lat' dir='ltr'>uno</span> <span class='ocrx_word' id='word_1_58' title='bbox 669 658 797 696; x_wconf 86' lang='lat' dir='ltr'>adhuc</span> <span class='ocrx_word' id='word_1_59' title='bbox 815 658 1030 696; x_wconf 64' lang='lat' dir='ltr'>choriambo</span> <span class='ocrx_word' id='word_1_60' title='bbox 1048 657 1196 695; x_wconf 89' lang='lat' dir='ltr'>auctior</span> <span class='ocrx_word' id='word_1_61' title='bbox 1214 664 1286 695; x_wconf 87' lang='lat' dir='ltr'>est.</span> 
     </span>
     <span class='ocr_line' id='line_1_14' title="bbox 143 718 1563 841; baseline -0.004 -11"><span class='ocrx_word' id='word_1_62' title='bbox 143 721 241 836; x_wconf 61' lang='lat' dir='ltr'>Quis!</span> <span class='ocrx_word' id='word_1_63' title='bbox 252 795 343 841; x_wconf 77' lang='lat' dir='ltr'>post</span> <span class='ocrx_word' id='word_1_64' title='bbox 359 719 630 840; x_wconf 63' lang='lat' dir='ltr'>vinaugravem</span> <span class='ocrx_word' id='word_1_65' title='bbox 650 718 831 826; x_wconf 53' lang='lat' dir='ltr'>rizlilitiam</span> <span class='ocrx_word' id='word_1_66' title='bbox 850 793 923 825; x_wconf 80' lang='lat' dir='ltr'>aut</span> <span class='ocrx_word' id='word_1_67' title='bbox 940 788 1166 839; x_wconf 83' lang='lat' dir='ltr'>pauperiem</span> <span class='ocrx_word' id='word_1_68' title='bbox 1186 791 1336 837; x_wconf 79' lang='lat' dir='ltr'>crepat.</span> <span class='ocrx_word' id='word_1_69' title='bbox 1353 812 1370 827; x_wconf 51' lang='lat' dir='ltr'>v.</span> <span class='ocrx_word' id='word_1_70' title='bbox 1393 786 1420 835; x_wconf 89' lang='lat' dir='ltr'>i,</span> <span class='ocrx_word' id='word_1_71' title='bbox 1443 786 1505 833; x_wconf 90' lang='lat'>18,</span> <span class='ocrx_word' id='word_1_72' title='bbox 1524 786 1563 825; x_wconf 85' lang='lat'>5.</span> 
     </span>
     <span class='ocr_line' id='line_1_15' title="bbox 191 850 1408 903; baseline -0.004 -10"><span class='ocrx_word' id='word_1_73' title='bbox 191 853 322 894; x_wconf 88' lang='lat' dir='ltr'>Semel</span> <span class='ocrx_word' id='word_1_74' title='bbox 339 859 493 892; x_wconf 85' lang='lat' dir='ltr'>tantum</span> <span class='ocrx_word' id='word_1_75' title='bbox 511 865 655 890; x_wconf 82' lang='lat' dir='ltr'>caesura</span> <span class='ocrx_word' id='word_1_76' title='bbox 673 858 759 903; x_wconf 89' lang='lat' dir='ltr'>post</span> <span class='ocrx_word' id='word_1_77' title='bbox 777 851 988 890; x_wconf 88' lang='lat' dir='ltr'>secundum</span> <span class='ocrx_word' id='word_1_78' title='bbox 1009 851 1270 890; x_wconf 87' lang='lat' dir='ltr'>choriambum</span> <span class='ocrx_word' id='word_1_79' title='bbox 1288 850 1408 889; x_wconf 86' lang='lat' dir='ltr'>abest.</span> 
     </span>
     <span class='ocr_line' id='line_1_16' title="bbox 139 913 1298 968; baseline -0.004 -12"><span class='ocrx_word' id='word_1_80' title='bbox 139 916 362 968; x_wconf 80' lang='lat' dir='ltr'>Arcanique</span> <span class='ocrx_word' id='word_1_81' title='bbox 367 916 476 966; x_wconf 85' lang='lat' dir='ltr'>fides</span> <span class='ocrx_word' id='word_1_82' title='bbox 488 915 659 965; x_wconf 78' lang='lat' dir='ltr'>prodiqa</span> <span class='ocrx_word' id='word_1_83' title='bbox 671 913 914 964; x_wconf 82' lang='lat' dir='ltr'>perlucidior</span> <span class='ocrx_word' id='word_1_84' title='bbox 932 915 1046 952; x_wconf 85' lang='lat' dir='ltr'>vitro.</span> <span class='ocrx_word' id='word_1_85' title='bbox 1103 914 1130 961; x_wconf 90' lang='lat' dir='ltr'>i,</span> <span class='ocrx_word' id='word_1_86' title='bbox 1148 913 1212 962; x_wconf 87' lang='lat'>18,</span> <span class='ocrx_word' id='word_1_87' title='bbox 1234 913 1298 951; x_wconf 89' lang='lat'>16.</span> 
     </span>
     <span class='ocr_line' id='line_1_17' title="bbox 197 979 525 1019; baseline -0.012 0"><span class='ocrx_word' id='word_1_88' title='bbox 197 979 269 1019; x_wconf 87' lang='lat' dir='ltr'>Est</span> <span class='ocrx_word' id='word_1_89' title='bbox 287 980 328 1018; x_wconf 91' lang='lat' dir='ltr'>in</span> <span class='ocrx_word' id='word_1_90' title='bbox 346 985 470 1017; x_wconf 87' lang='lat' dir='ltr'>metro</span> <span class='ocrx_word' id='word_1_91' title='bbox 488 991 525 1016; x_wconf 87' lang='lat' dir='ltr'>v.</span> 
     </span>
    </p>
   </div>
   <div class='ocr_carea' id='block_1_7' title="bbox 24 1037 1637 1090">
    <p class='ocr_par' dir='ltr' id='par_1_8' title="bbox 24 1037 1637 1090">
     <span class='ocr_line' id='line_1_18' title="bbox 24 1037 1637 1090; baseline -0.002 -9"><span class='ocrx_word' id='word_1_92' title='bbox 24 1050 26 1053; x_wconf 87' lang='lat'>&#39;</span> <span class='ocrx_word' id='word_1_93' title='bbox 89 1041 152 1081; x_wconf 92' lang='grc'>10.</span> <span class='ocrx_word' id='word_1_94' title='bbox 182 1041 332 1080; x_wconf 86' lang='lat' dir='ltr'><strong>Versus</strong></span> <span class='ocrx_word' id='word_1_95' title='bbox 357 1037 671 1090; x_wconf 83' lang='lat' dir='ltr'>Aristophanicus</span> <span class='ocrx_word' id='word_1_96' title='bbox 698 1053 730 1078; x_wconf 91' lang='lat' dir='ltr'>s.</span> <span class='ocrx_word' id='word_1_97' title='bbox 757 1038 1032 1078; x_wconf 85' lang='lat' dir='ltr'>choriambicus</span> <span class='ocrx_word' id='word_1_98' title='bbox 1062 1039 1228 1079; x_wconf 82' lang='lat' dir='ltr'>dimeter</span> <span class='ocrx_word' id='word_1_99' title='bbox 1253 1040 1463 1080; x_wconf 81' lang='lat' dir='ltr'>catalectus</span> <span class='ocrx_word' id='word_1_100' title='bbox 1487 1039 1529 1078; x_wconf 89' lang='lat' dir='ltr'>in</span> <span class='ocrx_word' id='word_1_101' title='bbox 1556 1052 1637 1078; x_wconf 88' lang='lat' dir='ltr'>am-</span> 
     </span>
    </p>
   </div>
   <div class='ocr_carea' id='block_1_8' title="bbox 194 1100 1025 1154">
    <p class='ocr_par' dir='ltr' id='par_1_9' title="bbox 194 1100 1025 1154">
     <span class='ocr_line' id='line_1_19' title="bbox 194 1100 1025 1154; baseline 0.001 -14"><span class='ocrx_word' id='word_1_102' title='bbox 194 1102 435 1154; x_wconf 84' lang='lat' dir='ltr'>phibrachyn</span> <span class='ocrx_word' id='word_1_103' title='bbox 455 1101 490 1151; x_wconf 74' lang='lat'>(⁹</span> <span class='ocrx_word' id='word_1_104' title='bbox 501 1100 564 1151; x_wconf 64' lang='grc' dir='ltr'>’Ἴ</span> <span class='ocrx_word' id='word_1_105' title='bbox 586 1108 655 1140; x_wconf 90' lang='lat' dir='ltr'>aut</span> <span class='ocrx_word' id='word_1_106' title='bbox 672 1102 875 1140; x_wconf 86' lang='lat' dir='ltr'>bacchium</span> <span class='ocrx_word' id='word_1_107' title='bbox 895 1100 933 1152; x_wconf 86' lang='lat'>(</span> <span class='ocrx_word' id='word_1_108' title='bbox 943 1105 962 1112; x_wconf 85' lang='lat'>‘&#39;</span> <span class='ocrx_word' id='word_1_109' title='bbox 974 1102 1025 1148; x_wconf 87' lang='grc'>“)</span> 
     </span>
    </p>
   </div>
   <div class='ocr_carea' id='block_1_9' title="bbox 437 1157 547 1172">
    <p class='ocr_par' dir='ltr' id='par_1_10' title="bbox 437 1157 547 1172">
     <span class='ocr_line' id='line_1_20' title="bbox 437 1157 547 1172; baseline 0 -4"><span class='ocrx_word' id='word_1_110' title='bbox 437 1157 547 1172; x_wconf 60' lang='grc' dir='ltr'>’νυ-</span> 
     </span>
    </p>
   </div>
   <div class='ocr_carea' id='block_1_10' title="bbox 409 1224 1058 1275">
    <p class='ocr_par' dir='ltr' id='par_1_11' title="bbox 409 1224 1058 1275">
     <span class='ocr_line' id='line_1_21' title="bbox 409 1224 1058 1275; baseline -0.002 -12"><span class='ocrx_word' id='word_1_111' title='bbox 409 1224 491 1263; x_wconf 84' lang='lat' dir='ltr'>Cur</span> <span class='ocrx_word' id='word_1_112' title='bbox 514 1237 638 1275; x_wconf 79' lang='lat' dir='ltr'>neque</span> <span class='ocrx_word' id='word_1_113' title='bbox 658 1224 854 1262; x_wconf 74' lang='lat' dir='ltr'>militaris.</span> <span class='ocrx_word' id='word_1_114' title='bbox 911 1225 939 1271; x_wconf 92' lang='lat' dir='ltr'>i,</span> <span class='ocrx_word' id='word_1_115' title='bbox 960 1225 999 1270; x_wconf 89' lang='lat'>8,</span> <span class='ocrx_word' id='word_1_116' title='bbox 1018 1225 1058 1262; x_wconf 86' lang='lat'>5.</span> 
     </span>
    </p>
   </div>
   <div class='ocr_carea' id='block_1_11' title="bbox 198 1298 559 1338">
    <p class='ocr_par' dir='ltr' id='par_1_12' title="bbox 198 1298 559 1338">
     <span class='ocr_line' id='line_1_22' title="bbox 198 1298 559 1338; baseline -0.003 0"><span class='ocrx_word' id='word_1_117' title='bbox 198 1298 270 1338; x_wconf 78' lang='lat' dir='ltr'>Est</span> <span class='ocrx_word' id='word_1_118' title='bbox 289 1298 332 1337; x_wconf 90' lang='lat' dir='ltr'>in</span> <span class='ocrx_word' id='word_1_119' title='bbox 348 1305 472 1337; x_wconf 90' lang='lat' dir='ltr'>metro</span> <span class='ocrx_word' id='word_1_120' title='bbox 490 1299 559 1337; x_wconf 85' lang='lat' dir='ltr'>vii.</span> 
     </span>
    </p>
   </div>
   <div class='ocr_carea' id='block_1_12' title="bbox 90 1361 1637 1528">
    <p class='ocr_par' dir='ltr' id='par_1_13' title="bbox 90 1361 1637 1528">
     <span class='ocr_line' id='line_1_23' title="bbox 90 1361 1637 1413; baseline -0.001 -13"><span class='ocrx_word' id='word_1_121' title='bbox 90 1362 152 1400; x_wconf 92' lang='lat'>11.</span> <span class='ocrx_word' id='word_1_122' title='bbox 179 1361 331 1400; x_wconf 84' lang='lat' dir='ltr'><strong>Versus</strong></span> <span class='ocrx_word' id='word_1_123' title='bbox 370 1361 588 1413; x_wconf 85' lang='lat' dir='ltr'>Sapphicus</span> <span class='ocrx_word' id='word_1_124' title='bbox 624 1361 763 1406; x_wconf 85' lang='lat' dir='ltr'>minor,</span> <span class='ocrx_word' id='word_1_125' title='bbox 792 1375 822 1400; x_wconf 88' lang='lat' dir='ltr'>s.</span> <span class='ocrx_word' id='word_1_126' title='bbox 860 1361 1223 1413; x_wconf 89' lang='lat' dir='ltr'>epichoriambicum</span> <span class='ocrx_word' id='word_1_127' title='bbox 1260 1361 1637 1412; x_wconf 87' lang='lat' dir='ltr'>hendecasyllabum,</span> 
     </span>
     <span class='ocr_line' id='line_1_24' title="bbox 197 1423 1286 1528; baseline 0 -65"><span class='ocrx_word' id='word_1_128' title='bbox 197 1429 440 1463; x_wconf 76' lang='lat' dir='ltr'>constans-ex</span> <span class='ocrx_word' id='word_1_129' title='bbox 458 1423 613 1528; x_wconf 66' lang='grc'>1111101113</span> <span class='ocrx_word' id='word_1_130' title='bbox 631 1424 821 1462; x_wconf 88' lang='lat' dir='ltr'>trochaica</span> <span class='ocrx_word' id='word_1_131' title='bbox 839 1429 876 1462; x_wconf 86' lang='lat' dir='ltr'>et</span> <span class='ocrx_word' id='word_1_132' title='bbox 891 1437 1006 1463; x_wconf 90' lang='lat' dir='ltr'>versu</span> <span class='ocrx_word' id='word_1_133' title='bbox 1025 1424 1286 1464; x_wconf 86' lang='lat' dir='ltr'>antecedenti.</span> 
     </span>
    </p>
   </div>
   <div class='ocr_carea' id='block_1_13' title="bbox 351 1548 1346 1600">
    <p class='ocr_par' dir='ltr' id='par_1_14' title="bbox 351 1548 1346 1600">
     <span class='ocr_line' id='line_1_25' title="bbox 351 1548 1346 1600; baseline 0.002 -14"><span class='ocrx_word' id='word_1_134' title='bbox 351 1548 477 1587; x_wconf 81' lang='lat' dir='ltr'><strong><em>Ludit</em></strong></span> <span class='ocrx_word' id='word_1_135' title='bbox 497 1548 662 1587; x_wconf 76' lang='lat' dir='ltr'>herbosa</span> <span class='ocrx_word' id='word_1_136' title='bbox 674 1562 794 1598; x_wconf 82' lang='lat' dir='ltr'>pecus</span> <span class='ocrx_word' id='word_1_137' title='bbox 811 1563 919 1588; x_wconf 85' lang='lat' dir='ltr'>omne</span> <span class='ocrx_word' id='word_1_138' title='bbox 938 1563 1084 1600; x_wconf 81' lang='lat' dir='ltr'>campo,</span> <span class='ocrx_word' id='word_1_139' title='bbox 1147 1550 1203 1596; x_wconf 91' lang='lat' dir='ltr'>iii,</span> <span class='ocrx_word' id='word_1_140' title='bbox 1227 1550 1291 1598; x_wconf 87' lang='lat'>18,</span> <span class='ocrx_word' id='word_1_141' title='bbox 1308 1552 1346 1590; x_wconf 90' lang='lat'>9.</span> 
     </span>
    </p>
   </div>
   <div class='ocr_carea' id='block_1_14' title="bbox 146 1621 1642 2056">
    <p class='ocr_par' dir='ltr' id='par_1_15' title="bbox 198 1621 1224 1674">
     <span class='ocr_line' id='line_1_26' title="bbox 198 1621 1224 1674; baseline 0.002 -13"><span class='ocrx_word' id='word_1_142' title='bbox 198 1621 310 1674; x_wconf 85' lang='lat' dir='ltr'><strong>Soepe</strong></span> <span class='ocrx_word' id='word_1_143' title='bbox 328 1635 470 1661; x_wconf 83' lang='lat' dir='ltr'>caesura</span> <span class='ocrx_word' id='word_1_144' title='bbox 488 1629 547 1661; x_wconf 90' lang='lat' dir='ltr'>est</span> <span class='ocrx_word' id='word_1_145' title='bbox 565 1630 652 1673; x_wconf 89' lang='lat' dir='ltr'>post</span> <span class='ocrx_word' id='word_1_146' title='bbox 670 1622 856 1673; x_wconf 83' lang='lat' dir='ltr'>syllabam</span> <span class='ocrx_word' id='word_1_147' title='bbox 876 1624 1032 1663; x_wconf 87' lang='lat' dir='ltr'>brevem</span> <span class='ocrx_word' id='word_1_148' title='bbox 1047 1631 1224 1663; x_wconf 86' lang='lat' dir='ltr'>sextam:</span> 
     </span>
    </p>

    <p class='ocr_par' dir='ltr' id='par_1_16' title="bbox 146 1684 1642 2056">
     <span class='ocr_line' id='line_1_27' title="bbox 146 1684 1162 1735; baseline 0.001 -11"><span class='ocrx_word' id='word_1_149' title='bbox 146 1685 322 1724; x_wconf 78' lang='lat' dir='ltr'>Dauniae</span> <span class='ocrx_word' id='word_1_150' title='bbox 340 1685 505 1735; x_wconf 82' lang='lat' dir='ltr'>defende</span> <span class='ocrx_word' id='word_1_151' title='bbox 526 1687 546 1734; x_wconf 79' lang='grc' dir='ltr'>Η</span> <span class='ocrx_word' id='word_1_152' title='bbox 567 1685 683 1723; x_wconf 85' lang='lat' dir='ltr'>decus</span> <span class='ocrx_word' id='word_1_153' title='bbox 705 1684 910 1724; x_wconf 83' lang='lat' dir='ltr'>Camoenoe.</span> <span class='ocrx_word' id='word_1_154' title='bbox 966 1687 1020 1733; x_wconf 86' lang='lat' dir='ltr'>iv,</span> <span class='ocrx_word' id='word_1_155' title='bbox 1041 1687 1078 1732; x_wconf 88' lang='lat'>6,</span> <span class='ocrx_word' id='word_1_156' title='bbox 1098 1687 1162 1731; x_wconf 90' lang='grc'>27.</span> 
     </span>
     <span class='ocr_line' id='line_1_28' title="bbox 158 1746 1636 1800; baseline 0.004 -14.133"><span class='ocrx_word' id='word_1_157' title='bbox 158 1747 411 1800; x_wconf 84' lang='lat' dir='ltr'>praesertim</span> <span class='ocrx_word' id='word_1_158' title='bbox 437 1748 479 1786; x_wconf 91' lang='grc'>111</span> <span class='ocrx_word' id='word_1_159' title='bbox 497 1747 550 1792; x_wconf 86' lang='lat' dir='ltr'>iv,</span> <span class='ocrx_word' id='word_1_160' title='bbox 569 1746 595 1784; x_wconf 84' lang='lat'><strong>2</strong></span> <span class='ocrx_word' id='word_1_161' title='bbox 613 1753 652 1786; x_wconf 93' lang='lat' dir='ltr'>et</span> <span class='ocrx_word' id='word_1_162' title='bbox 672 1747 710 1792; x_wconf 88' lang='lat'>6,</span> <span class='ocrx_word' id='word_1_163' title='bbox 729 1755 769 1787; x_wconf 91' lang='lat' dir='ltr'>et</span> <span class='ocrx_word' id='word_1_164' title='bbox 788 1748 829 1786; x_wconf 91' lang='lat' dir='ltr'>in</span> <span class='ocrx_word' id='word_1_165' title='bbox 851 1749 979 1787; x_wconf 84' lang='lat' dir='ltr'>Carm.</span> <span class='ocrx_word' id='word_1_166' title='bbox 999 1749 1096 1788; x_wconf 87' lang='lat' dir='ltr'>Saec.</span> <span class='ocrx_word' id='word_1_167' title='bbox 1154 1749 1284 1788; x_wconf 86' lang='lat' dir='ltr'>Semel</span> <span class='ocrx_word' id='word_1_168' title='bbox 1310 1758 1448 1790; x_wconf 92' lang='lat' dir='ltr'>neutro</span> <span class='ocrx_word' id='word_1_169' title='bbox 1475 1753 1516 1790; x_wconf 91' lang='lat' dir='ltr'>in</span> <span class='ocrx_word' id='word_1_170' title='bbox 1542 1752 1636 1798; x_wconf 91' lang='lat' dir='ltr'>loco,</span> 
     </span>
     <span class='ocr_line' id='line_1_29' title="bbox 195 1810 1642 1867; baseline 0.005 -19"><span class='ocrx_word' id='word_1_171' title='bbox 195 1811 224 1856; x_wconf 90' lang='grc'>1,</span> <span class='ocrx_word' id='word_1_172' title='bbox 250 1811 290 1858; x_wconf 88' lang='grc'><strong>2,</strong></span> <span class='ocrx_word' id='word_1_173' title='bbox 316 1810 382 1849; x_wconf 94' lang='grc'>34.</span> <span class='ocrx_word' id='word_1_174' title='bbox 440 1810 566 1849; x_wconf 85' lang='lat' dir='ltr'>Graeci</span> <span class='ocrx_word' id='word_1_175' title='bbox 594 1810 750 1860; x_wconf 92' lang='lat' dir='ltr'>quidem</span> <span class='ocrx_word' id='word_1_176' title='bbox 776 1818 944 1850; x_wconf 87' lang='lat' dir='ltr'>utuntur</span> <span class='ocrx_word' id='word_1_177' title='bbox 971 1812 1013 1850; x_wconf 90' lang='lat' dir='ltr'>in</span> <span class='ocrx_word' id='word_1_178' title='bbox 1040 1812 1195 1851; x_wconf 87' lang='lat' dir='ltr'>exordio</span> <span class='ocrx_word' id='word_1_179' title='bbox 1221 1825 1354 1852; x_wconf 88' lang='lat' dir='ltr'>versus</span> <span class='ocrx_word' id='word_1_180' title='bbox 1379 1822 1459 1852; x_wconf 86' lang='lat' dir='ltr'>tam</span> <span class='ocrx_word' id='word_1_181' title='bbox 1486 1815 1642 1867; x_wconf 90' lang='lat' dir='ltr'>dipodia</span> 
     </span>
     <span class='ocr_line' id='line_1_30' title="bbox 198 1871 1639 1927; baseline 0.004 -16"><span class='ocrx_word' id='word_1_182' title='bbox 198 1874 389 1912; x_wconf 86' lang='lat' dir='ltr'>trochaica</span> <span class='ocrx_word' id='word_1_183' title='bbox 407 1887 504 1924; x_wconf 87' lang='lat' dir='ltr'>pura</span> <span class='ocrx_word' id='word_1_184' title='bbox 523 1871 590 1926; x_wconf 69' lang='lat'>(⁹</span> <span class='ocrx_word' id='word_1_185' title='bbox 601 1876 620 1883; x_wconf 86' lang='grc'><em>“</em></span> <span class='ocrx_word' id='word_1_186' title='bbox 631 1872 667 1919; x_wconf 74' lang='grc'>“)</span> <span class='ocrx_word' id='word_1_187' title='bbox 686 1886 803 1924; x_wconf 88' lang='lat' dir='ltr'>quam</span> <span class='ocrx_word' id='word_1_188' title='bbox 827 1874 985 1924; x_wconf 87' lang='lat' dir='ltr'>epitrito</span> <span class='ocrx_word' id='word_1_189' title='bbox 1006 1874 1175 1913; x_wconf 90' lang='lat' dir='ltr'>secundo</span> <span class='ocrx_word' id='word_1_190' title='bbox 1192 1874 1316 1925; x_wconf 74' lang='lat'><strong>’&#39;⁹’‘,</strong></span> <span class='ocrx_word' id='word_1_191' title='bbox 1337 1877 1405 1927; x_wconf 91' lang='lat' dir='ltr'>qui</span> <span class='ocrx_word' id='word_1_192' title='bbox 1430 1877 1532 1916; x_wconf 91' lang='lat' dir='ltr'>solus</span> <span class='ocrx_word' id='word_1_193' title='bbox 1554 1879 1639 1917; x_wconf 91' lang='lat' dir='ltr'>Ho-</span> 
     </span>
     <span class='ocr_line' id='line_1_31' title="bbox 198 1937 1638 1993; baseline 0.003 -17"><span class='ocrx_word' id='word_1_194' title='bbox 198 1938 296 1976; x_wconf 85' lang='lat' dir='ltr'>ratio</span> <span class='ocrx_word' id='word_1_195' title='bbox 330 1937 489 1989; x_wconf 81' lang='lat' dir='ltr'>placuit.</span> <span class='ocrx_word' id='word_1_196' title='bbox 544 1939 664 1978; x_wconf 92' lang='lat' dir='ltr'>Porro</span> <span class='ocrx_word' id='word_1_197' title='bbox 699 1952 881 1978; x_wconf 81' lang='lat' dir='ltr'>caesuram</span> <span class='ocrx_word' id='word_1_198' title='bbox 914 1939 1102 1984; x_wconf 86' lang='lat' dir='ltr'>observat,</span> <span class='ocrx_word' id='word_1_199' title='bbox 1139 1954 1255 1991; x_wconf 90' lang='lat' dir='ltr'>quam</span> <span class='ocrx_word' id='word_1_200' title='bbox 1286 1942 1411 1980; x_wconf 87' lang='lat' dir='ltr'>Graeci</span> <span class='ocrx_word' id='word_1_201' title='bbox 1447 1943 1638 1993; x_wconf 89' lang='lat' dir='ltr'>ignorant.</span> 
     </span>
     <span class='ocr_line' id='line_1_32' title="bbox 198 1999 1641 2056; baseline 0.004 -18"><span class='ocrx_word' id='word_1_202' title='bbox 198 1999 403 2039; x_wconf 81' lang='lat' dir='ltr'>Interdum</span> <span class='ocrx_word' id='word_1_203' title='bbox 420 2014 552 2040; x_wconf 84' lang='lat' dir='ltr'>versus</span> <span class='ocrx_word' id='word_1_204' title='bbox 572 2002 817 2053; x_wconf 88' lang='lat' dir='ltr'>hypermeter</span> <span class='ocrx_word' id='word_1_205' title='bbox 835 2008 909 2048; x_wconf 88' lang='lat' dir='ltr'>est,</span> <span class='ocrx_word' id='word_1_206' title='bbox 924 2002 950 2039; x_wconf 91' lang='lat' dir='ltr'>i.</span> <span class='ocrx_word' id='word_1_207' title='bbox 972 2015 1006 2040; x_wconf 91' lang='lat' dir='ltr'>e.</span> <span class='ocrx_word' id='word_1_208' title='bbox 1027 2002 1166 2041; x_wconf 91' lang='lat' dir='ltr'>ultima</span> <span class='ocrx_word' id='word_1_209' title='bbox 1184 2004 1269 2055; x_wconf 87' lang='lat' dir='ltr'>ejus</span> <span class='ocrx_word' id='word_1_210' title='bbox 1280 2004 1428 2055; x_wconf 83' lang='lat' dir='ltr'>syllaba</span> <span class='ocrx_word' id='word_1_211' title='bbox 1445 2005 1641 2056; x_wconf 84' lang='lat' dir='ltr'>superflua</span> 
     </span>
    </p>
   </div>
   <div class='ocr_carea' id='block_1_15' title="bbox 198 2062 1638 2161">
    <p class='ocr_par' dir='ltr' id='par_1_17' title="bbox 198 2062 1638 2155">
     <span class='ocr_line' id='line_1_33' title="bbox 199 2062 1638 2115; baseline 0.003 -15"><span class='ocrx_word' id='word_1_212' title='bbox 199 2062 358 2101; x_wconf 86' lang='lat' dir='ltr'>eliditur</span> <span class='ocrx_word' id='word_1_213' title='bbox 373 2063 493 2102; x_wconf 87' lang='lat' dir='ltr'>vocali</span> <span class='ocrx_word' id='word_1_214' title='bbox 511 2077 533 2102; x_wconf 85' lang='lat' dir='ltr'>a</span> <span class='ocrx_word' id='word_1_215' title='bbox 551 2077 627 2115; x_wconf 85' lang='lat' dir='ltr'>qua</span> <span class='ocrx_word' id='word_1_216' title='bbox 645 2065 881 2115; x_wconf 89' lang='lat' dir='ltr'>subsequens</span> <span class='ocrx_word' id='word_1_217' title='bbox 902 2063 1040 2115; x_wconf 81' lang='lat' dir='ltr'>incipit</span> <span class='ocrx_word' id='word_1_218' title='bbox 1059 2077 1208 2112; x_wconf 85' lang='lat' dir='ltr'>versus,</span> <span class='ocrx_word' id='word_1_219' title='bbox 1227 2065 1271 2113; x_wconf 91' lang='lat' dir='ltr'>ii,</span> <span class='ocrx_word' id='word_1_220' title='bbox 1290 2065 1329 2111; x_wconf 84' lang='lat'>2,</span> <span class='ocrx_word' id='word_1_221' title='bbox 1353 2065 1424 2111; x_wconf 91' lang='grc'>18;</span> <span class='ocrx_word' id='word_1_222' title='bbox 1454 2066 1506 2112; x_wconf 89' lang='lat' dir='ltr'>iv,</span> <span class='ocrx_word' id='word_1_223' title='bbox 1525 2067 1566 2115; x_wconf 84' lang='lat'>2,</span> <span class='ocrx_word' id='word_1_224' title='bbox 1586 2068 1638 2105; x_wconf 91' lang='grc'>22</span> 
     </span>
     <span class='ocr_line' id='line_1_34' title="bbox 198 2114 699 2161; baseline 0.006 -8"><span class='ocrx_word' id='word_1_225' title='bbox 198 2121 240 2153; x_wconf 87' lang='lat' dir='ltr'>et</span> <span class='ocrx_word' id='word_1_226' title='bbox 257 2114 338 2161; x_wconf 88' lang='grc'><strong>23,·</strong></span> <span class='ocrx_word' id='word_1_227' title='bbox 366 2114 494 2154; x_wconf 85' lang='lat' dir='ltr'>Carm.</span> <span class='ocrx_word' id='word_1_228' title='bbox 518 2116 614 2155; x_wconf 84' lang='lat' dir='ltr'>Saec.</span> <span class='ocrx_word' id='word_1_229' title='bbox 633 2115 699 2155; x_wconf 85' lang='lat'>48.</span> 
     </span>
    </p>
   </div>
   <div class='ocr_carea' id='block_1_16' title="bbox 94 2177 1641 2413">
    <p class='ocr_par' dir='ltr' id='par_1_18' title="bbox 201 2177 550 2217">
     <span class='ocr_line' id='line_1_35' title="bbox 201 2177 550 2217; baseline 0.003 -2"><span class='ocrx_word' id='word_1_230' title='bbox 201 2177 307 2216; x_wconf 86' lang='lat' dir='ltr'>Est&#39;</span> <span class='ocrx_word' id='word_1_231' title='bbox 295 2191 337 2216; x_wconf 88' lang='lat' dir='ltr'>m</span> <span class='ocrx_word' id='word_1_232' title='bbox 355 2185 478 2217; x_wconf 91' lang='lat' dir='ltr'>metro</span> <span class='ocrx_word' id='word_1_233' title='bbox 498 2178 550 2217; x_wconf 89' lang='lat' dir='ltr'>vi.</span> 
     </span>
    </p>

    <p class='ocr_par' dir='ltr' id='par_1_19' title="bbox 94 2238 1641 2413">
     <span class='ocr_line' id='line_1_36' title="bbox 94 2238 1641 2293; baseline 0.002 -15"><span class='ocrx_word' id='word_1_234' title='bbox 94 2238 157 2278; x_wconf 92' lang='grc'>12.</span> <span class='ocrx_word' id='word_1_235' title='bbox 185 2239 334 2279; x_wconf 84' lang='lat' dir='ltr'><strong>Versus</strong></span> <span class='ocrx_word' id='word_1_236' title='bbox 363 2241 579 2292; x_wconf 85' lang='lat' dir='ltr'>Sapphicus</span> <span class='ocrx_word' id='word_1_237' title='bbox 610 2241 742 2292; x_wconf 89' lang='lat' dir='ltr'>major.</span> <span class='ocrx_word' id='word_1_238' title='bbox 797 2239 935 2279; x_wconf 89' lang='lat' dir='ltr'>Oritur</span> <span class='ocrx_word' id='word_1_239' title='bbox 964 2250 1019 2287; x_wconf 41' lang='lat' dir='ltr'>ex,</span> <span class='ocrx_word' id='word_1_240' title='bbox 1040 2253 1156 2279; x_wconf 83' lang='lat' dir='ltr'>versu</span> <span class='ocrx_word' id='word_1_241' title='bbox 1190 2239 1381 2292; x_wconf 81' lang='lat' dir='ltr'>Sapphico</span> <span class='ocrx_word' id='word_1_242' title='bbox 1407 2242 1641 2293; x_wconf 87' lang='lat' dir='ltr'>praecedenti</span> 
     </span>
     <span class='ocr_line' id='line_1_37' title="bbox 198 2302 1638 2356; baseline 0.003 -15"><span class='ocrx_word' id='word_1_243' title='bbox 198 2303 331 2342; x_wconf 87' lang='lat' dir='ltr'>eodem</span> <span class='ocrx_word' id='word_1_244' title='bbox 349 2303 461 2342; x_wconf 92' lang='lat' dir='ltr'>modo</span> <span class='ocrx_word' id='word_1_245' title='bbox 478 2310 524 2342; x_wconf 90' lang='lat' dir='ltr'>ut</span> <span class='ocrx_word' id='word_1_246' title='bbox 553 2302 828 2354; x_wconf 86' lang='lat' dir='ltr'>Asclepiadeus</span> <span class='ocrx_word' id='word_1_247' title='bbox 854 2303 976 2355; x_wconf 86' lang='lat' dir='ltr'>major</span> <span class='ocrx_word' id='word_1_248' title='bbox 1001 2305 1127 2353; x_wconf 89' lang='lat' dir='ltr'>(uum.</span> <span class='ocrx_word' id='word_1_249' title='bbox 1145 2303 1189 2350; x_wconf 91' lang='lat'>9)</span> <span class='ocrx_word' id='word_1_250' title='bbox 1206 2316 1255 2341; x_wconf 87' lang='lat' dir='ltr'><strong>ex</strong></span> <span class='ocrx_word' id='word_1_251' title='bbox 1284 2303 1538 2356; x_wconf 76' lang='lat' dir='ltr'>Asclepiaden</span> <span class='ocrx_word' id='word_1_252' title='bbox 1564 2306 1638 2344; x_wconf 94' lang='lat' dir='ltr'>mi-</span> 
     </span>
     <span class='ocr_line' id='line_1_38' title="bbox 197 2365 1355 2413; baseline 0.001 -9"><span class='ocrx_word' id='word_1_253' title='bbox 197 2366 279 2405; x_wconf 91' lang='lat' dir='ltr'>nori</span> <span class='ocrx_word' id='word_1_254' title='bbox 299 2365 427 2413; x_wconf 88' lang='lat' dir='ltr'>(num.</span> <span class='ocrx_word' id='word_1_255' title='bbox 448 2366 506 2413; x_wconf 89' lang='lat'>8),</span> <span class='ocrx_word' id='word_1_256' title='bbox 525 2367 667 2405; x_wconf 89' lang='lat' dir='ltr'>inserto</span> <span class='ocrx_word' id='word_1_257' title='bbox 686 2366 870 2404; x_wconf 85' lang='lat' dir='ltr'>nimirum</span> <span class='ocrx_word' id='word_1_258' title='bbox 888 2379 966 2404; x_wconf 89' lang='lat' dir='ltr'>uuo</span> <span class='ocrx_word' id='word_1_259' title='bbox 984 2365 1108 2404; x_wconf 87' lang='lat' dir='ltr'>adhuc</span> <span class='ocrx_word' id='word_1_260' title='bbox 1127 2366 1355 2405; x_wconf 87' lang='lat' dir='ltr'>choriambo.</span> 
     </span>
    </p>
   </div>
   <div class='ocr_carea' id='block_1_17' title="bbox 255 2416 1379 2537">
    <p class='ocr_par' dir='ltr' id='par_1_20' title="bbox 255 2416 1379 2537">
     <span class='ocr_line' id='line_1_39' title="bbox 255 2416 1379 2537; baseline 0.001 -13"><span class='ocrx_word' id='word_1_261' title='bbox 255 2485 366 2536; x_wconf 81' lang='lat' dir='ltr'><strong>Soepe</strong></span> <span class='ocrx_word' id='word_1_262' title='bbox 385 2421 497 2524; x_wconf 63' lang='lat' dir='ltr'>trians</span> <span class='ocrx_word' id='word_1_263' title='bbox 503 2417 631 2537; x_wconf 53' lang='grc' dir='ltr'>Ι1111111711</span> <span class='ocrx_word' id='word_1_264' title='bbox 639 2416 784 2536; x_wconf 65' lang='grc' dir='ltr'>1γά(Ι;ΙιιΖο</span> <span class='ocrx_word' id='word_1_265' title='bbox 802 2417 943 2523; x_wconf 54' lang='lat' dir='ltr'>nobiliis</span> <span class='ocrx_word' id='word_1_266' title='bbox 962 2484 1154 2536; x_wconf 78' lang='lat' dir='ltr'>expedito.</span> <span class='ocrx_word' id='word_1_267' title='bbox 1210 2486 1238 2534; x_wconf 88' lang='lat' dir='ltr'>i,</span> <span class='ocrx_word' id='word_1_268' title='bbox 1257 2485 1297 2533; x_wconf 92' lang='grc'>8,</span> <span class='ocrx_word' id='word_1_269' title='bbox 1316 2486 1379 2525; x_wconf 92' lang='grc'>12.</span> 
     </span>
    </p>
   </div>
   <div class='ocr_carea' id='block_1_18' title="bbox 201 2548 1638 2598">
    <p class='ocr_par' dir='ltr' id='par_1_21' title="bbox 201 2548 1638 2598">
     <span class='ocr_line' id='line_1_40' title="bbox 201 2548 1638 2598; baseline 0.001 -10"><span class='ocrx_word' id='word_1_270' title='bbox 201 2548 246 2587; x_wconf 86' lang='grc'>81</span> <span class='ocrx_word' id='word_1_271' title='bbox 262 2554 366 2588; x_wconf 88' lang='lat' dir='ltr'>recte</span> <span class='ocrx_word' id='word_1_272' title='bbox 383 2563 406 2588; x_wconf 88' lang='lat' dir='ltr'>a</span> <span class='ocrx_word' id='word_1_273' title='bbox 424 2549 486 2587; x_wconf 88' lang='lat' dir='ltr'>CI.</span> <span class='ocrx_word' id='word_1_274' title='bbox 508 2549 735 2588; x_wconf 86' lang='lat' dir='ltr'>Hermanno</span> <span class='ocrx_word' id='word_1_275' title='bbox 751 2549 814 2587; x_wconf 90' lang='lat' dir='ltr'>hic</span> <span class='ocrx_word' id='word_1_276' title='bbox 832 2562 965 2587; x_wconf 86' lang='lat' dir='ltr'>versus</span> <span class='ocrx_word' id='word_1_277' title='bbox 984 2549 1088 2588; x_wconf 88' lang='lat' dir='ltr'>inter</span> <span class='ocrx_word' id='word_1_278' title='bbox 1108 2548 1380 2588; x_wconf 87' lang='lat' dir='ltr'>choriambicos</span> <span class='ocrx_word' id='word_1_279' title='bbox 1398 2558 1638 2598; x_wconf 85' lang='lat' dir='ltr'>numeratur,</span> 
     </span>
    </p>
   </div>
   <div class='ocr_carea' id='block_1_19' title="bbox 199 2601 1639 2692">
    <p class='ocr_par' dir='ltr' id='par_1_22' title="bbox 199 2601 1639 2692">
     <span class='ocr_line' id='line_1_41' title="bbox 199 2601 1639 2692; baseline 0.001 -52"><span class='ocrx_word' id='word_1_280' title='bbox 199 2613 310 2692; x_wconf 46' lang='lat' dir='ltr'>aeffiuo</span> <span class='ocrx_word' id='word_1_281' title='bbox 333 2601 425 2653; x_wconf 89' lang='lat' dir='ltr'>jure</span> <span class='ocrx_word' id='word_1_282' title='bbox 453 2602 668 2653; x_wconf 87' lang='lat' dir='ltr'>Sapphicus</span> <span class='ocrx_word' id='word_1_283' title='bbox 694 2601 914 2652; x_wconf 75' lang='lat' dir='ltr'>praecedens</span> <span class='ocrx_word' id='word_1_284' title='bbox 938 2601 1066 2639; x_wconf 90' lang='lat' dir='ltr'>locum</span> <span class='ocrx_word' id='word_1_285' title='bbox 1090 2601 1193 2640; x_wconf 89' lang='lat' dir='ltr'>inter</span> <span class='ocrx_word' id='word_1_286' title='bbox 1217 2601 1302 2641; x_wconf 88' lang='lat' dir='ltr'>illos</span> <span class='ocrx_word' id='word_1_287' title='bbox 1329 2602 1503 2642; x_wconf 88' lang='lat' dir='ltr'>obtinere</span> <span class='ocrx_word' id='word_1_288' title='bbox 1529 2617 1639 2653; x_wconf 90' lang='lat' dir='ltr'>posse</span> 
     </span>
     <span class='ocr_line' id='line_1_42' title="bbox 203 2661 372 2692; baseline 0 0"><span class='ocrx_word' id='word_1_289' title='bbox 203 2667 243 2692; x_wconf 75' lang='lat' dir='ltr'>vr</span> <span class='ocrx_word' id='word_1_290' title='bbox 273 2661 372 2692; x_wconf 88' lang='lat' dir='ltr'>etur.</span> 
     </span>
    </p>
   </div>
   <div class='ocr_carea' id='block_1_20' title="bbox 205 2716 562 2756">
    <p class='ocr_par' dir='ltr' id='par_1_23' title="bbox 205 2716 562 2756">
     <span class='ocr_line' id='line_1_43' title="bbox 205 2716 562 2756; baseline 0 0"><span class='ocrx_word' id='word_1_291' title='bbox 205 2716 278 2756; x_wconf 86' lang='lat' dir='ltr'>Est</span> <span class='ocrx_word' id='word_1_292' title='bbox 295 2717 337 2756; x_wconf 92' lang='lat' dir='ltr'>in</span> <span class='ocrx_word' id='word_1_293' title='bbox 355 2723 479 2756; x_wconf 90' lang='lat' dir='ltr'>metro</span> <span class='ocrx_word' id='word_1_294' title='bbox 496 2717 562 2756; x_wconf 85' lang='lat' dir='ltr'>vii.</span> 
     </span>
    </p>
   </div>
   <div class='ocr_carea' id='block_1_21' title="bbox 675 2803 1112 2854">
    <p class='ocr_par' dir='ltr' id='par_1_24' title="bbox 675 2803 1112 2854">
     <span class='ocr_line' id='line_1_44' title="bbox 675 2803 1112 2854; baseline -0.005 -13"><span class='ocrx_word' id='word_1_295' title='bbox 675 2803 714 2841; x_wconf 89' lang='lat' dir='ltr'>d.</span> <span class='ocrx_word' id='word_1_296' title='bbox 752 2804 891 2842; x_wconf 81' lang='lat' dir='ltr'><strong>Versus</strong></span> <span class='ocrx_word' id='word_1_297' title='bbox 910 2803 1112 2854; x_wconf 80' lang='lat' dir='ltr'>dactylici.</span> 
     </span>
    </p>
   </div>
   <div class='ocr_carea' id='block_1_22' title="bbox 99 2898 1279 2951">
    <p class='ocr_par' dir='ltr' id='par_1_25' title="bbox 99 2898 1279 2951">
     <span class='ocr_line' id='line_1_45' title="bbox 99 2898 1279 2951; baseline 0.002 -15"><span class='ocrx_word' id='word_1_298' title='bbox 99 2898 162 2938; x_wconf 91' lang='lat'>13.</span> <span class='ocrx_word' id='word_1_299' title='bbox 194 2898 336 2939; x_wconf 86' lang='lat' dir='ltr'>Versus</span> <span class='ocrx_word' id='word_1_300' title='bbox 356 2900 567 2947; x_wconf 84' lang='lat' dir='ltr'>Adonieus,</span> <span class='ocrx_word' id='word_1_301' title='bbox 587 2914 617 2940; x_wconf 92' lang='lat' dir='ltr'>s.</span> <span class='ocrx_word' id='word_1_302' title='bbox 641 2900 853 2951; x_wconf 82' lang='lat' dir='ltr'>dactylicus</span> <span class='ocrx_word' id='word_1_303' title='bbox 872 2900 1037 2940; x_wconf 86' lang='lat' dir='ltr'>dimeter</span> <span class='ocrx_word' id='word_1_304' title='bbox 1057 2899 1279 2939; x_wconf 87' lang='lat' dir='ltr'>catalectus.</span> 
     </span>
    </p>
   </div>
  </div>
 </body>
</html>
