1904 3314
347 202 432 243 498

830 198 1356 241 EPISTOLARUM

466 301 614 343 Odisti
633 300 787 350 claves,
809 306 852 341 et
873 306 994 354 grata
1016 299 1154 354 sigilla
1172 299 1354 354 pudico:

465 367 620 409 Paucis
642 367 811 409 ostendi
829 367 976 421 gemis,
999 373 1042 407 et
1062 367 1298 408 communia
1318 365 1483 406 laudas.

409 435 436 476 5
464 434 567 476 Non
587 435 646 475 ita
666 434 876 474 nutritus!

465 502 569 542 Non
590 501 670 542 erit
690 501 846 541 emisso
868 500 1031 540 reditus
1053 500 1143 540 tibi.

937 433 1072 487 Fuge,
1094 447 1180 486 quo
1201 432 1463 473 descendere
1484 432 1643 486 gestis:

1205 499 1322 545 Quid
1344 499 1470 539 miser
1491 499 1588 552 egi?

465 567 585 614 Quid
606 566 748 608 volui?
780 567 911 615 dices,
934 566 1009 606 ubi
1029 566 1124 619 quis
1147 572 1188 606 te
1209 564 1393 614 laeserim
1425 571 1468 605 et
1488 565 1584 613 scis,

467 634 517 674 In
539 635 667 675 breve
689 641 730 674 te
752 634 861 687 cogi,
884 632 1034 686 plenus
1057 646 1187 686 quum
1207 630 1383 684 languet
1403 637 1578 670 amator.

467 699 599 746 Quod
620 701 656 741 si
675 715 759 741 non
781 700 879 741 odio
900 699 1116 752 peccantis
1139 698 1295 751 desipit
1317 711 1468 750 augur,

385 767 436 806 10
467 766 603 807 Carus
624 767 707 807 eris
728 767 894 815 Romae,
918 765 1053 805 donec
1075 771 1117 805 te
1139 765 1310 804 deseret
1330 770 1447 804 aetas.

467 831 769 873 contrectatus
791 832 865 872 ubi
885 831 1076 871 manibus
1100 829 1347 870 sordescere
1369 827 1483 882 vulgi

465 898 677 951 Coeperis,
699 904 772 938 aut
792 898 927 938 tineas
950 910 1098 950 pasces
1120 896 1356 936 taciturnus
1378 895 1551 944 inertes,

465 962 558 1003 Aut
579 963 717 1017 fugies
739 963 924 1010 Uticam,
947 969 1019 1002 aut
1040 962 1205 1002 vinctus
1225 961 1405 1001 mitteris
1427 960 1624 1002 Ilerdam.

465 1029 646 1070 Ridebit
666 1029 848 1070 monitor
869 1043 954 1069 non
975 1027 1205 1068 exauditus
1222 1044 1232 1075 ς
1269 1034 1316 1067 ut
1337 1026 1405 1067 ille

559 1183 779 1214 EPISTOLA
805 1184 879 1214 XX.

395 1224 557 1261 Horatius,
574 1226 724 1256 simulans
741 1225 824 1256 hunc
842 1225 975 1272 primurn
993 1222 1083 1264 Epis-

352 1266 485 1297 telarum
500 1267 614 1298 librum
628 1268 696 1309 ipso
711 1267 808 1297 invito
825 1277 905 1297 viam
929 1276 966 1296 ex
988 1275 1082 1306 pene-

351 1308 484 1339 tralibus
506 1309 650 1340 affectare
671 1309 703 1340 iu
726 1309 899 1350 publicum,
920 1308 994 1342 fata.
1011 1317 1083 1347 quae

352 1349 443 1380 illum
464 1350 497 1381 in
520 1351 578 1381 hoe
597 1351 757 1381 temerario
771 1349 900 1382 consilio
916 1348 1081 1391 persisten-

351 1396 416 1422 tem
438 1398 596 1428 maneant,
614 1398 762 1434 tanquam
781 1398 867 1423 vates
887 1391 982 1422 canit.
1027 1390 1082 1427 At,

353 1432 380 1464 si
404 1433 536 1474 legimus
555 1444 661 1465 versus
682 1434 755 1465 inde
776 1444 795 1465 a
809 1445 841 1464 v.
862 1434 896 1464 17
914 1433 999 1474 (Hoc
1013 1443 1082 1471 quo-

353 1486 409 1515 que
439 1481 467 1506 te
496 1475 613 1515 manet)
637 1476 769 1511 additos,
795 1475 960 1506 Horatium
986 1484 1084 1515 spem,

352 1517 392 1548 de
413 1517 586 1548 carminum
607 1527 734 1548 suorum
756 1516 985 1547 immortalitate
1004 1526 1083 1556 prae-

352 1564 487 1600 ceptam,
511 1564 544 1590 et
564 1569 633 1601 sup.
657 1560 689 1590 in
713 1560 777 1590 Od.
800 1559 833 1594 ii,
854 1560 907 1594 20,
923 1558 969 1592 iii,
985 1558 1039 1592 30,
1054 1561 1086 1587 et

353 1599 396 1635 iv,
412 1601 432 1631 9
447 1600 611 1641 magnifice
630 1600 812 1642 expositam,
832 1600 864 1630 in
888 1600 946 1630 hac
961 1608 1085 1639 quoque

352 1641 496 1683 Epistola
517 1642 601 1673 haud
616 1642 810 1673 dissimulare
827 1642 918 1672 facile
935 1640 1083 1680 intelligi-

352 1693 431 1714 mus.
481 1683 627 1715 Ceterum
655 1684 722 1714 haec
749 1682 819 1714 libri
845 1682 935 1724 primi
961 1681 1084 1723 Episto-

353 1725 454 1756 larum
475 1725 598 1761 ultima,
619 1731 655 1756 ut
674 1735 768 1767 supra
790 1725 902 1755 ultima
923 1724 996 1754 Oda
1015 1724 1085 1755 libri

353 1766 484 1798 secundi
510 1773 543 1799 et
564 1767 636 1798 libri
666 1767 760 1806 tertii,
786 1766 894 1798 haberi
917 1765 1010 1797 debet
1031 1776 1086 1807 pro

351 1818 369 1840 e
392 1808 434 1840 ilo
457 1819 488 1840 o.

371 1819 482 1886 Ι)Ῑ,ἕ2.
515 1851 722 1882 Vertumnum.
767 1851 818 1881 De
839 1850 898 1881 deo
924 1850 1086 1880 Vertumno

355 1892 396 1923 cf.
413 1902 483 1933 sup.
502 1892 539 1922 ad
560 1893 626 1924 Sat.
646 1892 680 1927 ii,
694 1893 726 1927 7,
746 1894 795 1922 14.
840 1892 915 1922 Non
936 1892 1044 1934 procul
1067 1901 1086 1922 a

354 1934 470 1974 templo
494 1933 661 1965 Vertumni
682 1938 713 1964 et
733 1933 809 1965 Jani
829 1938 918 1964 erant
939 1935 1086 1974 porticus,

353 1974 394 2005 ad
409 1985 540 2016 quarum
556 1975 719 2006 columnas
735 1975 784 2006 vel
807 1975 887 2017 pilas
907 1975 1086 2016 bibliopolae

355 2016 386 2046 in
407 2016 542 2047 tabernis
562 2017 611 2047 vel
630 2017 661 2046 in
682 2016 822 2048 armariis
845 2016 939 2047 libros
959 2016 1085 2048 venales

355 2058 531 2089 habebant:
555 2067 624 2098 sup.
646 2059 711 2088 Sat.
734 2058 756 2094 i,
779 2059 811 2094 4,
838 2059 889 2093 17,
915 2058 1013 2089 Nulla
1037 2065 1084 2088 ta-

354 2101 445 2130 berna
463 2111 536 2130 τηεσε
550 2100 666 2134 habeat,
679 2110 770 2140 neque
782 2101 857 2139 pila,
875 2101 987 2130 libellos
996 2112 1006 2137 ‚-
1031 2100 1086 2130 ubi

354 2141 397 2172 cs.
415 2147 479 2172 not.
523 2141 617 2172 Liber
634 2140 729 2181 igitur
743 2141 798 2182 qui
815 2141 906 2171 vendi
927 2147 958 2172 et
981 2141 1083 2183 publi-

354 2183 419 2214 cari
443 2182 542 2225 eupit,
564 2182 667 2224 lepide
689 2182 802 2213 dicitur
822 2189 952 2221 spectare
974 2183 1014 2214 ad
1038 2183 1083 2214 lo-

355 2235 426 2255 cum
442 2226 497 2255 ubi
511 2224 582 2255 libri
592 2223 778 2255 venduntur.
822 2225 985 2255 Sosiorum.-
1011 2226 1085 2256 Vet.

355 2266 474 2302 Schol.,
505 2267 579 2297 Sosii
607 2267 662 2296 illo
693 2273 819 2306 tempore
843 2266 964 2307 fratres
997 2273 1085 2296 erant

354 2309 515 2348 bibliopolae
538 2309 738 2339 celeberrimi:
774 2307 831 2338 inf.
857 2308 890 2338 in
918 2307 1017 2349 Epist.
1045 2308 1085 2339 ad

354 2349 422 2380 Pis.
437 2351 511 2386 345,
531 2350 592 2381 Hic
605 2356 695 2380 meret
709 2361 769 2380 (ενα
784 2351 859 2380 liber
873 2350 971 2381 Sosiis.
1017 2350 1082 2379 Pu-

353 2393 427 2422 mice
440 2393 581 2428 mundus,
598 2391 722 2433 pumice
735 2390 896 2432 laevigatus
915 2397 947 2422 et
965 2391 1083 2433 expoli-

352 2438 423 2471 tus3
447 2443 519 2463 narn
539 2444 610 2475 quae
632 2433 664 2463 in
690 2433 879 2464 membranis
899 2439 988 2464 erant
1006 2433 1086 2464 hirta

353 2481 384 2506 et
406 2485 439 2506 as
481 2485 525 2511 ra,
545 2475 774 2506 abradebantur
796 2475 942 2516 pumice:
969 2474 1031 2506 vid.
1047 2475 1086 2506 ad

353 2517 437 2548 Catu
453 2517 474 2548 1.
495 2519 522 2553 l,
545 2518 577 2553 2,
600 2517 655 2548 ubi
679 2524 727 2548 est
752 2517 871 2548 libellus
893 2519 1009 2557 pumice
1032 2527 1081 2548 ex-

389 2560 472 2590 litus.

348 2570 490 2631 Po3—5.
514 2601 613 2632 Odisti
629 2602 735 2637 claves,
753 2604 829 2631 cett.
847 2599 991 2642 displicet
1014 2600 1081 2636 tibi,

351 2653 415 2691 quo
437 2642 538 2673 adhuc
558 2642 685 2674 clausus
704 2643 836 2678 latebas,
858 2643 947 2674 locus
968 2652 1082 2682 angus-

351 2689 430 2723 tror;
458 2694 496 2715 ex
522 2685 632 2715 umbra
655 2684 776 2725 prodire
802 2684 896 2732 gestis
923 2685 955 2715 in
983 2685 1080 2715 solem

350 2731 442 2767 atque
463 2726 630 2768 pulverem.
674 2727 786 2757 Plures
807 2730 988 2768 interpretes
1010 2727 1078 2757 Ho-

350 2769 460 2803 ratium
473 2768 642 2809 respexisse
654 2773 766 2810 putant
780 2778 938 2808 gynaecea,
949 2778 1079 2809 quorum

350 2810 468 2841 foribus
482 2815 545 2840 tam
561 2810 675 2841 clustra
688 2809 912 2850 adfigebantur,
927 2820 1021 2850 quam
1037 2810 1079 2840 si-

349 2850 426 2892 gilla
443 2849 711 2893 imprimebantur.
754 2852 805 2882 De
823 2851 870 2881 his
883 2853 996 2892 sigillis
1012 2852 1079 2882 lau-

348 2894 425 2925 dant
448 2893 593 2924 Kirchm.
613 2893 652 2925 de
675 2893 826 2926 Annulis.
847 2902 916 2935 cap.
934 2903 966 2927 x.
983 2903 1015 2934 p.
1027 2895 1079 2925 84.

350 2934 621 2972 Quemadmodum
659 2937 777 2975 pudicis
814 2934 852 2966 ad
895 2935 1079 2976 pudicitiam

1127 1190 1214 1211 suam
1238 1180 1441 1212 muniendam
1461 1187 1554 1222 grata
1578 1186 1654 1212 sunt
1675 1182 1699 1212 si
1726 1183 1789 1216 Ἕω,
1813 1181 1856 1212 ita

1125 1224 1250 1253 modesto
1277 1225 1351 1253 libro
1379 1229 1501 1263 gratum
1529 1233 1598 1254 esse
1626 1223 1703 1254 debe
1725 1228 1767 1259 at,
1795 1233 1857 1264 quo

1126 1265 1252 1302 latebat,
1269 1264 1427 1296 scrinium.
1465 1265 1670 1307 Respondent
1685 1271 1768 1296 certe
1782 1265 1856 1296 huic

1126 1305 1256 1346 imagini
1269 1312 1330 1336 tam
1345 1307 1471 1337 verbum
1484 1313 1619 1347 prostare
1629 1307 1667 1337 de
1678 1306 1857 1348 impudicis,

1124 1358 1218 1388 quam
1234 1348 1397 1389 sequentia
1411 1348 1443 1378 in
1456 1359 1486 1378 v.
1499 1351 1532 1380 5.
1564 1349 1632 1379 Non
1648 1351 1691 1378 ita
1707 1352 1856 1384 nutritus,

1126 1399 1187 1420 non
1210 1389 1253 1420 ita
1278 1399 1296 1419 a
1314 1400 1362 1420 me
1383 1389 1535 1421 educatus
1550 1400 1606 1428 es;
1628 1390 1687 1421 bac
1703 1390 1856 1422 sentiendi

1126 1431 1300 1472 agendique
1319 1431 1438 1462 ratione
1458 1442 1475 1462 a
1499 1442 1549 1463 me
1569 1442 1631 1463 non
1648 1432 1786 1464 imbutus
1802 1443 1857 1471 es;

1127 1473 1221 1504 talem
1248 1479 1277 1504 te
1303 1483 1364 1504 non
1388 1473 1476 1504 finxi.
1521 1474 1715 1509 Dect-endere,
1737 1474 1860 1506 scilieet

1127 1515 1158 1545 in
1187 1515 1268 1552 loca,
1293 1525 1363 1555 quae
1391 1515 1470 1546 liber
1497 1516 1653 1554 laudabat,
1678 1519 1856 1552 communia,

1127 1557 1160 1587 h.
1177 1567 1204 1587 e.
1219 1567 1237 1587 a
1253 1558 1361 1587 multis
1375 1556 1438 1596 legi
1453 1557 1610 1598 cupiebat.

1128 1640 1142 1670 f
1170 1600 1200 1629 6.
1232 1599 1336 1635 Miser,
1365 1608 1422 1639 ego
1453 1599 1624 1630 temeritate
1660 1609 1730 1631 mea
1763 1599 1858 1631 miser

1141 1647 1241 1670 actus.

1170 1683 1200 1712 8.
1225 1682 1264 1712 In
1279 1683 1361 1712 breve
1376 1688 1405 1713 te
1417 1684 1495 1724 cogi,
1513 1687 1543 1713 te
1557 1682 1591 1712 in
1603 1688 1769 1723 angustum
1785 1693 1856 1725 spa-

1128 1723 1204 1754 tium
1226 1723 1388 1759 coarctari,
1408 1723 1564 1759 convolvi,
1584 1724 1692 1766 redigi,
1711 1735 1767 1767 pro
1787 1725 1858 1756 vul-

1128 1765 1205 1806 gari,
1222 1775 1260 1796 ex
1277 1765 1419 1796 manibus
1433 1765 1561 1808 seponi:
1583 1768 1771 1798 membrana
1784 1777 1857 1798 evo-

1128 1808 1204 1838 lutae
1228 1807 1377 1841 latiorem,
1398 1808 1574 1838 convolutas
1597 1813 1630 1838 et
1652 1818 1691 1839 ex
1714 1809 1858 1840 manibus

1128 1848 1270 1890 sepositae
1305 1849 1513 1889 angustiorem
1549 1849 1653 1880 locum
1687 1856 1856 1893 occupant.

1131 1892 1256 1926 Plenus,
1272 1891 1404 1930 legendo
1422 1891 1524 1922 lassus
1537 1896 1570 1922 et
1581 1891 1771 1931 exsatiatus;
1792 1894 1856 1933 ple-

1128 1944 1185 1963 nus
1208 1931 1390 1974 simpliciter
1412 1943 1476 1974 pro,
1497 1938 1593 1968 satur.
1608 1943 1679 1975 sup.
1693 1934 1760 1965 Sat.
1773 1934 1806 1972 ii,
1821 1936 1854 1970 2,

1130 1976 1183 2009 43,
1202 1975 1278 2005 Cum
1299 1976 1410 2014 rapula
1429 1977 1536 2015 plenus
1555 1976 1651 2016 Atque
1671 1978 1772 2007 aceias
1792 1988 1855 2008 ma-

1128 2018 1194 2047 vult
1227 2018 1339 2052 inulas,
1373 2016 1428 2047 ubi
1464 2016 1525 2047 vid.
1553 2023 1618 2048 not.
1647 2017 1731 2059 apud
1761 2018 1856 2050 Ovid.

1128 2059 1236 2089 Amor.
1253 2058 1285 2096 ii,
1301 2059 1332 2096 6,
1351 2059 1394 2089 29
1415 2059 1454 2090 de
1477 2063 1598 2089 mortuo
1620 2059 1763 2100 psittaco,
1784 2061 1856 2092 Ple-

1127 2112 1184 2130 nus
1201 2112 1266 2131 eras
1285 2102 1417 2136 minimo,
1433 2106 1519 2131 satur
1539 2110 1606 2132 eras
1625 2100 1754 2132 minimo
1775 2101 1859 2134 cibo.

1129 2141 1294 2173 Bentleius
1318 2142 1478 2174 commode
1500 2141 1606 2172 attulit
1627 2142 1732 2174 locum
1750 2143 1858 2175 ovidii

1128 2183 1177 2213 Ex
1193 2185 1285 2214 Pont.
1300 2183 1346 2220 iii,
1359 2185 1391 2218 4,
1408 2186 1461 2219 55,
1481 2184 1537 2215 ubi
1560 2183 1672 2225 pariter
1691 2185 1783 2216 lector
1800 2196 1857 2217 ex-

1126 2225 1256 2256 satiatus
1265 2225 1446 2266 simpliciter
1456 2225 1570 2256 dicitur
1578 2226 1698 2266 plenus.
1720 2227 1856 2264 Amator,

1128 2267 1360 2298 accommodate
1368 2267 1407 2297 ad
1417 2267 1584 2308 imaginem
1593 2277 1613 2298 a
1623 2277 1771 2309 gynaeceo
1777 2269 1856 2301 duc-

1127 2313 1202 2344 tam,
1215 2319 1270 2350 pro
1283 2308 1408 2340 lectore.

1167 2351 1199 2387 9,
1217 2351 1266 2380 10.
1290 2350 1375 2384 Quod
1392 2352 1417 2380 si
1441 2360 1499 2380 ποπ
1519 2351 1585 2380 odio
1603 2352 1763 2390 peccantis,
1780 2356 1856 2384 cett.

1125 2391 1210 2432 quod
1239 2391 1265 2422 si
1294 2402 1356 2422 nou
1382 2390 1487 2422 odium
1515 2401 1590 2432 erga
1615 2397 1646 2422 te
1671 2399 1854 2434 meantem

1127 2433 1178 2474 (in
1201 2433 1362 2475 publicum
1385 2433 1507 2464 scilicet
1520 2433 1740 2465 descensurum
1759 2434 1858 2467 invito

1128 2475 1276 2514 Horatio)
1307 2475 1504 2506 vaticinantis
1534 2480 1670 2507 mentem
1702 2477 1858 2518 pervertit.

1128 2517 1229 2548 Donec
1255 2524 1283 2548 te
1306 2518 1417 2548 deseret
1439 2522 1520 2552 aetas.
1543 2517 1643 2549 donec
1669 2523 1772 2554 aetate,
1794 2529 1859 2561 qua¹

1127 2559 1268 2594 florebas,
1281 2564 1391 2590 exacta
1404 2568 1619 2591 consenesees.
1646 2559 1708 2591 Pro
1722 2560 1857 2594 lectione

1126 2602 1246 2636 deserit,
1257 2601 1306 2632 vel
1314 2603 1442 2637 deserat,
1452 2601 1491 2632 ad
1501 2600 1593 2632 fidem
1605 2601 1741 2643 plurium
1753 2602 1856 2635 Codd.

1127 2643 1210 2684 apud
1226 2643 1320 2674 Feam
1335 2642 1463 2674 exhibui
1477 2644 1602 2673 demet.

1170 2686 1220 2715 ll.
1243 2684 1387 2716 Manibus
1407 2685 1569 2715 sordeseere
1583 2684 1691 2724 vulgi:
1714 2683 1858 2718 similiter

1123 2735 1193 2768 sup.
1209 2727 1275 2757 Sat.
1291 2725 1314 2762 i,
1329 2729 1360 2763 4,
1376 2726 1431 2763 72,
1448 2736 1555 2757 manus
1574 2727 1661 2767 vulgi
1679 2727 1787 2757 libellis
1805 2729 1855 2758 in·

1122 2770 1230 2799 sudare
1244 2767 1402 2799 dicuntur.

1168 2811 1218 2846 12,
1234 2811 1284 2840 13.
1309 2810 1502 2845 Taenarum,
1520 2808 1679 2850 eleganter
1697 2808 1737 2840 de
1761 2809 1854 2846 libro,

1123 2851 1191 2893 qui,
1212 2862 1275 2882 non
1301 2851 1417 2882 habens
1440 2851 1584 2882 lectorem
1604 2860 1741 2892 quocum
1764 2852 1859 2892 quasi*

1123 2894 1355 2928 sermocinetur,
1369 2897 1461 2924 tacet.
1491 2892 1608 2923 Tinea:
1627 2892 1667 2924 de
1681 2892 1720 2924 iis
1731 2902 1856 2935 quoque

1123 2935 1310 2973 vermiculis,
1323 2934 1379 2977 qui
1393 2935 1516 2966 chartas
1526 2938 1558 2967 et
1571 2933 1664 2966 libros
1676 2934 1861 2974 corrodunt,
