1884 3288
345 209 425 250 146

895 209 1290 251 CARMlN-UM

511 310 538 350 5
569 308 755 364 Gygen?
814 308 892 350 Ille
912 309 1042 351 Notis
1063 317 1184 351 actus
1205 311 1259 351 ad
1281 310 1459 350 Oricum

569 375 677 417 Post
696 377 843 416 insana
863 376 1017 430 Caprae
1038 377 1192 427 sidera,
1215 376 1393 431 frigidas

623 442 788 483 Noctes
808 457 894 483 non
915 443 1004 484 sine
1024 443 1166 484 multis

678 507 888 548 Insomnis
909 507 1091 549 lacrimis
1113 509 1215 562 agit.

567 573 705 628 Atqui
725 573 915 615 sollicitae
936 575 1109 615 nuntius

1130 574 1327 628 hospstae,

486 640 538 680 10
568 641 796 695 Suspirare
818 640 998 690 Chloen,
1020 648 1063 682 et
1083 641 1280 682 miseram
1301 641 1385 681 tuis

625 707 785 748 Dicens
806 708 976 761 ignibus
996 708 1077 756 uri,

679 774 841 814 Tentat
861 773 971 814 mille
992 773 1109 814 vafer

1130 774 1280 814 modis.

566 838 629 879 Ut
650 838 845 880 Proetum
865 838 1014 879 mulier
1034 839 1201 893 perfida
1222 839 1443 880 credulum

567 905 704 946 Falsis
723 905 938 960 impulerit
959 906 1219 956 criminibus,
1241 907 1362 946 nimis

486 972 537 1012 15
624 972 755 1013 Casto
777 971 1103 1026 Bellerophonti

680 1039 902 1079 Maturare
923 1052 1083 1086 necem,
1105 1038 1251 1079 refert.

565 1104 729 1145 Narrat
749 1119 871 1159 paene
894 1104 1040 1144 datum
1062 1103 1192 1144 Pelea
1213 1102 1413 1153 Tartaro,

567 1171 843 1225 Magnessam
864 1169 1133 1224 Hippolyten
1154 1171 1253 1210 dum
1275 1170 1386 1225 fugit
1407 1171 1654 1213 abstinens:

624 1238 685 1278 Et
703 1237 884 1291 'peccare
905 1237 1107 1277 docentes

480 1305 536 1344 20

565 1369 768 1410 Frustra:
801 1382 895 1408 nam
917 1367 1102 1421 scopulis

565 1435 708 1477 Voces
729 1435 848 1476 audit
872 1434 1013 1475 adhuc
1032 1435 1210 1489 integer.

340 1564 400 1604 gis,
416 1570 556 1606 quaestus
571 1563 707 1595 faciendi
727 1574 822 1594 causa
837 1564 870 1594 in
889 1563 967 1594 Asia
983 1573 1073 1604 pere-

339 1606 503 1645 grinantis,
519 1607 672 1642 absentia,
689 1606 820 1647 ejusque
838 1605 870 1635 in
885 1615 987 1635 amore
1003 1615 1072 1646 per-

339 1647 412 1678 fidia
427 1650 536 1679 misere
558 1659 591 1679 se
612 1647 854 1683 excruciantem,
871 1647 953 1677 bono
969 1648 1075 1677 animo

339 1699 408 1721 esse
428 1690 519 1731 jubet
533 1690 565 1720 in
584 1689 643 1720 hoc
667 1689 803 1720 carmine
823 1688 985 1723 Horatius,
1000 1689 1074 1718 dum

340 1731 369 1762 ei
386 1742 448 1762 non
463 1732 565 1763 solum
579 1731 740 1774 oppidum,
757 1731 812 1761 ubi
825 1740 908 1761 nunc
925 1730 979 1761 ille
994 1730 1074 1761 deti-

340 1779 464 1810 neatur,
479 1773 608 1811 indicat,
627 1773 681 1804 sed
702 1772 795 1804 etiam
812 1783 942 1803 suinmae
957 1772 1026 1813 ejus
1043 1772 1076 1802 in

340 1826 443 1847 amore
459 1815 656 1852 constantiae,
671 1816 754 1856 quod
769 1815 813 1845 ibi
834 1815 873 1844 ab
894 1814 957 1845 alia
971 1814 1077 1855 puella

340 1858 458 1906 petitus
473 1857 615 1892 ediderit,
635 1857 793 1899 specimen
815 1857 917 1887 refert.
964 1857 1077 1887 Monet

339 1899 435 1940 igitur
456 1910 537 1935 eam,
554 1905 590 1930 ut
608 1899 675 1941 ipsa
696 1899 798 1941 potius
816 1898 901 1940 Gygi
920 1908 977 1929 suo
993 1909 1025 1930 se
1041 1898 1072 1928 in

339 1951 442 1972 amore
457 1947 652 1972 constantem
667 1942 815 1982 praebeat,
834 1951 890 1971 nec
907 1940 1073 1971 fenestram

341 1984 379 2014 ad
410 1983 578 2025 nequitiam
608 1982 728 2024 Enipeo
751 1983 887 2020 cuidam,
911 1982 966 2024 qui
988 1992 1072 2014 nunc

339 2035 409 2056 eam
429 2031 576 2060 sectetur,
595 2025 723 2066 aperiat.
766 2024 927 2055 Tractavit
944 2024 1074 2056 sortasse

339 2067 397 2098 hoc
420 2073 636 2108 argumentum
660 2072 751 2114 poeta
773 2067 897 2108 quidam
927 2066 1070 2102 Graecus,

338 2119 432 2150 quem
451 2109 599 2140 Horatius
615 2108 754 2139 imitatus
767 2108 900 2139 videtur.

386 2153 479 2183 1—8.
526 2151 607 2185 Quid
621 2152 692 2192 fles,
713 2150 907 2191 cett.junge,
929 2152 1000 2190 quid
1011 2151 1071 2190 fles

341 2194 461 2234 Gygen.
507 2193 613 2228 Quem,
644 2198 716 2223 cett.
737 2202 866 2222 sensus:
897 2202 952 2223 eur
974 2192 1071 2223 dolori

339 2235 416 2267 adeo
428 2234 582 2276 indulges,
598 2234 730 2268 Asterie,
741 2235 780 2264 ob
792 2234 892 2275 Gygis
904 2234 948 2264 tui
959 2234 1069 2264 absen-

339 2279 427 2313 tiam,
444 2276 509 2319 qui,
534 2276 666 2307 simulac
685 2277 745 2307 sub
759 2275 838 2307 veris
853 2276 941 2306 initio
956 2276 1070 2306 sereni-

338 2324 432 2350 tatem
449 2319 632 2350 reducentes
654 2318 817 2359 spirabunt
837 2318 979 2359 Zephyri,
995 2328 1071 2348 usus

339 2361 370 2391 in
387 2366 567 2392 mercaturae
582 2371 646 2391 suae
663 2359 796 2401 negotiis
815 2370 962 2390 successu
983 2370 1070 2400 pros-

337 2403 482 2445 perrimo,
505 2409 540 2433 ut
565 2408 713 2444 spectatae
731 2402 802 2432 fidei
818 2407 937 2432 amator
952 2401 984 2431 in
1003 2411 1068 2432 am-

338 2445 450 2486 plexus
486 2451 556 2475 tuos
593 2444 725 2476 redibit!
773 2444 917 2478 Candidi,
953 2443 1069 2481 coelum

337 2487 518 2523 candidum,
539 2487 572 2517 h.
598 2497 627 2518 e.
649 2497 791 2517 serenum
814 2485 998 2523 reddentes;
1025 2486 1069 2517 sic

337 2530 435 2560 Notus
458 2531 554 2564 albus,
578 2539 648 2570 sup.
671 2528 694 2564 i,
709 2529 740 2564 7,
760 2530 810 2565 15,
826 2528 879 2558 ubi
899 2527 962 2558 vid.
983 2533 1068 2565 not.;

337 2572 433 2612 Iapyx
447 2573 543 2607 albus,
559 2570 615 2601 inf.
630 2570 676 2606 iii,
689 2571 743 2605 27,
756 2571 806 2601 19.
851 2570 968 2610 Thyna,
981 2581 998 2600 e
1013 2570 1067 2600 Bi-

335 2614 445 2655 thynia
471 2613 620 2644 advecta:
652 2613 749 2652 Thyni
774 2618 805 2642 et
830 2612 960 2652 Bithyni
986 2612 1066 2642 anti-

335 2655 442 2697 quitus
461 2655 587 2696 quidem
607 2654 651 2684 ita
672 2654 751 2685 inter
771 2664 803 2685 se
821 2653 1016 2691 differebant,
1034 2660 1068 2685 ut

374 2709 388 2728 r
409 2698 490 2732 illos,
510 2697 566 2739 qui
584 2706 667 2726 oram
690 2697 791 2727 Ponto
813 2695 996 2737 proximam,
1014 2706 1068 2737 per

333 2708 390 2771 litis
406 2745 523 2775 autem,
539 2738 594 2780 qui
609 2738 783 2770 inferiorem
800 2738 893 2768 Ponti
908 2737 1065 2778 regionem

332 2782 519 2816 incolerent,
543 2779 791 2821 designarentur,
815 2779 877 2809 vid.
903 2779 1020 2810 Herod.
1042 2780 1063 2815 i,

331 2826 372 2855 28
385 2836 394 2862 ς
410 2823 464 2855 sed
479 2823 590 2854 deinde
606 2821 742 2854 universi
757 2822 803 2852 illi
818 2821 926 2863 populi
943 2821 1062 2862 simpli-

332 2867 410 2898 citer
434 2866 561 2906 Bithyni
586 2865 686 2896 vocati
709 2870 792 2895 sunt.
838 2863 983 2903 Bithynia
1007 2874 1062 2894 au-

331 2914 406 2944 tem,
429 2918 501 2939 cum
523 2913 554 2938 et
582 2906 650 2948 ipsa
671 2906 822 2936 variarum
847 2915 948 2936 rerum
971 2906 1062 2946 copia

331 2949 517 2986 abundaret,
539 2954 571 2980 et
592 2948 768 2990 complures
790 2948 861 2978 aliae
883 2957 1000 2979 merces
1022 2958 1060 2979 ex

676 1303 825 1344 Fallax
845 1303 1046 1343 historias
1069 1311 1231 1344 movet:

1125 1369 1294 1410 surdior
1315 1369 1427 1411 Icari

1272 1435 1348 1486 At,
1371 1437 1449 1478 tibi

1116 1568 1182 1594 tota
1210 1563 1290 1594 Asia
1316 1574 1354 1595 eo
1383 1563 1639 1600 conveherentur,
1663 1570 1848 1602 mercatura,

1117 1615 1188 1645 quae
1218 1605 1262 1635 ibi
1293 1616 1310 1636 a
1341 1606 1447 1636 multis
1476 1606 1601 1649 populis
1635 1608 1848 1644 exercebatur,

1118 1647 1251 1678 maxime
1268 1647 1327 1678 fuit
1338 1647 1452 1678 nobilis
1466 1660 1473 1678 :
1491 1649 1554 1679 vid.
1567 1649 1661 1680 Voss.
1674 1650 1714 1680 ad
1725 1650 1847 1682 Catull.

1119 1689 1207 1724 xxiii,
1224 1690 1255 1723 7,
1271 1695 1302 1720 et
1316 1700 1408 1730 quem
1431 1690 1540 1721 laudat
1557 1691 1610 1721 Cl.
1630 1691 1762 1723 Mitsch.
1781 1692 1848 1723 Eu·

1120 1731 1212 1761 stath.
1229 1732 1268 1761 ad
1285 1732 1418 1773 Dionys.
1434 1733 1555 1773 Perieg.
1572 1733 1647 1764 793.
1689 1733 1775 1770 Fide,
1791 1743 1848 1765 an-

1119 1772 1205 1814 tique
1221 1783 1286 1815 pro,
1291 1775 1384 1815 fidei.
1430 1775 1528 1810 Notis,
1540 1780 1731 1816 tempestate.
1775 1775 1847 1807 Ori-

1119 1825 1198 1850 cum,
1222 1816 1369 1857 oppidum
1394 1816 1481 1858 Epiri
1501 1817 1541 1847 ad
1563 1816 1666 1847 sinum
1695 1816 1849 1855 Ionicum,

1119 1863 1210 1898 portu
1227 1858 1423 1889 instructum.
1455 1859 1525 1889 Post
1538 1860 1636 1890 sidera
1653 1859 1769 1899 Caprae,
1780 1865 1849 1902 post

1116 1905 1217 1929 ortum
1243 1900 1293 1930 vel
1313 1910 1458 1931 occasum
1489 1900 1597 1932 sideris
1624 1901 1747 1942 Caprae.
1793 1901 1850 1933 Est

1117 1947 1222 1971 antem
1255 1942 1356 1981 Cupra
1386 1942 1473 1972 sidus
1502 1943 1536 1973 in
1565 1942 1690 1974 sinistro
1721 1943 1848 1974 humero

1118 1983 1315 2014 Erichthonii
1328 1984 1393 2014 sive
1412 1983 1552 2025 Aurigae,
1568 1984 1660 2026 cujus
1679 1990 1742 2016 tam
1763 1992 1848 2016 ortus

1118 2025 1187 2065 (IV
1209 2026 1282 2056 Cal.
1305 2025 1466 2065 Octobr.),
1490 2036 1584 2068 quam
1602 2036 1736 2058 occasus
1757 2028 1849 2069 (Cal.

1117 2067 1136 2097 J
1142 2068 1225 2106 an.),
1248 2073 1461 2110 tempestatem
1484 2068 1641 2100 concitare
1662 2069 1848 2110 putabatur;

1115 2107 1187 2140 hinc
1200 2109 1279 2140 illud
1293 2110 1381 2140 sidus
1398 2109 1512 2141 dicitur
1523 2113 1673 2148 insanum,
1687 2111 1716 2142 h.
1728 2121 1757 2142 e.
1771 2117 1848 2143 tem-

1114 2156 1270 2191 pestatum
1297 2152 1429 2183 furorem
1461 2153 1647 2193 portendens
1661 2163 1671 2191 3
1705 2152 1848 2185 similiter

1115 2202 1183 2234 sup.
1198 2193 1242 2230 iii,
1258 2194 1286 2229 l,
1299 2195 1338 2223 27
1347 2216 1353 2228 ,
1365 2205 1455 2225 saevus
1466 2196 1592 2225 Arcturi
1603 2197 1736 2226 cadentis
1748 2195 1846 2235 Impe-

1115 2241 1174 2268 tus,
1190 2242 1246 2265 aut
1261 2237 1382 2266 orientis
1406 2236 1504 2267 Haedi.
1549 2236 1706 2277 Frigidus,
1718 2237 1802 2268 solas
1817 2243 1849 2269 et

1114 2276 1236 2314 viduas,
1251 2277 1306 2307 ubi
1321 2277 1408 2308 deest
1429 2278 1485 2308 tori
1506 2277 1602 2315 socia,
1619 2288 1689 2320 quae
1708 2280 1847 2311 membra

1114 2317 1227 2358 frigida
1242 2319 1419 2360 tepefaciat.

1155 2361 1274 2391 9—12.
1296 2362 1390 2401 Atqui
1404 2362 1548 2397 sollicite,
1567 2366 1642 2393 cett.
1656 2371 1773 2393 nexus:
1798 2368 1845 2394 at-

1113 2402 1167 2442 qui
1198 2413 1236 2433 ne
1266 2413 1345 2444 opus
1372 2403 1497 2443 quidem
1527 2403 1634 2439 habet,
1658 2409 1694 2434 ut
1720 2404 1847 2445 frigidas

1113 2450 1221 2474 noctes
1245 2450 1339 2484 agat;
1363 2445 1493 2476 nuntius
1514 2445 1597 2476 enim
1621 2445 1750 2488 hospitae
1771 2453 1848 2479 cett.

1113 2487 1258 2522 sollicitat,
1274 2492 1309 2516 ut
1323 2492 1395 2517 sunt
1414 2487 1470 2528 qui
1486 2487 1596 2519 misere
1618 2493 1735 2519 amant.
1777 2489 1845 2520 No-

1114 2533 1178 2559 tum
1195 2534 1242 2559 est
1259 2528 1338 2559 illud
1355 2529 1474 2564 Ovidii,
1491 2529 1549 2560 Res
1564 2537 1607 2560 est
1620 2530 1742 2561 solliciti
1754 2532 1845 2570 plena

1112 2572 1224 2600 timoris
1239 2582 1334 2601 amor.
1383 2571 1530 2607 Nuntius,
1547 2571 1590 2602 rei
1610 2571 1774 2614 cujusdam
1790 2573 1844 2604 ad-

1111 2613 1262 2649 minister,
1290 2613 1512 2644 internuntius.
1555 2614 1723 2653 Susptmre,
1750 2614 1843 2646 vehe-

1110 2654 1245 2685 mentius
1266 2660 1298 2685 et
1313 2654 1496 2697 suspirando
1512 2655 1697 2692 desiderare,
1713 2666 1758 2687 sc.
1775 2656 1842 2698 Gy-

1111 2707 1189 2736 gen:
1206 2697 1246 2727 cf.
1261 2697 1379 2727 Illustr.
1396 2697 1509 2738 Heynii
1523 2697 1658 2728 Observ.
1670 2697 1710 2728 ad
1724 2698 1846 2730 Tibull.

1109 2738 1130 2774 i,
1145 2740 1176 2774 6,
1191 2740 1245 2769 35.
1266 2739 1337 2769 Tuis
1347 2740 1479 2778 ignibus,
1495 2739 1653 2779 eleganter
1665 2750 1730 2780 pro,
1745 2740 1844 2780 Gygis

1109 2781 1155 2811 tui
1172 2790 1292 2818 amore;
1309 2782 1391 2811 mille
1405 2783 1510 2816 modis,
1523 2783 1633 2822 quavis
1647 2787 1714 2812 arte
1725 2787 1756 2812 et
1771 2782 1844 2823 qui-

1108 2822 1230 2863 busque
1246 2822 1399 2853 machinis
1415 2829 1523 2858 tentat,
1540 2833 1585 2854 sc.
1602 2823 1701 2864 Gygis
1714 2823 1818 2854 fidem.

1154 2865 1288 2895 13—20.
1316 2865 1398 2896 Cum
1420 2864 1630 2896 internuntius
1652 2865 1706 2896 ille
1729 2866 1840 2906 Gygen

1106 2907 1144 2936 ad
1167 2907 1297 2936 furtivos
1317 2906 1434 2938 Chloes
1452 2916 1570 2938 amores
1585 2916 1649 2937 non
1663 2917 1840 2949 permovere

1105 2955 1207 2989 posset
1229 2948 1429 2990 pelliciendo,
1453 2954 1571 2980 mutata
1593 2948 1711 2981 ratione
1729 2949 1759 2981 id
1775 2949 1840 2981 effi-
