1884 3288
325 197 381 237 66

879 193 1275 236 CARMINUM

608 296 756 350 Ipsum
775 310 841 336 me
860 296 1006 338 melior
1025 312 1155 351 quum
1175 305 1342 352 peteret
1361 297 1526 348 Venus,

609 362 747 403 Grata
765 363 946 404 detinuit
966 365 1170 417 compede
1192 363 1379 418 Myrtale

527 429 577 469 15
609 428 844 478 Libertina,
866 428 986 470 fretis
1008 430 1144 470 acrior
1165 430 1344 471 Hadriae

1003 496 1229 536 Curvantis
1252 497 1458 538 Calabros
1479 496 1609 536 sinus.

811 680 1082 723 CARMEN
1115 680 1336 721 XXXIV.

551 826 728 867 PAncus
751 826 949 872 Deorum
964 824 1101 866 cultor
1121 830 1164 865 et
1183 823 1444 878 infrequenS,

548 892 803 934 Insanientis
824 893 926 933 dum
947 892 1166 946 sapientiae

607 959 840 1000 consultus
861 974 972 1008 erro,
994 973 1105 999 nunc
1126 965 1361 998 retrorsum

664 1023 776 1065 Vela
795 1025 912 1074 dare,
935 1032 1062 1078 atque
1083 1024 1238 1064 iterare
1260 1037 1410 1064 cursus

370 1124 506 1155 13—16.
530 1123 638 1153 Melior
655 1123 764 1160 Venus,
782 1123 889 1164 puella
904 1122 1053 1154 mollioris

323 1171 355 1196 et
370 1165 500 1196 mitioris
514 1165 630 1206 ingenii
643 1177 651 1203 ;
677 1175 748 1194 nam
765 1165 914 1206 Myrtale,
928 1164 979 1195 cui
994 1175 1051 1205 op-

345 1208 460 1242 onitur,
487 1207 545 1238 suit
573 1206 784 1238 vehementior
809 1212 840 1238 et
864 1206 1053 1237 iracundior.

351 1260 423 1280 enus
435 1259 502 1291 pro,
516 1249 633 1291 puella,
646 1254 681 1279 ut
691 1259 760 1289 sup.
770 1249 791 1284 i,
806 1250 859 1283 27,
876 1250 926 1278 14.
953 1248 1053 1279 Grata

322 1292 455 1322 detinuit
469 1293 614 1330 compede,
631 1291 661 1321 h.
672 1301 702 1322 e.
716 1291 829 1322 amoris
844 1290 893 1320 sui
908 1290 1051 1321 dulcedi-

322 1343 361 1364 ne
376 1333 420 1364 ita
442 1344 491 1364 me
513 1329 648 1374 ceperat,
672 1338 707 1363 ut
728 1339 848 1363 ceteras
866 1342 974 1362 omnes
989 1342 1050 1374 prae

321 1384 359 1405 ea
386 1381 634 1406 contemnerem:
658 1385 780 1413 compes,
805 1384 876 1415 quae
899 1374 978 1404 alias
1004 1379 1052 1404 est

321 1416 399 1447 dura
413 1423 444 1448 et
459 1418 600 1451 molesta,
616 1416 703 1446 suavi
725 1425 873 1457 oxymora
891 1415 957 1456 jam
973 1415 1049 1446 dici-

321 1465 373 1489 tur
381 1466 484 1500 grata,
494 1459 568 1499 quia
578 1459 646 1500 ipsa
657 1460 787 1488 servitus
798 1458 881 1499 apud
894 1458 1051 1498 Myrtaleu

325 1501 454 1532 Horatio
468 1501 527 1531 fuit
540 1506 638 1540 grata.
683 1500 768 1530 Infra
790 1509 914 1540 quoque
936 1499 979 1533 iv,
1000 1501 1049 1535 ll,

321 1544 375 1578 24,
392 1544 479 1574 dives
493 1543 636 1584 quaedam
657 1548 688 1572 ct
703 1542 819 1572 lasciva
833 1541 937 1583 puella
959 1541 1050 1572 Tele-

321 1585 417 1626 phum
429 1592 521 1626 grata
535 1586 669 1624 compede
690 1585 824 1614 vinctum
847 1589 950 1614 tenere
971 1582 1050 1614 dici-

320 1632 381 1658 tur.
426 1629 547 1662 Acrior,
569 1626 757 1659 iracundior,
779 1624 943 1655 ferventior
965 1626 1051 1666 (nos,

320 1671 368 1699 cin
387 1668 581 1710 Brausekopf,
596 1666 838 1708 aufstikrrnend).
873 1669 972 1699 Fretis
983 1667 1049 1696 Ha-

320 1712 396 1741 drioe
413 1711 575 1742 Cur-vomis
592 1710 732 1739 Calabros
742 1710 837 1746 sinus,
852 1708 884 1738 h.
901 1718 930 1739 e.
947 1707 1050 1739 flucti—

321 1753 381 1782 bus
395 1751 489 1783 maris
504 1751 678 1782 Hadriatici
693 1751 732 1781 ad
746 1750 821 1780 litus
837 1750 994 1781 Calabriae
1018 1750 1050 1780 in

320 1795 423 1825 sinum
447 1805 480 1825 se
504 1793 683 1831 curvantis:
708 1792 785 1827 sive,
800 1792 889 1833 quod
913 1793 951 1822 ad
974 1792 1049 1822 litus

322 1836 490 1871 Calabriae,
505 1841 545 1866 ut
564 1845 635 1865 cum
661 1835 750 1875 Virg.
767 1835 846 1864 AEn.
872 1834 894 1869 i,
923 1835 979 1864 161
1003 1834 1049 1865 lo-

321 1888 411 1920 quar„
438 1878 621 1918 Frangitur,
645 1878 734 1916 inquo
755 1878 838 1906 sinus
861 1878 972 1906 scindit
993 1887 1050 1906 sese

320 1922 406 1950 unda
420 1922 577 1954 reductum
604 1918 658 1948 ubi
674 1918 755 1948 enim
772 1918 829 1948 hoc
845 1919 892 1953 fit,
915 1917 959 1947 ibi
975 1927 1050 1947 sane

321 1971 405 1992 mare
427 1962 526 1992 multo
547 1961 761 1992 vehementius
783 1960 900 1990 fervet:
925 1959 967 1990 cf.
992 1959 1048 1990 inf.

320 2003 366 2040 iii,
380 2005 413 2040 9,
423 2005 483 2035 23.

498 2087 555 2119 CA
562 2087 698 2117 RMEN
722 2085 881 2117 XXXIV.

364 2129 526 2166 Horatius,
541 2139 625 2165 cum,
643 2128 783 2168 neglecto
797 2127 923 2158 deorum
946 2127 1048 2162 cultu,

320 2176 434 2202 temere
462 2181 581 2206 eorum,
614 2169 670 2211 qui
698 2170 818 2200 nullam
845 2169 920 2200 deos
947 2178 1049 2199 rerum

320 2213 525 2244 humanarum
548 2222 655 2243 curam
676 2212 788 2242 habere
803 2215 982 2245 statuerent,
998 2220 1046 2240 sa-

320 2254 471 2295 pientiam
492 2259 618 2285 secutus
640 2259 732 2289 esset,
756 2253 862 2284 audito
877 2257 1001 2294 repente
1016 2252 1048 2282 in

320 2297 403 2327 coelo
424 2307 533 2327 sereno
554 2295 670 2326 tonitru
701 2305 735 2326 se
765 2294 842 2326 adeo
873 2294 1048 2336 perculsum

318 2348 386 2370 esse
413 2343 528 2373 narrat,
549 2343 585 2368 ut
615 2337 765 2368 divinitus
793 2337 884 2377 quasi
913 2336 1048 2366 monitus

318 2379 423 2410 statim
446 2381 486 2410 ab
500 2379 597 2420 impia
611 2378 670 2409 ista
686 2378 780 2409 animi
793 2377 992 2420 perversitate
1009 2379 1048 2408 ad

319 2428 454 2453 mentem
470 2421 621 2452 saniorem
637 2421 734 2451 redire
748 2421 889 2462 coeperit.
935 2420 974 2450 In
989 2419 1048 2451 hac

320 2474 400 2494 nova
414 2463 520 2503 igitur,
536 2463 610 2494 deos
624 2462 751 2493 omnino
766 2473 844 2498 esse,
867 2461 922 2503 qui
945 2461 1049 2492 omnia

318 2507 500 2546 gubernent,
516 2505 728 2546 persuasione,
746 2504 916 2535 sententias
938 2503 977 2534 de
999 2503 1046 2533 di-

321 2547 391 2578 vina
416 2546 448 2576 in
473 2557 520 2577 res
546 2547 700 2576 humanas
722 2546 862 2587 potentia
883 2545 1050 2586 subjungit

317 2588 528 2628 gravissimas.
580 2589 599 2619 J
604 2599 652 2619 am
683 2598 753 2619 vero
781 2598 853 2618 cum
885 2587 1048 2624 Horatius,

317 2630 461 2672 quamvis
475 2630 507 2660 in
524 2630 643 2660 nullius
658 2629 797 2670 magistri
809 2630 902 2660 verba
916 2630 968 2669 (ut
981 2628 1047 2670 ipse

318 2673 434 2704 fatetur
447 2672 503 2702 inf.
519 2672 619 2713 Epist.
631 2671 655 2708 -i,
673 2673 701 2705 l,
722 2671 778 2711 13)
791 2671 952 2712 juraverit,
970 2670 1003 2701 h,
1019 2681 1047 2701 e.

317 2714 397 2746 nulli
430 2713 634 2756 philosophiae
660 2718 753 2743 sectae
784 2713 875 2743 unice
904 2712 1048 2743 addictus

316 2757 420 2795 fuerit,
457 2755 679 2797 Epicureorum
711 2760 814 2785 tamen
847 2754 976 2795 placita,
1005 2754 1046 2784 ad

315 2799 388 2830 vitae
399 2797 630 2840 jucunditatem
645 2801 678 2827 et
693 2796 882 2837 voluptatem
900 2801 1044 2837 spectan-

316 2842 372 2877 tia,
387 2839 524 2871 studiose
539 2839 700 2880 amplexus
714 2838 774 2875 sit3
795 2837 939 2878 equidem
954 2837 1045 2867 illum

315 2893 378 2914 non
391 2888 454 2913 tam
466 2881 608 2922 abjurare
618 2880 803 2921 Epicuream
817 2879 1043 2921 philosophiam

314 2933 347 2958 et
361 2925 401 2956 ad
416 2923 552 2956 Stoicam
569 2933 601 2954 se
614 2927 804 2958 convertere,
819 2921 868 2953 vel
883 2920 959 2952 adeo
975 2922 1043 2951 Sto-

1094 1122 1212 1153 icorum
1228 1121 1424 1163 disciplinam
1440 1120 1603 1152 traducere
1623 1120 1724 1162 (quod
1746 1131 1824 1152 non-

1096 1164 1187 1199 nulli,
1211 1169 1246 1194 ut
1258 1163 1387 1194 aliorum
1403 1164 1539 1203 argutias
1560 1169 1692 1199 taceam,
1706 1163 1825 1205 opinati

1095 1205 1199 1244 sunt),
1215 1205 1269 1236 sed
1283 1215 1406 1246 gravem
1421 1206 1510 1236 illum
1531 1205 1755 1247 Epicureorum
1777 1215 1826 1236 er-

1095 1258 1205 1284 rorem,
1222 1250 1287 1278 deos
1299 1249 1377 1278 nihil
1390 1257 1498 1278 curare
1511 1248 1650 1282 homines,
1666 1247 1724 1278 hoc
1746 1257 1824 1289 proe-

1094 1289 1186 1330 cipue
1203 1295 1394 1329 argumento,
1403 1288 1485 1329 quod
1497 1289 1681 1319 horrendum
1696 1289 1728 1319 in
1740 1290 1824 1320 coelo

1095 1342 1172 1372 puro
1193 1331 1335 1362 auditum
1358 1331 1399 1361 sit
1420 1330 1546 1366 tonitru,
1569 1331 1664 1371 quale
1686 1330 1719 1360 in
1741 1331 1824 1362 coelo

1095 1383 1171 1414 puro
1194 1373 1293 1403 audiri
1323 1383 1415 1414 posse
1443 1372 1503 1414 ipsi
1526 1382 1652 1413 quoque
1678 1371 1824 1414 Epicurei

1094 1415 1238 1454 (Lucret.
1255 1414 1297 1450 vi,
1314 1416 1377 1445 245
1391 1420 1423 1446 et
1438 1414 1520 1454 399)
1544 1415 1710 1455 negabant,
1733 1415 1822 1447 refel-

1093 1456 1156 1487 lere
1170 1456 1304 1487 voluisse
1318 1457 1472 1488 existimo.

1139 1500 1229 1529 1—5.
1253 1500 1388 1529 Sensus:
1412 1509 1480 1539 ego,
1493 1498 1548 1539 qui
1561 1498 1688 1529 deorum
1701 1499 1822 1530 cultum

1094 1540 1196 1570 adhuc
1220 1541 1428 1580 neglexeram,
1445 1541 1525 1570 falsa
1535 1540 1655 1572 scilicet
1671 1541 1822 1582 Epicure-

1093 1592 1179 1612 orum
1194 1582 1352 1623 opinione,
1365 1584 1431 1612 dens
1445 1583 1524 1612 nihil
1535 1593 1643 1614 curare
1656 1593 1702 1613 res
1716 1584 1821 1614 huma-

1093 1634 1146 1653 nas
1170 1623 1330 1665 deceptus,
1356 1634 1454 1659 nunc,
1477 1623 1606 1655 meliora
1627 1624 1768 1661 edoctus,
1789 1625 1823 1656 in
1870 1647 1873 1650 -

1091 1665 1174 1695 viam
1200 1672 1325 1702 rectam,
1349 1675 1367 1696 a
1393 1676 1456 1706 qua
1479 1666 1702 1701 aberraveram,
1723 1666 1823 1698 redire

1091 1716 1196 1748 cogor.
1242 1708 1359 1738 Porcus
1388 1707 1520 1738 Deorum
1545 1709 1644 1738 cultor
1667 1714 1696 1739 et
1722 1709 1821 1750 infre·

1092 1760 1192 1787 quens,
1208 1749 1263 1790 qui
1279 1760 1346 1780 raro
1360 1749 1434 1780 deos
1448 1750 1536 1785 colit,
1552 1760 1608 1780 nee
1621 1759 1727 1781 eorum
1743 1756 1821 1782 tem-

1091 1791 1143 1832 pla
1157 1791 1332 1832 frequentat
1344 1802 1352 1828 ;
1376 1792 1413 1822 τὸ
1425 1802 1532 1830 parcus
1546 1791 1585 1823 ad
1597 1802 1736 1828 munera,
1771 1803 1821 1824 uae

1091 1843 1185 1874 parca
1200 1843 1294 1864 manu
1309 1833 1368 1863 diis
1384 1833 1561 1869 offerantur,
1582 1834 1693 1865 referre
1715 1845 1754 1865 no
1768 1834 1821 1867 im.

1095 1874 1275 1906 Insanientis
1300 1877 1452 1915 sapientiae
1484 1876 1656 1911 consultus,
1679 1875 1820 1908 imbutus

1092 1917 1256 1963 praeeeptis
1278 1917 1466 1958 sapientum.
1484 1916 1517 1948 h.
1532 1927 1563 1948 e.
1587 1917 1821 1960 Epicureorum,

1092 1968 1124 1988 in
1147 1959 1197 1993 iis,
1220 1969 1291 1999 quae
1307 1964 1415 1989 contra
1435 1959 1573 1989 divinam
1595 1960 1820 2001 providentiam

1091 1999 1263 2041 disputant,
1291 2000 1534 2031 insanientium:
1570 2003 1720 2032 insaniens
1739 2005 1821 2042 sopi-

1093 2045 1175 2072 entia
1198 2043 1329 2084 pertinet
1343 2043 1382 2072 ad
1408 2052 1566 2083 oxymora,
1581 2043 1620 2074 de
1634 2043 1750 2084 quibus
1773 2044 1820 2075 iu-

1091 2089 1215 2124 gentem
1226 2085 1436 2124 exemplorum
1449 2085 1573 2126 copiam
1585 2085 1741 2126 congessit
1748 2085 1820 2117 dili-

1092 2127 1197 2166 gentia
1213 2125 1416 2156 Rittershusii
1432 2127 1471 2156 ad
1487 2126 1627 2168 Oppian.
1637 2138 1667 2169 p.
1678 2128 1820 2165 29—32,

1093 2167 1172 2198 adde
1195 2169 1284 2199 Jens.
1311 2168 1352 2198 ad
1379 2168 1513 2198 Lucian.
1537 2169 1640 2200 Merc-
1663 2169 1821 2202 Conduct.

1091 2210 1128 2240 T.
1144 2209 1165 2245 i,
1191 2221 1222 2251 p.
1246 2211 1320 2245 698.
1348 2215 1380 2240 et
1403 2219 1482 2250 quos
1506 2210 1612 2241 laudat
1633 2211 1756 2243 Alben.
1779 2213 1820 2244 ad

1092 2252 1232 2292 Hesych.
1254 2253 1292 2283 T.
1316 2252 1338 2288 i,
1361 2262 1392 2293 p.
1413 2253 1491 2287 275,
1516 2262 1550 2284 n.
1567 2256 1598 2284 4.
1643 2253 1820 2286 Retrormm

1091 2295 1158 2324 vela
1181 2296 1266 2329 dare,
1290 2299 1369 2325 retro
1394 2293 1560 2334 navigare3
1582 2297 1693 2326 iter-aro
1715 2306 1821 2327 cursus

1090 2337 1218 2372 relictos,
1232 2335 1331 2367 redire
1351 2335 1383 2366 in
1402 2335 1483 2366 viam
1507 2335 1659 2374 relictam,
1677 2337 1819 2379 ἀνατρέ·

1091 2389 1178 2418 χειν.
1223 2377 1365 2418 Vulgata
1386 2377 1479 2408 lectio
1499 2387 1571 2408 cum
1585 2388 1711 2410 sonsum
1733 2389 1819 2410 com-

1092 2420 1216 2450 modum
1253 2419 1375 2456 fundat,
1413 2429 1470 2450 nec
1507 2419 1583 2450 mihi
1623 2420 1820 2453 sollicitanda

1091 2461 1224 2492 videtur.
1269 2462 1330 2492 Sed
1345 2460 1400 2502 qui
1424 2461 1641 2494 immoderatos
1661 2461 1740 2494 risus
1759 2464 1820 2494 tol-

1091 2503 1173 2539 lunt,
1192 2503 1281 2545 >quod
1303 2503 1370 2544 jam
1395 2512 1411 2533 a
1438 2503 1482 2533 N.
1508 2503 1639 2536 Heinsio
1660 2504 1700 2535 ad
1723 2505 1819 2537 Ovid.

1091 2545 1172 2576 Met.
1183 2545 1248 2581 viii,
1265 2546 1324 2575 173
1341 2543 1527 2586 propositam
1550 2545 1715 2578 lectionem
1726 2548 1818 2578 relec-

1092 2594 1134 2617 tus
1147 2597 1202 2628 pro
1215 2589 1333 2618 relictos
1342 2593 1405 2617 tam
1417 2596 1544 2628 operose
1557 2587 1720 2619 defensum
1730 2587 1820 2620 iverit

1091 2628 1268 2666 Bentleius,
1285 2639 1332 2659 nae
1353 2628 1402 2659 illi
1417 2638 1436 2658 a
1449 2628 1600 2665 doctrina,
1616 2639 1687 2670 quae
1703 2631 1818 2672 passim

1091 2670 1192 2702 fraudi
1205 2671 1262 2701 fuit
1276 2681 1388 2710 magno
1407 2669 1561 2706 Bentleio,
1581 2671 1694 2702 mirum
1716 2682 1817 2714 quan-

1089 2717 1157 2742 tum
1180 2711 1375 2754 discrepant!
1421 2713 1505 2743 Nam
1519 2713 1632 2743 iterare
1649 2724 1754 2745 marsus
1769 2725 1817 2745 re-

1090 2756 1176 2785 lectas
1199 2755 1336 2796 profecto
1361 2764 1424 2784 non
1446 2758 1505 2790 est,
1530 2759 1566 2784 ut
1593 2754 1647 2786 isti
1672 2762 1816 2798 carpunt,

1089 2806 1200 2826 cursus
1226 2795 1350 2827 iteratos
1374 2795 1505 2833 iterarem
1533 2795 1589 2826 sod
1609 2806 1720 2828 cursus
1741 2797 1817 2829 rele-

1088 2839 1189 2878 gendo
1210 2843 1358 2879 repetere.
1379 2843 1415 2868 ut
1432 2837 1527 2878 flexos
1547 2849 1636 2869 arcus
1657 2841 1817 2870 incurvare

1088 2880 1171 2921 apud
1206 2879 1293 2919 Virg.
1317 2880 1394 2911 AEn.
1416 2889 1446 2916 v,
1468 2879 1542 2916 500,
1575 2890 1641 2921 pro,
1664 2881 1816 2915 flectendo

1088 2931 1178 2954 arcus
1201 2921 1380 2952 incurvare:
1416 2921 1455 2952 de
1484 2921 1641 2954 locutione
1670 2923 1765 2965 proba
1786 2929 1817 2954 et
