1884 3288
664 171 892 236 LIBER
921 193 960 245 1,
995 193 1062 236 14.
1575 190 1627 238 31

321 301 349 341 5
379 299 442 343 Et
460 297 598 342 malus
617 297 751 342 celeri
771 297 944 340 saucius
965 293 1122 338 Africo

377 366 684 423 Antennaeque
703 366 909 422 gemant?
940 379 999 407 ac.
1013 364 1106 407 sine
1126 363 1306 408 funibus

493 433 585 477 Vix
605 433 765 477 durare
785 432 945 475 carinae

551 501 730 543 Possint
749 500 1024 556 imperiosius

377 568 582 624 AEquor?
612 568 720 611 Non
739 569 820 611 tibi
841 575 942 611 sunt
962 568 1134 624 integra
1151 566 1300 619 lintea,

299 637 353 680 10
381 637 489 680 Non
508 636 587 687 Di,
607 652 718 693 quos
739 638 898 679 iterum
918 651 1072 692 pressa
1092 651 1221 679 voces
1242 636 1381 679 malo:

496 696 707 752 Quamvis
729 703 914 746 Pontica
933 703 1079 759 pinus,

553 770 683 813 Silvae
702 771 792 813 filia
810 770 984 822 nobilis,

378 838 531 881 Jactes
551 845 596 881 et
616 853 756 895 genus
777 845 822 881 et
841 854 1000 882 nomen
1019 839 1186 882 inutile.

137 973 210 1017 nep
223 972 287 1015 μὲν
301 974 348 1017 yet
383 973 514 1012 ἄντλος
528 973 715 1007 ἱστοπέδαν
731 973 814 1016 ἔχει,
885 972 994 1015 tellige
1017 973 1092 1004 deos
1112 971 1277 1007 tutelares,
1301 982 1437 1014 quorum
1463 972 1637 1006 simulacra

180 1017 312 1060 Δαῖφος
325 1016 345 1049 ὃ
375 1019 450 1050 πᾶν
464 1017 618 1058 ζάὸηλον
633 1017 710 1057 ἤδη,
885 1014 919 1046 in
935 1026 1042 1058 puppe
1057 1026 1130 1047 cum
1147 1025 1202 1046 ara
1217 1014 1368 1046 collocari
1386 1015 1532 1048 solebant
1544 1030 1553 1057 3
1584 1018 1635 1049 di-

56 1092 69 1102 „
226 1060 296 1092 Καὶ
311 1059 448 1099 λακίδες
460 1060 608 1104 μεγάλαι
622 1061 698 1092 κατ’
717 1059 816 1092 αὐτό·
886 1069 1011 1090 versum
1029 1064 1136 1090 autem
1152 1059 1193 1089 ab
1205 1057 1266 1089 hac
1280 1059 1377 1089 tutela
1391 1061 1478 1090 navis
1493 1062 1547 1102 (ut
1563 1071 1635 1103 pro-

114 1141 120 1143 *
137 1101 278 1135 Χαλᾶσι
293 1102 321 1135 δ’
334 1104 481 1147 ἄγκυραι
525 1125 819 1136 ......
886 1102 954 1144 prie
971 1102 1143 1133 vocabatur
1159 1101 1240 1132 illud
1255 1101 1386 1132 deorum
1403 1103 1587 1134 tutelarium
1602 1104 1636 1135 in

80 1167 93 1178 ,η
885 1155 994 1187 puppe
1001 1145 1193 1184 sacrarium)
1202 1143 1262 1175 fuit
1270 1143 1492 1188 παράσημον,
1501 1146 1639 1187 insigne,

67 1186 257 1226 mmmm,
278 1198 353 1220 cum
375 1188 529 1232 scriptum
556 1189 599 1220 sit
625 1189 686 1220 hoc
713 1198 842 1220 carmen
887 1188 986 1230 quod,
999 1198 1094 1230 super
1103 1193 1203 1219 rostro
1214 1187 1348 1218 navisin
1359 1198 1450 1229 prora
1459 1189 1636 1231 appictum,

113 1246 126 1260 .·
151 1234 305 1274 ternpore,
323 1242 389 1273 quo
411 1242 562 1263 novorum
585 1232 742 1264 bellorum
765 1231 842 1263 civi·
886 1231 937 1262 vel
954 1230 1007 1262 dei
1028 1230 1210 1272 cujusdam,
1233 1230 1283 1262 vel
1303 1230 1462 1266 animalis,
1483 1232 1533 1263 vel
1554 1232 1638 1264 alins

60 1270 174 1314 3ffium
186 1278 275 1306 metu
289 1275 486 1306 terrebantur
501 1275 721 1306 Romanorum
733 1274 843 1312 animi,
886 1273 932 1305 rei
960 1273 1133 1316 imaginem
1169 1273 1428 1315 repraesentabat,
1459 1274 1547 1305 unde
1575 1275 1638 1317 ipsi

67 1322 161 1356 am
179 1316 264 1350 male
285 1316 368 1349 illud
391 1317 432 1348 ad
452 1327 572 1349 annum
596 1329 741 1349 nccxxxr
764 1317 840 1349 refe·
887 1318 962 1347 navi
985 1327 1101 1348 nomen
1122 1315 1191 1347 indi
1214 1316 1359 1347 solebat:
1390 1316 1432 1348 cf.
1455 1317 1500 1348 D.
1525 1317 1639 1350 Heius.

127 1363 183 1400 get,
195 1369 260 1408 quo
275 1358 492 1392 Octavianum
512 1366 545 1392 et
564 1359 744 1391 Antonium
763 1359 845 1391 inter
887 1364 919 1390 et
940 1359 1104 1391 Drakenb,
1119 1359 1160 1390 ad
1180 1358 1239 1390 Sil.
1261 1358 1338 1389 Ital.
1356 1358 1422 1395 xiv,
1443 1359 1498 1395 84,
1515 1366 1546 1391 et
1561 1361 1637 1393 Pet.

68 1405 133 1438 ἃ.
142 1400 334 1435 dissidentes
355 1402 586 1435 atrocissimum
604 1403 725 1435 bellurn
747 1413 843 1444 appa·
888 1402 1000 1432 Burm.
1022 1402 1063 1433 ad
1085 1403 1171 1433 Petr.
1187 1412 1218 1432 c.
1234 1402 1310 1432 105.
1358 1401 1510 1434 Similiter
1531 1409 1639 1435 autem

2 1458 5 1459 ⁷
58 1447 182 1484 um
195 1450 342 1478 constat:
366 1445 410 1478 cf.
427 1445 520 1487 Virg.
537 1446 619 1478 Geo.
637 1445 658 1482 i,
676 1446 740 1478 509
758 1456 829 1487 sqq.
888 1444 928 1476 de
940 1444 1031 1476 navis
1045 1444 1108 1476 diis
1118 1443 1318 1479 tutelaribus,
1330 1449 1518 1486 tempestate
1530 1445 1639 1488 dejec-

58 1482 94 1523 ⁴⁷:
141 1488 239 1521 1—3.
264 1488 404 1528 Omm's,
420 1490 554 1532 reserent
569 1491 604 1521 in
623 1500 706 1520 mare
727 1495 755 1520 te
774 1490 844 1520 novi
888 1486 941 1524 tiS,
970 1488 1060 1519 Pers.
1083 1487 1128 1524 vi,
1152 1488 1207 1524 30,
1230 1487 1320 1518 Jacet
1348 1489 1410 1527 ipse
1436 1489 1470 1518 in
1494 1489 1582 1520 litore
1609 1498 1640 1522 et

59 1527 513 1570 ..v-metastTunemnavis,
526 1533 641 1564 iterum
653 1538 683 1564 te
693 1531 844 1563 fluctibus
888 1542 952 1562 una
975 1531 1119 1573 Ingentes
1140 1533 1177 1562 de
1198 1542 1297 1571 puppe
1319 1532 1379 1562 dei.
1425 1531 1546 1570 Pressa,
1562 1532 1595 1564 h.
1610 1544 1640 1565 e.

66 1572 132 1617 ,stin
144 1582 231 1607 mare
244 1574 439 1608 referendam
454 1575 656 1616 committes}
682 1576 845 1607 Iterumne
889 1584 1051 1616 oppressa,
1062 1574 1229 1617 depressa;
1245 1575 1336 1610 malo,
1351 1579 1550 1617 tempestate.
1575 1576 1639 1608 Ce-

63 1619 158 1651 'lffbm
217 1617 292 1650 tatis
350 1617 450 1650 riculo
472 1619 506 1650 in
528 1618 607 1650 mari
630 1624 660 1650 te
683 1619 845 1661 expones!
888 1621 990 1648 terum
1013 1623 1139 1660 poetam
1163 1617 1275 1648 horum
1292 1617 1423 1648 deorum
1443 1618 1639 1656 tutelarium‚

60 1658 133 1698 {Si
193 1670 304 1710 tempu
327 1660 423 1692 licam
434 1660 646 1696 transtulen's,
658 1661 733 1693 erit:
748 1661 774 1692 T
776 1671 847 1699 ene,
891 1659 931 1691 de
953 1670 1034 1692 nave
1057 1660 1254 1703 tempestatis
1271 1659 1302 1691 vi
1320 1659 1530 1701 dejectorum,
1553 1672 1640 1693 com-

74 1702 76 1707 “
97 1703 131 1737 n‘
207 1703 328 1741 ablica,
350 1714 452 1735 novus
469 1703 556 1736 furor
573 1705 614 1736 ad
632 1704 719 1735 bella
739 1703 847 1735 civilia
890 1702 1116 1735 memoratione
1125 1703 1164 1734 ad
1175 1702 1263 1739 deos,
1276 1702 1317 1733 ob
1327 1702 1413 1734 bella
1422 1702 1559 1736 civiliaa
1571 1705 1640 1736 Ro-

48 1779 51 1786 2
97 1745 256 1791 abripiet?
295 1747 379 1782 Quid
394 1748 486 1790 agis?
521 1747 591 1779 haec
613 1747 759 1783 formula,
783 1756 848 1789 qua
890 1745 996 1777 manis
1012 1756 1149 1781 aversos,
1167 1745 1351 1787 respexisse,
1370 1751 1482 1787 sponte
1499 1753 1645 1789 apparet.

43 1806 48 1814 J
70 1788 184 1839 »3²5⁸-
201 1799 299 1832 quam
322 1795 438 1822 temere
460 1795 547 1831 agat,
572 1800 681 1822 secum
705 1795 849 1832 reputare
938 1790 1079 1820 11—13.
1105 1789 1252 1823 Quamvis
1281 1789 1414 1819 Pontica
1439 1791 1532 1828 pinus
1561 1796 1640 1823 cett.

40 1854 66 1874 :.·
87 1830 240 1876 jubetur,
253 1843 340 1876 saepe
351 1833 438 1876 apud
449 1833 618 1876 scriptores
632 1833 847 1865 Comicosob-
892 1841 1026 1862 sensus:
1060 1831 1204 1874 quamvis
1229 1836 1277 1867 tu,
1304 1841 1343 1863 ex
1371 1831 1517 1864 Ponticae
1544 1833 1643 1875 sylvae

55 1879 58 1882 ’
98 1874 175 1908 via:
199 1875 246 1908 sic
258 1876 449 1918 Pamphilus
459 1876 546 1919 apud
557 1877 688 1908 Terent.
705 1875 809 1907 Andr.
824 1875 847 1912 i,
914 1873 968 1906 inu
986 1874 1154 1911 fabricata,
1170 1874 1303 1916 originis
1316 1879 1380 1905 tuae
1393 1874 1494 1916 gloria
1503 1881 1535 1907 et
1550 1877 1643 1907 nebi-

59 1947 60 1950 ,
101 1918 849 1962 l,107,cnmGlyceriumsnamimprudentius
906 1917 983 1950 itate
1009 1917 1132 1953 nitaris,
1159 1927 1242 1948 vana
1268 1916 1393 1948 scilicet
1415 1917 1484 1954 illa,
1508 1924 1542 1949 et
1562 1918 1644 1950 nihil

99 1961 142 1994 ad
156 1960 225 2004 rogi
238 1961 399 1994 flammam
413 1962 586 1994 accessisse
599 1961 751 2000 vidisset;
776 1962 850 1993 Mea
893 1960 987 2002 plane
1002 1960 1151 1992 utilitatis
1165 1959 1205 1991 ad
1227 1959 1360 1991 salutem
1382 1965 1472 1991 tuam
1493 1961 1644 1994 allatura.

44 2003 67 2047 ᾖ]
101 2003 296 2047 Giyeert‘um,
307 2006 423 2047 inquit,
434 2007 508 2046 quid
520 2006 610 2046 agis?
632 2016 690 2045 cur
703 2011 732 2036 te
743 2007 769 2036 is
777 2016 848 2045 per·
893 2002 1024 2035 Pontica
1038 2005 1150 2044 pinus.-
1174 2013 1270 2034 naves
1285 2002 1382 2040 enim,
1401 2012 1418 2034 e
1434 2002 1535 2044 ligno,
1557 2005 1644 2046 quod

101 2046 226 2081 ditum?
268 2047 408 2080 Fortiter
421 2047 502 2080 refer
516 2047 556 2080 ad
566 2047 705 2084 consilii,
717 2057 781 2089 quo
793 2057 849 2078 na·
891 2044 926 2076 in
942 2045 1079 2088 pinifera·
1091 2046 1188 2077 Ponti
1203 2046 1331 2087 regione
1346 2051 1454 2076 natum
1470 2053 1551 2084 erat,
1566 2058 1644 2079 con-

99 2089 150 2125 Ῑί·
172 2089 207 2124 in
226 2096 322 2140 portu
345 2101 380 2124 se
401 2095 508 2126 tenere
528 2091 678 2127 debebat.
699 2095 850 2122 constan-
893 2088 998 2126 sectae,
1026 2090 1058 2120 in
1086 2088 1214 2131 optimis
1246 2088 1516 2131 nobilissimisque
1546 2090 1645 2123 habe-

62 2150 82 2166 s
101 2132 202 2175 ἰξύας
219 2143 290 2178 Jam
311 2143 386 2166 eum
407 2144 464 2176 per
482 2140 606 2174 portum
624 2144 687 2177 pax
702 2139 735 2165 et
749 2133 851 2165 otium
893 2131 1029 2164 bantur:
1058 2131 1102 2164 cf.
1128 2131 1250 2164 Catull.
1271 2131 1315 2168 iv,
1337 2132 1371 2167 9,
1396 2137 1429 2163 et
1453 2131 1498 2164 ibi
1525 2139 1646 2166 notata.

85 2173 295 2252 ”quotum
307 2177 442 2220 fortiter
458 2188 570 2218 occupa
592 2183 728 2218 portum,
745 2176 852 2208 demto
895 2175 1067 2216 Silvaefilia
1082 2176 1202 2211 nobilis,
1216 2175 1248 2206 h.
1261 2184 1290 2206 e.
1303 2174 1397 2205 arbor
1405 2175 1439 2206 in
1450 2175 1531 2207 silva
1545 2177 1647 2209 nobili

55 2218 154 2260 κίῃξύ
174 2225 176 2227 ’
197 2219 339 2258 voluero,
358 2220 437 2253 erit:
461 2220 596 2252 salutem
619 2225 721 2258 tuam,
743 2230 762 2251 ο
785 2229 850 2251 res-
897 2224 1074 2260 prognata;
1109 2218 1236 2250 arbores
1272 2217 1371 2254 enirn,
1409 2217 1487 2260 quia
1515 2218 1646 2262 stirpem

58 2273 93 2295 s.
116 2263 118 2265 '
136 2263 141 2266 '
159 2260 234 2299 'lien
255 2273 312 2313 per
337 2262 424 2296 bella
447 2262 558 2295 civilia
585 2263 791 2298 labefactata,
818 2261 852 2294 in
897 2270 986 2292 suam
1014 2271 1188 2304 propagare
1217 2260 1378 2297 dicuntur,
1409 2266 1476 2292 tam
1509 2270 1647 2295 matrum

64 2305 89 2348 j·.
162 2339 173 2346 ,q
195 2305 318 2339 mter
331 2311 364 2339 et
378 2311 560 2339 constanter
575 2305 694 2338 tuenda
712 2315 831 2348 quaere.
897 2303 1012 2346 (virg.
1025 2305 1108 2337 Geo.
1126 2303 1160 2340 ii,
1180 2305 1232 2340 19,
1246 2304 1400 2335 Parnasia
1416 2305 1525 2337 laurus
1542 2306 1648 2338 Parva

55 2384 57 2386 ,
72 2371 78 2385 2
91 2353 110 2387 73
137 2348 246 2387 ,ζέε-8.
270 2348 315 2382 Ut
329 2350 446 2382 nudum
461 2351 588 2392 remigio
601 2350 694 2385 latus,
709 2354 746 2380 ut
761 2348 851 2380 navis
894 2349 949 2378 sub
964 2349 1084 2390 ingenti
1098 2349 1206 2379 mtris
1219 2358 1249 2378 se
1263 2347 1386 2387 subjicit
1402 2347 1531 2389 umbra)
1547 2359 1646 2391 quam

206 2401 363 2425 lemurum
385 2391 497 2424 ordine
517 2392 716 2424 denudatum
738 2390 792 2428 sit,
816 2397 853 2423 ut
884 2391 1034 2431 filiarum
1056 2391 1176 2433 (Mart.
1198 2390 1263 2428 xiv,
1282 2391 1338 2426 90,
1357 2390 1427 2421 Non
1442 2402 1507 2422 sum
1525 2392 1648 2424 Maurae

147 2454 149 2458 ·
180 2454 183 2461 r
198 2458 210 2475 ‚
222 2434 331 2468 fiacus
345 2434 412 2467 iuis
426 2440 459 2468 et
472 2435 616 2478 perditis,
630 2435 721 2467 navis
732 2440 852 2467 careat.
885 2434 964 2475 filia
974 2434 1075 2475 silvae)
1095 2433 1224 2465 nomine
1247 2443 1266 2464 a
1287 2432 1390 2475 poetis
1410 2433 1647 2481 insigniuntuu

74 2465 139 2512 ἦ
175 2479 209 2504 „2
234 2501 245 2517 ,
266 2477 302 2510 b.
323 2477 481 2517 e.,laesus,
502 2478 680 2510 laceratus:
709 2477 853 2510 imitatus
893 2488 1003 2519 genus,
1019 2476 1054 2508 h.
1071 2487 1101 2509 e.
1123 2475 1231 2519 stirpis
1248 2476 1451 2508 nobilitatem
1463 2488 1472 2515 3
1495 2477 1542 2509 sic
1561 2478 1647 2510 Pha-

72 2513 141 2573 {35-
169 2517 338 2563 Horatium
356 2521 530 2554 claudian.
548 2522 589 2553 de
609 2521 710 2554 Cous.
727 2521 852 2553 Honor.
898 2520 985 2552 selus
1008 2519 1094 2562 apud
1117 2519 1241 2552 Catull.
1255 2519 1279 2550 l.
1303 2529 1333 2550 c.
1352 2529 1383 2550 v.
1411 2521 1462 2556 15,
1484 2530 1517 2551 se
1536 2522 1651 2552 ultima

78 2564 147 2608 hij
172 2564 239 2603 133
261 2575 332 2608 sqq.
355 2564 462 2597 Scissis
486 2566 622 2596 velorum
651 2565 758 2596 debilis
781 2565 852 2602 alis,
898 2574 933 2594 ex
947 2565 1066 2605 origine
1086 2562 1120 2594 in
1139 2562 1307 2594 cacumine
1324 2561 1435 2605 Cytori
1455 2566 1568 2595 stetisse
1593 2564 1650 2597 ait.

82 2603 151 2639 π’ἷζν-
210 2608 419 2651 gubernaclis,
440 2609 583 2639 antennis
603 2609 708 2640 sau-cia
721 2609 854 2650 fractis,
900 2606 1030 2643 Nomen,
1054 2605 1087 2638 h,
1108 2616 1137 2637 e.
1155 2605 1312 2647 gloriam3
1341 2607 1466 2642 inutile,
1486 2606 1650 2649 epitheton

92 2664 100 2672 ·
172 2650 295 2683 ‘br-ium
312 2652 418 2694 pelagi
438 2657 526 2683 vento
537 2653 687 2692 jactatur
708 2657 738 2682 et
758 2652 855 2682 unda.
898 2654 965 2680 tam
986 2649 1132 2691 imagini,
1152 2659 1247 2690 quam
1261 2649 1306 2680 rei
1327 2658 1383 2697 per
1401 2648 1573 2690 imaginem
1593 2661 1650 2682 ex-

194 2712 197 2717 *
229 2699 255 2732 t,
277 2693 311 2727 h.
332 2703 364 2726 e.
385 2693 548 2726 stridorem
570 2693 680 2726 edant.
723 2695 770 2726 Ac
792 2695 856 2725 sine
899 2702 1029 2735 pressae,
1070 2691 1455 2731 accommodatissimum3
1496 2693 1651 2735 quemad-

189 2752 193 2761 <
247 2741 324 2770 cett.
335 2742 434 2786 atque
442 2742 480 2768 ut
489 2736 611 2774 carina,
622 2736 752 2768 funibus
764 2735 855 2780 (h.e.
899 2736 1042 2774 modum,
1057 2741 1152 2778 poeta
1166 2735 1235 2766 vult
1249 2734 1366 2771 dicere,
1382 2734 1454 2772 tibi,
1469 2745 1488 2766 ο
1505 2735 1614 2773 navisJ
1625 2737 1652 2768 si

230 2778 427 2817 retinaculis,
458 2779 602 2822 ancoris)
635 2778 772 2823 privata,
803 2779 856 2812 vix
898 2777 1012 2810 iterum
1028 2778 1228 2821 tempestatis
1242 2777 1277 2809 in
1290 2778 1369 2808 mari
1383 2778 1560 2821 periculum
1575 2780 1652 2810 sub-

112 2853 144 2873 ῠ
199 2821 296 2855 maris
307 2822 463 2866 impeturn
478 2822 633 2855 sustinere
648 2822 760 2866 possit.
795 2823 856 2854 Ca·
900 2821 986 2859 ieris,
1015 2821 1098 2853 nihil
1126 2821 1219 2862 ligni,
1247 2831 1287 2853 ex
1318 2831 1380 2863 quo
1415 2820 1570 2853 fabricata
1606 2832 1652 2859 es,

84 2860 113 2902 :¹3
123 2888 127 2895 .
201 2865 354 2911 (pluralis
369 2875 411 2899 ex
430 2875 517 2898 more
533 2871 698 2908 poetarum
718 2876 774 2909 pro
789 2865 855 2896 sin·
900 2865 1039 2907 proderit
1052 2864 1223 2903 nobilitas;
1241 2864 1287 2895 ita
1301 2874 1362 2896 nec
1379 2863 1551 2900 Romanis,
1567 2865 1654 2896 bella

69 2942 75 2946 ⁴
115 2911 130 2915 ’
164 2925 176 2945 μ
201 2907 244 2950 “),
266 2907 300 2940 h.
323 2919 354 2942 e.
373 2908 466 2940 navis
485 2908 607 2945 alveus,
629 2908 717 2941 unde
738 2908 856 2940 retina·
900 2907 1007 2940 civilia
1019 2907 1234 2950 redintegrare
1245 2906 1344 2944 ausis,
1360 2907 1559 2938 nobilissima
1572 2917 1651 2948 gen-

71 2941 186 2995 T3=4⁷Q
197 2951 420 2990 demittuntur,
434 2951 501 2984 sive
515 2962 642 2984 ancorae
653 2951 831 2994 jaciuntur.
902 2950 942 2982 tis
959 2961 1039 2988 suae,
1056 2961 1074 2982 a
1090 2951 1197 2983 Marte
1213 2955 1246 2982 et
1261 2951 1387 2982 Venere
1405 2949 1563 2987 deductae,
1580 2959 1652 2992 pro·

81 3001 189 3043 ³,
205 2994 259 3029 lo.
281 2995 407 3033 Lintea,
422 2995 456 3027 h.
477 3007 508 3028 e.
523 2995 606 3028 vela.
652 2994 724 3027 Non
740 2994 786 3034 di,
809 2994 859 3027 in·
902 2993 1009 3026 sutura
1023 2999 1072 3027 est
1085 2993 1174 3036 origo
1189 2998 1286 3036 atque
1300 2992 1413 3035 gloria.
