1884 3288
279 201 307 239 2
843 200 1239 243 CARMINUM

561 299 698 349 Illum,
718 300 752 340 si
771 301 945 354 proprio
965 301 1156 342 condidit
1176 301 1344 349 horreo,

480 366 532 405 10
562 366 787 420 Quidquid
808 367 862 407 de
883 366 1058 420 Libycis
1079 367 1260 408 verritur
1281 367 1403 408 areis.

565 432 839 474 Gaudentem
857 433 1018 487 patrios
1038 433 1204 474 findere
1226 432 1391 474 sarculo

562 497 720 552 Agros,
743 498 939 548 Attalicis
958 499 1274 541 conditionibus

563 564 798 619 Nunquam
816 565 1047 614 dimoveas,
1070 572 1117 606 ut
1138 565 1259 605 trabe
1281 564 1441 618 Cypria

563 630 784 684 Myrtoum
803 624 984 685 pavidus
1004 638 1133 672 nauta
1154 638 1270 672 secet
1290 645 1419 671 mare.

482 698 533 737 15
564 696 820 738 Luctantem
841 697 987 738 Icariis
1008 697 1210 738 fiuctibus
1231 696 1427 737 Africum

561 763 782 804 Mercator
802 771 1010 813 metuenS,
1029 764 1160 804 otium
1181 770 1224 804 et
1245 763 1393 816 oppidi

565 830 737 871 Laudat
757 845 858 871 rura
879 831 964 871 sui:
996 845 1096 871 mox
1115 830 1252 871 reficit
1272 836 1386 870 rates

564 897 773 947 Quassas‚
793 896 987 938 indocilis
1009 898 1255 951 pauperiem
1276 896 1379 950 pati.

562 963 645 1004 Est
665 965 739 1018 qui
758 978 837 1005 nec
857 963 1012 1004 veteris
1033 963 1188 1017 pocula
1209 963 1402 1010 Massici,

478 1031 534 1070 20
563 1029 659 1071 Nec
679 1037 844 1083 partem
866 1029 1001 1070 solido
1023 1029 1192 1070 demere
1214 1029 1268 1069 de
1289 1029 1359 1069 die

562 1096 748 1150 Spernit,
770 1111 882 1143 nunc
903 1096 1026 1137 viridi
1047 1096 1235 1136 membra
1257 1095 1336 1136 sub
1357 1095 1512 1135 arbuto

562 1162 747 1212 Stratus,
771 1176 882 1202 nunc
903 1162 957 1202 ad
977 1176 1098 1215 aquae
1118 1160 1213 1202 lene
1234 1167 1364 1215 caput
1386 1175 1530 1203 sacrae.

564 1227 729 1269 Multos
751 1235 890 1268 castra
905 1228 1071 1282 juvant,
1096 1234 1139 1267 et
1158 1227 1264 1268 lituo
1285 1228 1399 1268 tubae

564 1295 807 1336 Pei-mixtus
829 1295 1006 1343 sonitus,
1027 1293 1224 1347 bellaque
1244 1295 1450 1335 matribus

477 1363 532 1403 25
563 1362 804 1403 Detestata.
866 1361 1018 1402 Manet
1039 1361 1118 1401 sub
1139 1359 1425 1421 Jove-frigido

564 1428 771 1478 Venator,
794 1436 952 1469 tenerae
973 1427 1167 1482 conjugis
1189 1428 1417 1477 immemor,

282 1559 464 1601 Tergeminis
479 1561 580 1590 tollere
595 1561 764 1595 honoribus,
777 1560 808 1590 h.
824 1571 853 1591 e.
869 1559 1017 1591 extollere

280 1602 319 1632 ad
336 1612 473 1632 summos
488 1607 518 1632 et
533 1602 740 1644 amplissimos
754 1603 884 1633 honores
897 1614 903 1631 :
928 1603 1015 1632 hono-

278 1646 363 1674 ribus
378 1650 424 1674 est
439 1654 531 1674 casus
541 1645 658 1674 tertius.
704 1644 806 1679 Illum,
822 1646 846 1674 si
859 1650 931 1675 cett.
945 1654 1015 1674 sen-

279 1695 351 1716 sus:
378 1685 585 1727 aliumjuvat,
597 1686 623 1716 si
633 1685 770 1716 omnium
781 1685 894 1727 quaein
907 1685 1016 1716 Africa

279 1733 451 1758 nascuntur
466 1728 587 1768 frugum
609 1734 655 1759 est
670 1728 829 1763 dominus,
846 1727 878 1757 h.
894 1738 921 1758 e.
937 1726 1018 1757 alius

279 1769 458 1800 divitiarum
475 1771 563 1811 (quae
578 1775 643 1800 tum
666 1769 697 1799 in
717 1769 948 1800 latifundiorum
967 1769 1016 1799 in-

277 1811 384 1852 primis
393 1812 598 1843 cernebantur
606 1811 870 1853 possessionibus)
881 1811 1016 1842 delecta-

279 1859 328 1883 tur
338 1853 438 1894 copia.
477 1854 609 1894 Libycis,
622 1854 652 1884 h.
663 1864 691 1884 e.
701 1853 826 1888 Africis,
840 1859 871 1884 et
880 1854 938 1883 hoc
950 1863 1016 1895 pro,

277 1895 444 1926 fertilibus.
493 1895 632 1926 Verricur
646 1898 724 1926 areis
736 1907 745 1931 ;
769 1895 872 1935 fruges
885 1895 968 1926 enim
983 1895 1016 1926 in

278 1937 358 1968 areis
374 1940 466 1975 (non,
477 1937 524 1968 uti
536 1948 633 1972 nunc,
646 1938 678 1968 in
691 1937 824 1976 horreis)
839 1938 917 1967 tritae
931 1938 1015 1978 (Sat.

279 1978 301 2015 i,
320 1980 349 2013 l.
366 1981 420 2014 45,
437 1979 710 2021 Milliafrumenti
730 1986 783 2009 tua
804 1981 923 2010 triverit
944 1989 1016 2009 area

277 2021 414 2061 centnm)
431 2023 574 2052 verrendo
588 2021 830 2061 colligebantur.

323 2064 458 2094 11—14.
482 2063 667 2094 Gaudentem
682 2065 793 2102 patrios
803 2067 878 2093 cett.
888 2071 1013 2092 sensusz

279 2105 372 2140 alius,
392 2105 446 2146 qui
465 2115 608 2146 agrorum
633 2115 770 2140 suorum,
790 2115 868 2146 quos
890 2114 909 2134 a
931 2109 1016 2145 patre

279 2148 410 2189 accepit,
434 2147 520 2178 cultu
546 2147 674 2188 gaudet,
698 2152 729 2177 et
754 2153 834 2178 sorte
859 2156 917 2177 sua
940 2156 1015 2176 con-

277 2194 383 2220 tentus
398 2189 483 2224 vivit,
501 2199 538 2220 ne
553 2187 756 2219 maximarum
774 2189 898 2230 quidem
914 2187 1017 2219 diviti-

277 2241 365 2262 arum
381 2241 435 2273 spe
453 2231 620 2273 proposita,
643 2237 678 2261 ut
697 2237 877 2262 mercaturae
892 2239 1017 2271 operam

277 2273 339 2309 det,
364 2273 476 2304 adduci
497 2279 607 2315 potest.
650 2274 792 2303 Attalicis
813 2283 879 2314 pro,
902 2271 1013 2311 largis-

278 2315 376 2353 simis,
386 2315 586 2365 arpplissimis
600 2327 608 2352 ;
625 2315 753 2345 Attalus
762 2314 857 2349 enim,
871 2325 922 2345 rex
938 2314 1013 2344 Per-

277 2357 373 2397 gami,
385 2357 565 2393 immensas,
582 2359 729 2398 (quarum
747 2357 898 2388 haeredem
915 2366 1014 2397 popu-

277 2399 343 2430 lum
359 2400 536 2431 Romanum
554 2398 689 2440 scripsit,
705 2398 769 2429 vid.
783 2399 863 2430 Flor.
879 2398 925 2432 iii,
947 2397 1014 2438 12‚)

275 2441 455 2483 possidebat
463 2441 599 2472 divitias.
622 2441 789 2477 Dimoveas,
799 2441 829 2472 h.
839 2451 867 2472 e.
879 2440 1016 2471 abducas

276 2484 317 2515 ab
331 2494 405 2524 agro
422 2484 520 2526 patrio
534 2490 565 2514 et
578 2493 766 2525 permoveas,
782 2489 816 2513 ut
833 2488 909 2514 cett.
954 2483 1014 2522 Cy-

273 2528 345 2566 pria
362 2537 426 2567 pro,
443 2526 644 2562 mercatoria3
668 2531 842 2556 mercatura
853 2524 935 2555 enim
951 2525 1014 2566 Cy-

275 2578 350 2608 prus
359 2568 431 2599 olim
442 2568 503 2599 suit
511 2567 714 2599 nobilissima.
752 2568 906 2608 Myrtoum
915 2578 1014 2597 mare:

275 2610 319 2641 ita
334 2620 405 2652 pars
415 2611 508 2642 maris
524 2609 629 2652 AEgaei
642 2610 681 2640 ab
692 2609 795 2640 insula
811 2610 917 2651 Myrto
931 2608 1015 2640 ‹lice-

275 2653 379 2683 batur.

321 2695 457 2726 15—18.
490 2694 670 2724 Luctantem
706 2698 779 2724 cett.
814 2703 925 2724 sensus
939 2704 945 2722 ε
983 2697 1015 2722 at

275 2736 373 2767 alium
386 2737 479 2777 juvat
497 2746 564 2766 esse
586 2741 801 2770 mercatorem,
823 2735 889 2776 qui.
905 2745 1015 2776 quam-

276 2779 333 2816 vis,
369 2778 516 2810 saeviente
543 2777 574 2808 in
605 2778 682 2808 mari
710 2782 905 2818 tempestate,
934 2787 1017 2807 nunc

274 2826 479 2852 mercaturam
494 2820 632 2855 damnet,
647 2825 679 2850 et
698 2819 794 2850 otium
814 2825 906 2860 atque
924 2829 1013 2850 secu-

272 2864 395 2895 ritatem
421 2873 485 2904 qua
511 2861 544 2892 in
568 2862 669 2904 patria
693 2861 753 2892 frui
777 2861 875 2903 possit
898 2861 1014 2896 laudet.

273 2916 345 2937 mox
368 2911 471 2936 tamen
497 2914 578 2936 nova
602 2903 780 2935 divitiarum
807 2903 1015 2934 cumulanda-

273 2960 340 2980 rum
355 2947 526 2990 cupiditate
541 2946 674 2988 agitatus
689 2946 816 2978 fractam
833 2955 956 2982 navem,
977 2945 1015 2975 ad

1060 1564 1213 1600 quaestum
1238 1559 1271 1590 in
1294 1559 1407 1592 exteris
1431 1559 1520 1591 terris
1546 1557 1736 1595 faciendum,
1758 1568 1805 1590 re·

1060 1602 1223 1632 ficiendam
1247 1608 1345 1633 curat.
1393 1601 1530 1643 Africus,
1550 1606 1661 1632 ventus
1683 1601 1803 1642 procel-

1060 1643 1145 1674 losus
1166 1644 1205 1674 ab
1226 1654 1339 1674 occasu
1360 1644 1439 1674 flans
1465 1642 1805 1685 (West·Siid-West);

1060 1684 1178 1716 Graecis
1189 1685 1285 1726 Λὶψ.;
1304 1686 1346 1716 cf.
1357 1687 1462 1727 Kapp.
1471 1685 1510 1716 ad
1519 1685 1693 1716 Aristnt.de
1706 1685 1804 1716 Mun-

1060 1727 1113 1764 do,
1136 1728 1270 1758 Excuis.
1286 1727 1333 1763 iii,
1354 1728 1393 1759 de
1416 1727 1526 1764 ventis,
1549 1729 1564 1768 §
1586 1726 1670 1764 xviii,
1687 1737 1719 1768 p.
1741 1727 1805 1758 430

1061 1779 1129 1810 sqq.
1163 1769 1352 1808 pauperiem.
1391 1770 1553 1809 Pauperies
1574 1768 1622 1800 vel
1643 1775 1806 1808 paupertas

1062 1811 1144 1853 apud
1168 1811 1331 1842 Horatium
1349 1811 1427 1853 (nisi
1449 1811 1495 1842 vel
1516 1813 1607 1847 diua,
1627 1810 1676 1842 vel
1693 1813 1804 1850 impor-

1062 1859 1150 1889 tuna,
1166 1853 1214 1883 vel
1229 1853 1344 1884 similia
1365 1852 1554 1892 adduntur‚)
1570 1863 1632 1884 uon
1652 1858 1701 1884 est
1714 1862 1804 1893 eges-

1061 1900 1109 1925 tas
1125 1901 1155 1925 et
1171 1895 1311 1936 penuria,
1328 1896 1382 1927 sed
1398 1906 1435 1927 ea
1447 1895 1518 1926 vitae
1535 1905 1600 1926 sors
1614 1899 1645 1926 et
1654 1893 1803 1930 conditio.

1060 1944 1121 1977 qua
1138 1936 1220 1978 quiS,
1236 1943 1388 1977 quantum
1403 1937 1442 1968 ad
1458 1937 1554 1968 vitam
1567 1937 1805 1968 sustentandam

1059 1989 1138 2020 opus
1151 1985 1210 2015 est,
1224 1979 1331 2010 habet.

1106 2021 1241 2051 19—22.
1265 2021 1319 2052 Est
1344 2023 1566 2062 qui—spernit,
1589 2031 1644 2063 pro
1670 2021 1803 2062 vulgari,

1059 2061 1139 2092 alius
1154 2072 1216 2092 non
1234 2062 1362 2104 spernit.
1410 2063 1533 2094 Massici
1547 2063 1612 2094 vini
1626 2063 1803 2103 generosio-

1059 2103 1112 2139 ris,
1141 2104 1173 2134 in
1198 2105 1349 2142 Massico,
1373 2111 1478 2136 monte
1505 2105 1698 2147 Campaniae,
1727 2105 1805 2138 nati.

1061 2146 1125 2176 Nec
1137 2154 1250 2186 partem
1264 2148 1356 2178 solido
1367 2149 1479 2178 demere
1491 2148 1527 2177 de
1541 2148 1589 2177 die
1601 2147 1766 2187 spernit‚h.
1776 2157 1804 2179 e.

1061 2197 1118 2218 nec
1137 2188 1195 2218 sibi
1212 2189 1353 2229 religioni
1369 2189 1458 2220 ducit
1471 2194 1588 2231 partem
1603 2189 1642 2220 de
1657 2189 1708 2220 die
1722 2189 1803 2220 inte-

1060 2240 1114 2270 gro
1129 2230 1298 2261 detractam
1316 2230 1467 2272 potationi
1487 2229 1678 2273 impendere.
1723 2231 1804 2262 Lena

1058 2271 1097 2302 ad
1112 2282 1226 2313 aquam
1244 2272 1355 2304 leniter
1369 2283 1406 2304 ex
1424 2273 1508 2304 fonte
1519 2271 1739 2303 scaturientem
1755 2283 1803 2304 re-

1056 2314 1234 2344 ferendum:
1250 2321 1353 2354 caput,
1366 2315 1448 2350 sons,
1458 2321 1493 2345 ut
1504 2324 1604 2356 saepe:
1618 2325 1729 2351 sacrem
1743 2314 1806 2346 diis

1058 2356 1228 2404 agrestibus
1264 2357 1313 2388 vel
1349 2357 1509 2400 Nymphis
1544 2357 1644 2388 fontes
1679 2356 1804 2389 fuerunt

1057 2408 1148 2429 sacri.
1614 2424 1622 2427 -

1099 2441 1239 2472 23—25.
1263 2443 1308 2472 Et
1323 2442 1400 2472 lituo
1415 2441 1491 2472 tuboe
1505 2442 1669 2480 permixtus
1676 2442 1801 2472 sonitus.

1059 2482 1181 2518 Limus,
1204 2482 1269 2523 qui,
1291 2489 1327 2514 ut
1349 2489 1412 2514 vet.
1435 2483 1535 2514 schol.
1559 2483 1712 2520 observat,
1737 2489 1804 2514 erat

1059 2524 1206 2555 incurvus
1217 2531 1248 2555 et
1260 2535 1336 2555 sono
1347 2530 1449 2561 acuto,
1462 2524 1522 2556 fuit
1532 2523 1693 2565 equitum;
1716 2527 1801 2562 tuba,

1059 2576 1130 2608 quae
1152 2572 1218 2598 erat
1240 2566 1360 2598 directa
1377 2573 1408 2598 et
1429 2577 1505 2598 sono
1528 2565 1625 2608 gravi,
1650 2565 1802 2608 pediturn.

1060 2609 1214 2640 Detescata
1229 2609 1364 2651 passive.
1554 2606 1568 2624 “

1099 2651 1239 2682 25-28,
1263 2651 1380 2682 Manet.
1414 2650 1538 2681 Manere
1554 2649 1618 2690 (uti
1632 2649 1716 2692 apud
1731 2660 1800 2686 nos.

1057 2693 1188 2731 bleiben)
1208 2704 1272 2735 pro.
1289 2697 1481 2735 pernoctare,
1498 2702 1582 2734 saepe
1601 2692 1685 2734 apud
1706 2691 1800 2724 Cice-

1059 2745 1165 2765 ronem
1188 2741 1220 2766 et
1244 2735 1392 2771 Livium;
1422 2734 1523 2765 multa
1546 2733 1690 2782 exempla
1713 2733 1802 2766 dabit

1061 2778 1220 2808 Drakenb.
1234 2778 1271 2808 ad
1290 2777 1358 2808 Liv.
1373 2775 1419 2812 iii,
1434 2777 1486 2807 45.
1500 2776 1516 2816 §
1539 2777 1570 2807 7.
1587 2776 1625 2806 Τ.
1642 2776 1800 2848 1‚p.725.

1056 2819 1117 2849 Sub
1144 2819 1227 2855 Jove,
1251 2820 1310 2850 sub
1336 2819 1418 2850 coelo
1447 2817 1512 2849 ὑπὸ
1542 2817 1630 2855 Διός.
1699 2824 1800 2854 cretes,

1058 2860 1145 2892 tereti
1152 2861 1203 2891 filo
1213 2861 1380 2892 consectas.
1425 2860 1547 2891 Marsus
1555 2869 1622 2902 pro,
1631 2859 1801 2898 Marsicus,

1057 2903 1215 2944 epitheton
1230 2913 1366 2940 ornans;
1389 2901 1471 2944 apris
1489 2911 1600 2944 nempe
1620 2901 1801 2933 abundabat

1058 2945 1196 2976 saltuosa
1208 2946 1384 2977 Marsorum
1398 2943 1492 2985 regio.
