1884 3288
663 188 888 233 LIBER
920 188 1006 239 111,
1037 189 1106 230 27.
1579 186 1658 227 187

316 294 374 336 30
404 293 581 336 Debitae
599 291 820 347 Nymphis
841 290 990 346 opifex
1011 305 1200 340 coronae,

403 362 550 404 Nocte
571 358 783 402 sublustri
802 358 910 400 nihil
930 365 1049 400 astra
1068 366 1232 413 praeter

805 426 932 469 Vidit
952 433 996 468 et
1018 427 1173 468 undas.

403 498 517 546 Quae
538 495 665 539 simul
686 502 859 537 centum
880 494 1025 549 tetigit
1045 501 1270 549 potentem

405 565 598 621 oppidis
619 564 796 614 Creten,
819 563 954 604 Pater
975 578 1016 613 o,
1038 562 1236 604 relietum

314 635 372 677 35
400 633 523 676 Filiae
543 649 714 684 nomen,
736 633 979 688 pietasque,
1001 631 1127 681 dixit,

804 699 937 742 Victa
956 698 1104 740 furore
1124 700 1133 740 Ξ

403 769 564 811 Unde?
597 783 685 824 quo
707 767 835 810 veni?
896 766 1026 808 Levis
1048 781 1134 808 una
1155 782 1270 809 mors
1291 776 1359 810 est

404 837 638 894 Virginum
659 835 814 892 culpae.
878 834 1134 891 Vigilansne
1155 834 1279 890 ploro

403 905 558 962 Turpe
579 905 882 948 commissum?
914 919 969 945 an
991 904 1103 945 vitiis
1125 912 1343 947 carentem

809 973 949 1014 Ludit
967 972 1111 1028 imago

403 1041 546 1092 Vana,
569 1057 668 1097 quae
689 1048 816 1097 porta
836 1040 1008 1095 fugiens
1029 1042 1196 1082 eburna

403 1109 627 1152 Somnium
648 1109 798 1151 ducit?
859 1108 1079 1150 Meliusne
1100 1107 1260 1151 fluctus

404 1178 475 1220 Ire
497 1193 576 1234 per
595 1177 750 1232 longos
773 1176 869 1226 fuit,
892 1191 946 1217 an
967 1183 1165 1218 recentes

809 1244 1002 1300 Carpere
1024 1244 1184 1286 flores?

317 1314 376 1356 45
407 1313 454 1355 Si
475 1314 573 1369 quis
594 1313 797 1354 infamem
816 1312 921 1353 mihi
942 1326 1058 1354 nunc
1075 1313 1312 1368 juvencum

406 1382 558 1424 Dedat
578 1382 715 1431 iratae,
737 1381 929 1422 lacerare
952 1380 1082 1430 ferro,
1105 1388 1149 1422 et

319 973 376 1015 40

19 2495 40 2672 ··<amwi‘

405 1450 627 1506 Frangere
649 1450 789 1491 enitar
809 1448 939 1490 modo
962 1448 1143 1490 multum
1163 1452 1293 1492 amati

813 1518 990 1560 Cornua
1011 1519 1194 1560 monstri
1211 1522 1220 1561 !

408 1587 646 1643 Impudens
667 1587 773 1641 liqui
795 1587 961 1641 patrios
985 1586 1195 1629 Penates:

323 1657 380 1699 50
410 1656 647 1712 Impudens
670 1655 836 1697 Orcum
857 1657 1027 1696 moror!
1063 1654 1105 1697 O
1129 1655 1327 1699 Deorum

120 1791 154 1824 N
177 1790 283 1834 mphis
295 1791 404 1824 offerre
415 1792 563 1824 debebat.
609 1791 776 1827 sublustri,
790 1801 868 1833 pau-

121 1802 226 1866 lulum
243 1835 390 1872 obscura,
405 1835 524 1878 quippe
539 1845 603 1877 qua
622 1846 685 1866 non
704 1835 794 1870 luna,
815 1833 870 1865 sed

121 1877 222 1909 stellae
238 1883 363 1910 tantum
379 1879 513 1910 micant.
560 1878 648 1909 Nihil
663 1887 746 1909 astru
762 1883 871 1916 praeter

126 1919 212 1952 Vidit
226 1927 255 1952 et
272 1923 370 1952 undas
382 1934 390 1952 .-
413 1927 598 1964 comparant
609 1921 739 1952 Mosch.
751 1921 870 1962 Europ.

122 1974 155 1995 v.
175 1964 248 1995 129.
296 1964 426 1996 Centum
441 1971 589 2005 potentem
606 1965 734 2005 Oppidis
748 1964 870 2000 Creten,

122 2005 365 2048 ἑκατόμπολιν·
392 2005 450 2038 inf.
479 2007 580 2050 Epod.
605 2008 638 2043 9,
666 2008 721 2043 29,
748 2013 870 2038 centum

121 2050 251 2082 nobilem
269 2050 379 2082 Creten
395 2051 534 2093 urbibus,
557 2049 652 2082 Ovid.
670 2051 749 2081 Her.
768 2060 798 2087 x,
815 2050 868 2087 67,

125 2092 228 2129 Crete,
263 2099 384 2125 centum
420 2095 538 2136 digesta
566 2105 621 2134 per
650 2095 739 2125 urbes
754 2104 764 2125 .·
802 2091 868 2123 vid.

123 2135 248 2168 Meurs.
270 2135 311 2168 de
333 2135 441 2173 Creta,
465 2136 488 2173 i,
511 2138 542 2173 5,
565 2142 596 2168 et
616 2135 807 2168 Schoenem.
831 2134 870 2167 de

124 2178 307 2222 Geograph.
321 2180 418 2212 Hom.
429 2191 461 2222 p.
476 2181 532 2212 91.
573 2180 611 2216 Ο,
622 2181 765 2210 relictum
782 2179 870 2210 Filiae

122 2233 244 2260 nomen,
274 2233 371 2265 quam
399 2223 532 2266 turpiter
560 2222 638 2254 mihi
668 2222 742 2254 filiae
772 2222 872 2264 patris

124 2274 239 2298 nomen
261 2265 406 2298 relictum
429 2266 496 2298 est!
531 2266 563 2297 h.
586 2276 614 2297 e.
638 2265 734 2308 patris
757 2276 871 2297 nomen

148 2318 222 2340 uam
233 2308 364 2352 turpiter
375 2309 503 2351 neglexi
514 2316 546 2341 et
561 2319 672 2352 parum
689 2309 798 2340 curavi
813 2319 872 2350 ego

145 2349 208 2383 lia!
255 2352 451 2393 Comparant
475 2352 586 2395 Eurip.
613 2351 704 2384 Med.
734 2353 806 2390 166,
828 2351 870 2383 'Q

125 2393 212 2427 mire
238 2420 247 2433 ,
259 2395 285 2428 ὦ
302 2395 416 2433 πόλις,
431 2394 480 2428 ὧν
496 2395 716 2435 ἀπενάσθην.
750 2396 869 2426 Pietas-

123 2449 180 2487 que
198 2407 287 2470 tficta
297 2438 426 2481 furore,
441 2449 538 2481 quam
553 2439 685 2481 turpiter
699 2438 871 2470 furibundo

122 2480 194 2517 1110.
206 2491 271 2524 quo
286 2486 378 2514 tauro
391 2492 443 2514 me
455 2483 636 2518 credebam,
649 2481 783 2514 consilio
795 2493 872 2524 sup-

123 2534 234 2568 pressa
245 2529 306 2561 est,
322 2535 419 2567 quam
437 2525 519 2568 patri
533 2525 701 2561 debebam,
718 2525 837 2567 pietas!

168 2566 312 2600 87—48.
335 2568 476 2610 Europa,
488 2568 591 2610 magis
603 2567 770 2609 magisque
787 2578 871 2599 nunc

125 2607 281 2648 fraudem,
293 2609 328 2642 in
339 2621 437 2653 quam
453 2611 629 2643 temeritate
643 2621 700 2641 sua
718 2621 751 2642 se
763 2610 875 2642 induci

125 2661 220 2696 pessa
229 2653 284 2691 sit,
296 2653 448 2692 sentiens,
460 2654 606 2696 querelas
621 2659 654 2685 et
665 2653 768 2685 minas
786 2653 875 2690 'acit,

125 2695 239 2739 quales
255 2697 460 2747 suppeditare
480 2698 560 2729 solet
581 2697 669 2728 dolor
691 2702 724 2728 et
744 2707 761 2727 a
787 2702 876 2728 ectus

125 2738 362 2778 vehementron
383 2740 509 2782 egregie
531 2739 628 2781 igitur
650 2739 690 2771 ad
710 2739 875 2781 ingenium

125 2781 306 2814 humanum
335 2783 512 2825 composita
534 2789 583 2815 est
609 2783 744 2824 Europae
766 2783 876 2815 oratio.

133 2823 245 2857 Unde?
266 2831 388 2868 patrem
403 2826 542 2869 respicit.
576 2826 678 2864 Levis,
688 2826 784 2857 nimis
800 2826 877 2858 levis

127 2877 247 2911 poena3
269 2870 377 2909 σαίρω,
396 2879 491 2901 casus
512 2869 632 2905 tertius,
659 2869 699 2900 ad
721 2869 878 2911 ejusmodi

130 2909 286 2953 virginum
310 2912 438 2955 culpam
460 2912 662 2956 expiandam,
683 2912 774 2954 quasi
793 2912 879 2955 ejus-

129 2953 216 3003 modi
231 2953 388 2997 virginum
402 2955 558 2998 flagitium
576 2955 684 2998 plures
699 2961 814 2987 mortes
830 2955 878 2988 vel

130 3005 315 3038 graviorem,
346 3008 443 3042 quam
478 3001 574 3032 unius
603 2998 711 3030 mortis
737 3009 878 3041 poenam,

915 1790 1071 1823 meruerit.
1118 1791 1314 1833 Comparant
1336 1791 1481 1835 Propert.
1503 1782 1550 1832 iv,
1566 1797 1596 1834 4,
1624 1797 1663 1828 17

914 1833 954 1865 de
969 1834 1116 1876 Tarpeia,
1135 1834 1177 1865 Et
1199 1837 1272 1866 satis
1290 1846 1352 1866 una
1372 1838 1456 1867 maloe
1468 1840 1571 1877 potuit
1585 1851 1663 1871 mors

914 1887 972 1908 esse
998 1878 1120 1917 puellae,
1150 1878 1224 1913 Quae
1255 1879 1352 1909 voluit
1370 1880 1517 1919 flammas
1528 1882 1662 1923 fallere,

919 1920 1019 1956 Vesta,
1045 1922 1137 1951 tuas?
1182 1921 1289 1962 Imago
1312 1932 1404 1958 vana,
1433 1923 1514 1953 falsa
1541 1925 1663 1966 species

914 1962 1090 2003 (εἴδωλον)
1107 1976 1113 1994 :
1140 1963 1186 1994 sic
1202 1964 1315 1995 Venus
1331 1964 1416 2006 apud
1435 1965 1527 2007 Virg.
1544 1968 1624 1999 AEn.
1640 1969 1663 2005 i,

915 2007 990 2044 408,
1006 2017 1078 2048 quae
1095 2006 1175 2038 falsa
1190 2007 1296 2049 specie
1312 2008 1428 2039 AEneae
1445 2018 1478 2039 se
1494 2009 1665 2049 obtulerat,

902 2048 1000 2091 falsis
1015 2051 1199 2091 imaginibus
1213 2062 1281 2081 eum
1297 2051 1400 2082 lusisse
1415 2050 1543 2083 dicitur.
1589 2054 1664 2089 Quae

912 2099 1001 2132 porta
1006 2093 1139 2135 fugiens
1149 2095 1267 2124 eburna
1278 2094 1434 2125 Somnium
1445 2096 1533 2126 ducit
1545 2097 1557 2126 .’
1580 2106 1665 2128 som-

915 2135 969 2166 nia
989 2135 1123 2171 scilicet,
1141 2142 1175 2168 ut
1197 2136 1288 2168 finxit
1309 2137 1496 2179 antiquitas,
1514 2148 1569 2181 per
1583 2138 1666 2172 duas

916 2184 1034 2221 portas,
1046 2180 1139 2221 falsa
1165 2179 1294 2222 quidem
1318 2190 1374 2222 per
1395 2182 1570 2217 eburneam,
1595 2194 1667 2215 vera

915 2227 1022 2254 autem
1039 2233 1094 2265 per
1108 2228 1229 2265 portam
1246 2234 1384 2255 corneam
1401 2234 1440 2255 ex
1455 2223 1536 2256 locis
1558 2224 1670 2258 inferis

914 2265 1122 2297 emittuntur:
1150 2265 1212 2298 vid.
1225 2266 1358 2298 Homer.
1374 2266 1492 2310 Odyss.
1508 2268 1574 2304 xix,
1588 2270 1666 2306 562,

915 2313 947 2339 et
970 2309 1074 2351 lleyn.
1098 2310 1233 2341 Excurs.
1259 2321 1312 2345 xv,
1336 2309 1376 2341 ad
1402 2311 1495 2351 Virg.
1519 2312 1601 2343 AEn.
1625 2312 1666 2352 vi,

917 2352 993 2383 894.
1032 2353 1179 2394 Fugiens,
1193 2352 1334 2384 evolans.
1374 2353 1668 2397 Meliusnefluctus,

915 2400 987 2426 cett.
1009 2395 1117 2427 fierine
1136 2395 1251 2438 potuit,
1271 2402 1319 2432 ut,
1341 2396 1417 2438 quid
1435 2396 1551 2429 melius
1571 2404 1667 2438 esset,

915 2443 1022 2469 utrum
1053 2444 1155 2477 tauro,
1183 2439 1238 2480 qui
1270 2449 1321 2470 me
1349 2451 1404 2482 per
1426 2439 1556 2482 longum
1582 2452 1670 2475 mare

916 2480 1056 2518 veheret,
1082 2492 1130 2513 me
1153 2482 1361 2519 committere,
1394 2493 1435 2514 an
1465 2490 1609 2516 recentes
1636 2485 1670 2517 in

918 2530 1008 2566 prato
1024 2525 1114 2556 flores
1127 2535 1266 2567 carpere.
1278 2536 1337 2567 ego
1351 2536 1415 2557 non
1431 2526 1641 2568 intelligerem
1654 2531 1667 2560 ’ἒ

918 2567 1082 2609 Infamem,
1095 2567 1339 2608 detestandum;
1359 2570 1456 2611 paulo
1473 2569 1600 2602 mollius
1613 2571 1672 2603 inf,

918 2621 949 2646 v,
970 2612 1024 2647 71,
1048 2611 1174 2646 Venus,
1199 2612 1256 2643 ubi
1274 2612 1412 2644 suaviter
1428 2613 1567 2655 Europae
1590 2614 1668 2645 iram

918 2653 1011 2691 ridet,
1041 2654 1179 2686 eundem
1216 2657 1346 2686 invisum
1383 2661 1495 2693 vocat;
1539 2659 1670 2689 multum

919 2699 1016 2736 amqti
1050 2699 1189 2733 monstri,
1221 2698 1318 2740 hujus
1345 2698 1544 2737 exsecrandi,
1574 2711 1671 2742 quem

920 2740 1015 2782 paulo
1035 2747 1110 2773 ante
1124 2741 1157 2771 in
1174 2747 1264 2783 prato
1284 2741 1402 2773 blande
1418 2747 1450 2773 et
1465 2749 1608 2775 amanter
1624 2749 1672 2775 at—

921 2784 1094 2815 trectabam
1126 2784 1275 2825 (Mosch.
1294 2786 1336 2816 93
1359 2795 1443 2826 sqq„
1464 2785 1561 2817 Ovid.
1586 2787 1675 2819 Fast.

922 2826 983 2858 861
1002 2826 1106 2869 sqq.),
1119 2827 1265 2870 juvenci.
1308 2827 1440 2859 Scilicet
1457 2828 1501 2859 uti
1518 2829 1674 2868 homines,

922 2880 1003 2912 quos
1015 2871 1056 2902 ob
1073 2881 1152 2902 nova
1166 2877 1198 2902 et
1211 2871 1357 2902 inaudita
1370 2871 1492 2902 scelera
1508 2872 1674 2903 abomina-

923 2923 1004 2950 mur,
1030 2920 1163 2945 monstra
1182 2914 1337 2957 appellari
1359 2914 1474 2950 solent,
1492 2926 1523 2946 v.
1540 2925 1568 2946 c.
1587 2915 1672 2946 Cleo-

920 2963 1014 2996 patra
1040 2967 1113 3000 sup.
1140 2957 1161 2995 i,
1190 2959 1244 2996 37,
1276 2959 1331 2995 21,
1356 2962 1387 2988 et
1419 2958 1556 2988 Catilina
1587 2967 1604 2987 a
1630 2958 1673 2989 ud

925 2998 995 3032 Cic.
1014 3000 1089 3033 Cat.
1106 2999 1142 3038 ii,
1160 3002 1190 3037 1,
1208 3000 1252 3032 ita
1269 3011 1354 3032 nunc
1373 3008 1482 3032 taurus
1499 3001 1538 3031 ob
1556 3010 1609 3032 sce
1623 3010 1672 3032 es-
