1884 3288
903 206 1182 249 CARMIN
1197 208 1298 250 UM

633 305 662 345 J
666 305 780 347 udex
800 305 1026 348 honestum
1046 308 1235 362 praetulit
1256 307 1362 358 utili,
1384 315 1427 349 et

634 371 813 426 Rejecit·
825 373 911 415 alto
930 374 1043 415 dona
1063 377 1305 417 nocentium

689 438 840 489 Vultu,
862 447 906 481 et
925 455 1002 494 per
1023 441 1245 482 obstantes
1266 449 1457 484 catervas

745 505 969 560 Explicuit
990 522 1067 548 sua
1085 508 1220 550 victor
1241 524 1370 550 arma.

547 571 604 612 45
632 571 735 613 Non
755 574 1047 627 possidentem
1066 574 1198 616 multa
1218 577 1435 617 vocaveris

632 638 772 680 Recte
793 641 990 681 beatum:
1023 641 1182 682 rectius
1205 650 1388 696 occupat

690 705 861 747 Nomen
882 707 1011 754 beati,
1034 708 1109 760 qui
1131 707 1327 748 Deorum

743 771 1001 813 Muneribus
1025 774 1240 827 sapienter
1259 774 1336 822 uti,

630 837 883 891 Duramque
904 837 1031 879 callet
1051 840 1300 894 pauperiem
1320 840 1425 893 pati,

546 904 600 943 50
631 903 849 958 Pejusque
868 903 954 945 leto
974 904 1183 959 flagitium
1204 906 1336 954 timet,

686 971 790 1012 Non
810 970 879 1011 ille
903 986 979 1026 pro
999 972 1107 1012 caris
1130 973 1273 1013 amicis

743 1036 834 1077 Aut
854 1039 992 1091 patria
1014 1038 1187 1079 timidus
1209 1039 1364 1092 perire.

924 1236 1195 1279 CARMEN
1227 1237 1285 1279 X.

800 1381 884 1411 AD
935 1382 1397 1416 LIGURINUM.

459 1483 501 1524 Ο
523 1496 741 1524 CRUDELIS
761 1483 917 1534 adhuc,
940 1492 982 1526 et
1004 1485 1187 1527 Veneris
1209 1487 1456 1528 muneribus
1477 1479 1647 1542 potens,

457 1549 681 1605 Insperata
701 1558 787 1591 tuae
807 1566 939 1604 quum
959 1553 1100 1593 veniet
1119 1552 1263 1607 pluma
1284 1554 1512 1608 superbiae,

343 1685 379 1711 ut
406 1680 438 1711 in
469 1686 651 1720 argumento
678 1681 868 1717 monuimus,
897 1681 956 1712 hoc
994 1692 1076 1713 anno

342 1723 454 1754 consul
471 1723 541 1759 fuit.
558 1729 628 1764 post
644 1724 842 1754 consulatum
860 1734 986 1765 quoque
1001 1735 1076 1755 con-

342 1765 477 1812 sularem
486 1765 671 1806 dignitatem
682 1765 833 1796 tuiturum
843 1775 910 1797 esse
923 1766 979 1802 ait,
994 1768 1078 1808 quod

342 1806 382 1842 is,
395 1807 447 1849 qui
483 1813 530 1838 ost
545 1814 647 1849 gestos
660 1807 813 1839 honores
806 1819 838 1838 111
851 1808 974 1839 virtutis
989 1819 1076 1840 exer-

342 1849 417 1880 citio
433 1818 493 1880 sigi
507 1855 641 1886 constat,
657 1850 690 1880 in
709 1850 819 1882 eadem
837 1861 956 1892 semper
972 1851 1070 1891 digni-

343 1895 407 1922 tate
422 1897 537 1923 manet.
567 1893 733 1923 Honestum
741 1894 976 1932 praetulztutzlz.
991 1904 1076 1925 com-

342 1933 433 1964 mode
462 1933 495 1964 in
525 1934 605 1965 hanc
636 1935 821 1966 sententiam
850 1935 980 1966 laudant
1009 1935 1078 1967 Cic.

344 1975 436 2007 Offic.
457 1975 503 2012 iii,
527 1978 558 2012 4,
585 1977 646 2011 Qui
667 1983 765 2007 autem
787 1979 886 2007 omnia
907 1979 1077 2008 metiuntur

343 2019 545 2048 emolumentis
565 2026 593 2049 et
618 2021 783 2054 commodis,
804 2030 895 2060 neque
917 2030 950 2050 ea
971 2021 1077 2051 volunt

341 2062 564 2100 praeponderari
581 2062 741 2096 honestate,
758 2063 788 2092 hi
806 2064 898 2092 solent
914 2064 946 2091 in
965 2064 1075 2093 delibe-

344 2104 440 2133 rando
454 2103 605 2134 honestum
625 2114 692 2133 cum
709 2114 751 2139 eo,
767 2106 843 2144 quod
864 2105 941 2134 ‘attile
952 2111 1075 2143 putant,

341 2155 532 2184 comparare:
557 2147 623 2175 boni
647 2147 707 2175 viri
729 2157 787 2176 non
809 2147 912 2176 solent.
956 2146 1076 2177 Etenim

343 2198 401 2217 non
413 2189 495 2217 modo
503 2188 602 2226 pluris
611 2193 733 2226 putare,
748 2189 824 2227 quod
836 2189 913 2218 ‘utile
925 2189 1076 2224 videatur,

342 2240 431 2269 quam
450 2231 527 2269 quod
545 2230 719 2266 honestum;
743 2231 791 2259 sed
810 2230 869 2259 hoec
889 2232 978 2260 etiam
997 2232 1076 2263 inter

341 2281 371 2301 se
385 2282 556 2310 comparare
570 2278 598 2302 et
614 2273 646 2301 in
665 2272 709 2301 his
726 2273 918 2308 addubitare,
937 2274 1075 2310 turpissi-

344 2323 424 2344 mum
440 2319 492 2344 est.
537 2314 598 2343 Per
610 2315 756 2344 obstantes
767 2320 902 2344 catervas
921 2314 1076 2353 Explicuit

343 2366 398 2386 sua
413 2357 507 2386 victor
521 2367 623 2386 orma.
619 2367 625 2373 ·
649 2356 785 2391 animus,
806 2355 859 2404 qui
881 2355 990 2386 virtute
1006 2366 1074 2394 sua,

342 2403 492 2446 tanquam
513 2397 626 2439 clipeo,
642 2397 721 2428 bene
739 2398 890 2433 munitus,
906 2397 1023 2428 sortiter
1043 2409 1075 2430 se

342 2440 471 2487 opponit
486 2439 681 2481 turpitudini,
698 2440 833 2471 suaviter
850 2439 937 2470 fortis
955 2440 1074 2476 militis,

342 2482 373 2512 vi
388 2481 447 2512 sibi
461 2482 543 2512 viam
560 2492 615 2530 per
629 2482 788 2513 obstantes
801 2487 942 2512 catervas
957 2482 1073 2514 facien-

340 2523 392 2560 tis,
402 2534 498 2559 more,
509 2524 626 2559 omnia,
639 2534 710 2564 quae
720 2524 790 2566 ejus
800 2524 943 2554 virtutem
954 2535 1074 2566 impug

341 2571 429 2601 nant,
444 2565 567 2597 vincere
577 2566 700 2597 dicitur.

383 2609 522 2639 45—52.
547 2609 616 2638 Non
631 2610 824 2648 possidentem
843 2609 939 2639 mulla
952 2619 1071 2640 vocave-

340 2652 383 2681 ris
406 2651 498 2682 Recte
520 2652 655 2681 beatum:
685 2651 727 2682 cf.
755 2661 825 2692 sup.
847 2650 880 2687 ii,
903 2651 935 2686 2,
963 2651 977 2680 l
999 2661 1071 2698 sqq.

343 2694 414 2724 Nou
428 2694 481 2723 ille
496 2694 617 2724 timidus
631 2694 740 2732 perime,
756 2703 822 2734 pro,
838 2692 890 2723 ille
906 2703 968 2723 non
985 2692 1074 2724 timet

339 2735 450 2784 perire,
467 2734 498 2765 h.
514 2745 543 2766 e.
555 2735 847 2775 volenslubensque
861 2739 989 2765 mortem
1003 2745 1070 2765 sus

339 2777 433 2820 cipit:
462 2786 534 2819 sup.
557 2777 601 2814 iii,
631 2778 681 2816 19,
702 2778 734 2813 2,
761 2777 876 2807 Codrus
896 2788 951 2816 pro
971 2779 1074 2816 patria

340 2831 400 2851 non
416 2821 540 2851 timidus
554 2822 642 2850 mori.

568 2903 766 2934 CARMEN
791 2904 833 2934 X.

379 2945 578 2987 Ligurinum,
595 2955 727 2987 puerum
751 2945 875 2977 mollem
898 2950 928 2976 et
950 2945 1066 2977 delica-

1120 1688 1199 1718 tum,
1214 1683 1345 1725 superbe
1367 1689 1399 1715 et
1420 1682 1580 1714 fastidiose
1598 1692 1682 1714 nunc
1704 1687 1856 1716 amatores

1120 1731 1316 1761 tractantem,
1332 1725 1370 1756 de
1385 1725 1490 1757 formae
1511 1724 1673 1766 sortisque,
1690 1736 1770 1774 quae
1780 1736 1854 1757 eum

1121 1773 1256 1803 maneat,
1271 1767 1443 1799 mutatione
1458 1773 1489 1799 et
1505 1767 1682 1799 conditione
1703 1767 1851 1808 cogitare,

1121 1814 1152 1840 et
1167 1810 1296 1851 proinde
1311 1820 1423 1841 vanam
1438 1809 1538 1846 illam,
1551 1819 1615 1850 qua
1628 1809 1798 1842 insolenter
1812 1810 1852 1842 de

1120 1851 1219 1883 forma
1231 1862 1285 1883 sua
1301 1862 1333 1883 se
1347 1852 1464 1886 efferat,
1476 1833 1630 1893 deponere
1640 1851 1731 1893 jubet
1745 1862 1854 1894 super-

1120 1893 1215 1925 biam.
1260 1896 1390 1925 Poetam
1407 1895 1567 1942 Graecum,
1589 1904 1683 1936 quem
1706 1894 1854 1926 Horatius

1121 1935 1261 1967 imitatus
1282 1942 1340 1972 est,
1366 1942 1430 1967 tam
1451 1936 1598 1967 carminis
1621 1942 1852 1976 argumentum,

1121 1988 1215 2019 quam
1231 1978 1377 2009 dictionis
1393 1979 1492 2010 forma
1508 1983 1540 2010 et
1556 1978 1690 2010 elocutio
1711 1977 1788 2010 satis
1802 1980 1850 2011 lu-

1119 2021 1261 2052 culenter
1275 2021 1420 2062 produnt.

1165 2064 1257 2094 1-8.
1283 2064 1309 2094 Ο
1324 2065 1455 2094 crudelis
1469 2063 1578 2099 adhue,
1593 2072 1612 2093 o
1631 2067 1677 2098 tu.
1669 2061 1748 2110 ,qui
1768 2073 1852 2094 nunc

1119 2104 1244 2144 quidem
1260 2110 1290 2136 te
1305 2105 1416 2136 durum
1427 2110 1458 2136 et
1473 2114 1622 2154 asperum
1632 2104 1709 2135 1111111
1723 2105 1854 2146 praebes,

1119 2146 1287 2178 insolenter
1302 2157 1420 2178 amores
1436 2156 1522 2178 meos
1537 2146 1664 2194 rejicis;
1686 2153 1715 2178 et
1735 2147 1853 2179 Veneris

1118 2190 1291 2219 muneribus
1307 2196 1419 2228 pote—ns,
1441 2195 1472 2219 et
1490 2187 1624 2236 corporis
1643 2188 1690 2220 tui
1712 2189 1851 2231 pulchri-

1119 2229 1226 2260 tudine
1244 2231 1412 2272 plurimum
1433 2230 1545 2278 polles,
1561 2230 1637 2266 sive,
1655 2236 1688 2262 et
1709 2241 1765 2272 pro
1781 2241 1850 2262 cor-

1118 2271 1208 2320 poris·
1227 2273 1273 2303 tui
1300 2271 1531 2320 pulchritudine
1557 2281 1704 2312 magnam
1726 2273 1760 2303 in
1785 2283 1851 2311 eos,

1117 2313 1173 2354 qui
1187 2313 1244 2344 tibi
1259 2314 1409 2350 serviunt,
1425 2323 1550 2346 exerces
1567 2315 1750 2356 potentiam.
1794 2315 1851 2347 In-

1117 2362 1236 2395 sperata
1259 2363 1319 2387 tuae
1340 2368 1431 2404 quum
1452 2358 1550 2388 veniet
1569 2357 1674 2396 pluma
1695 2359 1850 2397 superbiet,

1118 2407 1189 2428 cum
1206 2405 1314 2440 praeter
1335 2398 1514 2439 opinionem
1534 2397 1628 2429 laeves
1649 2409 1747 2440 genas
1767 2404 1850 2436 tuas,

1117 2439 1230 2480 quibus
1245 2451 1330 2471 nunc
1343 2440 1496 2482 superbis,
1510 2441 1626 2480 lanugo
1638 2439 1847 2472 inumbrabit:

1114 2484 1231 2521 pluma,
1242 2483 1368 2523 lanugo,
1379 2484 1496 2530 χνοῦς,
1509 2482 1635 2520 πτίλα;
1658 2482 1732 2515 hinc
1745 2483 1849 2515 Greci

1117 2534 1230 2565 pueros
1253 2495 1401 2555 laevibusx
1406 2524 1495 2578 genis
1516 2524 1618 2555 adhue
1638 2523 1774 2556 nitentes
1796 2535 1850 2556 vo-

1116 2567 1232 2597 cabant
1246 2567 1424 2604 ἀπτίλους,
1445 2566 1565 2604 λείους,
1585 2565 1649 2597 vid.
1667 2567 1795 2598 Jacobs.
1815 2567 1847 2598 in

1116 2607 1286 2640 Animadv.
1301 2609 1340 2640 ad
1357 2608 1487 2640 Anthol.
1502 2609 1607 2640 Graec.
1622 2607 1685 2639 vol.
1706 2608 1740 2644 ii,
1756 2619 1787 2651 p.
1803 2609 1848 2647 iii,

1115 2661 1147 2692 p.
1162 2651 1214 2687 69,
1233 2651 1320 2692 pueri
1337 2656 1440 2682 autem
1461 2650 1617 2682 molliores
1637 2650 1702 2681 sive
1720 2651 1847 2687 cinaedi,

1114 2674 1229 2733 quibiis
1245 2693 1342 2724 barba
1355 2702 1550 2724 succrescere
1565 2691 1746 2734 incipiebat,
1757 2693 1846 2725 dese-

1115 2736 1261 2766 rebantur
1276 2735 1316 2766 ab
1330 2735 1539 2772 amatoribus;
1562 2734 1636 2765 hinc
1655 2735 1740 2776 apud
1755 2736 1844 2766 Mar-

1115 2776 1182 2808 tial.
1198 2777 1219 2813 i,
1232 2778 1286 2814 32,
1299 2779 1330 2813 5,
1346 2778 1440 2807 teneri
1453 2758 1556 2808 vultris
1573 2778 1718 2817 lanugine
1731 2779 1847 2808 sordem

1115 2819 1283 2850 dicuntur:
1308 2818 1660 2854 cf.Catu11.lxi‚136.
1707 2819 1776 2850 Tuoe
1793 2831 1844 2850 su-

1113 2863 1232 2900 perbiae,
1248 2861 1306 2893 tibi
1326 2861 1469 2903 superbo.
1515 2861 1589 2896 ΟΜ·
1611 2871 1694 2891 nune
1716 2862 1846 2893 humeri:

1113 2905 1276 2934 involitant
1304 2913 1411 2939 comoe,·
1443 2901 1610 2951 promissus
1631 2901 1714 2933 enim
1738 2903 1844 2940 crinis,

1112 2947 1283 2980 ce⁷·2ice,ut
1299 2944 1503 2980 Tibullusiii‚
1517 2946 1548 2980 4,
1561 2944 1764 2986 2710111111111,
1774 2946 1844 2987 flu-
