1904 3314
416 178 784 223 EPISTOLA
823 178 922 221 AD
965 178 1298 230 PISONES.

1543 180 1628 233 543

209 281 391 338 Projicit
411 282 619 338 ampullas
639 289 685 324 et
705 280 1027 336 sesquipedalia
1046 282 1193 331 verba,

206 349 255 392 Si
275 358 399 392 curat
419 365 495 409 eor
515 349 752 405 spectantis
773 348 970 404 tetigisse
991 348 1182 403 querela.

265 418 371 460 Non
392 416 495 460 sa'tis
516 424 583 459 est
602 416 787 472 pulchra
806 431 903 458 esse
924 423 1150 471 poemata3
1183 415 1327 458 dulcia
1348 423 1492 466 sunto,

96 485 180 527 100
209 485 286 536 Et,
309 499 571 540 quocunque
592 483 753 532 volent,
775 484 962 525 animum
983 483 1196 524 auditoris
1218 490 1396 538 agunto.

207 553 274 595 Ut
293 552 536 595 ridentibus
557 551 766 601 arrident,
788 552 848 592 ita
869 551 1076 592 flentibus
1099 550 1260 591 adsunt

207 620 402 663 Humani
420 618 580 661 vultus.

642 619 691 660 Si
712 619 775 660 vis
795 633 863 660 me
884 618 1004 668 flere,
1027 617 1264 659 dolendum
1285 625 1354 660 est

208 687 402 731 Primum
421 687 506 742 ipsi
526 686 631 737 tibi3
665 693 755 728 tum
775 693 851 727 tua
870 701 937 727 me
958 685 1195 727 infortunia
1214 685 1388 727 laedent.

207 755 424 811 Telephe,
445 753 513 796 vel
535 752 686 803 Peleu,
707 753 818 795 male
840 754 876 795 si
896 754 1100 795 mandata
1118 753 1324 808 loqueris,

95 823 179 865 105
206 821 301 865 Aut
322 823 579 872 dormitabo,
601 828 676 863 aut
695 822 864 864 ridebo.

926 822 1094 864 Tristia
1113 829 1317 864 moestum

208 889 393 934 Vultum
412 891 546 932 verba
565 890 736 939 decent,
759 890 917 931 iratum
935 889 1066 944 plena
1085 891 1313 939 minarum,

208 958 458 1001 Ludentem
478 956 651 1008 lasciva,
676 972 873 999 severum
895 958 1006 999 seria
1027 957 1163 999 dictu.

206 1026 386 1068 Format
406 1025 519 1067 enim
539 1032 694 1066 natura
713 1026 836 1080 prius
859 1040 937 1066 nos
960 1026 1079 1067 intus
1102 1027 1157 1067 ad
1176 1041 1344 1068 omnem

207 1093 501 1136 Fortunarum
521 1092 742 1142 habitum3
770 1093 896 1148 juvat
916 1100 992 1134 aut
1013 1093 1193 1148 impellit
1214 1095 1270 1136 ad
1291 1094 1412 1143 iram,

92 1220 255 1264 Telephus
274 1226 307 1253 et
322 1221 450 1259 Peleus,
466 1227 545 1259 tum,
562 1233 636 1254 cum
660 1222 738 1254 alter
760 1233 838 1264 pau-

92 1274 149 1306 per
165 1264 245 1296 alter
257 1264 349 1296 exsul
363 1271 422 1301 est,
440 1265 662 1306 (uterque—Si
685 1265 794 1305 curat)
813 1265 839 1296 si

90 1312 224 1350 uterque
256 1306 288 1338 id
322 1307 448 1349 assequi
482 1314 593 1344 tentat,
627 1313 663 1338 ut
696 1309 838 1339 animum

91 1348 287 1392 spectatoris,
321 1350 468 1391 querelas
507 1350 684 1386 fundendo,
711 1356 837 1391 tangat,

90 1391 180 1424 haud
201 1402 287 1424 nunc
310 1391 536 1435 magniloquus
555 1393 650 1424 verba
672 1393 839 1433 grandiora

87 1434 204 1478 jactat,
217 1435 273 1467 sed
287 1444 364 1467 voce
375 1435 510 1476 querula
525 1441 557 1467 et
572 1435 730 1467 submissa
745 1435 838 1467 mise-

91 1477 244 1510 rationem
259 1488 384 1510 movere
399 1479 514 1510 studet.

134 1521 190 1552 94.
228 1521 587 1564 ‘Delitigat—particula
614 1523 650 1552 de
683 1520 716 1552 in
745 1522 839 1553 verbo

91 1563 268 1607 composito
292 1565 457 1606 delitigat-e
485 1563 646 1595 notionem
672 1570 778 1605 auget,
803 1569 839 1595 ut

93 1606 134 1638 sit
170 1607 246 1643 fere.
278 1606 478 1638 vehementer
513 1611 546 1637 et
582 1607 622 1637 ad
659 1606 838 1638 satietatem

92 1659 195 1691 usque
210 1648 334 1690 litigare
347 1660 355 1687 ;
371 1649 425 1680 sic
441 1651 582 1681 desaevire
595 1650 683 1692 (nos,
696 1649 838 1691 abtaben)

91 1702 161 1735 sup.
179 1692 283 1735 Epist.
297 1691 320 1728 i,
335 1693 368 1729 3,
387 1693 438 1723 14.

135 1736 192 1767 95.
213 1735 375 1784 Tragieus,
394 1745 528 1777 persona
548 1746 621 1777 quae
639 1734 840 1776 queribunda

93 1777 128 1810 in
153 1778 311 1819 tragoedia
338 1777 502 1809 inducitur
516 1789 524 1817 ;
549 1779 594 1809 sic
621 1779 759 1814 Orestes»,
785 1778 840 1819 qui

93 1820 203 1855 furens
214 1821 247 1852 in
262 1820 419 1863 tragoedia
440 1821 613 1858 inducitur,
631 1823 769 1863 tragicus
784 1831 840 1863 ap-

93 1863 249 1907 pellatur:
273 1864 344 1895 Cic.
370 1863 404 1895 in
431 1864 542 1896 Pison.
571 1875 600 1895 c.
627 1865 683 1898 20,
715 1864 842 1906 Tragico

92 1907 150 1939 illo
166 1907 270 1939 Oreste
283 1914 340 1938 aar
355 1908 539 1938 Athamante
554 1908 732 1938 dementior.

138 1950 194 1982 96.
218 1949 374 1990 Telephus,
394 1949 477 1981 filius
502 1949 665 1984 Herculis,
686 1960 740 1981 rex
763 1950 840 1991 My-

93 1990 162 2029 siae,
178 2002 250 2024 cum
266 1993 383 2024 vulnus
397 1992 483 2035 quod
504 1993 544 2023 ab
562 1992 687 2023 Achille
709 2002 842 2034 accepe-

94 2040 155 2071 rat,
171 2035 349 2068 secundum
373 2035 495 2067 oraculi
517 2035 658 2069 effatum.
676 2035 737 2066 nisi
760 2034 841 2066 illud

95 2077 207 2110 eadem
230 2078 331 2110 hastae
354 2078 484 2120 cuspide
494 2089 566 2120 ·qua
588 2078 744 2109 inflictum
761 2083 842 2109 esset

93 2125 288 2162 tangeretur,
307 2131 413 2152 sanari
438 2132 499 2152 uon
524 2127 642 2164 posset,
666 2127 773 2152 castra
794 2122 840 2152 A-

17 2542 45 2755 ᾉῆἶνψῌὶζῖ*
35 2515 38 2517 v

42 3009 51 3033 ¹),

94 2163 202 2195 chillis
225 2164 314 2200 adiit,
329 2170 362 2196 et
374 2164 458 2195 hanc
473 2163 597 2195 veniam
619 2165 660 2195 ab
675 2174 712 2195 eo
732 2164 823 2207 petiit
832 2175 841 2201 ;

95 2206 271 2249 etquidem
292 2218 421 2248 pauper,
437 2207 469 2238 h.
494 2217 522 2238 e.
542 2207 647 2238 miseri
668 2213 701 2238 et
722 2206 843 2249 suppli-

95 2251 200 2282 cantis
233 2249 369 2293 speciem
398 2260 463 2293 prae
498 2260 532 2281 se
559 2250 675 2281 serens.
720 2250 839 2286 Peleus,

95 2291 183 2324 filius
206 2293 318 2330 AEaci,
344 2293 385 2324 ob
415 2293 541 2324 fratrem
572 2293 730 2328 Phocum,
759 2303 776 2323 a
807 2303 841 2324 se

97 2345 228 2372 casum,
241 2335 346 2368 solum
359 2342 478 2368 vertere
499 2341 532 2367 et
545 2346 585 2367 ex
600 2335 702 2378 patria
719 2335 841 2377 AEgina

95 2377 131 2410 in
155 2378 352 2410 Thessaliam
381 2378 489 2421 fugere
517 2384 647 2410 coactus
673 2384 740 2409 est:
765 2378 840 2410 hinc

97 2423 182 2454 exsztl
196 2421 324 2454 dicitur.

138 2465 193 2496 9⁷.
217 2465 347 2506 Prqiicit
367 2463 615 2508 (ἀποβάλλει),
629 2463 752 2506 abjicit,
768 2463 841 2505 reji-

98 2506 154 2544 cit.
169 2514 320 2545 removet,
335 2507 467 2550 deponit
481 2509 643 2547 ampullas,
659 2507 726 2539 sive
744 2507 843 2538 absti-

97 2555 154 2582 net
174 2551 216 2582 ab
234 2551 388 2592 ampullis.
431 2551 590 2590 Ampulla,
610 2549 733 2592 proprie
756 2550 843 2591 lecy-

97 2591 185 2630 thus,
199 2602 255 2624 vas
278 2600 412 2633 angusto
434 2593 530 2630 collo,
547 2593 602 2624 sed
618 2599 724 2624 ventre
747 2602 844 2634 capa-

98 2635 184 2671 ciore
197 2641 230 2668 et
243 2635 382 2678 turgido,
398 2635 432 2666 in
448 2645 512 2678 quo
528 2635 635 2667 oleum
656 2634 799 2677 inprimis
814 2641 846 2666 et

67 2677 76 2684 ⁹
98 2684 225 2711 acetum
245 2678 360 2710 servari
375 2678 510 2711 solebat.
558 2678 610 2709 Ab
626 2678 686 2709 hac
704 2679 846 2718 ampullae

60 2747 64 2750 ,
99 2719 213 2758 forma,
233 2721 359 2763 turgida
381 2727 414 2753 et
435 2721 546 2752 inflata
570 2721 674 2763 quasi.
698 2721 848 2752 translate

99 2762 250 2796 dicuutur
267 2765 410 2805 ammalloe
428 2765 526 2796 verba
545 2763 682 2805 turgida,
702 2770 844 2801 ventosa,

100 2807 281 2849 magnifica,
295 2807 413 2850 quibus
436 2807 500 2839 sere
523 2817 558 2838 se
575 2806 700 2849 jactant
718 2806 845 2848 grandi-

101 2847 214 2892 loqui3
233 2849 308 2882 hinc
331 2860 405 2892 sup.
432 2850 534 2893 Epist.
556 2849 578 2886 i,
602 2851 635 2885 3,
657 2851 707 2886 14,
727 2850 846 2889 ampul-

47 2915 50 2917 -
67 2905 76 2912 ·
103 2891 176 2929 lari.
191 2893 465 2935 magniloquentia
481 2893 646 2936 superbius
659 2897 690 2923 et
706 2892 846 2924 insolen-

102 2935 168 2967 tius
181 2945 215 2968 se
229 2935 348 2968 efferre.

147 2979 202 3014 98.
222 2979 390 3020 Spa-tantis
400 2991 412 3016 ,·
432 2989 503 3010 nam
515 2978 652 3021 querelis
662 2978 845 3010 miserabili—

884 1226 935 1269 ter·
967 1221 1046 1253 fusis
1083 1228 1293 1265 spectatorum
1327 1233 1456 1265 quoque
1491 1231 1633 1257 movetur

885 1274 1023 1295 animus.

926 1308 1092 1338 99—118.
1120 1307 1278 1339 Octavum
1309 1309 1532 1351 Praeceptum:
1560 1312 1630 1342 Non

882 1349 1008 1391 sufficit,
1033 1351 1170 1381 carmina
1190 1353 1320 1390 pulchre
1342 1358 1371 1382 et
1394 1353 1551 1393 eleganter
1574 1365 1634 1386 esse

881 1394 1008 1433 scripta,
1023 1395 1073 1424 sed
1094 1403 1129 1423 ea
1149 1395 1239 1424 simul
1256 1396 1300 1424 vis
1318 1400 1346 1424 et
1363 1397 1460 1425 virtus
1480 1397 1518 1426 iis
1536 1398 1629 1428 insita

881 1437 920 1465 sit
940 1445 1053 1467 necesse
1076 1442 1130 1473 est,
1150 1442 1197 1472 ut,
1216 1447 1392 1477 quocunque
1414 1439 1498 1475 velis,
1518 1441 1633 1471 animos

872 1478 996 1519 flectas,
1013 1489 1114 1518 eosque
1134 1485 1191 1509 aut
1207 1481 1307 1509 dolore
1325 1486 1353 1510 et
1371 1482 1500 1511 tristitia
1515 1484 1633 1522 oppletis

882 1528 912 1552 ee
926 1522 1110 1563 confundas,
1126 1528 1181 1552 aut
1197 1522 1283 1553 dulci
1298 1523 1335 1552 de
1350 1524 1438 1554 rebus
1454 1524 1529 1554 latis
1542 1535 1631 1557 sensu.

880 1564 1049 1606 perfundas
1064 1571 1153 1605 atque
1167 1566 1309 1596 deliuz'as.
1337 1565 1439 1597 Verbis
1453 1571 1632 1606 respondere

882 1609 967 1638 debet
990 1609 1106 1643 vultus,
1130 1609 1171 1638 ad
1195 1610 1295 1638 omnia
1318 1619 1383 1648 quat
1406 1610 1504 1640 verbis
1530 1615 1631 1651 expri-

884 1656 1014 1680 muntur
1040 1651 1227 1690 compositus.
1273 1651 1372 1681 Poetae
1397 1663 1486 1691 porro
1512 1659 1565 1689 est,
1594 1662 1632 1686 ut

882 1703 1034 1732 personas,
1059 1704 1133 1733 quas
1158 1694 1314 1732 producit,
1340 1694 1432 1733 plane
1458 1697 1499 1726 ad
1527 1706 1632 1728 earum

883 1741 1040 1773 naturam,
1052 1737 1224 1776 ingenium,
1239 1742 1268 1766 et
1281 1746 1372 1766 mores
1383 1738 1475 1778 loqui,
1487 1749 1590 1779 agere,
1605 1747 1648 1771 et.

885 1789 914 1809 se
926 1789 1032 1818 gerere
1038 1779 1161 1817 jubeat.

932 1822 1006 1851 102.
1032 1821 1171 1851 Humani
1189 1821 1306 1856 vultus,
1325 1820 1431 1852 vultus
1454 1821 1632 1861 hominum,

885 1862 1093 1894 humanitatis
1113 1874 1239 1895 sensum
1255 1863 1477 1906 exprimentes.
1522 1867 1632 1898 Notis-

887 1906 999 1937 simum
1019 1912 1067 1937 est
1087 1906 1167 1937 illud
1186 1906 1343 1938 Terentii:
1369 1907 1467 1938 Homo
1481 1920 1558 1946 sum,
1574 1911 1632 1940 lm.

885 1952 969 1980 mani
985 1950 1065 1980 nihil
1080 1962 1097 1980 α
1114 1960 1158 1980 me
1169 1950 1305 1980 alienum
1318 1956 1407 1990 puto.

932 1993 1004 2023 103.
1028 1993 1080 2022 Me
1093 1994 1214 2028 loedent,
1231 2002 1281 2023 me
1296 1992 1537 2034 perturbabunt,
1553 1999 1584 2025 et
1599 1994 1633 2025 in

885 2034 1003 2066 doloris
1019 2035 1201 2067 societatem
1214 2034 1351 2066 trahent.

932 2078 1004 2109 104.
1031 2079 1167 2118 Telephe,
1193 2079 1239 2108 vel
1263 2078 1370 2114 Peleu,
1395 2079 1474 2109 male
1496 2080 1522 2109 si
1543 2091 1631 2111 man-

885 2123 959 2152 data
991 2122 1139 2162 loqueris:
1166 2120 1324 2163 particula
1352 2121 1430 2151 male
1461 2132 1527 2153 non
1556 2133 1630 2154 cum

885 2163 1032 2206 pluribus
1055 2162 1286 2205 Interpretibus
1309 2162 1349 2194 ad
1368 2165 1525 2203 mandata,
1545 2164 1577 2196 h.
1603 2176 1634 2198 e.

886 2208 925 2238 ad
940 2214 1075 2248 poetam,
1090 2206 1146 2248 qui
1162 2206 1245 2237 male
1259 2212 1362 2248 partes
1377 2207 1549 2243 mandavit,
1567 2209 1635 2247 sed,

883 2254 920 2280 ut
942 2248 1107 2290 sequentia
1129 2249 1207 2280 satis
1230 2249 1358 2284 docent,
1378 2249 1418 2280 ad
1436 2252 1577 2290 loqueris,
1593 2252 1633 2283 ad

885 2298 1034 2329 actorem,
1051 2293 1106 2334 qui
1126 2292 1293 2323 mandatas
1314 2298 1420 2334 partes
1435 2293 1519 2324 male
1537 2294 1634 2325 susti-

884 2341 950 2372 net,
966 2335 1129 2368 referenda
1152 2340 1212 2366 est.
1258 2335 1334 2366 Sine
1358 2335 1456 2366 dubio
1480 2336 1635 2368 Horatius

884 2378 1024 2420 respexit
1053 2378 1208 2415 fabulam,
1237 2377 1270 2408 in
1299 2388 1363 2419 qua
1394 2378 1568 2420 Telephus,
1597 2386 1635 2411 ut

885 2421 1021 2464 supplex
1046 2421 1080 2452 in
1107 2420 1218 2452 castris
1233 2420 1382 2459 Achillis,
1398 2426 1428 2452 et
1452 2422 1581 2457 Peleus,
1599 2429 1635 2455 ut

885 2464 976 2496 exsul
1005 2464 1086 2507 (vid.
1112 2475 1141 2495 v.
1166 2463 1241 2503 96).
1264 2463 1382 2505 primas
1406 2470 1511 2506 partes
1534 2461 1636 2506 egisse

888 2506 1044 2538 videntur.
1089 2506 1241 2538 Horatius
1263 2507 1371 2548 igitur,
1389 2507 1483 2549 cujus
1504 2508 1578 2539 data
1604 2508 1636 2540 in

888 2549 948 2581 hac
980 2550 1123 2593 Epistola
1152 2549 1322 2581 Pisonibus
1351 2556 1508 2592 praecepta
1537 2551 1637 2582 maxi-

888 2603 972 2624 mam
997 2599 1118 2635 partem
1144 2598 1288 2634 spectant
1314 2593 1355 2623 ad
1381 2601 1544 2635 poetarum
1570 2600 1633 2625 tam

889 2635 1082 2667 comicorum
1103 2645 1199 2677 quam
1224 2635 1416 2676 tragicorum
1437 2636 1514 2667 vitia
1538 2636 1635 2668 latius

870 2678 1050 2719 .latiusque
1073 2677 1243 2720 serpentia,
1267 2688 1331 2709 non
1355 2689 1394 2710 ea
1418 2684 1542 2710 tantum
1564 2691 1637 2722 quae

891 2721 1004 2763 poetis,
1024 2722 1078 2753 sed
1102 2722 1197 2752 etiam
1222 2720 1278 2751 illa
1298 2732 1371 2763 quae
1394 2722 1554 2754 actoribus
1578 2724 1636 2753 ob-

889 2764 1046 2795 servanda
1071 2770 1102 2796 et
1125 2764 1306 2807 peragenda
1331 2764 1406 2800 sint,
1433 2771 1467 2795 ut
1491 2765 1639 2806 magister

890 2813 922 2838 et
945 2807 1059 2838 arbiter
1080 2807 1191 2838 harum
1208 2817 1310 2838 rerum
1335 2807 1544 2850 peritissimus
1565 2819 1637 2850 pro-

891 2850 981 2893 ponit
995 2856 1027 2881 et
1043 2850 1196 2892 praecipit.

938 2894 1010 2924 107.
1029 2893 1209 2930 Luclentem,
1222 2904 1271 2924 res
1285 2892 1425 2924 ludicras
1436 2898 1638 2930 tractantem,

889 2935 1062 2978 jocantem.
1079 2936 1212 2968 delicias
1229 2936 1411 2967 facientem.

938 2980 1121 3010 108-lll.
1153 2980 1276 3010 Format
1306 2981 1397 3014 enim,
1425 2983 1501 3009 cett.
1529 2981 1641 3008 natura
