1904 3314
321 193 405 235 312
843 184 1285 245 JSATIRARUM

352 291 408 331 60
439 290 584 338 Quum
603 305 737 346 genus
758 291 841 333 hoc
862 292 972 333 inter
991 293 1088 333 vitae
1109 298 1316 340 versetur,
1337 290 1412 331 ubi
1432 291 1541 331 acris

437 358 601 400 Invidia
620 366 748 412 atque
769 358 914 412 vigent
933 358 1009 399 ubi
1029 359 1226 399 crimina:
1257 371 1336 412 pro
1360 358 1470 398 bene
1493 370 1595 398 sano

435 423 503 465 Ac
523 440 609 466 non
628 425 812 475 incauto,
833 424 980 465 fictum
1001 430 1272 478 astutumque
1291 437 1503 464 vocamus.

437 491 678 546 Simplicior
697 492 793 546 quis
814 497 858 532 et
877 498 956 539 est,
979 490 1144 544 qualem
1163 505 1229 531 me
1251 504 1365 544 saepe
1384 489 1568 530 libenter

437 556 681 598 Obtulerim
703 557 794 607 tibi,
815 557 1047 606 Maecenas,
1068 562 1117 597 ut
1137 557 1248 597 forte
1267 555 1479 609 legentem

437 621 529 664 Aut
550 625 722 665 tacitum
743 623 930 677 impellat
951 624 1100 676 quovis
1123 636 1315 664 sermone
1335 621 1539 662 molestus
1556 635 1566 661 t

437 690 659 730 Communi
681 704 808 731 sensu
827 689 953 744 plane
973 695 1102 738 caret,
1125 689 1351 743 inquimus.
1412 687 1565 728 Eheu!

437 756 579 802 Quam
599 763 757 797 temere
777 756 820 796 in
840 762 1007 796 nosmet
1026 755 1165 810 legem
1186 756 1394 796 sancimus
1414 754 1624 808 iniquam!

435 821 551 862 Nam
570 822 681 863 vitiis
701 836 824 862 nemo
847 822 937 862 sine
958 822 1170 871 nascitur3
1202 822 1387 876 optimus
1407 819 1476 861 ille
1497 827 1578 869 est,

438 887 526 934 Qui
545 888 723 928 minimis
745 895 934 943 urgetur.

351 953 407 994 70

993 886 1171 928 Amicus
1194 887 1344 936 dulcis,
1365 894 1413 928 ut
1439 900 1607 941 aequum
1627 891 1708 935 est,

437 953 546 994 Cum
565 968 658 995 mea
677 960 923 1008 compenset
942 954 1053 994 vitiis
1073 955 1201 1003 bona,
1221 953 1418 1007 pluribus
1437 953 1570 1000 hisce,

436 1019 482 1060 Si
504 1021 630 1061 modo
650 1019 774 1074 plura
793 1020 896 1060 mihi
915 1021 1030 1060 bona
1052 1026 1166 1068 sunt,
1187 1019 1376 1059 inclinet.

1436 1017 1584 1059 Amari

437 1085 484 1126 Si
506 1085 618 1127 volet
635 1086 718 1127 hac
737 1086 845 1140 lege,
867 1086 909 1126 in
930 1086 1091 1126 trutina
1110 1091 1296 1138 ponetur
1316 1085 1480 1125 eadem.

436 1152 538 1202 Qui,
559 1166 613 1193 ne
634 1153 857 1193 tuberibus
877 1151 1064 1206 propriis
1086 1150 1276 1192 offendat
1297 1151 1490 1200 amicum,

435 1218 645 1268 Postulat,
665 1219 860 1273 ignoscet
880 1217 1066 1259 verrucis
1087 1216 1221 1258 illius:
1253 1231 1422 1271 aequum
1442 1222 1520 1266 est,

435 1284 630 1326 Peccatis
650 1286 814 1326 veniam
834 1291 1082 1338 poscentem
1102 1283 1286 1324 reddere
1306 1297 1469 1324 rursus.

437 1351 652 1405 Denique,
674 1358 884 1405 quatenus
905 1350 1047 1391 excidi
1067 1350 1237 1403 penitus
1260 1349 1406 1389 vitium
1425 1348 1513 1398 irae,

436 1417 593 1458 Cetera
610 1418 711 1458 item
731 1423 948 1470 nequeunt
969 1415 1110 1457 stultis
1130 1416 1360 1466 haerentia3
1391 1430 1467 1457 cur
1487 1429 1573 1456 non

437 1482 708 1528 Ponderibus
728 1482 996 1536 modulisque
1019 1482 1106 1522 suis
1127 1482 1236 1522 ratio
1257 1482 1406 1530 utitur,
1428 1495 1490 1530 ac,
1511 1495 1580 1522 res

325 1580 364 1611 de
384 1580 473 1611 Orat.
494 1580 528 1616 ii,
544 1582 598 1617 43,
614 1592 704 1622 eaque
728 1583 838 1616 omniu,
864 1591 927 1620 quae
948 1581 1051 1619 probo-

325 1633 406 1656 rum,
425 1624 627 1658 demissorum,
652 1634 710 1653 non
730 1624 860 1659 acrium,
879 1633 937 1651 non
957 1624 1052 1661 perti-

326 1665 458 1699 nacium,
476 1676 535 1694 non
558 1666 769 1705 litigiosorum,
797 1675 853 1694 ‘non
881 1665 1053 1693 acerborum

326 1711 409 1740 sunt,
426 1706 511 1735 valde
527 1707 757 1736 benevolentiam
771 1707 944 1736 conciliant.
992 1705 1055 1735 Hic

316 1746 422 1788 fugit,
438 1747 517 1777 alius
532 1747 622 1788 fugit,
639 1752 717 1779 cett
727 1748 865 1787 nullique
884 1748 962 1777 malo
977 1748 1056 1778 latus

325 1790 405 1819 obdit
421 1795 570 1828 apertum,
589 1789 729 1831 nullique
749 1789 833 1820 malo
848 1788 907 1820 sibi
923 1788 1057 1819 nocendi

326 1830 522 1862 occasionem
539 1832 675 1872 praebet3
699 1831 884 1862 translatum
907 1841 926 1861 a
942 1841 973 1862 re
990 1831 1056 1871 gla-

328 1872 471 1908 diatoria,
494 1873 520 1902 si
540 1873 695 1913 gladiator
716 1873 901 1906 adversario.
928 1878 964 1903 ut
986 1873 1054 1913 ejus

327 1913 410 1944 ictus
423 1919 454 1945 et
469 1915 634 1955 petitiones
648 1914 766 1950 eludat,
781 1915 865 1945 latus
877 1921 985 1945 tectum
999 1925 1055 1956 op-

327 1955 428 1997 ponit.
473 1957 621 1992 Crimina,
639 1956 881 1987 criminationes.

372 1998 510 2028 63—66.
533 1998 715 2038 Simplicior
739 2003 812 2029 cett.
834 1999 858 2028 si
884 1997 955 2039 quis
982 1998 1056 2028 sim—

328 2038 441 2086 plicior
452 2045 484 2070 et
498 2039 571 2070 talis
586 2046 644 2078 est,
658 2039 781 2081 qualem
796 2049 846 2071 me
856 2050 939 2081 saepe
955 2040 1054 2070 liben-

328 2086 374 2112 ter
388 2080 442 2111 tibi
459 2081 636 2117 obtulerim,
659 2083 832 2116 Maecenas,
854 2082 899 2112 ita
916 2081 1054 2122 quidem,

329 2129 364 2153 ut
379 2122 554 2164 simplicior
563 2123 628 2159 ille,
644 2126 745 2164 quotis
759 2134 886 2153 sermone
907 2125 1054 2159 molestus,

329 2170 384 2195 aut
395 2165 485 2205 sorte
505 2166 647 2206 legentem
667 2171 723 2196 aut
744 2168 868 2195 tacitum
883 2165 1054 2206 (meditan-

328 2210 407 2245 tem)
418 2208 550 2246 impellat
563 2207 650 2248 (ejus
665 2207 802 2237 animum
818 2206 1006 2248 impellendo
1025 2212 1056 2238 et

330 2248 369 2278 ad
385 2258 417 2279 se
433 2248 622 2279 advertendo
638 2247 769 2288 turbet),
786 2247 888 2279 dicere
910 2249 1055 2284 solemus,

331 2290 400 2320 En!
419 2290 476 2321 iste
488 2290 579 2321 homo
591 2301 683 2322 sensu
697 2290 958 2321 communicaret.
980 2291 1055 2321 Sim-

326 2333 436 2371 plicior
452 2332 529 2363 refer
545 2332 583 2362 ad
600 2343 719 2363 morum
735 2332 977 2373 simplicitatem,
994 2343 1057 2373 qua

329 2373 399 2415 quis
414 2384 461 2412 ea,
484 2385 554 2415 quae
577 2375 630 2404 alii
655 2375 694 2404 ad
721 2374 850 2415 gratiam
869 2375 1055 2415 captandam

330 2415 465 2446 studiose
485 2421 653 2453 sectantur,
677 2426 740 2447 non
761 2422 860 2447 curat.
904 2417 1056 2454 Libenter,

329 2457 432 2488 animo
447 2458 490 2488 ita
503 2458 644 2498 jubente.

372 2501 424 2531 67.
450 2501 547 2534 Quam
573 2508 688 2536 temere,
713 2505 787 2531 cett.
834 2501 936 2536 Quam
960 2500 1056 2531 stulta

326 2546 372 2572 est
389 2542 455 2573 haec
470 2547 574 2572 nostra
589 2542 620 2572 in
633 2542 776 2572 notandis
788 2542 957 2573 amicorum
971 2542 1055 2573 vitiis

329 2583 494 2621 severitas;
517 2584 628 2625 quodsi
649 2585 731 2615 enim
751 2594 854 2615 severe
878 2584 916 2615 de
939 2584 1053 2615 amico-

329 2635 396 2656 rum
411 2626 494 2656 vitiis
511 2626 699 2666 judicamus.
722 2625 859 2656 vicissim
881 2631 912 2656 et
932 2626 995 2657 illis
1016 2626 1054 2658 de

328 2667 438 2698 nostris
452 2667 534 2698 vitiis
549 2678 653 2699 severe
665 2667 805 2709 judicare
818 2668 934 2699 licebit.

372 2710 413 2740 70
427 2720 495 2751 sqq.
514 2711 589 2740 Cum
604 2722 664 2741 mea
681 2710 980 2749 compenset,cett.ad
998 2710 1055 2751 by-

326 2751 453 2793 perbata
469 2752 550 2782 hunc
565 2752 667 2782 locum
683 2751 881 2789 referunt‚et‚
900 2759 1055 2793 praeeunte

328 2798 426 2824 vetere
441 2793 616 2824 Scholiasta
622 2795 789 2836 „jungunt
805 2796 875 2824 bona
893 2805 955 2824 mea
977 2806 1052 2824 mm-

327 2843 426 2874 penset
441 2847 508 2866 cum
524 2838 627 2873 zieiis5
650 2837 702 2867 sed
719 2846 757 2866 ex
777 2847 845 2867 mco
867 2846 958 2866 sensu
981 2847 1053 2867 con-

329 2877 451 2908 cinnius
466 2878 643 2919 procederet
657 2878 767 2913 oratio,
783 2878 817 2908 si
827 2889 881 2919 pio
896 2887 1054 2925 compenset

330 2919 509 2951 scriberetur
524 2927 699 2959 compensat,
712 2924 743 2951 ct
757 2931 822 2950 cum
840 2931 892 2961 pio
905 2920 1054 2961 conjunc-

1096 1579 1179 1610 tione
1207 1579 1408 1621 acciperetur.
1463 1580 1584 1611 Amicus
1620 1581 1730 1616 dulcis,
1757 1590 1825 1612 cum

1097 1621 1221 1661 (dum),
1236 1628 1272 1652 ut
1286 1633 1399 1661 aequum
1413 1627 1466 1656 ert,
1481 1633 1544 1652 mea
1565 1623 1638 1653 bona
1659 1630 1825 1662 compensat

1097 1665 1178 1693 vitiis
1202 1663 1342 1703 (inversa
1370 1663 1525 1695 locutione
1554 1674 1620 1705 pro,
1649 1674 1720 1695 cum
1750 1664 1826 1696 vitia

1096 1714 1165 1735 mea
1180 1710 1360 1752 compensat
1380 1705 1500 1744 bonis),
1521 1707 1658 1746 pluribus
1681 1707 1756 1737 hisce
1777 1708 1826 1736 in-

1096 1748 1199 1784 clinet,
1208 1748 1346 1777 animum
1358 1746 1549 1788 potissimum
1561 1747 1600 1778 ad
1613 1747 1704 1795 plura
1719 1747 1826 1780 haecce

1101 1789 1231 1830 (bona),
1259 1789 1286 1819 si
1310 1789 1403 1819 modo
1426 1789 1515 1830 plura
1533 1790 1617 1821 bona
1640 1789 1716 1820 mihi
1741 1795 1825 1828 sunt,

1101 1831 1251 1862 advertat.
1306 1832 1423 1868 Amani,
1439 1830 1471 1861 Si
1489 1832 1565 1862 volet
1587 1833 1643 1862 hac
1661 1832 1746 1879 lege.-
1769 1841 1825 1874 pro

1097 1875 1194 1903 amari
1230 1872 1395 1922 legendum
1433 1872 1559 1904 omnino
1594 1872 1672 1904 mihi
1704 1873 1826 1905 videtur

1098 1926 1209 1950 amare,
1223 1920 1258 1944 ut
1273 1914 1324 1950 sit,
1344 1917 1370 1944 si
1388 1915 1463 1946 volet
1487 1916 1544 1945 huo
1566 1916 1629 1956 lege
1647 1925 1698 1946 me
1712 1926 1824 1953 amare,

1100 1957 1139 1986 ad
1153 1956 1283 1987 eandem
1299 1956 1399 1996 legem
1417 1955 1546 1988 vicissim
1562 1966 1582 1987 a
1595 1967 1644 1990 me
1659 1957 1825 1988 amabitur.

1101 1998 1141 2028 In
1167 2000 1294 2034 trutina,
1319 2003 1443 2034 statera,
1469 1998 1619 2030 translate
1643 1999 1684 2030 de
1707 2008 1826 2037 norma,

1098 2041 1146 2071 vel
1163 2040 1290 2077 ratione,
1307 2040 1346 2070 ad
1369 2050 1462 2088 quarn
1486 2050 1534 2071 res
1548 2039 1655 2082 aliqua
1675 2041 1826 2082 pondera-

1098 2087 1166 2112 tur:
1192 2083 1263 2114 Cic.
1279 2065 1318 2113 de
1333 2083 1421 2113 Orat.
1435 2082 1467 2118 i1,
1484 2083 1536 2120 38,
1550 2085 1589 2114 ad
1609 2094 1644 2114 ea
1659 2084 1826 2122 probanda,

1098 2135 1162 2163 quae
1175 2136 1233 2154 nun
1247 2125 1384 2164 aurificis
1397 2131 1520 2160 statera,
1532 2126 1582 2155 sed
1591 2126 1719 2164 quadam
1729 2135 1824 2165 popu-

1099 2167 1159 2195 lari
1174 2167 1292 2196 trutina
1308 2170 1433 2206 (norma
1453 2147 1570 2207 aliqua,
1592 2167 1632 2197 ad
1653 2176 1746 2208 quam
1769 2176 1824 2209 po-

1097 2207 1190 2248 pulus
1204 2217 1251 2238 res
1266 2207 1432 2248 ponderat)
1446 2210 1666 2239 eaaminantur

1141 2250 1279 2280 76—79.
1296 2250 1462 2296 Quatenus,
1454 2249 1725 2327 ,quandmgiidem
1729 2260 1824 2291 ,quo-

1099 2290 1193 2328 niam,
1208 2296 1245 2321 ut
1258 2301 1329 2332 sup.
1345 2291 1410 2322 Sat.
1424 2291 1446 2326 i,
1463 2293 1474 2321 1
1509 2293 1550 2322 64
1635 2293 1715 2323 acidi
1739 2293 1824 2331 peni-

1100 2338 1158 2366 tus,
1183 2332 1332 2363 radicitus
1351 2333 1524 2374 exstirpari.
1566 2333 1672 2364 Schol.
1695 2333 1824 2376 Porph„

1101 2374 1184 2404 Hinc
1209 2375 1334 2416 (poeta)
1363 2376 1526 2414 paullatim
1550 2385 1582 2405 eo
1605 2377 1766 2412 descendit,
1789 2382 1826 2406 ut

1099 2418 1239 2447 adversus
1256 2417 1364 2447 Stoicos
1377 2418 1521 2456 disputet,
1543 2418 1595 2457 qui
1617 2419 1736 2453 dicunt,
1757 2428 1823 2458 pec-

1099 2465 1165 2488 cata
1181 2461 1278 2489 omnia
1290 2461 1377 2498 paria
1392 2469 1449 2490 esse
1463 2465 1492 2490 et
1505 2460 1626 2495 similia,
1642 2466 1671 2490 et
1689 2461 1824 2490 animum

1097 2502 1287 2549 spectandum
1306 2501 1465 2540 peccantis.
1481 2512 1539 2531 uon
1561 2502 1758 2541 quantitatem
1777 2504 1826 2533 rei

1098 2545 1130 2572 in
1160 2554 1218 2582 qua
1247 2549 1400 2582 peccatum
1428 2550 1481 2574 est.
1539 2543 1648 2574 stultis
1670 2544 1823 2581 limenun,

1098 2584 1192 2615 Stoici
1204 2585 1406 2626 appellabant
1419 2586 1637 2616 omnessrultoz
1649 2590 1680 2616 et
1693 2586 1825 2623 insanos,
1829 2611 1833 2615 .

1097 2626 1165 2667 qui,
1180 2637 1275 2667 quam
1296 2626 1343 2657 illi
1363 2627 1638 2665 concionabantur,
1654 2637 1715 2659 non
1736 2637 1823 2659 exer-

1098 2678 1166 2699 cere
1180 2674 1305 2710 possent
1318 2668 1511 2710 sapientiam.
1558 2669 1622 2699 Cur
1632 2679 1692 2700 uon
1708 2669 1822 2700 Ponde-

1097 2713 1179 2740 ribus
1193 2713 1373 2751 modulisque
1387 2713 1447 2742 suis
1462 2713 1540 2741 ratio
1553 2713 1664 2746 utimr,
1683 2721 1740 2741 cur
1761 2721 1823 2742 non

1098 2755 1166 2784 rati
1169 2752 1362 2794 1(judicandi
1370 2752 1514 2790 facultas,
1517 2751 1738 2800 philosophia)
1746 2752 1826 2784 vitia

1096 2795 1135 2824 ad
1161 2800 1274 2825 certam
1296 2804 1434 2825 normam
1459 2794 1590 2825 aestirnat
1610 2799 1641 2825 et
1659 2793 1823 2842 dijudicat,

1099 2842 1130 2867 et
1154 2837 1198 2867 sic
1225 2837 1337 2868 leviora
1363 2836 1437 2867 vitia
1461 2846 1479 2866 a
1502 2835 1692 2876 gravioribus
1710 2835 1821 2867 distin-

1098 2878 1187 2919 guit?
1232 2879 1427 2915 Ponderibus,
1443 2877 1579 2919 quibus'
1574 2888 1605 2908 in
1621 2877 1711 2909 lance
1733 2878 1823 2909 truti-

1098 2931 1146 2951 nae
1167 2920 1276 2962 positis
1299 2931 1345 2952 res
1369 2921 1556 2961 pendimus;
1581 2920 1824 2952 accommodavit
