1884 3288
643 202 870 246 LIBER
900 200 982 251 IV,
1014 204 1054 243 6.

1533 199 1617 239 217

367 308 526 358 Sensit,
547 314 591 348 et
610 305 762 360 Trojae
783 317 923 358 prope
945 302 1082 343 victor
1104 299 1202 342 altae

713 369 906 413 Phthius
927 367 1140 419 Achilles,

310 448 337 488 5
368 444 538 487 Ceteris
557 441 709 496 major,
731 439 813 481 tibi
832 437 955 480 miles
976 437 1141 492 impar3

368 511 505 555 Filius
526 523 790 566 quamquam
809 506 1029 549 Thetidos
1049 504 1225 546 marinae

372 579 606 622 Dardanas
628 584 770 619 turres
792 581 995 630 quateret
1016 572 1243 615 tremenda

713 643 911 700 Cuspide
932 656 1127 698 pugnax.

367 713 460 765 Ille,
481 714 675 756 mordaci
695 712 813 755 velut
834 712 919 754 icta
939 710 1056 753 ferro

284 784 338 825 10
368 783 521 833 Pinus,
544 788 620 824 aut
640 780 826 837 impulsa
847 794 1084 834 cupressus
1107 778 1244 828 Euro,

371 850 569 894 Procidit
589 849 692 900 late,
717 849 951 905 posuitque
973 847 1131 890 collum
1151 848 1195 888 in

716 916 903 958 Pulvere
925 916 1118 958 Teucro.

372 987 451 1030 Ille
472 1003 574 1038 non,
597 984 790 1028 inclusus
812 999 941 1039 equo,
964 984 1179 1026 Minervae

369 1055 505 1097 Sacra
524 1055 722 1104 mentito,
743 1052 853 1095 male
875 1052 1054 1094 feriatos

290 1123 341 1164 15
371 1122 514 1166 Troas
535 1130 580 1165 et
596 1122 739 1164 laetam
761 1122 923 1163 Priami
945 1120 1116 1163 choreis

723 1188 913 1232 Falleret
934 1188 1098 1230 aulam:

371 1257 461 1300 Sed
483 1258 624 1314 palam
646 1259 784 1314 captis
807 1257 966 1313 gravis,
989 1256 1078 1298 heu
1102 1256 1245 1298 nefas!
1279 1255 1390 1298 heu!

81 1391 132 1430 tit,
148 1390 189 1423 ad
203 1390 383 1424 canendum
399 1401 432 1424 se
448 1397 549 1435 parat,
560 1392 659 1434 lyram
676 1391 774 1435 capit,
791 1397 833 1427 et,

82 1435 187 1478 χοροῦ
203 1433 409 1467 διδασκάλου
420 1445 555 1478 persona
566 1435 710 1472 indutus,
702 1445 834 1509 ,puero-

81 1488 151 1510 rum
188 1477 430 1521 puellarumque
467 1478 662 1510 adstantium
704 1489 720 1510 c
746 1489 835 1509 orum

85 1520 253 1563 diligenter
282 1520 324 1552 ad
352 1521 506 1564 Sapphici
535 1521 686 1553 carminis
716 1521 836 1558 modos,

82 1568 149 1596 tam
171 1574 249 1596 voce
271 1573 368 1605 quam
390 1570 482 1606 gestu
504 1564 583 1597 scite
605 1564 840 1607 exprimendOS‚

86 1606 230 1638 animum
246 1607 407 1638 advertere
420 1607 524 1649 jubet.

131 1651 230 1682 1—-8,
251 1650 348 1685 Quem
367 1651 465 1690 proles
491 1649 608 1681 Niobea
627 1661 742 1692 magnoe
764 1650 839 1681 Vin-

83 1694 180 1725 dicem
196 1695 312 1735 linguae
331 1695 436 1725 sensit.
483 1692 600 1730 Niobe,
615 1676 745 1723 Tantali
761 1692 839 1729 filia,

83 1740 116 1768 et
132 1720 324 1785 Amphionis
339 1735 473 1778 conjux,
491 1747 564 1767 cum
585 1745 617 1766 se
634 1741 671 1767 ut
685 1746 738 1766 sex
758 1735 837 1766 filio-

84 1789 153 1811 rum
172 1785 206 1811 et
223 1778 354 1811 totidem
373 1779 509 1810 filiarum
525 1783 655 1810 matrem
677 1778 797 1821 paulo'
790 1789 837 1809 ιιι-

51 1860 63 1863 ·
85 1821 240 1854 solentius
251 1823 291 1854 de
307 1822 418 1870 prolis
420 1833 487 1854 suae
503 1831 635 1853 numero
652 1828 684 1852 et
699 1821 841 1869 pulchri-

86 1864 198 1897 tudine
223 1866 388 1908 jactasset.
410 1864 474 1897 imo
505 1865 674 1900 Latonam,
700 1875 841 1905 gemino-

88 1918 158 1939 rum
172 1913 298 1940 tantum
313 1913 457 1944 matrem,
473 1919 538 1951 pire
550 1918 584 1939 se
599 1907 840 1945 contemsisset;

87 1950 188 1993 hujus
216 1950 497 1993 magniloquentiae
534 1951 670 1994 (magnae
706 1951 839 1992 linguae)

88 1993 208 2043 Apollo
230 1993 315 2026 ultor
333 1994 486 2032 extitisse,
504 2000 536 2025 et
556 1995 672 2034 prolem
694 1993 841 2024 Niobea-m

88 2036 212 2079 sagittis
225 2036 292 2068 suis
305 2037 472 2069 confixisse
488 2037 642 2075 traditur-3
667 2047 716 2067 res
732 2037 778 2067 vel
800 2047 839 2068 ex

89 2080 218 2112 Homer.
242 2079 340 2112 Iliad.
362 2080 449 2118 xxiv,
468 2081 543 2118 602,
567 2079 665 2111 Ovid.
689 2081 771 2111 Met.
795 2078 838 2116 iv,

91 2123 154 2155 146
183 2133 255 2173 sqq.
279 2122 356 2155 satis
381 2129 468 2154 nota.
516 2106 619 2172 Tityos
648 2129 767 2163 raptor,
794 2133 839 2154 sc.

89 2165 266 2209 pudicitiae,
289 2176 386 2209 quam
408 2167 540 2198 Latonae
561 2166 679 2208 eripere
698 2170 838 2198 tentave-

89 2214 158 2240 rat:
184 2209 248 2242 vid.
265 2220 336 2252 sup.
353 2209 446 2246 adii,
465 2210 516 2246 14,
534 2211 567 2241 9.
613 2210 724 2246 Sensit,
741 2208 837 2250 signi-

88 2252 237 2284 ficantius
248 2263 315 2302 pro
340 2232 478 2295 vulgali,
500 2258 648 2295 expertus
673 2257 742 2283 est.
771 2251 836 2284 vid.

88 2305 161 2338 sup.
179 2294 270 2332 adii,
287 2296 320 2331 7,
339 2296 392 2327 10.
440 2295 537 2336 Trqjae
551 2307 643 2336 prope
657 2297 753 2326 victor
769 2296 839 2327 altae

90 2338 226 2372 Phthius
247 2339 395 2376 Achilles,
415 2349 462 2370 sc.
480 2338 577 2370 sensit
596 2344 627 2370 te
646 2344 683 2370 ut
705 2338 838 2375 Div‚um

89 2380 294 2414 fortissimum
309 2392 469 2424 quemque
488 2381 611 2431 sagittis
627 2381 693 2412 suis
711 2381 839 2413 domare

88 2423 259 2458 valentem.
287 2425 435 2458 Achilles
448 2425 545 2463 enim,
556 2424 602 2455 uti
619 2425 740 2456 Hector
755 2424 842 2467 apud

91 2467 222 2500 Homer.
234 2467 330 2500 Iliad.
345 2467 424 2506 xxii,
433 2469 497 2500 359
510 2467 708 2518 praedixerat,
723 2467 841 2499 Phoebi

90 2510 215 2554 sagittis
229 2511 415 2543 interemtus
430 2522 500 2543 esse
515 2511 644 2546 dicitur,
661 2511 726 2542 sive
742 2511 841 2543 Phoe-

91 2554 173 2586 διιεῖ
191 2554 505 2604 sesagittasjecerit‚
517 2554 581 2585 vid.
593 2553 706 2592 Quint.
716 2555 842 2596 Smyrn.

91 2597 177 2629 Para
157 2597 234 2641 aip.
249 2597 296 2633 iii,
313 2597 351 2628 61
375 2607 471 2640 sqq;
493 2597 571 2633 sive,
589 2602 625 2628 ut
643 2596 698 2627 alii
719 2597 842 2633 volunt,

92 2639 156 2672 tela
178 2639 305 2672 Paridis
325 2639 489 2676 direxerit,
507 2640 572 2672 vid.
596 2640 779 2683 Interprett.
803 2640 844 2672 ad

93 2682 219 2732 Hygin-
237 2683 406 2716 Fab.107.
446 2684 597 2720 Phthius;
623 2683 844 2724 Myrmidones

61 2764 67 2767 ,
92 2726 191 2763 euim,
221 2736 303 2769 quos
333 2725 367 2757 in
394 2726 516 2758 bellum
546 2725 722 2775 'lrojanum
753 2726 845 2758 duxit

94 2768 254 2808 Achilles,
281 2769 482 2806 Phthiotidis,
512 2768 649 2811 regionis
680 2769 714 2800 in
744 2769 844 2801 Thes·

95 2810 188 2849 salia,
201 2794 315 2844 inc'olae
329 2812 427 2844 fuere.
475 2812 591 2844 Ceteris
606 2815 715 2865 major,
732 2813 845 2844 ceteris

95 2850 224 2928 Ῥιίἀθιιι
241 2855 363 2888 Graecis
383 2855 503 2892 fortior,
521 2856 662 2899 ἄριστος
679 2854 845 2897 Ἀχαιῶν.

125 2898 199 2930 illua
207 2910 390 2947 quamquam
402 2898 553 2935 Thaidos,
563 2903 637 2930 cett.
651 2908 846 2947 quamquam

98 2945 136 2972 ut
147 2940 215 2974 deoe
230 2940 340 2972 filius*
331 2941 451 2982 insigni
466 2942 605 2984 corporis
625 2942 674 2972 sui
690 2942 799 2973 robore
814 2948 846 2974 et

99 2981 197 3016 animi
211 2984 391 3017 fortitudine
405 2984 454 3016 vel
475 2985 612 3016 maxime
625 2984 729 3027 Trojae
746 2985 845 3017 muris

100 3026 223 3059 ruinam
238 3027 422 3060 minaretui.
467 3028 592 3068 Turi-‚es
604 3038 764 3061 murorum
781 3029 843 3061 sci-

878 1390 955 1422 licet
973 1390 1100 1443 pinnas
1125 1395 1156 1422 et
1183 1389 1436 1432 propugnacula,
1463 1389 1628 1433 πύργους,

880 1433 1063 1476 στεφάνας,
1081 1433 1239 1476 κρόσσας.
1287 1433 1400 1463 Turres
1411 1440 1548 1474 quateret
1563 1445 1617 1465 cus

877 1479 961 1518 pide,
985 1482 1086 1508 turres
1113 1476 1246 1518 cuspide
1270 1481 1400 1518 quatere
1424 1475 1552 1515 dicitur,
1578 1477 1634 1519 qui

881 1525 946 1551 tam
961 1519 1098 1562 graviter
1115 1519 1213 1551 hastae
1228 1519 1294 1550 ictu
1309 1529 1362 1551 eas
1379 1519 1526 1568 impellit,
1543 1526 1580 1551 ut
1595 1520 1635 1552 de

883 1564 958 1594 sede
974 1573 1031 1594 sua
1047 1563 1164 1594 moveri
1185 1562 1362 1605 incipiant·
1353 1586 1362 1602 ‚
1383 1562 1500 1604 cogita,
1516 1573 1634 1595 sermo-

883 1617 955 1638 nem
970 1617 1039 1638 esse
1055 1606 1094 1637 de
1113 1606 1308 1648 temporibus
1330 1606 1476 1643 heroicis,
1494 1606 1550 1637 ubi
1571 1618 1632 1639 uon

883 1649 1039 1680 machinis
1055 1654 1087 1681 et
1102 1649 1247 1692 operibus
1263 1649 1343 1680 muri
1355 1650 1635 1692 oppugnabantur,

885 1693 941 1723 sed
957 1693 1119 1723 hastarum
1138 1692 1268 1728 ictibus,
1283 1702 1472 1733 magnorum
1491 1692 1635 1734 lapidum

879 1735 970 1777 jactu
981 1735 1166 1766 etmanibus
1176 1735 1254 1765 adeo
1263 1735 1538 1766 convehebantur.
1562 1736 1636 1767 Tre-

884 1780 1004 1813 menda,
1038 1778 1165 1808 Homer.
1192 1776 1289 1808 Iliad.
1322 1777 1388 1814 xix,
1415 1779 1478 1809 388
1512 1778 1636 1810 Achilli

886 1821 998 1852 tribuit
1016 1821 1120 1863 ἔγχος
1143 1821 1255 1862 Βριθὺ,
1275 1819 1371 1862 μέγα,
1395 1821 1572 1863 στιβαρόν
1598 1823 1635 1854 τὸ

884 1865 946 1907 μὲν
963 1864 1002 1896 οὐ
1019 1863 1135 1896 δύνατ’
1148 1863 1278 1902 ἄλλος’
1283 1867 1426 1905 Αχαιῶν
1442 1864 1610 1897 Πάλλειν.

927 1908 1048 1939 9—12.
1075 1908 1218 1949 Sequens
1228 1907 1432 1948 comparatio,
1447 1917 1511 1949 qua
1523 1908 1637 1939 Achil-

885 1950 931 1981 les
954 1950 987 1981 in
1011 1961 1118 1992 pugna
1140 1950 1259 1981 cadens
1277 1949 1372 1981 celsae
1395 1950 1564 1992 cujusdam
1585 1962 1635 1982 ar-

884 1993 969 2024 boris
987 1993 1076 2024 casui
1098 1993 1324 2035 aequiparatur,
1342 1993 1382 2024 ab
1403 1994 1542 2025 Homero
1562 1994 1636 2027 inde

884 2046 969 2079 saepe
999 2046 1018 2067 a
1046 2036 1147 2078 poetis
1171 2037 1371 2078 frequentata
1396 2041 1465 2076 est;
1490 2037 1638 2080 exempla

885 2080 990 2120 colleg
991 2079 1016 2110 it
1047 2078 1152 2111 Cerda
1181 2079 1222 2110 ad
1254 2079 1348 2120 Virg.
1381 2080 1462 2110 AEn.
1495 2091 1525 2119 v,
1556 2083 1634 2113 448.

886 2122 1070 2165 Respondet
1099 2133 1211 2164 nempe
1236 2132 1274 2153 ea
1301 2128 1398 2154 vastae
1426 2122 1473 2153 illi
1499 2124 1638 2166 corporis

884 2166 972 2201 moli,
998 2176 1093 2207 quam
1119 2165 1268 2197 heroibus
1293 2165 1359 2196 suis
1387 2165 1510 2197 affinxit
1534 2167 1637 2209 piisca

883 2208 1067 2257 antiquitas.
1108 2209 1248 2240 Mardum
1250 2209 1362 2257 ferro
1388 2208 1530 2251 intellige
1543 2221 1636 2242 secu-

883 2263 1047 2294 r1m‚quae
1070 2252 1167 2294 paulo
1191 2251 1345 2284 audacius
1368 2252 1408 2283 ab
1428 2252 1499 2295 ejus
1519 2254 1634 2285 effectu

880 2295 948 2343 jam
983 2295 1100 2327 dicitur
1128 2297 1264 2332 mordax,
1295 2297 1387 2337 quasi
1420 2296 1553 2328 vulnera
1582 2308 1637 2339 per

884 2338 986 2370 aciem
1010 2349 1101 2370 suam
1124 2339 1289 2371 arboribus
1317 2338 1450 2380 infligat.
1498 2340 1637 2371 Procidit

885 2383 959 2417 late,
985 2382 1178 2424 expressisse
1202 2381 1328 2413 videtur
1360 2383 1489 2414 Homer.
1520 2383 1638 2425 Odyss.

885 2425 972 2461 xxiv,
1001 2427 1055 2463 39,
1085 2425 1142 2456 ubi
1174 2425 1399 2466 Agamemnon
1426 2425 1466 2457 ad
1499 2426 1638 2458 Achillis

886 2468 1038 2506 animam,
1069 2468 1108 2500 σὺ
1140 2467 1167 2500 δ’
1197 2469 1234 2501 ἐν
1265 2469 1493 2520 στροφάλιγγι
1523 2470 1639 2510 κονίης

888 2513 990 2544 Κεισο
1009 2510 1114 2554 μέγας
1131 2511 1342 2554 μεγαλωστί.
1388 2513 1555 2555 Posuitque
1576 2515 1636 2544 col-

887 2555 976 2585 lum
966 2567 998 2586 m
1019 2555 1161 2593 Pulvere,
1173 2566 1228 2598 pio
1243 2555 1344 2591 tenui,
1356 2556 1544 2598 procubuit;
1569 2557 1637 2588 Ho-

890 2599 1055 2634 mericum,
1072 2597 1251 2631 κάππεσεν
1265 2598 1302 2631 ἐν
1318 2599 1462 2641 κονίῃσι.

935 2642 1074 2673 13-24.
1091 2641 1151 2673 Ille
1162 2654 1232 2678 non,
1244 2647 1320 2673 cett.
1332 2652 1459 2674 sensus.
1480 2642 1637 2679 Achilles,

889 2683 949 2715 nisi
963 2694 1036 2715 eum
1053 2684 1191 2727 Jupiter,
1208 2685 1272 2716 tuis
1287 2690 1320 2716 et
1341 2685 1476 2717 Veneris
1491 2686 1639 2728 precibus

888 2727 1092 2768 gratificatus,
1108 2728 1332 2764 occidendum,
1350 2729 1490 2760 AEneam
1508 2740 1581 2761 vero
1597 2729 1638 2762 ad

888 2781 985 2802 novos
1008 2781 1114 2802 muros
1137 2771 1320 2803 melioribus
1343 2771 1493 2814 auspiciis
1516 2779 1638 2804 exstru-

887 2813 986 2844 endos
1002 2815 1191 2845 servandum
1209 2825 1277 2846 esse
1293 2815 1520 2854 constituisset,
1536 2815 1639 2847 neuti-

889 2867 998 2898 quam,
1015 2862 1051 2888 ut
1065 2857 1181 2889 deinde
1196 2858 1316 2889 factum
1337 2864 1396 2894 est,
1414 2869 1468 2900 per
1483 2859 1591 2891 dolum
1608 2864 1639 2890 et

890 2899 1045 2937 fr,audem
1062 2900 1116 2932 sed
1133 2906 1240 2944 aperte
1254 2900 1382 2950 Trojam
1398 2907 1640 2950 expugnaturus

889 2947 922 2974 et
943 2948 1041 2974 totam
1064 2949 1190 2986 gentem
1212 2943 1382 2987 Trojanam
1407 2943 1560 2976 radicitus
1584 2954 1638 2975 ex-

889 2984 1078 3029 stirpaturus
1114 2987 1237 3019 suisset.
1281 2988 1423 3019 Inclusus
1457 2998 1541 3028 equo,
1574 2987 1638 3017 Μὶ-

889 3040 985 3063 nervae
1001 3031 1093 3062 Sacra
1108 3032 1244 3063 mentito.
1291 3031 1340 3063 De
1354 3041 1434 3072 equo
1451 3029 1506 3061 illo
1523 3030 1641 3072 ligneo
