1884 3288
873 199 1273 243 CARMINUM

607 299 674 340 Te
694 299 826 340 multa
844 314 986 353 prece,
1009 307 1050 341 te
1070 302 1346 355 prosequitur
1365 316 1483 343 mero

609 365 778 406 Defuso
797 366 981 420 pateris:
1013 375 1056 408 et
1078 366 1264 408 Laribus
1286 374 1405 408 tuum

524 433 578 472 35
609 432 768 474 Miscet
788 447 958 482 numen,
979 433 1043 473 uti
1064 432 1235 474 Graecia
1257 433 1446 475 Castoris

943 498 1004 539 Et
1023 499 1164 552 magni
1183 513 1343 540 memor
1364 499 1583 541 Herculis.

611 565 784 619 Longas
806 579 831 606 ο
851 565 1024 614 utinam,
1047 564 1154 605 Dux
1173 566 1300 614 bone,
1323 564 1452 606 ferias

609 630 795 672 Praestes
816 630 1042 685 Hesperiae
1057 630 1305 680 ;—dicimus
1326 630 1494 684 integro

610 697 722 739 Sicci
741 711 860 738 mane
882 697 965 747 die,
988 697 1166 738 dicimus
1187 697 1317 746 uvidi,

524 763 580 803 40

947 764 1092 811 Quum
1113 763 1187 804 Sol
1209 764 1385 804 Oceano
1408 763 1571 804 subest.

888 930 1158 971 CARMEN
1191 931 1270 971 VI.

803 1068 881 1098 AD
939 1067 1353 1098 APOLLINEM.

613 1160 747 1209 D1vss,
769 1175 895 1214 quem
915 1159 1058 1214 proles
1079 1159 1251 1200 Niobea
1270 1174 1435 1215 magnae

610 1227 836 1268 Vindicem
855 1226 1026 1279 linguae,
1049 1226 1288 1280 Tityosque
1309 1233 1456 1280 raptor

330 1346 387 1365 mos
418 1335 605 1376 (Columell.
630 1346 660 1372 v,
685 1336 744 1376 6.)‚
776 1342 808 1368 et
835 1339 958 1377 populos
985 1336 1060 1377 (inf.

331 1376 433 1418 Epod.
454 1379 486 1413 2,
514 1379 582 1417 10),
606 1378 721 1419 quibus
746 1378 877 1420 adjungi
903 1379 1060 1420 praecipue

329 1419 471 1449 sotebant
486 1419 575 1454 vites,
588 1421 878 1455 maritare,dicitur.
919 1422 965 1451 Ad
980 1424 1059 1456 υῖηα,

330 1459 370 1490 ad
393 1461 662 1503 compotationem.
709 1463 749 1493 Et
771 1464 875 1493 alteris
897 1463 936 1493 Te
955 1464 1059 1493 mensis

329 1503 448 1534 adhibet
465 1505 580 1534 Deum.-
607 1504 646 1535 Te
662 1506 768 1542 multa,
786 1510 861 1535 cett.
880 1515 1007 1536 sensus:
1030 1511 1061 1535 et

330 1545 399 1580 tibi,
426 1550 461 1576 ut
490 1546 560 1576 Deo
591 1547 740 1582 Tutelari,
769 1547 890 1577 cultum
921 1546 1060 1576 divinum

330 1592 468 1658 praestat,
493 1587 567 1618 dum
592 1588 672 1619 inter
697 1589 885 1629 precandum
910 1589 982 1618 vina
1004 1588 1062 1618 tibi

343 1628 418 1663 ibat,
435 1635 477 1666 et,
492 1629 572 1660 sicut
585 1630 690 1660 Graeci
706 1630 877 1660 Dioscuros
892 1635 923 1661 et
939 1631 1060 1661 Hercu-

331 1669 404 1705 lem,
421 1670 464 1701 ita
478 1676 506 1701 te
517 1671 624 1712 patriis
637 1671 702 1702 suis
714 1671 895 1702 numinibus
906 1677 1060 1703 accenset.

331 1711 459 1743 Scilicet
474 1713 611 1743 Romani
630 1714 823 1754 Augustum,
839 1713 901 1750 cui,
918 1719 953 1743 ut
968 1714 1062 1744 tradit

331 1753 395 1784 Dio
414 1754 447 1789 li,
471 1755 522 1790 19,
543 1755 609 1796 jam
626 1757 668 1787 U.
686 1756 724 1787 C.
739 1767 902 1791 Dccxxrv,
918 1765 936 1786 a
950 1762 1061 1787 senatu

330 1800 391 1826 tam
406 1796 542 1838 publicae
558 1807 651 1838 quam
669 1797 797 1839 privatae
820 1798 985 1829 libationes
1005 1798 1058 1829 de-

329 1843 421 1869 cretze
444 1838 577 1875 fuerant,
601 1839 641 1870 ad
668 1840 845 1880 exemplum
878 1840 1059 1871 Graecorum

330 1880 402 1920 (qui
424 1881 472 1911 vel
497 1882 579 1912 bono
602 1882 706 1913 Genio
726 1882 775 1913 vel
794 1882 867 1913 Jovi
883 1882 1059 1918 Salutisero,

329 1923 379 1952 Διῒ
398 1925 538 1965 Σωτῆρι,
562 1923 625 1954 vid.
648 1924 781 1965 Boettig.
806 1925 845 1954 ad
864 1923 895 1954 h.
911 1924 934 1954 l.
954 1930 986 1955 et
1002 1926 1058 1956 Ja-

329 1964 416 1994 cobs.
433 1964 472 1995 ad
497 1965 632 1996 Anthol.
649 1966 711 1997 vol.
728 1966 750 2002 i,
767 1977 796 2008 p.
818 1968 893 2002 314,
909 1966 958 1997 vel
981 1967 1059 1998 Her-

330 2005 407 2041 culi,
435 2007 485 2037 vel
511 2006 581 2037 aliis
612 2007 683 2038 Diis
713 2008 923 2045 Tutelaribus,
949 2009 1062 2049 pocula

330 2053 401 2089 post
416 2059 539 2079 coenam
556 2048 683 2080 miscere
702 2050 875 2090 solebant),
891 2061 999 2081 mensa
1013 2062 1059 2082 se-

332 2089 435 2120 cunda
452 2090 566 2132 pariter
586 2097 622 2121 ut
646 2093 750 2122 Deum
772 2093 960 2127 Tutelarem,
985 2093 1059 2124 dum

330 2142 442 2163 merum
469 2134 549 2163 inter
575 2144 674 2173 preces
704 2137 816 2173 pateris
845 2135 1059 2175 defundebant,

330 2172 436 2204 divino
465 2174 579 2206 honore
613 2177 889 2216 prosequebantur.
949 2177 1061 2208 Mensis

330 2217 469 2247 adhibere
482 2217 590 2251 Deum,
607 2222 643 2247 ut
656 2217 738 2259 apud
754 2218 845 2258 Virg.
863 2219 941 2248 AEn.
959 2229 988 2254 v,
1006 2221 1058 2255 62,

333 2258 460 2289 Penates
474 2260 570 2298 epulis
590 2260 740 2290 adhibere.
788 2260 827 2290 Te
843 2261 938 2290 multa
951 2271 1038 2298 prece
1051 2274 1058 2290 .-

330 2300 470 2341 apposite
482 2301 514 2331 in
530 2300 611 2331 hanc
625 2300 723 2343 ipsam
739 2311 802 2332 rem
821 2301 915 2332 Ovid.
929 2302 1012 2332 Fast.
1027 2302 1060 2340 ii,

329 2343 392 2373 635
409 2352 478 2384 sqq.
514 2343 639 2384 Jamque
653 2344 701 2373 ubi
713 2345 848 2374 suadebit
857 2345 990 2383 placidos
1003 2356 1058 2375 nox

328 2385 438 2415 ultima
466 2395 586 2421 somnos,
625 2386 725 2415 Parca
752 2392 919 2425 precaturae
952 2388 1058 2418 sumite

329 2428 401 2457 vina
416 2437 521 2457 manus
533 2439 540 2456 :
566 2427 617 2464 Et,
631 2427 711 2458 Bene
723 2439 783 2462 nos,
798 2428 922 2463 Patriae,
935 2429 1005 2458 bene
1019 2435 1057 2465 te,

331 2468 436 2504 Pater,
463 2469 578 2508 Optime
603 2469 712 2504 Caesar,
737 2470 849 2506 Dicite,
872 2470 984 2511 suffuso
1004 2482 1059 2510 per

327 2521 412 2541 sacra
437 2513 524 2542 verba
548 2522 637 2542 mero.
682 2512 768 2542 Mero
793 2512 907 2553 Defuso
926 2514 1057 2552 puteris:

328 2552 468 2583 similiter
487 2563 555 2595 sup.
573 2553 596 2589 i,
613 2554 665 2588 31,
686 2554 717 2592 2,
738 2556 878 2594 liquorem
897 2556 932 2584 de
952 2560 1059 2594 patera

315 2595 466 2636 sundere,
494 2594 533 2626 de
561 2595 710 2626 libatione
739 2596 863 2626 dieitur.
915 2596 1057 2634 Laribus,

324 2637 390 2678 jam
421 2647 488 2678 pro,
518 2637 703 2673 Penatibus,
741 2638 802 2669 diis
831 2638 949 2679 patriiS.
1006 2639 1060 2671 Uti

329 2679 446 2710 Graecia
458 2684 531 2710 cett.
545 2680 591 2710 uti
608 2679 733 2711 Graecia
747 2680 922 2717 Dioscuros
929 2686 960 2712 et
976 2682 1056 2712 Her-

326 2721 430 2752 culem
450 2721 482 2752 in
501 2721 660 2758 virtutum,
680 2732 758 2763 quas
777 2722 825 2752 illi
843 2722 1055 2764 designarunt,

326 2763 503 2794 memoriam
514 2763 599 2799 ¹inter
615 2764 702 2796 Deos
717 2774 789 2795 suos
803 2764 917 2806 patrios
932 2765 1034 2797 refert.

369 2806 508 2837 37—40.
532 2806 652 2847 Longas
672 2818 688 2836 ο
711 2808 839 2843 utinam,
871 2807 943 2838 Dux
972 2809 1055 2844 bone,

315 2848 419 2888 ferias
445 2848 569 2879 Praestes
585 2848 746 2889 Hesperioe,
762 2854 836 2879 cett.
857 2849 976 2880 utinam
999 2849 1052 2881 diu

327 2889 482 2921 Romanis
502 2889 561 2922 hac
584 2890 654 2921 vite
671 2890 836 2922 securitate
855 2896 949 2933 atque
970 2897 1051 2923 tran-

1103 1336 1253 1378 auspiciis
1281 1337 1341 1368 frui
1372 1336 1484 1368 liceat!
1524 1336 1573 1368 hae
1609 1343 1683 1369 sunt

1103 1389 1181 1419 quas
1197 1389 1288 1410 mane
1305 1384 1336 1410 et
1349 1389 1474 1427 vespere
1494 1379 1664 1411 fundimus.

1738 1349 1836 1374 reces,

1729 1389 1836 1424 ntegro

1102 1431 1186 1451 mane
1201 1423 1259 1459 die,
1274 1431 1365 1452 mane
1381 1431 1464 1452 emm
1480 1421 1547 1452 dies
1568 1422 1671 1454 adhuc
1690 1427 1738 1454 est
1755 1426 1833 1455 inte-

1101 1474 1154 1503 ger
1175 1468 1204 1494 et
1229 1463 1357 1494 solidus.
1401 1464 1491 1499 Sicci,
1508 1462 1611 1495 adhuc
1632 1463 1738 1500 sobrii,
1760 1475 1832 1496 cum

1104 1505 1240 1535 nondum
1263 1515 1317 1536 ora
1339 1505 1410 1535 vino
1427 1504 1618 1547 proluimus:
1642 1505 1698 1537 inf.
1717 1507 1783 1538 Sat.
1799 1507 1833 1544 ii,

1104 1547 1135 1582 3,
1158 1548 1234 1582 281,
1257 1547 1432 1577 Libertinus
1451 1553 1527 1584 erat,
1549 1549 1599 1588 qni
1620 1549 1734 1579 circum
1755 1561 1832 1580 com-

1102 1590 1167 1626 pita
1179 1591 1274 1619 siccus
1293 1589 1400 1619 Lautis
1414 1599 1499 1619 mane
1513 1598 1597 1620 senex
1611 1591 1749 1622 manibus
1762 1603 1833 1623 cur-

1102 1632 1186 1660 rebat
1208 1636 1282 1662 cett.
1330 1631 1434 1668 Uvidi,
1450 1630 1522 1662 vino
1545 1631 1679 1670 madidi,
1691 1631 1835 1675 βεβρεγ-

1102 1671 1205 1713 μένοι.
1251 1673 1351 1707 Quum
1365 1673 1414 1704 Sol
1427 1673 1542 1704 Oceano
1556 1675 1662 1712 subest,
1675 1675 1835 1706 nocturnis

1104 1714 1398 1756 compotationibus.

1327 1798 1523 1830 CARMEN
1550 1799 1615 1830 VI.

1147 1840 1288 1871 Carmini
1319 1841 1483 1876 Soeculari,
1514 1841 1595 1882 quod
1624 1839 1706 1871 ludis
1733 1852 1832 1874 saecu.

1103 1882 1220 1913 laribus
1256 1882 1444 1914 instantibus
1478 1882 1616 1924 Augusti
1651 1884 1835 1918 auctoritate

1103 1934 1214 1956 canere
1241 1925 1350 1966 jussus
1375 1925 1474 1956 fuerat
1508 1924 1671 1962 Horatius,
1700 1927 1835 1959 suaviter

1103 1966 1161 1998 hoc
1176 1967 1312 1998 carmine
1323 1966 1480 2008 praeludit.
1509 1968 1700 1998 Ostensurus
1712 1978 1835 2017 nempe,

1105 2018 1138 2039 se
1150 2010 1292 2040 cauendo
1303 2009 1349 2039 illi
1361 2009 1508 2050 gravioris
1523 2010 1694 2050 argumenti
1703 2011 1835 2043 carmini

1104 2050 1252 2093 imparem
1271 2051 1363 2093 plane
1377 2061 1456 2087 esse,
1474 2050 1534 2081 nisi
1553 2051 1658 2082 divino
1674 2051 1836 2099 Apollinis

1104 2093 1236 2133 agitetur
1251 2093 1391 2130 numine,
1405 2093 1464 2124 hoc
1479 2093 1596 2134 hymno
1610 2103 1770 2136 praemisso
1783 2095 1833 2127 dei

1104 2135 1190 2166 illius
1207 2136 1342 2166 favorem
1357 2135 1416 2166 sibi
1436 2135 1604 2167 conciliare
1624 2134 1737 2168 studet.
1779 2137 1834 2168 Ad

1104 2176 1286 2218 hymnorum
1302 2177 1394 2217 igitur
1410 2187 1524 2208 morem
1540 2183 1570 2208 et
1581 2177 1718 2208 indolem
1729 2188 1832 2210 versa-

1104 2223 1154 2248 tur
1173 2218 1204 2249 in
1228 2218 1420 2250 celebrandis
1439 2219 1598 2261 Apollinis
1616 2218 1775 2256 laudibus,
1792 2221 1833 2252 ab

1103 2269 1141 2291 ea
1159 2261 1316 2305 praecipue
1334 2259 1482 2302 potentia,
1498 2261 1549 2291 cui
1565 2260 1720 2298 Achilles,
1740 2263 1831 2294 Grae-

1103 2312 1208 2332 corum
1234 2302 1429 2338 fortissimus,
1457 2303 1658 2334 succumbere
1679 2303 1832 2342 debuerit,

1102 2344 1206 2386 petitis
1220 2357 1228 2382 3
1252 2344 1294 2374 ita
1310 2344 1449 2385 quidem,
1467 2350 1501 2375 ut
1511 2345 1550 2375 ab
1561 2344 1620 2376 hac
1633 2345 1701 2387 ipso
1715 2345 1831 2378 Phoebi

1102 2386 1239 2427 potentia
1254 2386 1375 2417 fundati
1396 2385 1517 2428 imperii
1537 2386 1673 2418 Romani
1691 2397 1830 2425 causam,

1102 2429 1240 2470 adeoque
1262 2429 1342 2459 hanc
1363 2428 1472 2470 ipsam.
1492 2438 1555 2470 qua
1575 2439 1659 2460 nunc
1678 2429 1833 2462 Romanis

1102 2470 1193 2501 ludos
1209 2471 1374 2502 saeculares
1387 2470 1543 2502 celebrare
1557 2470 1660 2507 liceat,
1676 2471 1831 2504 fortunam

1101 2518 1229 2554 repetat.
1275 2512 1347 2543 Nisi
1363 2513 1446 2544 enim
1465 2513 1616 2548 Achilles,
1631 2513 1700 2545 vult
1715 2513 1832 2551 dicere,

1103 2554 1261 2596 Apollinis
1281 2554 1401 2595 sagittis
1421 2555 1583 2586 confossus
1597 2554 1716 2591 fuisset.
1733 2561 1830 2588 totam

1101 2597 1156 2628 ille
1180 2602 1301 2637 gentem
1326 2597 1494 2638 'frojanam
1515 2596 1752 2639 exstirpaturus,
1772 2608 1830 2630 uec

1104 2640 1235 2677 AEneas,
1261 2639 1315 2680 qui
1341 2649 1455 2670 novum
1481 2638 1644 2681 imperium
1673 2638 1706 2670 in
1735 2639 1831 2672 Italia

1101 2682 1257 2716 conderet,
1282 2686 1438 2722 superstes
1462 2680 1584 2711 futurus
1607 2680 1725 2713 fuisset.
1769 2682 1830 2714 His

1100 2723 1162 2755 Dei
1183 2723 1331 2754 laudibus
1345 2727 1377 2754 et
1390 2722 1428 2754 de
1443 2727 1534 2764 gente
1549 2723 1695 2754 Romana
1711 2724 1829 2756 meritis

1100 2771 1271 2808 opportune
1290 2766 1329 2796 ad
1348 2764 1416 2807 ejus
1435 2764 1683 2796 benevolentiam
1697 2775 1735 2797 ca
1758 2771 1826 2797 tan-

1099 2808 1169 2839 dam
1190 2807 1350 2850 expositis,
1366 2806 1583 2849 precibusque,
1601 2813 1638 2838 ut
1653 2806 1707 2839 ille
1742 2813 1830 2840 exter

1098 2856 1191 2892 atque
1203 2849 1354 2892 propitius
1365 2848 1424 2880 sibi
1434 2849 1566 2881 Carmen
1582 2849 1738 2881 Saeculare
1751 2860 1826 2882 cuu-

1097 2898 1199 2924 taturo
1213 2891 1369 2935 adspirare
1379 2883 1465 2928 velit,
1474 2890 1617 2939 adjectis,
1627 2891 1720 2940 ecce!
1737 2898 1827 2934 poeta

323 2932 478 2972 quillitate
493 2933 552 2963 sub
565 2933 675 2965 faustis
688 2933 731 2964 tui
747 2932 879 2975 imperii,
894 2933 1050 2974 Auguste,
1092 2934 1157 2975 jam
1176 2935 1261 2976 quati
1279 2943 1335 2966 sua
1349 2938 1475 2976 pectora
1489 2933 1595 2965 divino
1612 2943 1739 2966 numme
1753 2944 1824 2966 sen·
