1904 3314
296 192 380 232 302

831 187 1261 231 SATIRARUM

325 293 382 333 30
411 291 572 333 Contra
591 290 697 332 alius
718 290 888 340 nullam,
910 291 991 331 nisi
1011 290 1149 332 olente
1170 289 1213 330 in
1234 288 1393 330 fornice
1415 293 1607 328 stantem.

412 358 600 405 Quidam
619 363 747 398 notus
769 357 895 398 homo
915 372 1046 411 quum
1066 356 1202 397 exiret
1223 355 1396 403 fornice,
1419 354 1566 395 Macte

410 424 583 465 Virtute
604 430 711 472 esto,
732 423 870 477 inquit
891 423 1099 463 sententia
1120 422 1190 462 dia
1209 421 1385 461 Catonis
1402 438 1411 470 ;

411 487 525 529 Nam
547 487 668 527 simul
689 501 738 528 ac
759 502 886 528 venas
907 486 1068 527 inflavit
1090 493 1198 527 tetra
1216 485 1364 534 libido,

410 554 512 595 Huc
528 555 707 607 juvenes
729 568 896 607 aequum
917 560 982 593 est
1003 552 1278 600 descendere,
1301 565 1384 591 non
1405 549 1562 590 alienas

326 622 381 662 35
411 620 655 662 Permolere
676 634 847 660 uxores.

908 619 1054 660 Nolim
1073 618 1301 666 laudarier,
1322 616 1472 670 inquit,

410 687 482 727 Sic
502 701 580 736 me,
603 687 776 727 mirator
797 686 925 727 cunni
946 685 1208 739 Cupiennius
1231 684 1329 724 albi.

409 751 578 793 Audire
599 760 664 792 est
685 765 826 805 operae
847 751 1043 804 pretium,
1066 750 1300 803 procedere
1322 755 1437 789 recte

411 818 500 864 Qui
519 817 696 858 moechis
719 832 803 857 non
823 816 963 865 vultis,
986 823 1034 855 ut
1054 816 1166 855 omni
1186 822 1308 868 parte
1328 814 1536 863 laborent,

412 883 559 937 thue
581 883 660 923 illis
681 882 813 923 multo
835 889 1036 935 corrupta
1056 880 1202 922 dolore
1222 880 1432 934 voluptas,

325 950 382 990 40
411 948 557 1003 Atque
578 948 670 989 haec
690 963 786 989 rara
806 949 931 989 cadat
951 948 1059 988 dura
1078 948 1189 987 inter
1210 961 1324 1000 saepe
1345 945 1517 1000 pericla.

409 1014 495 1055 Hic
519 1029 563 1055 se
584 1014 844 1068 praecipitem
867 1019 980 1054 tecto
1002 1013 1143 1062 dedit3
1175 1012 1244 1052 ille
1264 1011 1443 1066 flagellis

410 1079 484 1121 Ad
505 1087 681 1120 mortem
702 1094 862 1128 caesus;
894 1079 1061 1132 fugiens
1082 1078 1150 1119 hic
1172 1078 1332 1118 decidit
1351 1092 1492 1118 acrem

410 1144 670 1185 Praedonum
690 1144 733 1183 in
752 1144 921 1184 turbam
938 1160 947 1192 ;
980 1143 1100 1183 dedit
1119 1143 1188 1184 hic
1208 1157 1288 1196 pro
1307 1157 1486 1196 corpore
1506 1156 1697 1183 nummos
1715 1157 1725 1191 ;

409 1210 541 1251 Hunc
561 1210 884 1264 perminxerunt
904 1208 1095 1258 calones3
1127 1209 1231 1262 quin
1251 1209 1375 1250 etiam
1396 1208 1502 1249 illud

325 1278 381 1318 45
410 1275 597 1325 Accidit,
620 1283 667 1316 ut
687 1276 855 1317 cuidam
875 1282 1007 1316 testes
1029 1275 1293 1328 caudamque
1315 1274 1495 1316 salacem

411 1342 661 1383 Demeteret
682 1341 852 1382 ferrum.

912 1341 1019 1382 Jure
1040 1355 1183 1382 omnes
1202 1357 1210 1381 ε
1243 1340 1386 1382 Galba
1406 1342 1604 1396 negabat.

410 1409 568 1450 Tutior
588 1416 631 1449 at
650 1414 809 1462 quanto
830 1421 949 1448 merx
969 1414 1035 1448 est
1055 1407 1098 1448 in
1118 1406 1252 1448 classe
1275 1408 1488 1449 secunda!

299 1534 375 1564 tam,
394 1528 446 1560 cui
464 1528 574 1560 adsuta
597 1529 655 1560 suit
676 1528 795 1563 instita,
814 1528 846 1558 b.
866 1539 894 1559 e.
920 1528 1027 1564 fascia,

299 1570 427 1606 limbus,
445 1580 513 1606 ηοε,
530 1574 595 1602 eine
611 1572 727 1607 Fazbet,
738 1573 802 1600 eine
812 1571 922 1601 Kame.
952 1572 1027 1600 Sub-

298 1618 379 1648 suta,
394 1612 478 1653 quod
499 1613 679 1654 adjunctum
695 1618 742 1643 est
757 1614 804 1653 τῷ
823 1618 909 1648 veste,
926 1612 964 1642 ad
980 1614 1027 1642 in-

298 1655 370 1684 stita
400 1658 448 1684 est
475 1654 690 1685 referendum:
724 1653 764 1684 cf.
788 1653 827 1683 ad
850 1655 914 1685 Sat.
944 1654 966 1689 i,
998 1655 1026 1689 1,

300 1697 352 1725 41.

343 1738 394 1767 30.
419 1737 484 1766 Nisi
506 1737 601 1767 olente
624 1737 654 1765 in
671 1735 796 1776 fornice
814 1743 953 1772 stantem,
969 1737 1029 1767 nisi

298 1779 519 1819 prostibulum.
579 1779 705 1808 Formo&
727 1785 874 1815 stantem5
915 1779 1030 1819 saepius

300 1820 382 1867 apud
400 1821 531 1862 optimos
548 1830 689 1860 quosque
707 1827 813 1861 poetas
827 1821 942 1851 vocalis
963 1822 1027 1851 bre-

299 1872 347 1892 vis
378 1862 408 1891 in
442 1862 527 1892 vocis
557 1862 693 1902 alicujus
722 1863 795 1897 fine,
830 1862 1031 1902 sequentibus

298 1903 422 1933 duabus
437 1903 485 1934 vel
500 1904 599 1933 tribus
615 1903 724 1933 litteris
737 1903 981 1934 consonantibus
996 1904 1027 1934 in

321 1945 435 1974 roxima
454 1955 538 1981 voce,
554 1945 633 1974 haud
658 1945 854 1984 producitur;
879 1946 923 1975 sic
946 1946 1028 1986 apud

298 1955 449 2016 ivostmm
467 1986 498 2016 iu
514 1986 571 2016 hac
588 1987 654 2026 ipsa
671 1987 735 2016 Sat.
759 1987 815 2016 inf.
838 1997 865 2015 v.
881 1988 933 2022 71,
948 1989 1026 2017 vela-

299 2031 419 2068 tumque
429 2030 524 2063 stola,·
550 2028 614 2057 Sat.
626 2027 648 2061 i,
661 2029 692 2062 3,
704 2030 925 2068 44,fasti‹lire‘:
948 2037 1025 2059 stra-

299 2071 395 2100 bonem
411 2080 421 2105 ,·
446 2071 511 2099 Sat.
528 2068 548 2106 i,
563 2071 594 2103 5,
611 2070 663 2101 35.
678 2072 802 2108 proemid
820 2072 930 2104 scriba,
954 2077 1027 2101 cett.

297 2110 387 2142 etsie
407 2121 490 2152 saepe
513 2110 595 2151 apud
620 2110 799 2150 Virgilium,
820 2111 980 2146 Ovidium,
997 2118 1029 2142 et

297 2151 427 2194 optimos
442 2162 580 2193 quosque
603 2158 719 2192 poetas.
766 2152 886 2183 Pendet
906 2153 1028 2184 scilicet

297 2203 317 2224 a
337 2193 507 2234 cujuslibet
526 2200 625 2234 poetae
642 2193 742 2224 Latini
764 2194 900 2229 arbitrio,
922 2201 1025 2224 utrum

297 2235 450 2266 vocalium
473 2235 652 2266 brevitatem
676 2235 708 2265 in
732 2235 791 2265 fine
813 2235 910 2270 vocis,
933 2247 1026 2276 quam

297 2277 414 2318 excipit
434 2286 493 2307 vox
516 2287 587 2307 cum
610 2276 719 2307 litteris
745 2277 868 2307 duabus
890 2277 1027 2309 tribusve

297 2318 543 2350 consonantibus
565 2318 729 2360 incipiens,
758 2329 878 2350 servare
901 2329 940 2349 an
965 2330 1025 2350 non

296 2370 416 2391 servare
425 2361 510 2390 velit.
545 2360 689 2395 Stantem.
703 2367 902 2401 prostantem,
916 2362 1028 2392 stando

297 2407 512 2444 expectantem
549 2407 581 2432 et
620 2402 800 2433 invitantem
834 2401 1027 2434 libidinosos.

298 2444 406 2475 Plaut.
423 2443 504 2475 Cist.
527 2443 610 2485 apud
629 2445 714 2474 Non.
733 2454 760 2474 c.
777 2446 807 2479 5,
829 2453 861 2474 n.
880 2446 911 2480 8,
927 2447 1026 2476 adstat

298 2496 332 2516 ea
347 2488 379 2516 in
394 2487 442 2516 viu
457 2487 536 2516 sola:
559 2487 724 2525 prostibula
738 2497 806 2516 sane
820 2494 872 2516 est.

342 2529 393 2558 31.
418 2528 549 2562 Quidam
579 2535 665 2558 notus
695 2529 786 2562 homo,
818 2533 892 2558 cett.
921 2527 1024 2558 Schol.

299 2569 376 2600 Aer.
387 2574 418 2600 et
436 2570 544 2610 Cruq.,
559 2569 654 2599 Natus
669 2571 761 2605 homo,
775 2571 910 2599 honestus
926 2577 953 2599 et
973 2582 1023 2600 nn-

297 2613 373 2642 bilis.
420 2611 529 2641 Catone
557 2618 738 2645 transeunte.
765 2614 885 2652 quidam
908 2614 966 2642 exit
990 2614 1025 2642 de

287 2654 421 2694 jor-nice,
437 2664 533 2693 quem,
550 2665 614 2683 cum
624 2654 764 2695 fugeret.
782 2655 919 2684 laudavit
933 2660 960 2683 et
975 2665 1022 2684 re-

298 2697 431 2731 vomuit,-
454 2702 562 2734 postea,
579 2707 645 2726 cum
659 2696 855 2736 jieqnenstm
875 2707 937 2726 eum
960 2706 1023 2726 eae-

296 2744 397 2767 amem
423 2748 456 2767 es
480 2739 573 2767 eodem
605 2738 747 2775 lupanari
770 2739 897 2770 viaissvt.
920 2739 1025 2768 didisse

286 2780 397 2820 fertur
409 2790 417 2807 .-
442 2780 626 2813 Adolescens,
635 2790 686 2820 ego
697 2786 724 2809 te
735 2780 825 2809 landa
831 2782 870 2814 vi,
884 2786 1024 2819 tauquam

295 2822 354 2851 huc
369 2822 518 2851 interdum
535 2823 659 2856 venires,
676 2833 733 2851 nou
751 2827 891 2861 tanquam
906 2822 953 2851 hic
969 2822 1020 2851 ha-

295 2864 415 2893 bitares.
473 2863 586 2900 Macte,
614 2863 790 2905 (explicant
823 2873 887 2904 pro,
923 2862 1022 2904 magis

295 2902 403 2945 aucte)
433 2906 547 2936 virtute
573 2911 643 2941 esto,
672 2910 744 2936 nota
770 2904 911 2940 formula,
939 2906 1021 2946 apud

1072 1527 1195 1559 Livium
1211 1528 1366 1570 praecipue
1389 1528 1503 1570 saepius
1524 1527 1628 1563 obvia,
1651 1536 1724 1568 qua,
1745 1527 1801 1569 qui

1073 1581 1135 1600 rem
1159 1570 1296 1611 aliquam
1320 1571 1398 1601 bene
1420 1575 1591 1610 gesserunt.
1616 1579 1689 1601 cum
1710 1568 1802 1600 laude

1073 1612 1282 1653 appellantur,
1298 1618 1327 1643 et
1341 1622 1409 1642 eam
1428 1622 1516 1654 porro
1534 1613 1612 1643 bene
1627 1620 1732 1652 gerere
1747 1610 1801 1652 ju-

1070 1654 1203 1685 bentur:
1227 1664 1294 1691 nos,
1310 1654 1420 1684 Bravo.

1115 1697 1168 1726 32.
1193 1697 1346 1726 Sententia
1368 1697 1419 1726 dia
1442 1696 1573 1731 Catonis,
1587 1704 1641 1736 pro
1657 1694 1749 1731 Cato,
1765 1699 1801 1725 ut

1072 1737 1154 1779 apud
1172 1737 1340 1770 Lucilium.
1358 1737 1458 1767 Valeri
1469 1739 1616 1768 sententia
1629 1738 1690 1767 dia.
1734 1736 1799 1767 Ex·

1072 1779 1175 1820 empla
1203 1780 1241 1810 de
1271 1780 1329 1810 hoc
1359 1779 1507 1820 loquendi
1535 1789 1646 1818 genere
1675 1777 1802 1818 collegit

1074 1821 1246 1851 Lambinus
1261 1832 1331 1862 sup.
1347 1822 1386 1851 ad
1403 1821 1466 1852 Od.
1482 1820 1526 1855 iii,
1541 1822 1573 1854 5.
1592 1821 1641 1851 13.

1115 1864 1167 1893 34.
1193 1863 1272 1898 Huc,
1294 1863 1324 1892 in
1341 1863 1490 1893 fornices:
1514 1862 1697 1897 descendere,
1712 1866 1802 1893 erant

1071 1903 1152 1934 enim
1179 1904 1324 1940 fornices,
1354 1911 1389 1935 ut
1418 1905 1580 1934 observant
1608 1904 1799 1945 interpretes,

1071 1953 1234 1976 cameratae
1249 1947 1337 1976 cellae
1353 1946 1383 1976 in
1401 1946 1513 1977 aedium
1528 1946 1596 1977 loco
1611 1945 1756 1987 depresso
1770 1950 1802 1976 et

1071 1987 1223 2018 inferiore.
1594 2026 1598 2029 χ

1114 2030 1168 2060 36.
1191 2030 1240 2060 Sic
1265 2041 1319 2065 me.
1341 2040 1386 2060 se.
1409 2029 1572 2060 facientem
1597 2029 1682 2071 quod
1702 2028 1802 2060 suasit

1072 2070 1162 2101 Calo.
1209 2072 1310 2101 Canni
1329 2073 1402 2108 albi,
1425 2071 1582 2112 impudice
1599 2078 1631 2102 et
1651 2070 1690 2102 ad
1710 2071 1798 2112 inge-

1072 2111 1157 2141 nium
1173 2111 1258 2142 illius
1277 2113 1377 2143 aetatis
1391 2123 1457 2154 pro,
1474 2119 1622 2144 matronae
1637 2113 1705 2144 alba
1722 2113 1802 2144 stola

1070 2152 1209 2190 indutae3
1233 2164 1303 2184 nam
1328 2157 1505 2190 meretrices,
1526 2160 1562 2185 ut
1584 2154 1802 2186 animadvertit

1070 2195 1174 2225 Schol.
1193 2195 1301 2236 Cruq.,
1317 2196 1460 2226 habebant
1475 2199 1594 2236 nigram
1608 2203 1725 2227 vestem.

1111 2236 1250 2266 37—40.
1295 2238 1410 2267 Audire
1452 2244 1505 2272 est,
1547 2242 1622 2268 cett.
1666 2247 1795 2269 sensus:

1070 2287 1170 2318 operae
1199 2277 1332 2318 pretium
1362 2284 1410 2310 est
1438 2289 1492 2309 vos
1516 2278 1634 2314 audire,
1659 2278 1714 2320 qui
1736 2289 1799 2310 non

1069 2319 1163 2349 vultis
1187 2330 1248 2350 rem
1274 2319 1322 2357 iis,
1348 2319 1400 2360 qui
1421 2320 1581 2351 libidinem
1605 2331 1695 2351 suam
1716 2320 1800 2363 apud

1072 2371 1183 2392 uxores
1204 2362 1326 2402 explere
1352 2361 1496 2403 cupiunt,
1520 2362 1598 2394 bene
1622 2362 1798 2404 procedere,

1070 2402 1226 2443 quomodo
1237 2403 1307 2442 (ut)
1320 2404 1403 2434 omni
1418 2411 1502 2444 parte
1511 2413 1544 2434 se
1556 2404 1636 2435 male
1653 2404 1797 2442 habeant,

1070 2450 1101 2474 et
1121 2445 1274 2484 quomodo
1290 2446 1433 2487 voluptas
1447 2446 1546 2476 multo
1560 2445 1664 2477 dolore
1679 2452 1798 2488 pertur-

1069 2487 1154 2521 bata,
1169 2493 1200 2517 et
1213 2497 1250 2517 ea
1264 2487 1328 2528 ipsa
1345 2497 1422 2523 rara,
1439 2486 1518 2518 inter
1532 2487 1609 2518 dura
1620 2499 1663 2519 sae
1717 2487 1798 2530 peri-

1068 2528 1139 2558 cula
1169 2528 1232 2558 illis
1265 2529 1390 2570 (cadat)
1421 2529 1595 2569 contingat.
1681 2529 1798 2561 oratius

1064 2570 1128 2611 jam
1147 2571 1177 2600 in
1195 2581 1225 2601 re
1241 2570 1300 2600 levi
1322 2571 1420 2602 facete
1443 2571 1581 2602 imitatus
1603 2577 1650 2602 est
1664 2571 1798 2612 gravita-

1069 2619 1126 2642 tem
1146 2612 1251 2647 Ennii,
1269 2612 1361 2654 cujus
1377 2623 1482 2644 versus
1498 2618 1585 2643 vetus
1607 2613 1798 2646 Scholiastes

1065 2654 1180 2695 profert
1211 2654 1283 2685 hos:
1321 2657 1437 2686 Audire
1465 2661 1506 2685 est
1535 2665 1626 2694 operoe
1651 2657 1795 2695 pretium,

1063 2698 1220 2735 procedere
1241 2703 1321 2727 recte
1345 2697 1405 2730 Qui
1427 2707 1487 2727 rem
1511 2697 1676 2727 Romanam
1705 2697 1794 2728 Lati-

1066 2750 1172 2778 umque
1186 2749 1341 2779 augescere
1356 2739 1458 2770 vultis.

1109 2781 1160 2810 43.
1187 2781 1246 2810 Pro
1259 2791 1388 2820 corpore,
1405 2791 1443 2811 ne
1460 2779 1500 2810 ad
1516 2784 1643 2810 mortem
1659 2779 1794 2820 flagellis

1065 2822 1244 2859 caederetur,
1263 2821 1313 2853 vel
1328 2832 1453 2863 poenam
1468 2821 1656 2863 experiretur
1668 2831 1739 2863 qum
1760 2821 1794 2852 in

1065 2875 1094 2894 v.
1110 2865 1150 2895 45
1174 2869 1450 2896 commemoratur:
1482 2863 1540 2894 inf.
1563 2863 1628 2894 Sat.
1649 2861 1684 2898 ii,
1703 2864 1735 2900 7,
1751 2863 1792 2894 67

1065 2906 1104 2937 de
1123 2905 1274 2943 adultero,
1296 2907 1467 2946 dominoque
1479 2905 1606 2947 jierenti
1629 2905 1795 2936 Committis
