1884 3288
305 223 389 264 202

862 219 1255 263 C'ARMINUM

585 318 731 359 Palma
751 317 962 368 coelestes,
983 317 1223 373 pugilemve
1244 333 1452 372 equumve

585 386 717 434 Dicit,
739 392 783 426 et
803 392 972 426 centum
994 386 1158 439 potiore
1181 385 1310 439 signis

500 452 556 493 20

979 451 1163 492 Munere
1184 453 1316 493 donat
1332 468 1340 493 :

586 516 740 558 Flebili
760 531 928 571 sponsae
943 518 1194 570 juvenemve
1216 525 1386 572 raptum

586 583 746 633 Plorat,
767 591 811 624 et
832 585 939 624 vires
960 584 1226 636 animumque
1246 599 1470 638 moresque

586 650 755 690 Aureos
777 650 920 690 educit
940 650 983 690 in
1005 656 1135 698 astra,
1158 651 1364 703 nigroque

984 715 1153 756 Invidet
1176 716 1307 757 Orco.

500 784 555 823 {25
586 782 729 823 Multa
751 782 968 824 Dircaeum
988 781 1098 822 levat
1118 797 1221 822 aura
1242 797 1432 836 cycnum,

586 848 760 897 Tendit,
783 847 960 898 Antoni,
983 848 1156 902 quoties
1172 849 1215 888 in
1237 849 1344 889 altos

585 915 780 956 Nubium
801 921 983 955 tractus:
1016 929 1112 968 ego,
1133 915 1224 968 apis
1246 915 1426 956 Matinae

981 979 1108 1021 More
1128 980 1353 1034 modoque,

588 1047 727 1087 Grata
747 1047 961 1100 carpentis
983 1045 1127 1099 thyma
1147 1046 1225 1086 her
1245 1045 1437 1087 laborem

500 1115 556 1155 30
587 1113 836 1164 Plurimum,
858 1114 970 1155 circa
990 1127 1138 1156 nemus
1159 1113 1361 1167 uvidique

352 1236 486 1266 13—16.
506 1235 564 1266 Seu
590 1235 678 1270 Deos,
703 1245 819 1275 regesve
841 1235 936 1268 canit,
957 1233 990 1263 b.
1007 1243 1037 1264 e.

306 1277 442 1308 Poeanas.
460 1277 543 1308 llinc
560 1276 700 1308 Serv.ad
716 1277 805 1317 Vir-g.
822 1277 903 1307 AEn.
915 1287 945 1311 x,
962 1277 1037 1310 732,

308 1320 464 1350 Pindarus
486 1331 556 1358 opus
578 1331 675 1356 snum,
693 1321 770 1359 qnod
793 1325 820 1348 et
838 1319 989 1348 hominum
1009 1324 1036 1347 et

303 1363 427 1392 deorum
454 1363 557 1391 laudes
585 1364 728 1395 continet,
762 1361 889 1390 Paeanas
914 1362 1039 1390 vocavit.

305 1403 372 1434 Sub
406 1403 549 1433 Paeanum
584 1403 677 1443 igitur
705 1402 797 1432 titulo
825 1407 889 1432 tam
919 1403 1039 1442 hymnos

306 1455 401 1486 quam
413 1448 543 1475 encomia
555 1445 734 1486 complexus
745 1454 812 1475 esse
825 1443 948 1474 videtur
962 1443 1038 1473 Pin-

306 1487 410 1518 darus.
445 1488 551 1528 Reges,
571 1488 701 1517 Deorum
715 1487 907 1527 Sanguinem,
921 1486 1038 1516 heroes.

309 1529 370 1559 I'er
397 1540 479 1569 quos,
503 1534 576 1560 cett.
603 1529 768 1563 Theseum,
797 1527 982 1563 Pirithoum,
1008 1533 1040 1558 et

308 1571 578 1612 Bellerophontem
595 1576 681 1612 puta,
694 1580 824 1610 quorum
841 1569 956 1611 priores
967 1580 1038 1600 cum

306 1612 417 1643 ceteris
432 1613 574 1654 Lapithis
592 1614 744 1653 Eurytum
760 1618 791 1642 et
806 1611 883 1641 alios
900 1611 1039 1642 Centau-

306 1665 366 1691 rOS,
383 1655 422 1685 ob
445 1654 506 1684 vim
530 1654 727 1684 libidinosam
752 1653 883 1684 Pirithoi
906 1663 1039 1694 sponsae,

306 1696 538 1738 Hippodamiae,
564 1696 596 1726 in
625 1705 717 1726 coena
748 1695 878 1736 nuptiali
904 1694 1040 1726 intenta-

307 1743 369 1768 tam
394 1738 455 1779 (cf.
479 1749 548 1779 sup.
574 1739 613 1768 ad
637 1738 659 1774 i,
685 1739 735 1772 18,
756 1737 806 1776 8),
831 1737 1041 1779 Bellerophon

306 1790 378 1811 vero
397 1780 584 1811 Chimaeram
601 1779 663 1822 (cf.
687 1790 758 1820 sup.
783 1779 823 1809 ad
843 1779 877 1816 ii,
908 1781 956 1815 17,
985 1780 1040 1820 13)

306 1821 456 1853 occidisse
493 1822 642 1852 feruntur.
699 1822 868 1852 'I'remendae
907 1822 1042 1852 Flamma

309 1865 471 1899 Chimaerte,
496 1864 683 1894 Chimaeram
709 1863 895 1904 ignivomam
924 1864 1040 1905 (πυρί-

308 1905 459 1946 πνοον);
482 1906 639 1936 simillime
654 1917 725 1947 sup.
741 1906 763 1936 l.
776 1905 797 1936 l.
816 1906 965 1937 Chimaeroe
979 1908 1041 1945 spi-

307 1950 387 1978 ritas
401 1950 504 1989 igneae.

354 1990 489 2020 17—20.
512 1989 589 2024 Sive,
607 2000 677 2029 quos
694 1989 768 2018 Elea
784 1991 901 2019 domum
923 1991 1042 2020 reducit

311 2032 418 2062 Palma
442 2033 578 2067 molestes,
606 2036 681 2061 cett.
703 2030 766 2060 sive
791 2031 946 2072 Epinicia,
971 2031 1041 2072 qui-

307 2074 369 2104 bus
389 2083 453 2110 eos,
473 2074 526 2113 qui
545 2073 706 2103 victoriam
727 2082 744 2102 e
764 2073 846 2103 ludis
866 2073 1040 2114 Olympicis

307 2121 476 2157 reportant,
489 2114 652 2145 aeternitati
665 2114 906 2145 commendavit.
952 2116 1038 2150 Elea,

308 2158 347 2188 ab
365 2158 442 2188 urbe
466 2157 557 2188 Elide
579 2156 611 2186 in
635 2157 864 2197 PeloponneSO‚
889 2155 945 2187 ubi
966 2166 1038 2196 age-

310 2200 424 2230 bantur
444 2199 511 2230 ludi
530 2197 701 2239 Olympici.
746 2198 891 2233 Coelestes,
908 2198 947 2228 ad
966 2198 1039 2228 deos

308 2241 399 2283 quasi
418 2242 476 2272 hoc
493 2241 607 2281 insigni
623 2240 737 2270 honore
751 2246 890 2270 evectos:
915 2240 956 2270 cf.
972 2249 1041 2282 sup.

308 2283 330 2318 i,
352 2285 380 2320 l,
396 2284 429 2314 6.
473 2282 645 2315 Commode
660 2281 790 2312 laudant
805 2282 885 2312 Vitr.
899 2282 940 2319 ix,
955 2282 1040 2312 Prae-

309 2326 364 2357 fat.
379 2326 552 2356 Groecorum
573 2327 696 2365 majores
718 2325 874 2354 hieronicis
891 2325 936 2354 ita
957 2335 1040 2363 mag-

309 2380 359 2398 nos
376 2369 496 2398 honores
514 2369 748 2401 constituerunt,
767 2368 815 2396 uti
832 2377 891 2396 non
909 2368 991 2396 modo
1009 2368 1042 2397 in

309 2417 455 2440 conventu
464 2415 574 2439 stantes
585 2421 652 2439 cum
666 2409 764 2448 palma
780 2414 807 2438 et
818 2409 1040 2449 cororzaj'erant

309 2453 423 2489 laudes,
433 2454 482 2483 sed
497 2454 598 2489 etiam,
615 2462 705 2491 quum
719 2456 912 2480 revertantur
928 2453 959 2480 in
974 2461 1040 2480 snas

307 2496 443 2525 civitates
464 2505 531 2525 cum
550 2495 685 2527 victoria,
709 2493 926 2531 triumphantes
947 2495 1041 2532 qnad-

307 2538 384 2577 rigis
403 2538 436 2567 in
455 2539 562 2566 moenia
580 2542 608 2566 et
626 2537 659 2565 in
677 2537 795 2574 patrias
813 2536 1006 2570 invehantur,
1026 2546 1041 2565 e

307 2589 396 2618 reque
409 2579 531 2618 publica
545 2583 688 2618 perpetua
707 2578 770 2607 vita
787 2578 957 2608 constitutis
975 2587 1038 2607 vec-

309 2620 632 2662 tigalibusfruantur.
690 2619 865 2659 Pugilemve
887 2630 1039 2659 equumve,

309 2667 364 2693 aut
389 2661 503 2698 virum,
534 2662 585 2693 cui
614 2662 647 2692 in
677 2661 831 2702 pugilatu,
860 2666 914 2691 aut
935 2672 1041 2701 equum

310 2702 480 2746 (κέλητα),
500 2704 552 2734 cui
574 2703 606 2735 in
630 2702 798 2735 certamine
817 2703 952 2744 equestri
975 2703 1040 2734 vic-

302 2746 388 2787 ⁴toria
410 2746 559 2787 contigit3
581 2757 672 2786 equus
690 2745 786 2780 enim,
802 2755 872 2775 cum
891 2755 953 2785 quo
969 2745 1040 2786 quis

286 2795 296 2803 ’
310 2788 343 2819 in
359 2788 527 2820 certamine
549 2786 684 2830 equestri
705 2787 802 2817 victor
817 2792 969 2822 evaserat,
987 2797 1039 2828 pa-

309 2830 382 2862 riter
403 2840 473 2861 cum
495 2830 610 2861 victore
633 2828 768 2871 publicis
790 2828 937 2859 laudibus
958 2829 1040 2860 cele-

310 2872 393 2903 brari
409 2872 583 2913 (Theocrit.
599 2872 663 2906 xvi,
679 2870 750 2910 46),
770 2876 801 2901 et
821 2870 932 2901 statuis
952 2871 1040 2907 adeo,

309 2914 565 2955 inscriptionibus
579 2919 653 2945 cett.
667 2913 727 2961 (cf.
745 2912 880 2954 Boettig.
895 2913 935 2943 ad
950 2913 980 2943 b.
997 2914 1038 2952 l.)

311 2956 467 2989 nobilitari
499 2957 643 2995 solebat;
674 2966 740 2997 Jam
769 2965 842 2986 vero
873 2965 944 2986 cum
973 2958 1039 2995 equi

1082 1233 1151 1264 laus
1166 1243 1236 1264 cum
1252 1233 1320 1275 ejus
1334 1231 1535 1263 moderatoris
1551 1231 1643 1263 laude
1658 1231 1720 1263 fere
1734 1241 1811 1263 con·

1078 1276 1190 1317 juncta
1215 1276 1316 1311 fuerit,
1346 1285 1436 1315 equus
1465 1284 1548 1305 nunc
1574 1274 1608 1305 in
1633 1273 1812 1305 universum

1081 1328 1135 1359 pro
1161 1319 1271 1348 victore
1297 1320 1329 1348 in
1354 1318 1515 1348 certamine
1541 1317 1668 1356 equestri
1692 1315 1812 1357 positus

1080 1365 1137 1390 est.
1176 1360 1303 1390 Munere
1312 1361 1423 1399 potiore
1432 1365 1550 1389 centum
1557 1360 1664 1400 signis,
1673 1357 1812 1388 carmine

1081 1407 1205 1432 centum
1222 1401 1333 1432 statuis
1349 1400 1556 1443 praeferendo;
1579 1410 1703 1431 carmen
1716 1399 1812 1435 enim,

1082 1449 1117 1474 ut
1142 1444 1288 1475 Horatius
1306 1453 1377 1485 sup.
1399 1442 1442 1479 iii,
1459 1444 1513 1480 30,
1529 1444 1539 1472 1
1566 1442 1621 1480 ait,
1635 1452 1693 1473 (tre
1707 1452 1813 1481 peren·

1082 1488 1151 1516 nius
1166 1491 1226 1516 est.

1124 1528 1263 1558 21—24.
1289 1527 1401 1558 Flebili
1422 1536 1530 1565 spousae
1542 1527 1719 1566 juvenemne
1739 1535 1814 1564 rap-

1083 1575 1157 1604 tum,
1175 1574 1247 1600 cett.
1262 1568 1328 1599 sive
1347 1573 1458 1598 sortem
1480 1567 1599 1598 miserae
1617 1567 1743 1609 puellae,
1762 1566 1812 1597 cui

1083 1611 1227 1642 amabilis
1241 1620 1374 1652 sponsus
1387 1615 1569 1651 praematura
1582 1615 1678 1640 morte
1691 1614 1814 1650 ereptus

1082 1659 1141 1687 est,
1158 1653 1294 1684 carmine
1307 1651 1477 1683 miserabili
1491 1651 1643 1693 deplorat,
1659 1651 1693 1682 h.
1705 1661 1734 1682 e·
1748 1650 1815 1682 sive

1085 1695 1218 1730 Naenias,
1254 1696 1301 1726 vel
1335 1695 1489 1734 Epicedia,
1524 1693 1682 1736 θρῆνους,
1714 1693 1814 1724 canit.

1085 1737 1195 1768 Posuit
1211 1742 1315 1767 autem
1325 1747 1363 1767 ex
1375 1737 1442 1778 ejus
1457 1735 1604 1778 Θρὴνοις,
1617 1735 1731 1776 quibus
1742 1734 1814 1766 tris-

1083 1784 1144 1810 tem
1163 1778 1313 1810 nobilium
1337 1779 1438 1808 aetatis
1456 1788 1524 1809 suae
1547 1776 1707 1808 hominum
1731 1786 1814 1807 mor-

1084 1826 1145 1851 tem
1162 1821 1291 1852 deflesse
1308 1821 1439 1858 videtur,
1453 1830 1549 1850 unum
1570 1824 1691 1850 tantum
1707 1829 1814 1850 exem·

1084 1864 1169 1904 plum
1198 1863 1388 1904 insignitius.
1441 1863 1588 1897 Ceterum
1616 1861 1656 1892 de
1685 1860 1817 1892 Pindari

1085 1906 1224 1946 Θρὴνοις
1248 1905 1311 1936 vid.
1331 1905 1466 1945 Dionys.
1487 1904 1562 1935 Hal.
1581 1904 1618 1934 T.
1636 1902 1670 1940 ii,
1692 1914 1724 1944 p.
1741 1903 1814 1939 128,

1085 1953 1116 1977 et
1135 1947 1317 1979 Schneider.
1334 1947 1374 1977 ad
1393 1946 1487 1977 Pivnd.
1505 1947 1626 1987 Fragm.
1639 1955 1672 1986 p.
1686 1945 1728 1976 30
1743 1955 1815 1986 sqq.

1090 1989 1172 2020 Vires
1191 1992 1391 2029 animumque,
1413 1988 1540 2019 virtutes
1563 1986 1732 2022 masculas,
1751 1993 1816 2018 tam

1085 2031 1117 2060 in
1141 2031 1276 2073 corporis
1298 2032 1417 2066 robore,
1440 2040 1532 2071 quarn
1556 2029 1589 2060 in
1614 2029 1684 2060 forti
1709 2028 1815 2060 animo

1082 2073 1208 2114 positas,
1238 2072 1408 2116 ἀνδρείαν.
1463 2073 1562 2103 Mores
1590 2082 1705 2109 aureos,
1729 2080 1815 2101 ama-

1084 2116 1173 2151 biles,
1189 2116 1361 2151 descentes,
1373 2115 1536 2146 honestos:
1556 2113 1598 2145 cf.
1611 2124 1681 2155 sup.
1693 2112 1732 2144 ad
1747 2113 1770 2148 i,
1782 2114 1815 2150 5,

1084 2158 1116 2187 9.
1163 2158 1273 2188 Educit
1298 2160 1329 2188 in
1349 2164 1441 2192 astra.
1461 2155 1693 2186 immortalitate
1706 2154 1814 2191 donat,

1083 2204 1118 2228 ut
1140 2209 1210 2240 sup.
1225 2199 1270 2235 iii,
1285 2201 1340 2234 25,
1358 2200 1390 2235 6,
1409 2199 1503 2229 stellis
1517 2200 1656 2228 inserere.
1699 2196 1814 2238 Nigro-

1083 2251 1138 2280 que
1166 2241 1285 2271 Invidet
1316 2241 1405 2276 Oreo,
1433 2250 1488 2281 pro
1511 2239 1641 2279 vulgari,
1665 2237 1816 2269 oblivioni

1083 2283 1186 2324 eripit,
1207 2288 1242 2314 ut
1266 2282 1321 2312 inf.
1340 2282 1381 2318 iv,
1401 2283 1431 2318 8,
1457 2282 1511 2316 25,
1527 2281 1679 2322 fluctibus
1699 2280 1754 2318 stu
1779 2282 1815 2310 iis

1083 2327 1215 2364 eripere:
1239 2325 1281 2355 cf.
1304 2323 1398 2355 Pind.
1424 2323 1552 2365 Olymp.
1570 2322 1637 2359 viii,
1654 2323 1708 2359 96,
1731 2314 1757 2352 Τ
1781 2332 1814 2354 e-

1084 2366 1174 2397 ocrit.
1190 2366 1251 2401 xvi,
1269 2367 1309 2397 42
1325 2377 1397 2408 sqq.

1125 2410 1264 2439 25—32.
1288 2409 1334 2440 Ut
1354 2419 1390 2439 eo
1404 2407 1503 2448 magis
1518 2417 1551 2438 se
1569 2406 1661 2447 longe
1676 2405 1815 2438 Pindaro

1083 2457 1203 2492 poetam
1216 2450 1387 2481 inferiorem
1400 2449 1554 2487 ostendat,
1566 2447 1816 2490 aptissimaima-

1085 2493 1156 2534 gine
1171 2492 1300 2523 Pindari
1314 2491 1538 2523 sublimitatem
1555 2501 1628 2522 cum
1646 2499 1759 2532 cyeno,
1781 2489 1814 2520 iu

1085 2537 1164 2566 altos
1195 2535 1324 2565 nubium
1353 2539 1469 2566 tractus
1498 2543 1532 2564 se
1561 2533 1697 2569 levante,
1724 2541 1813 2562 suam

1084 2588 1166 2613 vero,
1192 2587 1285 2618 quarn
1311 2575 1468 2607 humiliori
1491 2580 1612 2606 tantum
1636 2573 1814 2604 carminum

1084 2619 1189 2660 generi
1206 2619 1269 2654 det,
1289 2629 1414 2660 operam
1432 2627 1504 2648 cum
1517 2616 1625 2648 sedulo
1639 2621 1672 2646 et
1683 2625 1814 2657 operoso

1084 2661 1163 2703 apis,
1187 2660 1272 2692 succi
1297 2661 1385 2692 flores
1408 2670 1462 2702 per
1484 2659 1611 2690 humum
1633 2657 1814 2695 delibantis,

1084 2703 1187 2734 studio
1202 2708 1370 2744 comparat.
1407 2702 1512 2732 Multo
1526 2702 1604 2732 levat
1617 2710 1709 2737 aura,
1717 2699 1812 2740 vulgo

1082 2746 1252 2788 explicant,
1282 2745 1416 2775 multum
1443 2743 1536 2780 levat,
1565 2741 1620 2773 sed
1649 2741 1709 2772 hoc
1738 2741 1815 2773 latet

1080 2787 1146 2829 jam
1169 2787 1213 2823 in,
1238 2789 1335 2818 tendit
1353 2787 1463 2827 quoties
1481 2787 1514 2816 in
1529 2786 1604 2815 altos
1619 2789 1735 2815 tructus
1754 2795 1814 2814 nu-

1083 2832 1186 2866 bi11m;
1211 2829 1274 2860 imo
1295 2835 1357 2859 tarn
1380 2827 1459 2869 apis,
1477 2827 1528 2858 cui
1551 2825 1628 2857 levis
1648 2830 1680 2856 et
1699 2825 1813 2866 exigua

1085 2878 1205 2902 tantum
1221 2872 1259 2901 ad
1274 2870 1440 2902 volandum
1456 2879 1532 2900 aura
1549 2878 1628 2910 opus
1644 2873 1702 2902 est,
1717 2877 1812 2908 quam

1082 2920 1181 2955 poetae
1191 2912 1390 2946 sublimioris,
1400 2911 1454 2952 qui
1470 2912 1564 2942 mrilto
1575 2910 1686 2952 spiritu
1703 2909 1812 2950 agitari

1082 2957 1184 2992 debet,
1199 2961 1341 2997 respectu
1358 2954 1475 2990 habito,
1487 2964 1564 2983 aura
1574 2953 1641 2989 illa,
1652 2961 1812 2994 perquam
