1904 3314
300 202 385 242 490

793 200 1325 243 EPISTOLARUM

412 302 612 344 Moribus
636 302 881 358 Amphion3
913 310 960 344 tu
982 303 1086 345 cede
1107 303 1295 357 potentis
1317 303 1438 344 amici

324 369 381 409 45
411 369 603 411 Lenibus
626 370 838 424 imperiis3
871 370 1126 423 quotiesque
1147 369 1302 410 educet
1323 370 1366 410 in
1386 383 1513 423 agros

410 434 570 476 AEtolis
592 443 768 477 onerata
787 435 925 490 plagis
940 436 1135 490 jumenta
1156 449 1384 489 canesque,

411 501 550 556 Surge
571 509 615 543 et
635 502 875 543 inhumanae
898 503 1062 543 senium
1082 503 1251 556 depone
1273 502 1506 550 Camoenae,

410 568 566 610 Coenes
587 576 635 610 ut
656 570 818 623 pariter
836 567 1056 622 pulmenta
1075 568 1294 609 laboribus
1315 575 1440 609 emta.

410 635 616 676 Romanis
639 634 823 676 solemne
843 635 943 675 viris
965 648 1088 688 opus,
1112 633 1214 674 utile
1237 633 1358 674 famae

325 702 381 742 50
410 701 612 756 Vitaeque
634 709 677 744 et
697 702 897 743 membris
917 718 925 751 ;
957 701 1197 755 praesertim
1217 714 1312 741 cum
1333 700 1474 741 valeas
1495 706 1539 741 et

409 767 494 808 Vel
514 781 643 808 cursu
664 782 868 821 superare
889 781 1036 807 canem
1055 765 1122 806 vel
1142 766 1304 806 viribus
1326 780 1477 819 aprum

411 833 584 884 Possis3
618 834 744 883 adde,
765 833 900 874 virilia
919 833 1036 886 quod
1059 832 1294 885 speciosius
1317 846 1432 872 arma

410 900 512 940 Non
534 907 599 941 est
619 901 693 954 qui
714 906 867 940 tractet
888 899 1001 951 (scis,
1025 912 1110 952 quo
1132 897 1314 939 clamore
1335 912 1504 939 coronae

412 966 571 1008 Proelia
593 968 802 1008 sustineas
824 965 1092 1019 campestria)
1111 981 1119 1013 ;
1153 964 1336 1017 denique
1359 978 1512 1005 saevam

325 1033 379 1074 55
410 1033 608 1074 Militiam
629 1047 738 1088 puer
758 1039 801 1073 et
823 1031 1081 1072 Cantabrica
1100 1029 1213 1071 bella
1233 1029 1383 1078 tulisti,

410 1097 502 1138 Sub
524 1098 648 1147 duce,
671 1098 745 1151 qui
766 1096 934 1150 templis
957 1095 1216 1136 Parthorum
1238 1095 1358 1149 signa
1378 1094 1521 1148 refigit

410 1164 556 1212 Nunc,
578 1170 636 1212 et,
659 1164 694 1203 si
714 1164 816 1217 quid
839 1164 975 1211 abest,
999 1161 1115 1202 Italis
1138 1161 1357 1215 adjudicat
1376 1162 1518 1202 armis.

409 1229 476 1271 Ac
498 1229 566 1282 (ne
588 1236 630 1270 te
652 1229 846 1270 retrahas
869 1236 912 1270 et
932 1228 1234 1269 inexcusabilis
1255 1229 1432 1281 abstes),

409 1297 614 1344 Quamvis
636 1296 693 1338 nil
714 1303 837 1337 extra
857 1310 1078 1336 numerum
1101 1295 1253 1335 fecisse
1274 1295 1532 1349 modumque

322 1364 379 1405 60
408 1363 559 1411 Curas,
581 1363 795 1403 interdum
815 1362 989 1415 nugaris
1011 1375 1111 1401 rure
1131 1368 1337 1414 paterno:

408 1429 600 1470 Partitur
619 1428 767 1469 lintres
788 1427 1002 1469 exercitus
1021 1443 1030 1477 ;
1062 1425 1190 1467 Actia
1210 1441 1355 1481 pugna

294 1565 499 1597 severioribus
515 1565 618 1607 <operi
629 1564 761 1603 rustico)
777 1564 924 1599 adsueto;
943 1562 1027 1605 apud

295 1608 475 1638 Lucretium
499 1617 624 1649 quoque
648 1618 677 1644 v,
705 1608 797 1643 1356,
813 1606 956 1647 agricolae
979 1605 1026 1635 di·

296 1655 411 1680 cuntur
426 1652 529 1680 severi.

338 1693 390 1722 46.
413 1691 532 1726 AEtolis,
556 1691 715 1733 epitheton
738 1700 864 1725 ornans,
885 1693 1028 1730 respectu

297 1732 402 1764 habito
421 1734 580 1774 Meleagri,
600 1733 679 1774 regis
703 1732 843 1767 AEtoliae,
863 1742 955 1772 quem
979 1730 1028 1761 in·

295 1781 418 1815 gentem
442 1785 548 1817 aprum
573 1774 784 1815 Calydonium
809 1774 927 1816 cepisse
950 1783 1026 1804 con-

296 1822 377 1848 stat:
402 1817 496 1848 Ovid.
512 1818 591 1848 Met.
606 1816 670 1854 viii,
686 1818 749 1847 270
763 1826 833 1857 sqq.

338 1860 391 1889 47.
419 1860 455 1889 Et
472 1861 640 1890 inhumanat
655 1861 768 1889 senium
786 1861 895 1898 depone
912 1858 1026 1888 Camoe-

295 1912 351 1935 me,
370 1906 400 1931 et
421 1901 542 1943 depone
565 1901 789 1934 morositatem,
812 1910 876 1941 qua
898 1898 1027 1930 versaris

295 1941 327 1972 in
350 1943 461 1973 studiis
481 1953 498 1972 a
522 1943 668 1974 comitate
684 1949 716 1973 et
733 1942 883 1973 facilitate
905 1941 1027 1972 alienis.

294 1984 428 2020 Senium,
443 1986 482 2015 de
498 1985 588 2015 senili
606 1984 794 2022 morositate,
813 1990 843 2015 et
858 1983 967 2014 tetrica
981 1993 1029 2013 se-

295 2026 432 2061 veritate.
462 2031 498 2056 ut
533 2028 617 2057 triste
650 2028 765 2057 senium
799 2037 912 2056 morum
942 2025 1024 2066 apud

295 2069 406 2098 Senec.
422 2067 550 2109 Hippol.
564 2078 594 2098 v.
610 2069 686 2098 917.

338 2111 390 2140 48.
407 2110 578 2144 Fomenta,
590 2119 626 2140 ex
643 2119 736 2140 carne
749 2108 848 2139 ferina
861 2108 1023 2140 confecta:

294 2151 337 2182 cf.
350 2161 418 2192 sup.
434 2152 473 2182 ad
489 2153 556 2182 Sat.
574 2151 606 2186 ii,
623 2152 655 2185 2,
670 2152 725 2181 34.
772 2151 872 2186 Emta,
894 2155 1024 2191 parata:

293 2203 363 2235 sup.
380 2193 478 2234 Epist.
494 2193 515 2230 i,
531 2195 563 2228 2,
578 2195 629 2227 55,
646 2194 756 2232 Sperne
768 2194 952 2232 voluptates.-
972 2203 1024 2222 uo-

294 2242 339 2266 ret
354 2242 429 2266 emta
445 2237 543 2266 dolore
559 2237 703 2274 voluptas.

339 2279 391 2308 49.
415 2278 506 2316 Opus,
522 2288 567 2308 sc.
583 2276 700 2312 venari,
715 2274 848 2306 venatio.

339 2321 393 2349 52.
417 2321 512 2354 Adde,
537 2320 641 2350 virilia
668 2319 756 2358 quod,
781 2322 854 2348 cett.
897 2317 1025 2356 Junge:

295 2363 382 2396 adde,
399 2364 474 2401 qnod
490 2372 548 2392 non
565 2366 606 2391 est
627 2362 679 2401 qui
697 2371 781 2389 arma
796 2360 900 2389 virilia
918 2365 1026 2389 tractet

293 2405 458 2442 speciosius,
486 2413 529 2433 sc.
555 2408 605 2440 te;
633 2402 790 2442 eleganter
815 2406 918 2431 autern
947 2399 1027 2431 dixit

293 2446 459 2484 speciosius,
475 2444 548 2486 quia
561 2444 692 2486 species,
703 2448 814 2479 status,
828 2446 891 2478 ara,
908 2449 939 2473 et
949 2442 1024 2473 dex-

296 2487 400 2518 teritas
414 2496 566 2517 armorum
581 2484 811 2517 tractandorum
832 2484 864 2515 in
881 2489 1025 2526 spectan-

295 2529 372 2560 tium
387 2529 495 2559 oculos
508 2527 649 2559 incurrit.

337 2572 390 2602 53.
430 2571 495 2605 Quo
526 2571 663 2604 clamore,
693 2579 756 2610 qua
790 2567 1025 2605 acclamatione,

294 2623 356 2655 quo
378 2613 545 2660 applausu,
563 2623 684 2647 coronae,
701 2622 746 2642 sc.
768 2616 977 2652 spectatorum
997 2615 1025 2641 te

295 2656 501 2694 cingentium.

337 2697 390 2728 54.
417 2697 612 2736 campestria,
629 2694 858 2726 exercitationis
880 2703 974 2725 causa
991 2693 1025 2724 in

294 2740 414 2780 Campo
444 2737 560 2768 Martio
590 2743 741 2778 pugnata.
792 2737 874 2767 Saeva
903 2737 1024 2772 militia,

290 2782 356 2823 jam
370 2780 537 2828 opponitur
549 2779 720 2811 incruentis
731 2778 763 2808 in
777 2779 896 2820 Campo
905 2777 1022 2809 exerci-

294 2823 475 2855 talionibus-

336 2867 389 2896 55.
414 2866 595 2895 Cantabrica
610 2864 707 2894 bella:
731 2861 793 2893 vid.
814 2862 854 2892 ad
878 2861 979 2903 Epist.
1000 2861 1023 2898 i,

295 2910 345 2942 12,
362 2908 416 2938 26.
1009 2917 1012 2919 >

335 2951 387 2981 56.
418 2950 479 2980 Sub
515 2949 599 2986 duee,
637 2947 790 2987 Augusto,
823 2947 874 2986 qui
910 2948 1011 2986 templi

1075 1563 1257 1593 Parthorum
1282 1563 1369 1602 signa
1389 1562 1491 1603 refigit
1515 1561 1630 1593 Nunc:
1654 1571 1725 1604 sup.
1740 1561 1804 1593 Od·

1071 1604 1111 1639 iv,
1134 1605 1183 1639 15,
1199 1605 1230 1642 6,
1246 1605 1285 1634 Et
1297 1606 1385 1645 signa
1399 1610 1496 1634 nostro
1507 1605 1642 1635 restituit
1655 1604 1803 1646 (Augus-

1070 1644 1139 1685 tus)
1169 1647 1250 1683 Jovi,
1286 1647 1418 1686 Derepta
1454 1647 1638 1677 Parthorum
1671 1647 1807 1686 anper-his

1075 1689 1223 1719 Postibus.

1113 1731 1166 1761 57.
1189 1731 1222 1760 Si
1249 1731 1322 1770 quid
1350 1731 1440 1765 abest,
1468 1728 1494 1759 si
1519 1739 1583 1770 qua
1606 1735 1687 1760 terra
1708 1733 1805 1760 restat

1072 1773 1209 1802 nondum
1247 1771 1356 1802 ditioni
1402 1773 1612 1802 Romanorum
1650 1771 1804 1813 subjecta.

1071 1814 1219 1845 Horatius
1252 1813 1390 1845 innuisse
1419 1813 1540 1844 videtur
1567 1812 1711 1844 Bentleio
1742 1813 1803 1844 Ar-

1069 1856 1216 1893 meniam,
1230 1855 1338 1887 eodem
1354 1865 1448 1891 anno,
1462 1864 1526 1896 quo
1539 1854 1628 1895 signa.
1642 1865 1661 1886 a
1676 1855 1803 1886 Parthis

1071 1904 1194 1939 recepta
1239 1903 1324 1932 sunt.
1367 1902 1576 1939 expugnatam
1612 1906 1644 1927 a.
1685 1897 1724 1929 U.
1761 1897 1802 1929 C.

1074 1951 1259 1971 nccxxxrv.
1275 1940 1363 1970 Italis
1372 1939 1802 1979 adjudicatarm.is,armorum

1071 1982 1099 2012 vi
1119 1992 1222 2023 parere
1239 1983 1330 2024 jubet
1348 1980 1475 2023 (Italis)
1494 1981 1640 2012 Romano
1660 1980 1800 2023 imperio,

1068 2025 1114 2055 vel
1136 2034 1242 2065 parere
1263 2025 1371 2066 (Italis
1391 2021 1501 2062 armis)
1524 2021 1660 2054 Romani
1678 2022 1801 2066 imperii

1069 2066 1228 2107 potentiae.

1111 2109 1249 2139 58—60.
1274 2108 1322 2138 Ne
1344 2113 1372 2138 te
1394 2107 1542 2142 retrahas,
1563 2111 1639 2138 cett.
1683 2105 1802 2136 Sensus

1071 2149 1164 2191 hujus
1188 2149 1260 2186 loci,
1282 2155 1318 2180 ut
1339 2149 1415 2179 mihi
1432 2149 1565 2182 videtur.
1585 2153 1632 2179 est
1655 2146 1727 2179 hic:
1750 2157 1800 2183 ac,

1069 2201 1108 2222 ne
1129 2197 1159 2222 te
1183 2201 1202 2221 a
1225 2191 1391 2222 venatione
1413 2201 1485 2222 cum
1509 2190 1678 2232 potentiore
1699 2189 1802 2220 amico

1069 2231 1193 2263 retineri
1203 2233 1340 2274 patiaris,
1351 2238 1383 2263 et
1392 2233 1521 2268 ratione,
1531 2243 1603 2273 quae
1616 2231 1800 2272 neutiquam

1069 2279 1098 2305 te
1117 2281 1244 2305 excuset
1275 2274 1423 2304 inductus
1446 2273 1486 2304 ah
1508 2283 1545 2305 ea
1568 2273 1664 2310 absis,
1686 2272 1801 2313 cogita,

1069 2326 1186 2356 quaeso,
1216 2321 1246 2346 te
1275 2315 1389 2356 ipsum,
1418 2314 1562 2356 quamvis
1590 2315 1630 2345 ab
1656 2325 1694 2346 eo
1714 2314 1800 2355 quod

1068 2359 1158 2388 decet
1179 2363 1210 2388 et
1232 2363 1349 2388 rectum
1372 2362 1419 2387 est
1441 2356 1524 2387 haud
1547 2356 1638 2387 facile
1659 2355 1798 2392 recedas,

1069 2409 1295 2440 nonnunquam
1311 2398 1430 2429 ludicra
1443 2409 1511 2429 rure
1520 2403 1650 2440 paterno
1659 2403 1800 2430 tractare.

1069 2443 1106 2472 Se
1125 2443 1288 2477 retrahere,
1310 2451 1373 2472 rem
1397 2440 1535 2481 aliquam
1557 2449 1577 2470 a
1597 2450 1630 2472 se
1652 2444 1800 2477 avertere,

1068 2484 1111 2514 rei
1134 2483 1227 2514 alicui
1252 2493 1284 2514 se
1308 2482 1492 2518 subducere,
1515 2492 1548 2514 re
1573 2481 1681 2524 aliqua
1702 2482 1799 2513 absti-

1067 2535 1151 2560 nere,
1176 2525 1270 2567 plane
1293 2530 1326 2555 ut
1348 2535 1417 2560 nos,
1441 2525 1503 2555 sich
1524 2535 1578 2555 von
1601 2527 1683 2555 einer
1707 2523 1799 2555 Sus-he

1068 2568 1181 2598 zurilck
1197 2569 1300 2597 ziehn:
1325 2566 1447 2598 Catull.
1467 2576 1540 2603 xxx,
1559 2567 1592 2602 9,
1614 2566 1698 2598 Idem
1716 2576 1799 2597 nunc

1067 2611 1197 2640 retrahis
1210 2615 1248 2640 te.

1111 2653 1162 2682 59.
1182 2652 1278 2682 Extra
1290 2661 1446 2681 numerum
1460 2651 1646 2690 modumque.
1685 2647 1799 2679 Nume-

1069 2704 1121 2724 rus
1135 2701 1162 2724 et
1174 2696 1275 2724 modus
1286 2698 1359 2723 sunt
1371 2691 1490 2734 proprie
1501 2691 1664 2733 rhythmus
1675 2695 1706 2721 et
1720 2689 1797 2722 certi

1069 2736 1176 2778 pedes,
1205 2735 1320 2776 quibus
1347 2744 1453 2765 versus
1476 2731 1689 2775 componitur:
1711 2738 1797 2763 extra

1066 2789 1222 2808 numerum
1250 2779 1433 2817 modumque,
1462 2782 1548 2806 extra
1581 2782 1719 2805 normam
1754 2773 1797 2804 ad

1066 2830 1160 2861 quam
1177 2819 1297 2860 aliquid
1316 2817 1397 2858 exigi
1417 2817 1528 2856 debet3
1549 2815 1628 2848 etin
1648 2815 1706 2846 hoc
1723 2815 1795 2856 qui-

1065 2862 1134 2893 dem
1151 2862 1231 2895 loco,
1252 2866 1362 2907 praeter
1374 2860 1531 2894 decorum,
1551 2862 1662 2900 praeter
1674 2867 1711 2888 ea
1724 2867 1795 2899 quse

1063 2905 1186 2938 decent,
1198 2908 1229 2934 et
1238 2902 1295 2934 tibi
1304 2901 1504 2934 conveniunt.
1530 2900 1795 2937 Fecisse-ouras,

1065 2946 1164 2977 facere
1180 2945 1275 2976 soles.
