1904 3314
342 177 427 219 542

655 177 1020 220 EPISTOLA
1065 178 1160 220 AD
1206 176 1528 220 PISONES.

461 276 593 319 Musa
613 277 733 318 dedit
752 277 912 319 fidibus
933 277 1069 319 Divos
1090 292 1331 332 puerosque
1354 277 1560 326 Deorum,

464 342 524 384 Et
543 342 730 398 pugilem
750 344 964 394 victorem,
986 351 1029 384 et
1049 358 1205 398 equum
1225 342 1452 385 certamine
1471 343 1667 397 primum,

378 410 433 450 85
464 409 524 450 Et
539 410 744 464 juvenum
764 424 902 460 curaS,
925 418 968 451 et
988 410 1121 451 libera
1141 412 1236 451 vina
1255 410 1430 451 referre.

521 475 774 530 Descriptas
796 491 964 518 servare
985 478 1097 518 vices
1119 491 1380 531 operumque
1401 475 1580 524 colores,

464 541 553 582 Cur
573 556 668 596 ego,
692 543 728 582 si
748 557 913 596 nequeo
933 544 1181 597 ignoroque,
1204 550 1332 597 poeta
1354 541 1542 583 salutor?

464 607 553 648 Cur
573 608 748 658 nescire,
771 609 938 662 pudens
959 623 1104 662 prave,
1126 623 1251 662 quam
1272 609 1436 649 discere
1455 606 1594 648 malo?

463 673 675 715 Versibus
696 675 854 728 exponi
875 675 1044 729 tragicis
1066 689 1134 715 res
1156 676 1314 716 comica
1334 689 1419 715 non
1438 673 1552 714 vult:

379 740 435 780 90
465 739 719 794 Indignatur
739 741 839 781 item
858 741 1033 794 privatis
1055 755 1103 782 ac
1124 755 1258 795 prope
1280 755 1404 782 socco

465 806 620 859 Dignis
641 806 898 846 carminibus
919 807 1081 847 narrari
1101 821 1224 847 coena
1243 806 1475 860 Thyestae:

466 870 643 925 Singula
663 886 844 925 quaeque
864 871 1004 912 locum
1025 879 1196 913 teneant
1217 873 1366 912 sortita
1386 873 1602 913 decenter.

465 937 686 978 Interdum
706 943 844 978 tamen
867 944 910 978 et
929 952 1075 978 vocem
1096 938 1305 978 comoedia
1324 937 1446 987 tollit,

465 1002 691 1056 Iratusque
714 1003 918 1044 Chremes
941 1004 1103 1044 tumido
1125 1003 1318 1057 delitigat
1339 1017 1438 1044 ore:

379 1070 435 1110 95
465 1069 525 1109 Et
547 1070 732 1123 tragicus
753 1069 1004 1122 plerumque
1027 1069 1143 1110 dolet
1165 1083 1356 1110 sermone
1377 1069 1580 1123 pedestri.

465 1134 687 1188 Telephus
708 1142 750 1175 et
774 1133 943 1184 Peleus,
966 1149 1098 1188 quum
1118 1149 1281 1189 pauper
1302 1142 1345 1176 et
1365 1133 1502 1184 exsul,
1524 1141 1704 1188 uterque

353 1280 463 1312 comici
477 1290 570 1322 quam
585 1281 706 1322 tragici.
751 1282 866 1317 Soccus,
881 1280 1085 1312 calceamenti

353 1333 451 1364 genus
470 1322 628 1358 humilius,
645 1333 707 1364 quo
728 1323 875 1360 comoedi,
888 1328 919 1354 et
932 1324 1083 1358 cothurni,

354 1365 557 1395 calceamenti
573 1375 671 1404 genus
694 1365 840 1405 grandius
855 1371 885 1396 et
899 1364 1004 1400 altius,
1022 1375 1084 1406 quo

355 1406 487 1447 tragoedi
509 1406 542 1436 in
571 1416 665 1437 scena
689 1407 735 1437 uti
763 1408 916 1442 solebant,
938 1406 1050 1447 jarnp
1033 1417 1084 1446 pro

353 1448 508 1478 comoedia
526 1454 558 1479 et
575 1448 738 1489 tragoedia‚
753 1454 785 1479 et
799 1449 926 1490 quidem
942 1448 1085 1489 pulcher-

353 1489 429 1520 rime
457 1495 490 1521 et
521 1490 839 1521 accommodatissime
874 1490 913 1520 ad
942 1491 1083 1526 iambum,

354 1541 459 1572 quem,
491 1538 526 1562 ut
551 1534 664 1571 pedem,
698 1532 765 1574 jam
793 1535 866 1563 socci
892 1537 924 1563 et
947 1513 1085 1562 cothurni

354 1575 461 1613 cepisse
473 1572 631 1605 dicuntur.

396 1616 449 1651 81,
477 1616 530 1645 82.
566 1615 702 1646 Alternis
745 1621 848 1655 aptum
891 1617 1084 1651 sermonibus,

355 1660 429 1687 cett.
456 1657 560 1691 Quam
571 1657 631 1687 vim
644 1657 766 1687 iamb¹-s
779 1657 810 1687 in
821 1656 1085 1687 sermocinationi-

356 1697 418 1728 bus
442 1698 573 1728 scenicis
602 1699 726 1734 habeat,
751 1704 783 1729 et
805 1698 960 1739 quomodo
991 1698 1086 1729 iambi

357 1749 414 1770 usu
451 1741 659 1787 spectatorum
693 1740 845 1787 strepitus
874 1740 983 1770 fortius
1019 1751 1086 1781 per-

357 1781 454 1817 vinci,
469 1781 630 1828 supprimi,
646 1787 678 1812 et
694 1782 846 1830 compesci
862 1782 968 1823 possit,
983 1781 1014 1812 id
1031 1793 1086 1813 au-

358 1823 443 1853 ribus
469 1833 568 1863 magis
598 1824 714 1866 percipi
738 1834 832 1864 quam
861 1824 962 1854 verbis
986 1823 1090 1855 doceri

358 1870 479 1911 potest3
503 1865 576 1895 hinc
592 1868 707 1896 iambus
722 1866 823 1896 factus
837 1871 869 1897 et
883 1873 973 1897 natus
988 1866 1027 1897 ad
1043 1877 1090 1898 res

359 1916 393 1936 m
405 1916 500 1938 scena
515 1909 651 1947 agendas
665 1907 790 1938 dicitur.

402 1949 454 1978 83.
479 1948 615 1984 Fidibus,
638 1949 724 1990 lyrae,
753 1948 913 1980 testudini.
962 1950 1088 1981 Pueros-

359 2000 414 2029 que
438 1990 581 2026 Deorum,
604 1991 733 2021 heroes:
757 2001 828 2032 sup.
851 1991 913 2022 Od.
931 1992 974 2027 iv,
996 1993 1028 2028 2,
1051 1995 1089 2023 14

359 2031 467 2062 heroes
483 2038 633 2062 vocantur
649 2033 778 2063 Deorum
792 2036 925 2080 sanguis.

403 2074 458 2103 84.
481 2073 523 2103 Et
543 2076 674 2120 pugilem
696 2077 845 2110 victorem,
859 2075 890 2105 in
907 2075 988 2105 ludis
1003 2075 1088 2106 Isth-

359 2114 450 2145 micis
466 2119 497 2145 et
513 2114 704 2162 OlympiciS.
730 2116 770 2146 cf.
785 2126 852 2156 sup.
869 2117 932 2147 Od.
949 2117 992 2151 iv,
1008 2118 1040 2151 3,
1057 2119 1089 2147 3.

360 2156 524 2187 Horatium
546 2156 579 2187 in
601 2157 659 2187 hoc
682 2167 770 2187 versu
788 2157 956 2188 Pindarum
980 2159 1088 2199 praeci-

359 2208 431 2239 pue,
446 2204 478 2228 et
498 2204 646 2239 sequente
668 2207 758 2228 versu
781 2199 926 2246 Sapphus
947 2205 978 2229 et
1002 2200 1088 2230 Ana-

358 2239 491 2270 creontis
506 2240 642 2270 carmina
658 2240 757 2280 lyrica
771 2240 949 2282 respexisse,
960 2241 1091 2281 quilibet

359 2281 453 2328 videt.
499 2282 616 2322 Equum
634 2284 793 2312 certamine
812 2285 966 2322 primum‚·
989 2293 1089 2323 equus

359 2322 441 2354 enim
464 2322 496 2352 in
519 2324 685 2354 certamine
699 2324 806 2360 victor,
820 2324 912 2354 simul
935 2334 1005 2354 cum
1021 2324 1085 2355 vic-

359 2370 424 2395 tore
449 2365 599 2395 celebrari
628 2366 766 2396 solebat:
798 2348 862 2397 'vid.
886 2367 1024 2408 Interpp.
1047 2366 1087 2396 ad

359 2406 456 2438 Pind.
471 2407 533 2447 Oly
514 2417 598 2456 ymp.
613 2406 635 2443 i,
652 2407 705 2437 29.

402 2449 456 2479 85.
479 2448 683 2496 Etjuoe113zm
708 2460 809 2484 curas,
835 2459 972 2488 amores;
1004 2460 1087 2486 nam,

359 2494 393 2520 ut
414 2489 547 2520 Ovidius
571 2490 655 2520 canit
678 2491 825 2532 (Heroid.
844 2491 865 2529 i,
882 2490 952 2530 12),
967 2492 1026 2522 Res
1045 2499 1085 2523 est

357 2533 479 2563 solliciti
499 2533 589 2571 plena
611 2534 722 2563 timonis
739 2544 834 2563 amor.
878 2533 988 2564 Libera
1004 2536 1085 2570 vina,

359 2578 395 2603 ut
414 2583 485 2615 sup.
508 2573 571 2604 Od.
595 2573 639 2610 iii,
667 2575 716 2609 18,
740 2575 771 2610 6,
795 2577 866 2605 vina
891 2576 990 2616 larga,
1016 2587 1086 2617 quae

358 2615 487 2646 liberius
508 2621 539 2645 et
561 2598 676 2656 largius
697 2616 868 2647 bibuntur'
861 2627 894 2646 ιιι
909 2617 989 2648 laetis
1003 2628 1086 2648 com-

358 2656 580 2698 potationibus.
635 2659 716 2688 Sunt
739 2658 793 2705 qui
820 2661 888 2689 vina
916 2659 1008 2690 libera
1034 2670 1086 2690 ex-

358 2698 487 2740 plicent,
502 2704 610 2740 pectus
625 2709 643 2729 a
657 2700 740 2729 curis
756 2699 932 2731 liberantia.

402 2741 540 2772 86-98,
571 2741 742 2782 Septimum
771 2743 989 2783 Praeceptum:
1027 2743 1088 2776 Qui

359 2784 515 2814 diversas
505 2794 536 2813 m
556 2784 670 2813 diverso
689 2785 855 2814 carminum
873 2794 982 2824 genere
998 2786 1087 2814 susti-

359 2826 472 2855 nendas
498 2830 597 2863 partes
622 2835 680 2854 non
709 2831 871 2865 'perspectas
897 2826 1005 2862 habet,·
1038 2829 1088 2866 qui

358 2877 443 2896 suam
464 2868 568 2906 cuique
590 2868 717 2897 carmini
740 2874 882 2897 naturam
908 2874 936 2897 et
951 2868 1087 2907 sormam

356 2909 484 2938 induero
510 2919 567 2938 non
598 2910 730 2945 dido-iu
771 2910 821 2949 qui
850 2911 881 2938 in
909 2920 941 2939 re
969 2911 1087 2940 sublimi

1127 1283 1219 1321 serpit
1232 1282 1325 1318 humi,
1341 1283 1374 1312 in
1396 1292 1429 1312 re
1451 1282 1558 1312 humili
1579 1282 1689 1311 altiora
1707 1280 1828 1322 affectat
1843 1292 1854 1318 ‚-

1128 1325 1180 1363 qni
1197 1325 1314 1365 tragica
1328 1330 1355 1354 et
1370 1325 1480 1354 comica
1491 1325 1655 1362 permiscet,
1667 1329 1748 1358 cett„
1763 1325 1787 1353 is
1800 1324 1853 1353 ab-

1126 1367 1236 1395 stinere
1251 1366 1333 1396 debet
1348 1377 1367 1395 a
1381 1366 1542 1396 scribendis
1555 1366 1746 1396 carminibus.

1170 1408 1223 1442 86,
1250 1408 1302 1437 87.
1329 1407 1500 1447 Descriptus
1526 1417 1643 1437 servare
1667 1410 1754 1441 vices,
1781 1411 1856 1436 cett.

1128 1457 1184 1478 cur
1197 1458 1254 1495 ego
1270 1453 1368 1490 poetae
1392 1458 1504 1479 nomen
1526 1458 1608 1489 gero,
1624 1449 1650 1478 si
1667 1457 1722 1490 pro
1739 1447 1855 1494 ingenii

1128 1490 1280 1521 tenuitate
1296 1495 1351 1520 aut
1368 1500 1428 1520 non
1443 1499 1569 1531 possum
1583 1498 1705 1520 servare
1715 1493 1748 1520 et
1758 1488 1854 1524 obire,

1127 1541 1198 1571 quae
1226 1530 1382 1579 descripta
1411 1537 1510 1579 poetae
1538 1541 1667 1562 munera
1692 1530 1802 1572 (vices)
1823 1537 1856 1561 et

1126 1572 1255 1604 diversae
1271 1573 1345 1604 artis
1363 1573 1492 1622 poeticae
1507 1573 1627 1621 species
1643 1571 1786 1615 (colores)
1800 1583 1855 1604 ex·

1127 1613 1229 1654 igunt‚
1246 1620 1311 1650 aut,
1328 1625 1399 1656 quae
1413 1615 1552 1656 exigunt,
1568 1614 1699 1656 ignoro?

1171 1657 1223 1687 88.
1249 1657 1312 1687 Cur
1334 1659 1458 1693 nescir-,e
1474 1661 1548 1688 cett.
1592 1656 1658 1688 Cur
1677 1656 1718 1688 ob
1739 1656 1855 1703 impor-

1129 1702 1239 1728 tunum
1262 1698 1422 1746 pudor-‚em
1444 1709 1494 1730 me
1515 1697 1635 1739 aliquid
1655 1697 1807 1739 ignorare,
1823 1698 1856 1728 in

1130 1739 1188 1771 hac
1200 1740 1374 1780 ignorantia
1387 1746 1522 1782 perstare
1533 1745 1563 1771 et
1573 1750 1622 1771 me
1633 1740 1760 1804 turpiter
1773 1739 1858 1775 dare.

1129 1792 1223 1822 quam
1239 1782 1343 1822 quod'
1338 1792 1446 1821 ignoro
1457 1782 1574 1813 discere
1589 1782 1691 1813 malo.

1174 1825 1311 1855 89—91.
1337 1824 1472 1855 Versibus
1495 1826 1599 1863 aponi
1625 1825 1760 1865 tragicis,
1783 1828 1858 1855 cett.

1133 1865 1400 1913 Quemadmodum
1423 1876 1472 1897 res
1494 1865 1614 1897 comica
1634 1876 1696 1896 nou
1715 1865 1782 1896 vult
1802 1875 1855 1897 ex-

1131 1907 1203 1948 poni
1220 1907 1335 1948 tragica
1348 1907 1549 1942 sublimitate,
1561 1907 1604 1938 ita
1618 1913 1649 1938 et
1663 1913 1708 1938 tra
1731 1908 1792 1942 ica,
1803 1917 1857 1938 ex·

1130 1949 1224 1990 empli
1246 1959 1342 1980 causa
1364 1949 1497 1980 nefanda
1519 1949 1573 1980 illa
1593 1959 1687 1981 coena
1676 1917 1858 1990 ra{hyesme

1131 2001 1236 2021 versus
1260 1991 1425 2033 (priuatos)
1451 1999 1561 2022 tenues
1583 1996 1615 2022 et
1635 1991 1698 2022 fere
1723 1991 1858 2022 comicos

1131 2033 1260 2074 respuit.
1306 2033 1450 2064 Privotts.
1485 2034 1628 2063 Carmina
1641 2035 1774 2073 pritata,
1789 2033 1860 2074 qui-

1132 2074 1190 2105 bus
1213 2085 1274 2105 non
1297 2085 1394 2115 regeS‚
1413 2074 1547 2116 tyranni,
1568 2074 1732 2124 principes,
1748 2074 1859 2109 duces,

1132 2116 1212 2146 sicut
1236 2117 1267 2146 in
1290 2117 1455 2156 tragoedia,
1471 2117 1524 2148 sed
1535 2119 1661 2156 privam
1673 2116 1744 2147 vitae
1760 2116 1859 2147 homi-

1132 2168 1187 2188 nes
1209 2158 1445 2196 describuntur-3
1473 2168 1546 2199 ergo
1569 2157 1742 2188 humilioris
1766 2167 1858 2198 argu-

1132 2200 1248 2230 menti·
1241 2210 1359 2239 p,›ope
1379 2211 1458 2231 socco
1478 2201 1595 2240 Digna.
1614 2200 1653 2230 ad
1678 2204 1859 2240 argumenta

1132 2251 1216 2312 guae.
1225 2241 1257 2271 in
1281 2241 1434 2272 comoedia
1454 2247 1626 2272 tractantur
1649 2251 1744 2284 prope
1768 2251 1857 2272 acce-

1155 2283 1250 2313 entia.
1295 2283 1385 2313 Caena
1405 2283 1549 2324 Thyeste,
1565 2283 1617 2313 ubi
1638 2286 1752 2314 Atreus
1774 2283 1860 2313 fratri

1129 2324 1272 2366 Thyestae
1290 2324 1409 2355 occisos
1432 2334 1552 2366 puemS.
1573 2334 1654 2366 quos
1675 2324 1726 2356 hic
1744 2324 1857 2355 furtivo

1131 2376 1233 2396 amore
1255 2376 1294 2396 ex
1319 2367 1447 2407 AErope,
1471 2366 1558 2397 Atrei
1580 2376 1688 2402 uxore,
1714 2376 1857 2408 procrea-

1130 2414 1227 2445 verat,
1244 2408 1416 2448 epulandos
1432 2407 1583 2449 apposuit.

1173 2451 1226 2480 92.
1248 2450 1377 2490 Singula
1398 2460 1526 2497 ngaeque,
1541 2455 1614 2480 cett.
1633 2449 1757 2491 singula
1772 2460 1856 2491 quae-

1129 2502 1190 2532 que
1219 2492 1321 2522 locum
1358 2491 1432 2522 sorti
1461 2491 1614 2532 cujusque
1640 2492 1858 2523 convenienter

1129 2533 1359 2574 occupandum,
1376 2538 1411 2563 ut
1425 2533 1526 2570 decet,
1540 2538 1677 2565 teneant.

1173 2576 1311 2606 93-98.
1334 2575 1492 2606 Interdum
1512 2581 1622 2611 tamen,
1638 2579 1713 2606 cett.
1755 2575 1857 2606 Inter-

1130 2617 1205 2648 dum
1221 2617 1314 2648 etiam
1331 2617 1363 2647 in
1377 2615 1544 2652 comoedia.
1560 2627 1630 2648 cum
1648 2615 1750 2658 prodit
1765 2617 1858 2647 homo

1131 2659 1263 2700 graviter
1290 2665 1475 2692 commotus,
1505 2658 1607 2688 locum
1641 2658 1735 2690 habet
1762 2658 1859 2689 oratio

1131 2700 1333 2738 concitatior,
1365 2700 1438 2731 hinc
1463 2699 1612 2731 Chremes
1635 2700 1719 2742 apud
1740 2700 1857 2731 Teren-

1131 2743 1208 2774 tium
1234 2743 1370 2783 (Heaut.
1388 2742 1462 2773 Act.
1477 2740 1526 2782 v),
1549 2741 1596 2772 ira
1615 2747 1751 2779 tumens,
1771 2741 1860 2772 saevit

1131 2790 1162 2816 et
1183 2784 1302 2824 litigat:
1329 2783 1482 2814 interdum
1504 2785 1518 2823 (
1522 2784 1706 2824 phet-nmque
1726 2783 1767 2814 cf.
1787 2793 1858 2824 sup.

1131 2837 1160 2856 ν.
1179 2828 1218 2856 14
1223 2825 1250 2866 ,)
1273 2827 1319 2867 (et
1340 2825 1518 2867 tragicus)'
1510 2835 1542 2856 m
1565 2821 1717 2866 tffigoedia
1730 2835 1858 2874 quoque

1131 2878 1272 2909 persona,
1298 2868 1329 2898 in
1357 2877 1483 2898 scenam
1532 2867 1670 2902 roducta,
1696 2866 1859 2897 humiliore

1131 2908 1296 2950 (pedestri)
1313 2918 1451 2940 sermone
1471 2908 1511 2939 do
1523 2919 1604 2940 orem
1627 2907 1789 2950 exprimit3
1812 2907 1856 2938 sic
