1884 3288
651 202 879 246 LIBER
910 203 946 254 Ι,
978 205 1048 246 38.

426 305 602 348 Privata
623 306 783 348 deduci
807 307 1000 360 superbo

484 373 589 416 Non
610 373 784 416 humilis
807 373 961 416 mulier
982 374 1220 429 triumpho.

555 573 835 616 CARMEN
870 573 1147 617 XXXVIII.

675 725 743 757 AD
779 725 1030 757 PUERUM.

367 842 591 884 PERsmos
613 842 702 893 odi,
725 857 849 898 puer,
872 843 1138 898 adparatus;

364 910 616 967 Displicent
636 926 762 952 nexae
784 910 957 966 philyra
977 926 1150 954 coronae
1167 931 1178 964 ;

366 980 499 1022 Mitte
522 979 692 1030 sectari,
716 994 816 1021 rosa
836 995 924 1034 quo
945 979 1141 1022 locorum

773 1047 882 1090 Sera
902 1056 1110 1092 moretur.

310 1117 338 1157 5
369 1115 563 1171 Simplici
582 1123 724 1172 myrto
745 1116 853 1158 nihil
874 1116 1107 1159 adlabores

366 1184 558 1226 Sedulus
580 1199 721 1236 curae3
753 1199 896 1240 neque
918 1193 962 1227 te
982 1186 1226 1228 ministrum

367 1252 572 1295 Dedecet
591 1259 776 1309 myrtus,
797 1267 941 1308 neque
961 1269 1030 1296 me
1053 1255 1135 1296 sub
1157 1262 1252 1296 arta

774 1320 878 1363 Vite
900 1322 1138 1364 bibentem.

74 1433 224 1467 Ceterum
241 1432 350 1466 mortis
361 1443 423 1476 ·per
446 1431 594 1475 aspidum
610 1441 734 1463 morsus
753 1441 830 1462 con-

11 1488 13 1490 ·
73 1476 165 1509 fleitae
190 1487 291 1519 genus
313 1476 399 1520 apud
425 1475 595 1518 AEgyptios
620 1475 707 1506 haud
731 1473 828 1505 infre-

73 1529 178 1562 quens
196 1532 209 1560 ·,
243 1519 290 1552 zie
328 1519 528 1552 Demetrium
567 1518 757 1550 Phalereum
795 1516 829 1548 in

76 1562 215 1606 AEgypti
228 1573 337 1604 regno,
354 1563 463 1606 aspide
486 1563 527 1593 ad
551 1572 665 1604 corpus
688 1561 828 1597 admota,

73 1605 140 1639 vita
161 1605 318 1649 privatum
338 1615 407 1637 esse
423 1611 528 1636 narrat
548 1604 663 1636 Cicero
685 1605 719 1636 in
736 1605 828 1635 Orat.

42 1649 47 1658 ’
72 1658 132 1700 pro
147 1649 188 1682 C·
203 1649 316 1681 Rabir.
329 1659 360 1680 c.
375 1650 409 1680 9.
446 1649 537 1680 Saevis
557 1647 701 1678 Liburnis
714 1649 829 1678 scilicet

19 1700 22 1702 ·
73 1693 216 1724 navidem
233 1692 363 1723 Privata
376 1692 487 1723 deduci
501 1692 628 1731 superbo
641 1690 710 1722 Non
726 1691 827 1721 humi-

75 1735 115 1766 lis
128 1737 243 1767 mulier
257 1735 424 1775 triumpho.
440 1733 474 1765 h.
487 1744 518 1765 e.
538 1733 685 1765 invidens
704 1733 830 1764 scilicet

74 1777 220 1810 hostibus
239 1777 323 1810 hauc
366 1777 490 1812 loriam,
506 1783 540 1808 ut
555 1777 667 1807 mulien·
689 1787 748 1807 non
767 1777 825 1807 hu-

75 1821 159 1853 milis
175 1821 227 1864 (h.
242 1831 275 1853 e.
291 1831 321 1852 m
366 1831 384 1852 o
399 1818 531 1862 regina)
548 1829 635 1850 nunc
650 1818 773 1862 privata
793 1819 826 1851 in

74 1863 276 1906 splendidum
292 1863 487 1906 triumphum
503 1862 722 1894 deduceretur.
764 1862 825 1894 Sce-

74 1908 122 1938 vis
135 1907 299 1943 Liburnis,
311 1907 447 1938 navibus
461 1906 526 1937 illis
541 1905 646 1948 parvis
661 1911 694 1936 et
708 1904 824 1936 veloci-

75 1949 196 1986 oribus.
220 1949 370 1992 qualibus
393 1948 528 1980 Liburni
551 1948 695 1990 inprimis
718 1948 828 1990 piratae

76 2002 163 2025 mare
171 1992 247 2024 olim
257 1992 483 2024 infestaverant
494 2004 502 2030 3
515 1991 582 2033 jam
593 2001 665 2022 vero
675 2001 748 2022 cum
760 1992 827 2022 Au-

15 2063 18 2066 *
75 2041 203 2078 gustus,
217 2035 267 2068 vel
282 2035 388 2079 potius
401 2034 556 2077 Agrippa,
572 2033 700 2075 egregia
719 2043 828 2065 earum

75 2088 172 2128 opera
181 2089 245 2111 non
256 2079 360 2110 solum
374 2077 509 2114 Antonii
522 2077 669 2113 classem,
682 2087 720 2108 ex
732 2087 827 2118 gran-

73 2120 218 2154 dntibus
231 2126 265 2154 et
277 2122 319 2153 ob
335 2121 448 2153 molem
463 2131 555 2152 suam
569 2119 674 2151 minus
690 2119 827 2161 agilibus

74 2164 213 2197 navibus
237 2164 439 2200 instructam,
463 2163 604 2199 vicisset,
632 2162 686 2194 sed
713 2162 825 2195 iisdem

73 2207 172 2240 etiam
194 2207 236 2240 ad
257 2206 505 2251 persequendam
529 2206 733 2248 Cleopatram
750 2217 827 2238 usus

7 2254 11 2290 ζ
69 2256 172 2287 anet,
189 2261 263 2283 cum
282 2249 402 2286 dilectu
418 2261 484 2293 pro,
499 2249 641 2281 hostibus
658 2248 826 2280 infestissi-

3 2317 6 2324 .
37 2295 49 2305 ”
74 2293 148 2332 mis,
161 2298 334 2337 ponuntur.
372 2294 504 2325 Privata
518 2294 641 2328 deduci,
656 2298 693 2323 ut
707 2292 829 2334 privata

0 2347 35 2367 ·.
75 2334 128 2379 (Ιι.
143 2347 175 2370 e.
189 2337 310 2380 perdito
325 2336 421 2378 regiae
436 2335 603 2378 dignitatis
619 2335 755 2375 honore)
773 2336 828 2367 de-

71 2379 255 2412 duceretur.
299 2381 487 2423 Opportune
508 2380 563 2412 Cl.
580 2379 714 2410 Mitsch.
738 2378 830 2410 affert

0 2422 7 2433 ν
41 2430 50 2449 ³
74 2421 182 2456 locum
191 2433 210 2456 e
220 2423 339 2455 Zenob.
348 2423 444 2464 Ceut.
454 2434 485 2460 v,
495 2423 612 2465 p.121‚
621 2421 697 2453 edit.
707 2422 829 2454 Schott.

62 2464 143 2503 23,ae
156 2467 222 2499 Κλ.
235 2465 415 2510 αἱρουμένη
429 2467 567 2508 μᾶλλον
583 2465 725 2507 ἐντίμως
740 2465 829 2497 ἀπο-

15 2516 45 2550 .⁵‘
58 2508 208 2551 ssfldwefv,
230 2510 252 2550 ἢ
271 2510 309 2543 ἐν
330 2509 477 2552 ἰδιωτικῇ
496 2508 589 2545 τάξει
607 2509 663 2540 ἐπὶ
686 2507 829 2551 θεάτρου

7 2584 9 2586 .
61 2549 321 2597 μίήμασθῆναι,
337 2553 476 2586 ἀνελεῖν
489 2551 619 2592 ἑαυτὴν
634 2551 810 2595 ἐμέλησεν.

46 2665 75 2673 ,γ-
237 2639 440 2672 CARMEN
465 2638 666 2670 XXXVIII.

121 2682 168 2716 Ut
180 2683 329 2716 ostendat
345 2687 450 2725 poeta,
465 2692 499 2713 se
517 2681 731 2713 conviviorum
748 2680 824 2712 sim-

48 2743 60 2766 =3
76 2728 79 2730 ’
115 2758 118 2759 γ
142 2725 151 2732 “
174 2730 219 2758 te
232 2725 335 2768 magis
348 2735 444 2767 quam
462 2723 630 2767 splendido
645 2735 752 2756 eorum
769 2734 826 2767 ap·

44 2767 46 2769 ¹
59 2770 188 2817 <putu
203 2767 367 2807 delectari,
382 2779 529 2811 puerum,
546 2768 599 2799 cui
615 2766 755 2799 convivii
771 2777 827 2809 ap-

55 2803 75 2837 >²
95 2815 98 2817 ’
114 2821 121 2835 ‘1
155 2811 210 2844 ndi
243 2823 354 2844 curam
391 2810 648 2846 demandaverat,
680 2820 829 2842 coronam

30 2848 109 2904 ᾟζ--εῗ
128 2853 277 2889 vivalem
299 2855 384 2888 haud
400 2865 439 2887 ex
461 2854 590 2886 floribus
604 2852 746 2896 undique
761 2859 828 2885 stu-

874 1429 962 1463 diose
985 1431 1187 1474 conquisitis,
1206 1431 1262 1465 sed
1284 1443 1323 1464 ex
1347 1433 1494 1476 simplice
1513 1441 1630 1478 myrto·

874 1481 1000 1506 nectere
1011 1476 1119 1518 jubet.

921 1519 1017 1550 1—4.
1035 1519 1171 1550 Persicos
1183 1521 1234 1550 oda·
1245 1521 1426 1560 adparatus.
1449 1521 1500 1551 De
1512 1520 1628 1551 Persa-

873 1570 941 1591 rum
966 1561 1044 1593 luxu
1068 1568 1101 1594 et
1125 1562 1362 1603 magnificentia
1383 1563 1417 1594 in
1437 1563 1629 1606 apparandis

873 1604 1028 1636 conviviis
1052 1605 1115 1636 vid.
1135 1606 1256 1637 Athen.
1282 1605 1324 1643 iv,
1346 1607 1383 1637 10
1407 1612 1439 1638 et
1465 1608 1524 1645 12;
1550 1605 1628 1638 Val.

874 1647 965 1678 Max.
981 1648 1025 1684 ix,
1042 1649 1055 1678 1
1073 1660 1081 1687 ς
1107 1649 1232 1679 AElian.
1251 1649 1295 1680 V.
1316 1650 1359 1680 H.
1375 1649 1440 1685 xiv,
1455 1650 1511 1680 34.
1538 1649 1629 1681 Nexae

870 1690 998 1731 philyra
1012 1702 1126 1722 coronae
1141 1691 1324 1723 convivales
1338 1702 1377 1722 ex
1389 1692 1484 1723 variis
1498 1691 1629 1723 floribus

872 1742 926 1773 per
942 1733 1096 1775 philyram
1112 1743 1276 1770 connexae.
1293 1745 1366 1775 quae
1381 1735 1456 1766 inde
1471 1734 1624 1766 diceban-

870 1780 921 1806 tur
934 1778 1049 1807 sutiles.
1074 1777 1124 1807 De
1134 1778 1261 1818 philyra
1274 1777 1358 1807 Plin.
1372 1777 1414 1808 H.
1429 1778 1473 1808 N.
1489 1777 1553 1814 xvi,
1568 1778 1621 1813 14.

871 1828 896 1849 S.
919 1820 974 1855 25,
994 1819 1078 1850 Inter
1098 1821 1240 1851 corticem
1260 1831 1296 1850 ac
1315 1821 1436 1861 lignum
1451 1826 1555 1852 tenues
1570 1827 1622 1851 tu-

869 1863 946 1893 nica:
967 1863 1136 1903 multiplici
1157 1864 1379 1899 membranula,
1395 1874 1411 1895 e
1424 1865 1533 1904 quibus
1553 1865 1622 1895 vin·

870 1906 954 1940 cula,
976 1907 1050 1936 tiliae
1072 1905 1306 1947 (Lindenbast)
1324 1913 1486 1941 vocantur,
1507 1909 1622 1938 tenuis-

870 1949 951 1979 simae
975 1959 1079 1979 earam
1103 1949 1246 1990 philyra,
1271 1959 1451 1979 coronarum
1475 1949 1624 1980 lemniscis

871 1992 1010 2026 celebres,
1033 1993 1232 2032 antiquorum
1252 1992 1372 2022 honore.
1419 1992 1524 2027 Mitte,
1543 1992 1624 2023 noli.

872 2033 957 2064 Sera.
971 2041 1118 2071 moretur,
1147 2034 1201 2065 ubi
1223 2033 1347 2066 serioris
1369 2034 1447 2065 anni
1471 2039 1623 2077 tempore.

872 2087 937 2118 quo
966 2083 1078 2108 ceterae
1109 2076 1324 2114 defloruerint‚
1355 2076 1460 2109 adhuc
1488 2078 1622 2110 floreat:

871 2119 1044 2162 exquisite.

914 2164 1012 2194 5—8.
1035 2163 1174 2203 Simplici
1188 2170 1288 2205 myrto
1305 2163 1384 2194 nihil
1398 2163 1556 2195 adlabores
1571 2165 1624 2195 Se-

870 2207 965 2237 dulus
987 2217 1085 2237 curae:
1110 2216 1241 2238 sensus:
1268 2206 1354 2244 nolo,
1381 2211 1418 2237 ut
1441 2216 1480 2238 ex
1505 2207 1624 2238 seduli·

871 2254 936 2280 tate
951 2254 982 2280 et
993 2259 1031 2280 ex
1047 2249 1213 2280 ministerii
1224 2249 1269 2280 tui
1283 2250 1364 2281 bene
1379 2249 1625 2281 administrandi

872 2302 951 2324 cura
974 2292 1053 2324 alios
1069 2292 1161 2324 flores
1179 2291 1318 2335 simplici
1333 2298 1435 2335 myrto
1453 2293 1625 2336 adjungas.

874 2336 938 2367 Pro
967 2337 1091 2366 sedulus
1119 2346 1202 2367 curte
1224 2335 1321 2378 vulgo
1348 2336 1474 2377 legitur,
1499 2338 1624 2368 sedulus

871 2390 966 2416 curo3
991 2379 1047 2410 sed
1067 2389 1141 2410 cum
1162 2379 1241 2410 dura
1262 2379 1418 2421 loquendi
1436 2379 1528 2415 ratio,
1549 2391 1624 2411 curo

871 2423 953 2453 nihil
969 2423 1139 2458 adlabores,
1155 2422 1289 2463 indigna
1307 2432 1376 2454 esse
1393 2422 1538 2454 videatur
1554 2423 1623 2454 Ho-

873 2465 964 2501 ratio,
981 2465 1066 2501 dedi,
1084 2463 1170 2507 quod
1190 2465 1357 2497 Bentleius
1377 2475 1417 2497 ex
1437 2466 1518 2498 Cod.
1536 2466 1623 2498 Bod-

872 2507 977 2540 leiano
999 2507 1141 2551 protulit,
1167 2508 1298 2539 Sedulus
1317 2520 1413 2543 σανα,
1437 2519 1505 2551 pro,
1529 2509 1625 2540 sedu-

870 2550 920 2584 lus
950 2551 983 2583 in
1010 2552 1117 2587 rebus,
1143 2562 1215 2593 quae
1239 2562 1326 2583 curae
1350 2551 1500 2594 cordique
1525 2552 1625 2584 alicui

869 2600 957 2631 sunt,
980 2594 1047 2626 sive
1071 2605 1139 2636 pro,
1163 2594 1275 2626 sedula
1294 2605 1384 2627 cura.
1430 2595 1624 2631 Ministrum,

869 2648 915 2670 se.
931 2637 996 2670 vini
1011 2650 1020 2677 ;
1044 2639 1164 2669 dedecet
1180 2645 1313 2679 myrtus,
1331 2649 1404 2669 nam
1422 2637 1625 2680 pocillatores

869 2693 997 2724 quoque
1017 2681 1108 2712 sertis
1127 2681 1270 2713 coronari
1291 2682 1460 2721 solebant3
1483 2683 1537 2713 sub
1553 2689 1626 2712 arta

871 2727 944 2765 vite,
962 2725 1021 2756 sub
1043 2724 1142 2755 denso
1161 2724 1350 2756 umbraculo
1368 2735 1386 2756 e
1406 2724 1522 2756 vitibus
1545 2735 1623 2756 con-

871 2773 978 2800 texto:
1003 2767 1050 2799 sic
1075 2767 1159 2810 apud
1179 2768 1269 2809 Virg.
1292 2768 1365 2799 Ecl.
1390 2767 1434 2805 ix,
1451 2769 1504 2805 42,
1522 2767 1625 2799 Lenta

872 2814 946 2843 vites
961 2812 1142 2843 umbracula
1158 2818 1257 2842 texere
1270 2810 1433 2843 dicuntur.
