1884 3288
361 177 446 219 292

737 176 1038 220 CARMEN
1081 176 1493 219 SAECULARE.

646 275 734 323 Qui
755 275 927 317 salutari
945 275 1057 317 levat
1078 282 1169 317 arte
1190 276 1326 317 fessos

981 342 1184 396 Corporis
1205 349 1346 391 artus3

558 407 614 448 65
646 407 692 448 Si
713 407 927 448 Palatinas
948 407 1064 448 videt
1082 422 1229 461 aequus
1251 421 1382 456 arceS,

643 473 839 527 Remque
861 473 1110 522 Romanam,

1133 473 1388 527 Latiumque
1410 473 1526 522 felix,

643 538 840 580 Alterum
860 539 904 580 in
923 539 1117 588 lustrum,
1138 539 1372 593 meliusque
1395 554 1561 594 semper

981 605 1193 659 Proroget
1213 620 1361 646 aevum.

644 671 841 724 Quaeque
862 670 1121 711 Aventinum
1142 678 1258 712 tenet
1279 671 1582 725 Algidumque,

559 737 614 778 70
644 737 898 783 Quindecim
921 737 1062 777 Diana
1082 752 1231 790 preces
1252 738 1436 778 virorum

643 803 790 852 Curet,
811 811 854 844 et
873 804 982 843 votis
1003 817 1230 856 puerorum
1250 804 1403 844 amicas

979 868 1184 923 Applicet
1204 883 1341 909 aures,

641 935 750 976 Haec
771 935 922 975 Jovem
944 935 1113 983 sentire,
1137 935 1342 988 Deosque
1362 941 1554 983 cunctos,

643 1000 773 1054 Spem
790 1001 944 1041 bonam
965 1007 1208 1053 certamque
1229 1001 1401 1041 domum
1419 1007 1608 1053 reporto,

553 1067 608 1107 75
638 1066 806 1107 Doctus
827 1073 869 1106 et
891 1066 1048 1106 Phoebi
1066 1065 1222 1106 chorus
1244 1073 1286 1106 et
1309 1065 1464 1106 Dianae

979 1131 1137 1172 Dicere
1156 1130 1320 1172 laudes.

357 1241 434 1276 lxiv,
450 1242 524 1276 385,
537 1247 689 1280 praesentes
702 1242 797 1271 domos
811 1246 906 1271 castas
919 1241 1045 1270 invisere
1061 1246 1089 1270 et

357 1286 460 1322 saepius
476 1284 596 1313 mortali
611 1285 699 1314 caetui
714 1293 742 1312 se
756 1284 905 1313 ostendere
919 1281 1002 1312 soliti
1022 1281 1087 1311 fue-

358 1324 431 1362 rint,
447 1325 542 1355 ferrea
556 1329 644 1355 aetate
660 1330 770 1354 terram
785 1323 947 1364 reliquisse
966 1324 1087 1363 fingun-

358 1370 425 1396 tur:
451 1366 492 1397 cf.
519 1365 652 1396 Hesiod.
672 1365 772 1407 Ἐργ.
796 1366 855 1396 197
879 1375 948 1406 sqq.
993 1364 1088 1394 Beata

355 1409 445 1447 pleno
462 1409 552 1447 Copia
566 1419 660 1438 cornu
671 1420 680 1438 .·
704 1407 747 1437 ef.
762 1417 832 1448 sup.
847 1407 887 1437 ad
901 1406 923 1441 i,
942 1407 992 1441 17,
1012 1407 1062 1436 16.

401 1451 540 1480 61—72.
570 1451 693 1490 Augur,
729 1456 757 1479 et
782 1450 931 1490 fulgente
966 1450 1087 1478 decorus

358 1502 446 1529 arcu,
468 1496 540 1522 cett.
585 1490 707 1527 Quodsi
735 1490 829 1531 igitur
861 1489 977 1531 Apollo
1003 1489 1087 1529 genti

359 1534 512 1564 Romanae
527 1533 679 1574 propitius
697 1537 754 1567 est,
770 1532 898 1573 sospitet
913 1541 980 1562 eam
996 1537 1027 1561 et
1048 1530 1088 1560 ad

358 1574 540 1605 felicissima
559 1580 697 1615 tempora
714 1579 879 1615 propaget3
903 1573 1011 1603 Diana
1033 1582 1087 1603 au-

358 1621 433 1651 tem,
449 1616 475 1646 si
490 1615 575 1656 genti
593 1616 744 1646 Romame
760 1614 891 1656 propitia
909 1620 966 1649 est,
983 1623 1089 1655 preces

357 1656 671 1698 quindecimvirorum
696 1656 843 1687 exaudiat
866 1661 897 1686 et
919 1661 1000 1686 ratas
1022 1665 1090 1686 esse

353 1698 476 1739 jubeat.
520 1700 650 1740 Augur:
674 1698 831 1739 Apollinis
852 1698 960 1728 laudes
979 1702 1010 1728 et
1028 1697 1089 1727 vir-

357 1746 451 1776 tutes,
475 1746 510 1771 ut
529 1740 562 1770 in
583 1740 706 1781 hymnis
724 1739 789 1770 fieri
809 1739 900 1774 solet,
921 1739 1086 1770 cumulan-

358 1787 427 1821 tur;
451 1782 598 1813 laudatur
612 1781 705 1822 igitur
718 1780 772 1811 ille
791 1781 923 1822 primum
940 1786 974 1811 ut
990 1786 1087 1815 vates.

356 1824 489 1865 μάντις,
502 1823 614 1855 deinde
627 1829 661 1854 ut
676 1823 861 1860 arcitenens,
874 1822 1087 1864 χρυσότοξος,

358 1865 594 1907 ἀργυρότοξος,
621 1871 686 1895 tum
707 1871 743 1895 ut
768 1866 933 1895 Musarum
963 1875 1088 1905 praeses,

357 1906 579 1949 μουσαγένης,
593 1906 727 1947 denique
736 1912 771 1936 ut
780 1906 857 1937 deus
870 1906 1015 1936 salutaris
1025 1906 1088 1937 sive

357 1948 432 1980 artis
460 1948 605 1980 medendi
633 1949 762 1990 peritus,
791 1948 905 1996 ἰατρός
920 1959 928 1986 ;
965 1948 1087 1979 easdem

358 1989 519 2032 Apollinis
540 1990 648 2021 laudes
666 1996 806 2021 recenset
819 1991 974 2021 Pindarus
993 1990 1087 2031 Pyth.

358 2043 390 2068 v,
407 2033 449 2063 80
467 2042 536 2073 sqq.
556 2032 623 2074 jam
645 2042 663 2062 a
683 2031 814 2062 Mitsch.
834 2032 868 2062 in
889 2031 1037 2063 Analect.
1057 2043 1088 2073 p.

359 2075 419 2105 711
444 2073 602 2104 laudatus.
652 2074 685 2103 Si
709 2074 867 2104 Palatinas
887 2075 967 2104 videt
989 2084 1088 2114 aequus

357 2127 451 2151 arces,
474 2121 549 2146 cett.
591 2114 745 2156 Equidem
769 2115 853 2146 hunc
876 2115 980 2145 locum
1003 2125 1086 2146 nunc

357 2157 402 2189 ita
415 2156 633 2198 explicandum
650 2162 744 2198 puto:
763 2157 789 2186 si
804 2156 888 2186 mitis
899 2156 951 2187 ille
966 2167 1085 2198 preces,

357 2209 429 2241 quae
451 2208 535 2230 nunc
558 2198 590 2228 in
613 2203 716 2228 monte
739 2198 884 2229 Palatino
902 2198 1086 2234 funduntur,

358 2241 469 2280 audit;
498 2250 561 2272 rem
591 2240 766 2270 Romanam
793 2246 824 2271 et
849 2240 972 2271 Latium
999 2240 1085 2276 felix,

356 2283 388 2314 h.
402 2293 430 2314 e.
446 2282 489 2314 rei
513 2282 625 2313 ublicae
642 2282 795 2312 Romanae
810 2287 842 2312 et
856 2281 938 2313 Latii
953 2281 1086 2313 felicita-

356 2330 419 2355 tem
436 2323 469 2355 in
505 2330 624 2355 nstrum
645 2323 776 2354 alterum
789 2330 820 2354 et
835 2323 866 2354 in
885 2333 982 2354 aevum
1006 2333 1085 2354 sem-

355 2376 411 2408 per
424 2365 535 2398 melius
549 2370 697 2407 propaget
715 2371 746 2395 et
763 2366 921 2396 extendat.
968 2366 1084 2396 Palati-

357 2419 412 2438 παε
439 2418 538 2438 arces:
567 2407 671 2437 innuit
698 2408 858 2448 ternplum,
883 2407 1025 2449 Apollini
1046 2408 1085 2438 ab

355 2450 500 2491 Augusto
514 2450 547 2480 in
560 2454 665 2479 monte
680 2449 824 2480 Palatino
839 2448 1084 2491 splendidissime

354 2497 564 2524 exstructum:
580 2490 786 2526 vid.Dioliii,
802 2493 830 2523 1.
842 2490 895 2521 ubi
911 2491 968 2521 hoc
983 2491 1084 2532 ipsum

355 2543 480 2566 carmen
492 2533 642 2564 saeculare
654 2532 854 2564 decantatum
869 2538 927 2563 est.
956 2533 1086 2573 Remque

359 2576 522 2606 Romanam
551 2575 740 2615 Latiumque,
773 2575 814 2605 ad
843 2575 930 2606 illum
960 2585 1082 2606 versum

356 2617 462 2654 Ennii,
485 2617 545 2652 Qui
563 2628 624 2647 rem
646 2617 806 2647 Romanam
831 2617 1011 2658 Latiumque
1028 2629 1083 2648 au.-

1129 1250 1245 1280 gescere
1259 1241 1364 1271 vultis.
1410 1240 1579 1280 prorogare
1595 1239 1660 1281 jam
1675 1245 1732 1277 est,
1748 1251 1860 1284 propa-

1132 1291 1215 1320 gare,
1231 1281 1375 1322 proferre,
1391 1281 1568 1319 extendere,
1592 1291 1732 1322 servare5
1754 1283 1799 1314 sic
1814 1286 1859 1315 vi-

1133 1329 1192 1352 tam
1209 1324 1370 1354 hominibus
1379 1334 1539 1365 prorogare
1548 1322 1628 1354 dixit
1638 1324 1744 1355 Plaut.
1757 1324 1859 1356 Pseu-

1131 1364 1195 1395 dol.
1210 1364 1254 1402 iii,
1270 1367 1302 1401 2,
1322 1366 1375 1396 38.
1421 1365 1549 1406 Quaeque
1570 1366 1763 1401 Aventinum,
1784 1372 1860 1400 cett.

1129 1411 1162 1436 et
1173 1406 1290 1443 Diana,
1302 1417 1373 1447 quae
1385 1407 1417 1436 in
1435 1412 1537 1438 monte
1552 1406 1708 1438 Aventino
1725 1408 1859 1448 Algido-

1129 1458 1191 1487 que
1205 1448 1327 1484 colitur,
1341 1448 1366 1478 si
1383 1447 1514 1489 propitia
1528 1453 1576 1479 est
1590 1449 1675 1488 genti
1693 1449 1859 1487 Romanae,

1130 1489 1307 1529 quindecim
1330 1490 1464 1520 virorum
1487 1499 1593 1530 preces
1614 1490 1769 1532 respiciat,
1786 1497 1860 1523 cett.

1131 1533 1312 1561 Aventinum
1324 1543 1332 1560 .·
1355 1531 1394 1562 de
1409 1531 1522 1562 Dianae
1534 1531 1650 1573 templo
1658 1532 1691 1563 in
1705 1532 1860 1566 Aventino

1131 1572 1195 1602 vid.
1218 1573 1338 1603 Donat.
1360 1573 1456 1604 Rom.
1475 1572 1522 1608 iii,
1544 1574 1592 1604 13.
1634 1574 1858 1615 Algidumque,-

1132 1613 1164 1643 in
1181 1613 1238 1644 hoc
1252 1620 1358 1645 monte
1373 1614 1456 1645 enim
1474 1625 1568 1656 prope
1581 1612 1714 1646 Romam
1729 1617 1768 1647 ad
1779 1617 1859 1648 viam

1134 1656 1271 1697 Appiam
1294 1656 1407 1687 versari
1432 1655 1574 1698 inprimis
1596 1657 1716 1688 solebat
1741 1658 1859 1696 Diana,

1133 1698 1173 1727 cf.
1194 1698 1214 1734 i,
1229 1699 1282 1733 21,
1299 1699 1330 1734 6,
1347 1698 1442 1735 unde,
1457 1707 1545 1728 sacra
1562 1697 1591 1729 ei
1609 1697 1652 1728 ibi
1675 1699 1759 1731 facta
1779 1710 1858 1738 esse,

1130 1745 1239 1780 sponte
1286 1738 1481 1780 intelligitur.
1547 1740 1859 1774 Quindecimvirmm

1127 1791 1246 1820 preces:
1267 1780 1518 1822 quindecimviris
1530 1781 1625 1818 enim,
1637 1783 1692 1823 qui
1707 1782 1794 1814 libris
1809 1784 1857 1815 Si-

1132 1822 1257 1864 byllinis
1273 1828 1434 1865 praeerant,
1450 1823 1615 1863 singularis
1630 1833 1786 1856 sacrorum
1799 1835 1858 1857 ειε-

1131 1865 1283 1895 cularium
1299 1864 1487 1897 demandata
1507 1865 1566 1896 fuit
1581 1875 1656 1897 cura
1674 1871 1706 1897 et
1726 1867 1860 1899 admini-

1131 1906 1249 1937 stratio.
1847 1934 1859 1943 .

1173 1949 1310 1980 73-76.
1332 1949 1405 1980 Jam
1424 1948 1547 1987 chorus,
1564 1947 1730 1980 decantato
1746 1951 1859 1982 carmi-

1131 1999 1182 2025 ne,
1204 1990 1292 2021 addit
1310 1991 1479 2032 epilogum,
1499 1996 1532 2022 et
1551 2001 1636 2033 spem
1658 1991 1771 2023 bonam
1793 2003 1860 2024 cer-

1130 2037 1267 2073 tamque,
1285 2042 1318 2063 se
1338 2042 1400 2063 non
1421 2032 1521 2063 solum
1536 2033 1576 2063 ab
1593 2033 1741 2074 Apolline
1752 2039 1783 2065 et
1799 2035 1858 2066 Di·

1130 2083 1201 2110 ana,
1227 2074 1281 2105 sed
1305 2074 1398 2105 etiam
1425 2075 1465 2105 ab
1492 2075 1572 2106 Jove
1593 2074 1777 2117 cunctisque
1797 2076 1858 2109 diis

1129 2116 1307 2146 exauditum
1322 2126 1399 2152 esse,
1422 2126 1493 2147 cum
1515 2115 1665 2148 concione
1683 2117 1856 2150 communi-

1129 2162 1181 2187 cat
1193 2169 1201 2195 ;
1228 2157 1311 2198 quod
1330 2157 1455 2198 quidem
1477 2157 1510 2187 in
1530 2157 1721 2189 audientium
1745 2160 1858 2192 animis

1129 2208 1238 2228 sensus
1252 2198 1388 2230 excitare
1403 2199 1535 2230 debebat
1555 2199 1741 2232 laetissimos.
1784 2202 1858 2233 Sen-

1130 2241 1200 2276 tire,
1220 2240 1336 2276 audire,
1359 2245 1401 2278 et,
1420 2246 1455 2271 ut
1475 2246 1541 2271 rata
1556 2250 1626 2272 esse
1644 2241 1765 2283 jubeat,
1788 2253 1858 2286 per-

1128 2292 1259 2313 movere.
1300 2283 1385 2322 Spem
1414 2284 1517 2313 bonam
1544 2289 1710 2324 certamque
1739 2287 1858 2318 domum
1880 2298 1884 2299 ⁷

1128 2325 1405 2363 remum—chorus
1419 2326 1520 2355 doctus
1533 2327 1642 2361 dicere,
1656 2330 1729 2357 cett.
1773 2327 1859 2359 Cho.
1879 2341 1884 2343 ’

1130 2376 1194 2401 rus,
1212 2371 1248 2396 ut
1267 2376 1350 2408 saepe
1370 2368 1452 2408 apud
1473 2367 1633 2407 Tragicos,
1655 2367 1689 2398 in
1709 2367 1859 2410 singulari

1128 2407 1276 2449 loquitur,
1306 2419 1372 2450 pro,
1403 2419 1458 2440 nos
1482 2408 1569 2449 pueri
1593 2408 1777 2452 puellaeque,
1801 2413 1856 2453 qui

1128 2459 1252 2480 carmen
1281 2449 1311 2480 in
1343 2450 1500 2492 Apollinis
1528 2455 1560 2481 et
1587 2451 1702 2482 Diome
1731 2452 1855 2485 laudem

1127 2491 1229 2522 dicere
1244 2492 1345 2522 edocti
1360 2502 1479 2528 sumus,
1495 2501 1606 2534 nempe
1618 2502 1636 2524 a
1648 2495 1752 2535 χοροῦ
1767 2493 1855 2527 διδα-

1129 2533 1241 2581 σκάλῳ
1255 2533 1397 2565 Horatio.
1441 2534 1562 2566 Chorus
1581 2534 1714 2573 scilicet,
1738 2535 1792 2577 qui
1810 2537 1856 2568 al-

1125 2581 1269 2606 ternatim
1285 2582 1376 2607 antea
1385 2576 1550 2612 cecinerat,
1565 2576 1759 2618 conjunctim
1771 2579 1855 2610 ceci-

1126 2618 1172 2649 nit
1185 2617 1354 2659 epilogum.
