1884 3288
885 183 1282 226 CARMINUM

861 379 1132 421 CARMEN
1165 381 1294 422 XIX.

882 514 948 545 DE
996 515 1059 545 GL
1073 514 1268 545 YCERA.

557 606 729 648 MATER
751 621 863 646 saeva
879 606 1152 660 Cupidinum,

609 671 917 725 Thebanaeque
932 672 1059 725 jubet
1078 685 1144 712 me
1166 670 1353 712 Semeles
1374 686 1495 726 puer,

554 738 615 779 Et
634 737 790 778 lasciva
812 737 1020 786 Licentia,

611 804 761 844 Finitis
781 804 965 843 animum
984 803 1168 844 reddere
1189 804 1416 846 amoribus.

495 873 522 912 5
551 870 652 912 Urit
669 885 735 910 me
758 869 957 923 Glycerae
978 870 1104 919 nitor,

609 935 884 990 Splendentis
905 935 1033 976 Pario
1053 949 1260 978 marmore
1279 937 1451 990 purius:

329 1036 459 1078 Phrygii
476 1037 652 1075 clangorem
665 1047 673 1074 3
697 1035 756 1070 fac,
773 1045 811 1066 ne
823 1034 862 1065 ad
875 1045 964 1065 aures
974 1044 1058 1064 meas

330 1080 459 1110 accedat
474 1078 629 1108 horribilis
645 1083 862 1118 tympanorum
876 1082 907 1107 et
929 1075 1059 1117 Phrygii

329 1131 428 1152 cornu
444 1121 584 1158 sonitus3
609 1126 710 1150 averte
727 1129 746 1148 a
761 1130 810 1150 me
824 1129 940 1148 saevum
952 1118 1058 1155 istum,

328 1163 383 1205 qui
399 1169 614 1204 tympanorum
629 1167 660 1191 et
674 1161 801 1201 Phrygii
818 1170 914 1190 cornu
930 1160 1058 1200 strepitu

327 1205 491 1239 excitatur,
506 1204 652 1238 surorum,
663 1213 756 1244 quem
769 1201 970 1242 subsequitur
982 1207 1054 1232 cett.

321 1252 354 1277 et
369 1247 425 1277 hoc
442 1257 507 1287 pro,
525 1253 624 1276 tutum
641 1255 689 1275 me
713 1251 824 1286 praesta
840 1245 880 1274 ab
896 1243 1054 1274 ebrietatis

321 1289 433 1323 furore,
451 1299 544 1329 quem
560 1287 758 1327 subsequitur
780 1292 855 1316 cett.
901 1286 994 1319 Sara,
1014 1286 1054 1315 ob

321 1341 452 1364 saevum,
462 1340 553 1370 quern
566 1329 724 1370 injiciunt,
736 1329 864 1358 furorem
880 1338 888 1364 ·,
904 1328 950 1357 vel
962 1338 1052 1358 sono-

321 1373 408 1403 ribus
423 1382 517 1406 saeva,
535 1372 601 1402 h.e.
613 1371 788 1401 terribiliter
799 1370 961 1400 sonantia:
982 1370 1052 1400 Vir-

321 1414 415 1455 gilius
439 1420 519 1444 certe
546 1414 621 1444 AEn.
645 1413 686 1447 ix,
710 1414 784 1446 651,
808 1423 880 1442 sa'vu
903 1413 1054 1441 sonoribus

320 1468 404 1486 arma
417 1466 480 1497 pro,
496 1455 671 1486 terribiliter
683 1454 824 1484 sonantia
834 1453 923 1483 dixit.
962 1454 1052 1483 Bere-

321 1500 436 1539 cyntio,
462 1498 494 1527 h.
516 1508 546 1528 e.
573 1495 721 1536 Phrygio,
744 1506 762 1526 a
785 1495 926 1536 Phrygiae
950 1501 1054 1526 monte

324 1541 511 1580 Berecynto.
528 1538 582 1569 ubi
596 1539 755 1568 colebatur
770 1538 900 1579 Cybele,
918 1537 948 1566 in
963 1537 1054 1577 cujus

322 1583 421 1612 sacris
436 1581 557 1618 iisdem,
574 1581 687 1621 quibus
703 1579 733 1608 in
750 1579 857 1620 orgiis,
868 1579 907 1608 ad
922 1578 1054 1609 furorem

319 1623 522 1655 excitandum
533 1624 580 1652 usi
591 1627 664 1652 sunt
680 1621 893 1651 instrumentis
907 1620 1051 1655 musicis;

324 1666 367 1696 cf.
393 1676 463 1706 sup.
490 1666 541 1699 16,
570 1666 609 1694 15
633 1674 701 1704 sqq.
749 1664 849 1693 Caecus
877 1665 967 1692 Amor
996 1664 1053 1697 sui,

323 1707 420 1738 stulta
443 1706 588 1748 superbia
609 1710 640 1736 et
661 1706 842 1744 arrogantia.
888 1704 928 1734 Et
952 1705 1055 1734 tollens

323 1760 450 1779 vacuum
467 1751 535 1788 plus
549 1750 639 1777 nimio
653 1747 760 1777 Gloria
775 1746 1054 1786 verticem‚jactan-

323 1791 378 1827 tia,
395 1801 458 1832 qua
475 1789 566 1820 nimis
582 1799 614 1819 se
628 1789 782 1819 extollunt
802 1788 942 1818 homines
959 1787 1048 1818 vani:

322 1845 452 1864 vacuum
481 1832 691 1872 significanter
720 1841 786 1871 pro,
817 1841 942 1865 vanum,
975 1830 1052 1860 nihil

324 1875 489 1905 habentem
515 1883 622 1914 nempe
638 1883 701 1913 quo
719 1883 751 1902 se
773 1872 923 1902 extollere
947 1872 1054 1912 possit.

325 1918 442 1948 Arcani
460 1917 548 1946 Fides
561 1916 700 1955 prodiga,
717 1914 901 1954 loquacitas,
917 1913 1053 1944 inconsi-

323 1959 467 1989 deranter
483 1967 530 1988 res
545 1966 688 1991 arcanaS,
702 1966 773 1996 quae
784 1955 844 1986 fido
861 1961 982 1996 pectore
992 1956 1054 1995 tegi

322 2001 490 2034 debebant,
505 1998 667 2029 effutiens:
692 2007 729 2027 ea
738 1997 937 2028 diciturvitro
952 1999 1054 2036 perlu-

323 2045 431 2077 cidior,
459 2041 544 2082 quia,
571 2050 641 2080 quae
669 2039 747 2078 gerit
770 2039 860 2069 homo
885 2039 1000 2080 loquax
1025 2039 1055 2069 in

323 2085 439 2119 animo,
457 2083 553 2114 veluti
576 2092 630 2123 per
645 2082 758 2111 vitrum
781 2081 947 2118 elucentia,
963 2081 1055 2112 facile

326 2126 567 2169 perspiciuntur.
612 2122 735 2154 Laudat
758 2122 790 2152 in
818 2123 898 2153 hane
919 2133 983 2153 rem
1005 2124 1055 2154 Cl.

324 2168 458 2199 Mitsch.
479 2177 517 2197 ex
543 2166 659 2197 Gnom.
681 2165 738 2195 Gr.
764 2166 901 2195 Brunck.
925 2176 958 2206 p.
981 2166 1055 2199 234,

325 2209 530 2251 Κάτοπτρον
546 2208 648 2245 εἴδους
663 2207 791 2248 χαλκός
814 2206 892 2244 ἐστ’,
917 2209 1008 2244 οἶνος
1025 2206 1056 2238 δὲ

323 2265 394 2285 νου.

536 2334 735 2366 CARMEN
761 2333 853 2363 XIX.

367 2380 480 2412 Poeta,
498 2377 551 2418 qui
564 2377 629 2418 jam
647 2375 722 2407 satis
735 2375 793 2405 sibi
810 2374 842 2404 in
854 2375 967 2406 amoris
977 2380 1054 2406 aestu

323 2420 515 2452 deferbuisse
530 2419 702 2453 videbatur,
713 2417 799 2447 novis
813 2423 936 2459 repente
948 2418 1051 2449 Vene-

323 2463 377 2498 ris,
395 2461 526 2495 Bacchi.
542 2467 573 2491 et
588 2467 736 2502 protervae
754 2459 904 2490 Licentiae
920 2459 1054 2491 stimulis

325 2515 358 2536 se
375 2503 485 2546 agitari
501 2503 605 2533 sentit.
639 2503 764 2533 Novum
778 2501 883 2541 igitur,
901 2512 962 2542 quo
975 2501 1053 2543 Gly-

323 2557 403 2578 cerae
419 2544 652 2587 pulchritudine
667 2549 698 2574 et
712 2543 782 2584 ejus
801 2543 966 2574 lenociniis
981 2554 1054 2585 cap-

324 2595 376 2620 tus
402 2588 451 2623 sit,
481 2597 614 2618 amorem
643 2586 738 2616 libere
763 2585 794 2615 in
826 2586 883 2616 hoc
916 2585 1053 2616 carmine

325 2631 449 2665 fatetur,
472 2634 653 2670 tantamque
677 2628 746 2669 ejus
771 2627 832 2657 vim
857 2638 925 2658 esse
946 2628 1000 2665 ait,
1021 2634 1055 2658 ut

324 2678 408 2704 totus
423 2671 455 2702 in
472 2681 509 2702 eo
521 2677 695 2713 occupatus
714 2669 779 2710 jam
804 2670 985 2711 neutiquam
1001 2679 1054 2700 ca-

326 2713 437 2746 nendis
453 2713 602 2755 gravioris
610 2711 783 2753 argumenti
800 2711 992 2742 carminibus
1002 2722 1054 2742 va-

322 2767 395 2788 care
418 2755 532 2797 possit;
555 2755 649 2785 immo
664 2753 781 2785 relictis
794 2754 886 2784 rebus
909 2754 1053 2784 omnibus

325 2798 522 2831 sacrificium,
539 2807 601 2839 quo
619 2798 771 2828 Venerem
787 2795 900 2836 placet,
915 2795 975 2825 sibi
996 2806 1052 2837 pa-

325 2841 457 2871 randum
471 2845 539 2870 esse
561 2839 730 2869 existimat.
777 2837 870 2873 Quod
892 2837 945 2868 alii
968 2848 1006 2868 ex
1023 2849 1052 2870 v.

327 2885 366 2914 10
390 2891 456 2924 sqq.
482 2881 630 2923 suspicati
656 2885 740 2916 sunt,
769 2885 890 2920 poetam
917 2879 1051 2910 deletam

324 2925 385 2956 sibi
410 2924 459 2955 vel
485 2933 502 2953 a
526 2925 716 2957 Maecenate,
733 2921 780 2951 vel
803 2921 843 2951 ab
861 2921 933 2956 alio,
950 2929 984 2952 ut
1006 2932 1052 2952 res

1100 1041 1206 1064 contra
1234 1035 1367 1076 Scythas
1392 1039 1424 1065 et
1448 1032 1582 1063 Parthos
1611 1031 1758 1074 praeclare
1786 1033 1827 1063 ab

1101 1077 1247 1117 Augusto
1273 1083 1387 1116 gestas,
1411 1075 1549 1106 carmine
1569 1075 1747 1110 celebraret,
1767 1074 1826 1106 hac

1102 1119 1172 1148 novi
1198 1128 1310 1148 amoris
1337 1118 1385 1148 sui
1414 1116 1614 1148 excusatione
1641 1116 1828 1148 detrectasse

1103 1160 1304 1201 provinciam,
1320 1160 1351 1190 id
1374 1159 1413 1189 ad
1429 1169 1477 1193 ea,
1493 1169 1564 1200 quae
1580 1158 1673 1199 paulo
1687 1159 1827 1200 argutius

1099 1209 1195 1242 poetae
1208 1204 1408 1242 affinguntur,
1425 1200 1574 1242 pertinere
1589 1200 1720 1235 videtur.
1765 1202 1827 1231 Ce-

1098 1250 1196 1274 terum
1212 1243 1250 1274 de
1269 1254 1359 1278 novo.
1375 1253 1437 1284 quo
1452 1253 1534 1273 reses
1549 1248 1581 1274 et
1597 1242 1662 1283 jam
1678 1242 1827 1273 desuetus

1098 1285 1166 1325 ejus
1193 1295 1314 1316 animus
1341 1284 1518 1320 incaluerit,
1544 1294 1659 1320 amore,
1685 1283 1826 1316 similiter

1099 1328 1212 1358 Noster
1225 1328 1304 1358 ludit
1320 1328 1376 1358 inf.
1392 1327 1445 1357 lib.
1461 1327 1501 1362 iv,
1523 1328 1548 1356 l.

1143 1371 1236 1400 l-—4.
1263 1371 1364 1400 Mater
1388 1370 1584 1408 Cupidinum,
1610 1368 1732 1403 Venus,
1755 1367 1825 1399 infi-

1098 1411 1171 1442 nitae
1186 1411 1348 1446 Amorum,
1365 1422 1436 1452 quae
1451 1410 1483 1441 in
1497 1410 1567 1451 ejus
1581 1409 1730 1441 comitatu
1741 1415 1826 1447 sunt,

1097 1453 1306 1484 multitudinis
1315 1461 1430 1483 mater:
1448 1453 1488 1483 cf.
1506 1455 1588 1482 Stat.
1602 1451 1827 1490 Sitv.i,⁴2‚62;

1098 1495 1213 1526 Claud.
1230 1497 1331 1536 Nupt.
1349 1496 1468 1526 Honor.
1485 1496 1524 1525 47
1541 1503 1611 1535 sqq.
1653 1493 1827 1535 Saeva(xa-

1095 1538 1186 1576 λεπὴ
1211 1536 1334 1575 δεινὴ),
1356 1537 1396 1567 ob
1420 1546 1540 1577 graves,
1567 1545 1646 1576 quos
1666 1546 1737 1566 soevo
1758 1546 1826 1566 cum

1087 1581 1157 1617 joco
1172 1582 1224 1626 (ut
1238 1579 1293 1609 inf.
1310 1579 1331 1616 i,
1347 1579 1400 1615 33,
1417 1580 1454 1608 12
1471 1577 1602 1617 dicitur)
1613 1577 1645 1607 in
1657 1577 1825 1608 amantium

1098 1621 1210 1650 animis
1225 1621 1353 1655 excitat,
1363 1620 1508 1659 dolores3
1523 1629 1596 1651 saeva
1606 1619 1673 1661 jam
1684 1619 1826 1661 inprimis

1099 1663 1157 1692 fuit
1183 1663 1324 1697 Horatio,
1344 1661 1428 1703 quod
1451 1662 1568 1703 sopitos
1581 1661 1614 1692 in
1636 1661 1706 1702 ejus
1723 1661 1826 1693 animo

1099 1705 1187 1744 ignes
1204 1705 1438 1736 rescuscitabat.
1477 1704 1674 1743 Thebanaeque
1678 1705 1770 1744 jubet
1782 1713 1826 1734 me

1100 1748 1222 1777 Semeles
1240 1757 1326 1786 puer,
1346 1745 1503 1782 Bacchus.
1525 1745 1670 1777 assiduus
1693 1745 1827 1777 Veneris

1095 1798 1211 1823 comes,
1227 1788 1324 1829 quod,
1344 1794 1377 1818 ut
1393 1787 1527 1818 Ovidius
1543 1788 1635 1818 Rem.
1650 1787 1692 1818 A.
1707 1798 1737 1818 v.
1748 1788 1824 1824 805,

1095 1830 1192 1866 canit,
1214 1832 1291 1861 Vma
1306 1837 1418 1870 parant
1432 1833 1566 1860 animum
1587 1829 1713 1866 Veneri;
1735 1830 1826 1867 οἶνος

1098 1873 1163 1914 γὰρ
1179 1873 1280 1914 (Ach.
1297 1874 1365 1903 Tat.
1381 1872 1413 1909 ii,
1429 1871 1479 1911 3,)
1497 1871 1618 1914 ἔρωτος
1633 1870 1738 1914 τροφὴ
1749 1881 1758 1889 ·
1775 1871 1826 1903 vel

1098 1915 1181 1954 quod
1210 1915 1304 1945 Venus
1330 1915 1444 1956 (Ovid.
1461 1915 1532 1944 Art.
1546 1913 1620 1944 Am.
1643 1914 1665 1948 i,
1688 1912 1769 1952 244)
1792 1915 1826 1944 in

1097 1958 1187 1991 vinis,
1202 1963 1236 1986 ut
1251 1958 1329 1997 ignis
1346 1959 1378 1986 in
1402 1958 1482 1996 igne,
1505 1965 1573 1986 esse
1595 1954 1686 1992 solet,
1707 1960 1740 1987 at
1762 1956 1826 1987 sine

1100 1999 1206 2028 Libero
1229 1999 1373 2038 (Terent.
1391 1997 1536 2028 Eunuch.
1551 1997 1595 2034 iv,
1611 1999 1643 2033 5,
1662 1996 1700 2037 6)
1729 1997 1826 2028 Venus

1089 2040 1204 2080 friget.
1250 2041 1400 2075 Licentia,
1410 2040 1448 2070 ad
1463 2049 1510 2075 ea,
1523 2049 1720 2080 quaecunque
1730 2038 1826 2070 libido

1098 2083 1218 2117 suadet,
1253 2082 1416 2123 instigans,
1447 2088 1529 2123 apte,
1559 2086 1594 2111 ut
1634 2081 1766 2112 Veneris
1796 2086 1828 2112 et

1100 2124 1218 2154 Bacchi
1234 2123 1409 2166 πάρεδρος,
1424 2124 1457 2154 in
1472 2133 1578 2154 eorum
1596 2123 1746 2154 comitatu
1769 2133 1824 2164 ap—

1099 2172 1196 2207 paret.
1240 2166 1353 2196 Finitis
1367 2168 1501 2196 animum
1521 2166 1643 2196 reddere
1663 2166 1824 2202 amoribus,

1102 2209 1133 2237 h.
1160 2218 1190 2238 e.
1217 2208 1327 2238 iterum
1354 2207 1464 2238 dedere
1485 2206 1626 2238 animum
1655 2206 1824 2245 amoribus,

1095 2250 1211 2291 quibus
1222 2249 1288 2291 jam
1305 2249 1380 2280 mihi
1395 2249 1517 2280 solutus
1530 2259 1597 2280 esse
1608 2248 1752 2287 videbam
1767 2248 1824 2280 ite-

1096 2302 1163 2322 rum
1186 2292 1299 2323 servire
1321 2291 1427 2329 amori,
1441 2291 1532 2333 cujus
1554 2290 1666 2332 jugum
1684 2291 1752 2332 ,iam
1775 2301 1826 2323 me

1095 2333 1271 2365 excussisse
1285 2335 1444 2375 putabam.

1140 2378 1236 2407 5—8.
1261 2376 1395 2416 Glycerae
1421 2378 1511 2406 nitor.
1556 2374 1648 2406 Nitor
1669 2379 1702 2406 et
1725 2375 1824 2406 nitens

1097 2418 1212 2460 passim
1242 2418 1280 2449 de
1307 2418 1412 2449 sormae
1442 2416 1694 2460 pulchritudine;
1731 2416 1826 2449 Ovid.

1098 2461 1179 2491 Met.
1195 2460 1248 2498 xii,
1263 2462 1338 2495 405,
1356 2461 1533 2500 Hylonome,
1548 2471 1606 2500 qua
1621 2460 1710 2490 nulla
1725 2461 1824 2495 niten-

1099 2505 1169 2538 tior,
1195 2502 1227 2532 h.
1250 2513 1281 2533 e.
1306 2502 1478 2533 formosior.
1520 2502 1709 2542 splendentis
1731 2501 1824 2532 Pario

1099 2555 1242 2575 marmore
1263 2547 1388 2584 purius:
1412 2543 1489 2575 refer
1504 2543 1541 2574 ad
1557 2543 1753 2585 splendorem
1769 2553 1823 2574 co-

1097 2587 1169 2617 loris
1184 2586 1321 2622 candidi,
1335 2597 1397 2628 quo
1406 2597 1534 2616 marmor
1545 2584 1824 2627 Pariuminprimis

1097 2629 1219 2669 insigne
1233 2628 1311 2667 fuit5
1334 2629 1407 2659 hinc
1430 2628 1545 2670 passim
1562 2637 1741 2658 marmoreus
1757 2637 1823 2669 pro,

1098 2670 1262 2706 candidus,
1276 2670 1426 2712 pulcher;
1448 2671 1545 2700 cervix
1563 2680 1725 2700 marmorea
1740 2669 1823 2712 apud

1104 2713 1191 2753 Virg.
1215 2713 1293 2744 Geo.
1316 2712 1358 2749 iv,
1386 2713 1460 2748 523,
1491 2712 1599 2742 collum
1627 2722 1824 2742 marmoreum

1095 2755 1178 2796 apud
1193 2754 1286 2785 Ovid.
1305 2755 1390 2786 Fast.
1404 2754 1447 2790 iv,
1465 2754 1537 2788 135.
1553 2759 1585 2784 et
1595 2754 1683 2793 pedes
1695 2763 1821 2784 marmo-

1093 2799 1138 2828 rei
1155 2795 1239 2838 apud
1253 2797 1387 2827 eundem
1404 2795 1512 2826 Amor.
1525 2794 1558 2830 ii,
1575 2795 1626 2830 11,
1645 2796 1694 2826 15.
1725 2795 1824 2827 Grata

1093 2840 1285 2878 protervitas,
1308 2837 1466 2879 explicant
1487 2837 1526 2868 de
1550 2835 1606 2868 illo
1630 2837 1663 2868 in
1688 2846 1822 2869 amorem

1095 2880 1275 2921 pelliciendi
1299 2880 1413 2911 studio.
1439 2878 1524 2921 quod
1549 2878 1636 2910 Galli
1657 2879 1688 2909 la
1705 2886 1822 2920 coquet-

1097 2925 1168 2953 ferie
1182 2928 1314 2961 vocant3
1337 2921 1480 2963 equidem
1501 2927 1624 2962 gratum
1643 2923 1828 2960 protervum.
