1904 3314
674 193 904 237 LIBER
934 193 970 244 Ι,
1001 195 1043 239 8.

1549 198 1631 240 341

205 293 388 338 Flumen
407 302 457 338 ut
475 295 720 345 hibernum,
743 293 882 336 fertur
901 308 989 349 quo
1010 308 1109 335 rara
1130 295 1308 336 securis.

202 361 318 405 Tum
340 363 636 406 Praenestinus
657 361 771 404 salso
791 360 1014 416 multoque
1035 361 1190 403 fluenti

202 429 430 486 Expressa
449 431 628 473 arbusto
647 429 811 485 regerit
830 429 1038 480 convicia,
1061 429 1198 471 durus

111 496 172 539 30
202 497 504 541 Vindemiator
522 505 567 540 et
585 498 786 548 invictus,
805 498 875 540 cui
897 512 1013 552 saepe
1027 497 1174 540 ,viator

201 564 430 616 Cessisset,
451 580 608 621 magna
628 564 890 620 compellans
911 579 1017 606 voce
1038 563 1270 606 cucullum.

199 630 264 674 At
285 631 485 683 Graecus,
505 640 740 688 postquam
760 640 827 674 est
847 632 959 674 Italo
980 632 1186 688 perfusus
1206 640 1346 682 aceto,

200 699 378 742 Persius
397 699 634 742 exclamat:
669 700 757 742 Per
777 716 972 756 magnos,
995 701 1149 751 Brute,
1174 700 1296 743 Deos
1318 707 1362 742 te

200 766 311 818 Oro,
331 768 407 823 qui
426 783 554 824 reges
575 769 799 810 consueris
822 768 989 819 tollere,
1012 783 1090 811 cur
1111 784 1199 810 non

112 834 171 877 35
199 833 333 878 Hunc
355 835 527 892 Regem
550 835 762 892 jugulas?
794 851 976 892 operum
1006 836 1105 888 hoc,
1139 837 1243 878 mihi
1273 837 1420 888 crede,
1454 844 1626 880 tuorum

374 909 454 945 est.

654 1071 895 1115 SATIRA
925 1072 1054 1115 VIII.

202 1193 331 1236 OLIM
354 1201 534 1237 truncus
555 1210 672 1238 eram
693 1195 895 1247 ficulnus,
918 1196 1069 1238 inutile
1090 1195 1271 1251 lignum,

203 1262 354 1310 Quum
374 1262 512 1313 faber,
534 1263 742 1315 incertus,
766 1279 986 1306 scamnum
1008 1264 1227 1307 faceretne
1251 1264 1473 1320 Priapum,

89 1364 184 1408 Virg.
198 1365 272 1397 Ecl.
289 1364 344 1404 vii,
369 1367 422 1402 16,
447 1367 489 1397 Et
506 1373 659 1398 certamen
678 1375 757 1405 erat,
779 1368 836 1398 Co-

85 1410 186 1451 rydon
209 1419 279 1440 cum
306 1408 464 1451 Thryside,
491 1421 637 1451 magnum
650 1422 662 1448 ,-
695 1411 836 1442 certabat

87 1450 210 1484 scilicet
225 1451 375 1494 Corydon
389 1462 463 1484 cum
479 1453 646 1495 Thyrside.

130 1495 186 1526 23.
207 1495 255 1526 Ab
270 1497 350 1526 muni
368 1495 538 1531 Conventa,
557 1496 598 1526 ab
617 1496 765 1528 omnibus
780 1496 836 1539 qui

85 1537 184 1580 hujus
212 1547 319 1570 causae
346 1537 465 1570 actioni
493 1539 642 1570 aderant:
676 1541 836 1576 cohortem,

88 1579 234 1622 intellige
260 1580 393 1617 amicos,
424 1581 567 1617 comites,
593 1582 723 1619 scribas,
756 1593 834 1624 prae-

86 1623 200 1660 sectos,
222 1623 373 1660 medicos,
395 1630 494 1656 cett.:
520 1623 562 1656 cf.
590 1625 715 1657 Ernest.
742 1626 836 1658 Clav.

91 1666 163 1700 Cic.
178 1677 204 1698 s.
220 1677 250 1698 v.
268 1667 389 1698 Cohors.

132 1710 186 1742 24.
207 1709 304 1741 Solem
330 1711 420 1747 Asiae,
449 1709 542 1751 quasi
570 1709 676 1741 omnia
705 1710 738 1741 in
764 1721 834 1753 pro-

88 1751 195 1785 vincia.
215 1752 296 1784 Asia
317 1753 485 1805 splendore
507 1763 566 1784 suo
585 1754 768 1791 collustret;
790 1754 836 1785 sic

89 1795 528 1880 tttffflffiaessz’sspsslti'sssfi
543 1797 784 1871 ἵῖαᾞέζῖἷέῗ
797 1802 837 1870 :fii

89 1881 234 1923 Meleag.
269 1892 366 1920 xxxv,
410 1881 547 1914 Anthol.
595 1883 703 1914 Graec.
737 1883 775 1914 T.
813 1883 836 1919 i,

10 1993 21 1997 a
82 2000 91 2004 „
133 1968 188 1999 25.
222 1967 355 1998 Canem.-
393 1966 512 2004 Schol.¹
540 1969 718 1999 cuniculum
746 1971 839 2009 pesti-

81 2010 204 2054 ferum.
238 2010 368 2048 Sirium,
396 2012 528 2042 invisum
561 2012 726 2052 agricolis‚·
766 2022 839 2043 nam

88 2054 202 2086 smilis
218 2053 333 2090 Sirius,
354 2058 391 2085 ut
412 2053 552 2095 loquitur
573 2054 665 2095 Virg.
689 2056 767 2086 AEn.
791 2054 836 2094 iii,

93 2097 170 2132 141,
186 2098 289 2128 esurit
301 2107 404 2139 agros.

133 2139 188 2171 26.
213 2139 346 2176 Ruebat‚
369 2140 498 2170 Flumen
517 2145 551 2170 nt
570 2140 739 2176 hibernum,
762 2146 838 2172 cett.

90 2182 203 2214 ruebat
229 2182 479 2230 (vehementiore
508 2182 632 2214 scilicet
656 2183 776 2225 impetu
803 2183 836 2214 in

89 2223 333 2266 adversarium),
381 2225 476 2257 sicuti
512 2224 652 2256 «hiberno
698 2232 836 2269 tempore

90 2277 181 2300 ruere
210 2267 292 2299 solet
316 2267 436 2300 flumen
463 2267 497 2298 in
525 2267 563 2299 iis
593 2267 672 2299 locis
702 2269 734 2300 in
763 2281 835 2311 quae

91 2319 163 2342 raro
177 2309 297 2343 securis
310 2309 458 2348 defertur,
480 2310 511 2342 h.
527 2321 555 2343 e.
571 2311 626 2342 ubi
644 2321 714 2343 raro
733 2313 836 2344 securi

92 2353 260 2385 caeduntur
274 2353 411 2395 virgulta
426 2360 458 2386 et
477 2354 616 2391 arbores,
633 2366 705 2396 quae
728 2355 836 2387 cursui

90 2395 233 2445 fluminis
249 2395 476 2439 impedimento
496 2403 582 2428 sunt.
630 2399 708 2428 Post
728 2401 838 2430 venisse

11 2433 20 2446 ²
34 2451 37 2455 “
91 2437 328 2472 ‹instinctionem
343 2440 494 2482 majorem
510 2440 611 2488 posui.

136 2482 278 2516 28—31.
308 2483 426 2515 Sensus
453 2489 487 2515 et
511 2483 718 2525 impeditioris
743 2485 838 2516 orati-

33 2556 38 2558 .
92 2523 165 2559 onis
178 2535 294 2558 nexus:
310 2531 378 2557 tum
394 2527 556 2557 Praeneste
568 2527 719 2558 oriundus
734 2527 838 2570 Rupi-

32 2585 49 2590 --
92 2564 168 2605 lius.
192 2567 351 2605 convicia,
376 2568 484 2611 qualia
513 2568 612 2600 durus
642 2576 673 2600 et
701 2570 840 2602 invictus

23 2611 37 2646 ’χ
93 2609 316 2649 vimleiniator,
333 2611 386 2643 cui
401 2613 512 2648 viator,
527 2622 642 2654 magna
658 2623 731 2644 voce
743 2623 840 2645 cucu-

91 2651 163 2686 lum
189 2665 319 2691 vocans,
347 2665 432 2698 saepe
458 2655 570 2687 cedere
594 2660 724 2686 coactus
750 2662 841 2694 esset,

27 2715 34 2737 ,⁵
88 2695 132 2734 ¹in
154 2697 286 2730 arbusto
309 2697 370 2729 sibi
396 2709 545 2740 expressa
568 2698 727 2740 conjicere
753 2700 844 2737 solet,

18 2744 42 2763 ἶ
84 2736 220 2779 .Ρεηὶο,
248 2750 399 2782 magnam
426 2741 508 2773 salse
534 2741 690 2772 dictorum
719 2741 844 2784 copiam

90 2780 285 2822 :abachum
324 2783 449 2826 regerit.

7 2845 10 2847 ·
51 2831 70 2849 ’ν
92 2834 172 2867 ›⁴1¹2oe
192 2835 279 2867 *nunc
301 2826 454 2869 Rupilius
471 2827 505 2858 in
527 2827 672 2858 Persium
693 2827 846 2869 jaciebat,

516 2783 648 2816 Scilicet
689 2784 844 2821 convicia,

99 2873 324 2916 comparantur
338 2880 412 2901 curn
428 2869 468 2901 iis
485 2870 714 2908 rusticioribus,
729 2871 850 2912 quibus

100 2908 309 2943 vindemiator
336 2911 501 2950 viatorem,
534 2913 675 2950 arbusta,
707 2913 762 2944 ubi
793 2914 850 2946 ille

102 2953 288 2992 vindemiat,
311 2961 564 2998 praetereuntem,
584 2962 616 2988 et
636 2966 753 2997 magna
774 2967 851 2990 voce

103 2995 248 3037 cucuma
253 3003 431 3036 vocantem,
439 3000 646 3042 persequitur.
676 3000 834 3041 Multoque
844 3013 852 3031 .-

881 1370 1008 1405 multus,
1022 1368 1078 1409 qui
1095 1374 1140 1400 est
1158 1368 1276 1399 multus
1293 1368 1325 1399 in
1342 1368 1451 1410 aliqua
1470 1378 1525 1405 re;
1548 1368 1630 1398 mul-

881 1417 931 1441 tus
946 1412 1066 1453 fluens,
1095 1411 1148 1442 cui
1173 1411 1271 1442 multa
1302 1412 1394 1442 verba
1421 1411 1542 1442 fluunt:
1576 1422 1629 1441 ar-

881 1456 977 1490 busco,
994 1453 1051 1485 ubi
1068 1453 1147 1486 vites
1164 1465 1239 1490 non,
1257 1460 1292 1485 ut
1313 1464 1399 1485 nunc
1419 1454 1452 1485 in
1467 1453 1570 1485 vineis
1585 1454 1632 1490 fit,

881 1496 972 1539 palis.
1004 1497 1059 1529 sed
1091 1498 1266 1534 arboribus,
1292 1497 1480 1529 nominatim
1504 1496 1633 1539 populis

880 1547 912 1572 et
935 1540 1042 1576 ulmis,
1072 1541 1335 1572 annectebantur.
1382 1539 1507 1578 Quodsi
1537 1539 1632 1581 igitur

882 1582 914 1613 in
931 1584 1069 1622 arbusto,
1086 1590 1122 1614 ut
1136 1590 1168 1615 et
1183 1583 1294 1615 Scliol.
1308 1583 1348 1614 ad
1365 1582 1399 1613 h.
1416 1583 1438 1614 l.
1462 1582 1630 1619 discimus,

881 1626 1003 1657 vernali
1034 1632 1174 1668 tempore
1207 1626 1294 1668 justo
1324 1626 1437 1662 serius,
1473 1626 1527 1656 ubi
1560 1625 1631 1667 jam

882 1669 1020 1700 cuculus
1049 1680 1156 1700 vocem
1190 1669 1267 1706 edit,
1298 1670 1380 1700 vites
1412 1668 1570 1710 putandas
1599 1674 1632 1700 et

879 1711 1042 1742 arboribus
1067 1711 1274 1753 applicandas
1296 1711 1430 1742 curabat
1454 1710 1630 1742 vindemia-

880 1760 928 1784 tor
942 1766 950 1792 ;
973 1755 1043 1796 ejus
1058 1753 1181 1785 inertiae
1203 1754 1349 1785 ludendae
1367 1764 1467 1784 causa
1484 1759 1630 1796 praetere-

879 1803 973 1828 untes
1012 1799 1156 1828 cuculum
1192 1807 1306 1828 vocare
1338 1796 1506 1836 solebant;
1543 1796 1631 1829 unde

880 1839 935 1871 ille
952 1839 1133 1871 exacerbari
1149 1845 1181 1871 et
1196 1839 1282 1871 virus
1295 1839 1478 1871 acerbitatis
1500 1839 1533 1870 in
1547 1850 1629 1882 prae-

880 1888 1038 1914 tereuntes
1054 1893 1207 1914 evomere.
1253 1883 1401 1914 Ceterum
1422 1882 1455 1913 in
1478 1882 1538 1914 hoc
1559 1882 1631 1914 loco

882 1926 922 1956 ad
938 1928 1037 1956 durus
1051 1927 1252 1957 vindemiator
1267 1925 1444 1968 supplenda
1463 1931 1512 1956 est
1532 1925 1629 1968 parti-

883 1969 958 2000 cula
978 1968 1235 2011 comparationis,
1254 1968 1352 2005 velut,
1371 1967 1479 2006 sicuti,
1502 1974 1538 1999 ut
1557 1978 1630 2010 pas.

883 2012 943 2042 sim
959 2011 1054 2042 alibi:
1079 2011 1122 2042 cf.
1139 2010 1197 2042 inf.
1214 2011 1253 2042 ad
1269 2011 1371 2053 Epist.
1387 2011 1409 2046 i.
1427 2013 1460 2047 2,
1478 2012 1529 2042 42.

923 2056 978 2086 32.
1011 2055 1092 2086 Italo
1120 2054 1263 2096 perfusus
1291 2061 1374 2086 aceto
1401 2056 1458 2092 (ex
1487 2063 1631 2085 sermone

880 2097 1037 2138 comico),
1054 2108 1073 2128 a
1088 2097 1246 2128 Romanae
1261 2097 1364 2138 gentis
1384 2096 1512 2129 homine
1528 2097 1630 2128 acrio·

883 2141 971 2172 ribus
985 2140 1139 2172 conviciis
1153 2141 1297 2172 obrutus.

925 2185 978 2215 35.
1001 2184 1132 2223 Operum
1147 2184 1211 2219 hoc,
1227 2184 1303 2214 mihi
1317 2183 1416 2218 crede,
1431 2191 1553 2213 tuorum
1565 2188 1628 2212 est:

879 2226 939 2258 hoc
956 2228 1096 2269 profecto
1111 2226 1151 2257 ad
1169 2237 1216 2258 res
1232 2237 1252 2258 a
1267 2232 1297 2258 te
1313 2225 1468 2267 gerendas
1484 2224 1632 2268 pertinet.

881 2270 935 2301 Ad
955 2282 1079 2310 operum
1097 2276 1218 2301 tuorum
1234 2269 1348 2312 supple
1362 2280 1481 2306 unum5
1507 2274 1542 2299 ut
1556 2278 1631 2311 sup.

881 2314 945 2345 Od.
956 2312 1002 2350 iii,
1016 2315 1067 2352 13,
1081 2313 1130 2351 13,
1144 2313 1212 2344 Fies
1221 2314 1367 2344 nobilium
1381 2318 1416 2343 tu.
1431 2311 1629 2353 quoquefon-

880 2358 971 2387 tium.

1107 2441 1279 2473 SATIRA
1304 2441 1406 2473 VIII.

927 2483 1109 2520 Canidiam,
1118 2485 1279 2515 aniculam
1289 2490 1322 2515 et
1330 2483 1515 2520 veneficam,
1531 2483 1632 2515 multo

883 2527 1030 2559 acerbius
1050 2532 1082 2558 et
1101 2527 1362 2558 contumeliosius
1381 2527 1415 2557 in
1435 2526 1495 2557 hac
1520 2527 1630 2564 satira,

885 2580 982 2613 quam
998 2580 1094 2612 supra
1111 2570 1145 2601 in
1166 2570 1291 2602 duobus
1312 2569 1509 2601 carminibus
1526 2570 1631 2611 Epod.

886 2616 906 2646 5
934 2619 967 2644 et
996 2614 1048 2650 17,
1079 2619 1206 2644 tractat.
1250 2612 1383 2644 Inducit
1408 2618 1514 2644 autem
1543 2612 1634 2644 Pria-

886 2665 961 2699 pum
978 2656 1172 2698 loquentem,
1187 2661 1219 2688 et
1233 2655 1379 2687 Canidiae
1391 2661 1473 2686 artes
1483 2655 1636 2697 magicaS,

887 2709 1022 2742 quarum
1038 2705 1196 2740 spectator
1211 2699 1323 2737 suerat,
1337 2698 1503 2730 ridentem.

936 2744 966 2773 l.
993 2742 1133 2773 Truncus
1156 2743 1320 2784 ficulnus.-
1357 2751 1397 2773 ex
1433 2741 1522 2782 ligno
1550 2740 1636 2772 enim

889 2785 1027 2817 ficulneo
1041 2785 1231 2816 obscoenum
1248 2784 1370 2827 Priapi,
1386 2785 1545 2816 hortorum
1566 2794 1639 2815 cus-

891 2827 984 2865 todis,
996 2827 1202 2860 simulacrum
1217 2827 1321 2871 sculpi
1336 2833 1368 2859 et
1382 2826 1487 2868 effingi
1504 2827 1638 2858 solebat.

893 2871 947 2903 Sic
973 2871 1058 2914 apud
1077 2871 1237 2903 Theocrit.
1259 2872 1320 2913 Ep.
1344 2871 1387 2902 iv.
1432 2870 1552 2901 Inutile
1579 2870 1638 2911 lig-

892 2926 986 2947 num:
1011 2913 1120 2946 Schol.
1135 2915 1247 2956 Cruq„
1264 2916 1304 2946 ad
1322 2913 1401 2945 nihil
1415 2919 1543 2954 aptum,·
1568 2923 1640 2941 nam

894 2959 1024 2989 niceteria
1047 2959 1112 2998 ejus
1141 2959 1257 2989 arboris
1285 2963 1408 2997 propter
1426 2955 1642 2998 fragilitatem

896 3002 992 3032 nullis
1020 3000 1156 3043 fabricis
1195 3007 1237 3032 est
1277 3002 1404 3031 idonea:
1445 2997 1519 3028 hinc
1557 2995 1645 3038 apud
