1904 3314
346 195 431 236 416

880 197 1313 240 SATIRARUM

459 297 512 338 In
530 296 743 352 locuplete
764 298 890 339 domo
910 300 1112 353 vestigia3
1143 301 1275 341 rubro
1296 300 1371 340 ubi
1392 314 1522 342 cocco

458 363 616 404 Tincta
636 379 764 418 super
783 364 917 406 lectos
939 367 1141 407 canderet
1161 367 1291 407 vestis
1312 368 1514 416 eburnos,

459 429 685 484 Multaque
706 431 759 471 de
780 446 933 485 magna
954 441 1228 486 superessent
1249 433 1407 475 fercula
1429 449 1564 484 coena,

348 497 427 537 105
459 496 570 543 Quae
591 496 740 550 procul
760 499 989 539 exstructis
1010 499 1175 540 inerant
1195 500 1396 541 hesterna
1415 500 1624 541 canistris.

459 562 581 616 Ergo
602 563 676 603 ubi
695 578 913 616 purpurea
933 573 1179 618 porrectum
1200 567 1243 606 in
1263 574 1382 608 veste
1402 567 1557 608 locavit

457 628 701 683 Agrestem,
724 629 854 670 veluti
876 631 1116 671 succinctus
1138 633 1314 672 cursitat
1334 633 1508 686 hospes,

459 695 775 749 Continuatque
797 697 945 750 dapes,
968 711 1046 737 nec
1067 712 1151 738 non
1167 697 1382 739 verniliter
1403 699 1507 752 ipsis

457 761 671 815 Fungitur
691 762 853 811 officiis,
875 762 1155 816 praelambens
1178 779 1300 804 omne
1321 765 1437 818 quod
1458 764 1595 806 affert.

350 828 430 868 110
459 827 537 868 Ille
557 828 717 868 cubans
739 829 898 881 gaudet
918 835 1079 868 mutata
1100 835 1228 877 sorte,
1251 829 1458 883 bonisque

458 894 610 935 Rebus
632 895 719 948 agit
738 893 882 934 laetum
903 895 1118 934 convivam
1135 912 1144 944 ;
1175 909 1306 947 quum
1328 897 1469 936 subito
1489 896 1639 950 ingens

457 960 691 1002 Valvarum
713 961 915 1014 strepitus
935 959 1056 1001 lectis
1078 961 1267 1001 excussit
1289 968 1532 1015 utrumque.

457 1026 642 1067 Currere
662 1041 740 1079 per
761 1033 897 1067 totum
919 1026 1062 1079 pavidi
1082 1026 1293 1075 conclave,
1316 1028 1536 1081 magisque

457 1092 690 1132 Exanimes
712 1092 943 1145 trepidare,
967 1090 1089 1131 simul
1109 1092 1261 1132 domus
1283 1091 1366 1132 alta
1388 1091 1593 1133 Molossis

347 1158 426 1198 115
457 1158 685 1198 Personuit
706 1159 897 1198 canibus.

957 1158 1073 1198 Tum
1093 1158 1293 1205 rusticus,
1317 1157 1449 1198 Haud
1470 1158 1573 1198 mihi
1592 1158 1677 1199 vita.

456 1224 541 1265 Est
561 1239 669 1278 opus
690 1224 785 1273 hac,
807 1225 880 1273 ait,
903 1230 946 1264 et
967 1222 1130 1264 valeas:
1163 1238 1229 1264 me
1251 1223 1356 1264 silva
1377 1238 1593 1278 cavusque

457 1290 601 1331 Tutus
623 1291 676 1332 ab
698 1290 861 1331 insidiis
882 1291 1001 1331 tenui
1022 1289 1228 1330 solabitur
1248 1304 1361 1331 ervo.

341 1430 395 1462 per
409 1420 524 1451 coelum
540 1420 614 1451 solis
629 1420 759 1461 vestigia
768 1420 862 1460 legit:
879 1419 942 1452 vid.
954 1419 1071 1461 Heynii

341 1462 382 1493 ad
398 1462 487 1503 Virg.
504 1463 581 1493 AEn.
595 1461 629 1498 ii,
643 1463 774 1493 Excurs.
788 1461 823 1493 ii.

387 1505 458 1534 102.
482 1504 519 1534 In
547 1506 690 1544 locuplete
714 1506 808 1534 domo.
854 1504 965 1534 Domus
988 1504 1070 1533 locu-

338 1546 402 1584 ples
416 1546 582 1587 opponitur
596 1548 723 1586 pauperi
738 1557 808 1577 cavo
821 1545 853 1575 in
870 1556 899 1575 v.
913 1546 965 1575 80.
1003 1545 1069 1574 Ves-

341 1589 430 1628 tigia,
455 1587 567 1628 pedes:
594 1588 711 1619 Catull.
733 1587 807 1622 lxiv,
835 1588 905 1622 162,
933 1587 1070 1616 Candida

336 1631 524 1668 permulcens
550 1630 674 1669 liquidis
696 1631 820 1670 vestigia
846 1629 981 1669 lymphis,
1016 1627 1071 1658 ubi

340 1671 404 1701 vid.
416 1676 532 1702 notata.
558 1672 659 1702 Cocco.
683 1672 808 1701 Coccum
819 1676 914 1701 estex
926 1669 1071 1711 opinione

338 1717 475 1743 veterum
491 1723 631 1752 granum.
646 1723 753 1753 reapse
769 1718 870 1743 autem
883 1711 1071 1742 vermiculus

343 1755 474 1794 (Coccus
489 1755 583 1790 Ilicis,
601 1754 657 1793 L.)
674 1754 829 1785 inhaerens
838 1753 943 1784 cortici
956 1754 1072 1784 arboris

342 1805 361 1826 e
386 1806 498 1836 genere
521 1807 654 1838 quercus
685 1797 827 1837 (quercus
851 1796 1005 1836 onerifera,
1030 1796 1069 1829 Q.

344 1838 431 1873 Iler„
445 1837 511 1877 L.).
527 1839 595 1868 Hos
610 1849 727 1870 vermes
741 1838 987 1878 conglomeratos
998 1836 1071 1878 (qui

343 1880 556 1919 Francogallis
590 1881 759 1915 ver-millen,
808 1879 895 1910 nobis
940 1879 1070 1913 Kormes.

342 1921 585 1952 Scharlachbeere
600 1921 779 1962 vocantur,)
795 1922 888 1952 ramis
906 1921 1071 1955 abradunt.

340 1967 373 1993 et
396 1962 468 1993 inde
494 1969 604 2005 parant
634 1963 767 1994 colorem
794 1964 988 1997 coccineum,
1018 1962 1072 2003 qui

342 2004 482 2045 quidem,
497 2006 572 2045 quia
597 2005 720 2046 propius
739 2005 859 2036 accedit
874 2005 913 2035 ad
938 2005 1073 2035 colorem

341 2056 542 2087 purpureum,
558 2046 630 2088 poni
646 2047 707 2077 fere
723 2047 801 2077 solet
823 2057 878 2088 pro
900 2057 1051 2086 purpureo
1060 2057 1071 2082 ,-

343 2094 427 2119 certe
443 2088 551 2119 eadem
567 2088 660 2118 vestis
674 2089 821 2128 stragula,
833 2099 904 2128 quae
917 2088 983 2128 jam
994 2100 1074 2119 cocco

345 2131 440 2160 tincta
465 2130 590 2166 dicitur,
614 2130 707 2171 paulo
733 2136 801 2171 post
822 2130 854 2159 in
882 2141 913 2160 ν.
939 2131 999 2160 106
1028 2136 1074 2160 est

342 2182 508 2210 purpurea.

388 2214 458 2244 103.
503 2213 662 2248 Conderet,
701 2212 840 2251 fulgeret,
878 2212 1068 2252 splenderet:

343 2257 470 2286 candere
499 2255 618 2297 proprie
646 2255 684 2284 de
717 2255 836 2294 fulgore
870 2264 931 2294 quo
965 2254 1071 2284 rutilat

341 2298 432 2337 ignis,
462 2297 511 2328 vel
546 2297 583 2327 de
611 2295 744 2327 candore
778 2306 840 2336 quo
870 2295 954 2326 lucet
987 2298 1070 2326 ebur.

343 2339 462 2370 catull.
479 2338 554 2373 lxiv,
571 2340 623 2373 45,
638 2340 744 2368 candet
762 2340 834 2368 ebur
852 2339 943 2367 saliis.

387 2382 457 2412 105.
491 2381 602 2411 Procul
635 2381 800 2415 exstructis,
836 2379 1005 2420 explicant,
1036 2379 1068 2409 in

340 2422 438 2453 altum
472 2422 655 2459 exstructis;
701 2422 753 2452 sed
790 2422 977 2462 exemplum,
1015 2421 1069 2451 ubi

336 2466 446 2503 procul
468 2475 533 2506 pro,
559 2466 591 2494 in
617 2466 714 2494 altum
746 2463 864 2494 dictum
892 2462 944 2500 sit,
973 2463 1070 2493 deest.

341 2505 442 2536 Immo
452 2507 558 2546 proc-ul
571 2506 635 2547 jam
652 2511 710 2539 est,
728 2515 789 2535 uon
808 2505 850 2534 ita
871 2505 988 2546 procul.
1009 2505 1068 2534 sci-

339 2546 413 2578 licet
428 2558 447 2578 a
462 2557 568 2578 mensa
588 2546 642 2578 ubi
665 2554 825 2578 coenatum
849 2547 959 2583 fuerat,
983 2546 1067 2577 ideo-

338 2599 400 2630 que
422 2600 486 2630 pro,
509 2590 540 2620 in
567 2590 759 2630 propinquo;
784 2589 875 2629 plane
899 2589 942 2619 ita
965 2590 1068 2628 procul

338 2631 421 2672 apud
438 2631 528 2671 Virg.
546 2631 614 2662 Ecl.
629 2631 669 2666 vi,
691 2631 738 2664 16,
762 2632 847 2660 Serta
869 2633 974 2669 procul
999 2638 1066 2660 tan-

336 2679 401 2703 eum
416 2676 510 2714 capiti
525 2675 643 2712 delapsa
656 2674 824 2712 jacebam3
852 2670 929 2702 AEn'.
947 2683 975 2709 x,
993 2674 1066 2707 835,

338 2715 451 2746 Procul
478 2715 596 2757 (juxta,
618 2715 650 2745 iu
673 2712 864 2756 propinquo)
886 2725 960 2745 aerea
977 2716 1068 2744 ramis

1115 1419 1270 1459 Dependet
1289 1420 1389 1460 galea.
1434 1418 1614 1455 Exstrtwtis,
1637 1420 1678 1451 ob
1701 1430 1846 1462 magnam

1114 1461 1303 1502 reliquorum
1321 1460 1519 1496 ferculorum,
1542 1471 1614 1502 quae
1629 1469 1790 1494 servantur
1811 1464 1844 1495 in

1115 1503 1270 1538 canistris,
1296 1512 1333 1532 co
1357 1502 1430 1539 iam,
1454 1507 1490 1532 ut
1509 1513 1608 1534 mensa
1626 1509 1788 1543 exstructa,
1811 1505 1845 1536 in

1114 1554 1177 1584 qua
1201 1543 1322 1585 splendi
1345 1554 1362 1574 e
1386 1543 1535 1586 disposita
1560 1550 1606 1575 est
1627 1554 1743 1586 magna
1765 1557 1842 1589 epu-

1114 1586 1213 1615 larum
1227 1586 1326 1627 copia.

1160 1629 1231 1658 106.
1259 1628 1332 1657 Mus
1351 1626 1493 1661 rusticus.
1513 1627 1568 1668 qui
1591 1632 1664 1658 ante
1686 1636 1846 1671 porrectus

1111 1668 1255 1710 jacuerat
1277 1669 1310 1698 in
1335 1669 1431 1699 horna
1454 1669 1556 1710 palea,
1583 1670 1680 1701 cubat
1703 1681 1787 1702 nuuc
1811 1672 1844 1702 in

1114 1716 1199 1742 veste
1215 1720 1381 1752 purpurea.
1425 1711 1506 1741 Sane
1529 1710 1562 1741 in
1584 1711 1642 1742 hac
1659 1711 1731 1744 vitae
1753 1713 1845 1744 urba.-

1115 1763 1176 1788 nae,
1204 1763 1266 1793 qua
1300 1762 1383 1783 nunc
1418 1751 1575 1792 gaudebat
1599 1763 1668 1784 mus
1701 1755 1844 1792 rusticus,

1114 1794 1330 1836 descriptione,
1345 1804 1406 1824 non
1417 1794 1484 1824 sine
1496 1794 1589 1825 animi
1600 1795 1670 1826 volu
1695 1801 1758 1828 tate
1769 1807 1843 1828 con-

1114 1836 1224 1867 tendes
1238 1836 1362 1876 singula
1376 1846 1448 1867 cum
1471 1835 1602 1875 singulis
1622 1836 1678 1878 qui
1701 1847 1739 1868 us
1753 1844 1844 1870 antea

1116 1878 1178 1908 vita
1193 1878 1263 1918 ejus
1279 1878 1393 1908 rustica
1407 1878 1590 1909 adumbrata
1605 1884 1663 1909 est.

1160 1921 1230 1957 108,
1260 1921 1331 1950 109.
1362 1920 1582 1960 continuaeque
1603 1922 1711 1960 dapes.-
1745 1922 1845 1954 conti-

1117 1967 1234 1999 nenter,
1250 1972 1314 1992 uno
1328 1967 1431 1992 tenore
1446 1962 1523 1992 alias
1537 1967 1566 1991 at
1591 1972 1628 1993 ue
1647 1962 1726 1994 alias
1747 1963 1845 2006 dapes

1117 2009 1270 2045 apportat.
1299 2004 1460 2034 Vernilieer
1474 2005 1542 2043 ipsis
1583 2005 1845 2046 ungitur-officiis:

1116 2048 1197 2085 ipsis,
1227 2045 1313 2087 ipsiS,
1344 2045 1458 2086 quibus
1486 2055 1587 2076 vernae
1616 2046 1704 2088 fungi
1733 2047 1846 2086 solent,

1116 2087 1255 2127 fungitur
1281 2087 1409 2117 officiis:
1439 2088 1652 2127 purlambens5
1686 2098 1749 2119 non
1778 2096 1845 2121 raro

1116 2130 1198 2159 enim
1225 2139 1326 2159 vernae
1352 2130 1448 2163 cibos,
1471 2139 1548 2170 quos
1572 2134 1744 2170 apponunt,
1764 2141 1843 2173 prae-

1116 2171 1251 2201 lambere
1267 2171 1377 2201 solent.
1421 2173 1481 2201 Pro
1502 2172 1692 2210 proelambens
1713 2172 1844 2204 duorum

1116 2213 1216 2242 Codd.
1243 2212 1426 2242 auctoritate
1457 2212 1620 2243 Bentleius
1648 2213 1744 2250 dedit,
1767 2225 1845 2254 prc-

1115 2255 1211 2283 libans
1224 2266 1233 2283 :
1257 2253 1317 2283 cibi
1333 2259 1414 2283 certe
1435 2263 1454 2282 a
1474 2254 1670 2286 convivator-e
1690 2257 1844 2295 proelibari

1113 2295 1256 2325 solebant
1271 2294 1302 2324 in
1316 2294 1443 2324 urbanis
1459 2293 1619 2325 conviviis.

1160 2338 1231 2371 110,
1252 2337 1324 2367 111.
1350 2337 1477 2372 Culmus,
1497 2335 1642 2366 cubando
1663 2336 1843 2378 pelliculam

1113 2388 1236 2409 curans.
1260 2378 1406 2417 Bonisque
1419 2378 1527 2412 Rebus,
1539 2382 1570 2407 et
1579 2387 1679 2408 rerum
1693 2378 1844 2410 bonarum

1113 2421 1225 2455 fructu,
1242 2419 1428 2450 constitutus
1443 2418 1558 2460 quippe
1572 2418 1605 2449 in
1617 2421 1707 2450 rebus
1718 2431 1844 2463 prospe-

1113 2462 1166 2491 ris.
1222 2463 1296 2502 Agit
1329 2462 1427 2491 laetnm
1461 2463 1623 2497 convivam,
1656 2468 1756 2502 partes
1779 2463 1843 2494 laeti

1113 2503 1251 2534 convivae
1269 2503 1344 2542 agit.
1362 2503 1467 2533 laetum
1484 2502 1647 2534 convivam
1661 2513 1694 2534 se
1718 2505 1845 2545 praebet.

1158 2547 1229 2575 114.
1276 2546 1405 2575 Molossis
1441 2546 1582 2575 canibus:
1626 2545 1670 2576 cf.
1699 2555 1767 2587 sup.
1803 2547 1842 2578 ad

1114 2587 1213 2629 Epod.
1229 2588 1260 2621 6,
1278 2588 1308 2617 5.

1157 2630 1226 2659 117.
1250 2629 1341 2663 Ενυο,
1366 2626 1530 2668 leguminis
1553 2627 1688 2669 quodam
1712 2640 1841 2671 genere:

1113 2674 1196 2702 tenui
1211 2682 1288 2707 erro,
1306 2670 1345 2701 ad
1360 2675 1483 2701 tenuem
1500 2669 1615 2700 victum
1630 2670 1706 2702 ervi.
