1904 3314
277 203 362 243 376

310 306 366 347 20
396 306 622 347 Excussus
643 306 827 360 propriis
845 322 854 346 ε

814 201 1243 244 SATIRARUM

887 305 983 346 olim
1004 321 1099 346 nam
1121 319 1312 359 quaerere
1333 305 1538 354 amabam,

400 372 500 419 Quo
522 372 638 414 vafer
657 371 726 413 ille
746 373 880 426 pedes
900 372 1077 413 lavisset
1098 372 1309 426 Sisyphus
1330 385 1428 420 aere,

399 439 519 485 Quid
541 438 755 493 sculptum
775 438 956 488 infabre,
979 438 1083 492 quid
1104 438 1243 479 fusum
1265 438 1414 479 durius
1435 443 1573 477 esset:

401 503 591 545 Callidus
613 505 713 546 huic
735 506 855 559 signo
877 506 1086 559 ponebam
1108 504 1234 545 millia
1256 512 1424 546 centum
1442 520 1451 544 ε

399 569 565 611 Hortos
587 571 866 626 egregiasque
890 572 1037 612 domos
1059 571 1284 612 mercarier
1304 585 1415 611 unus

316 636 371 678 25
403 636 509 677 Cum
525 636 643 678 lucro
664 653 838 688 noram3
870 638 984 678 unde
1008 637 1248 691 frequentia
1269 635 1529 678 Mercuriale

401 702 650 757 Imposuere
672 705 774 744 mihi
794 719 1026 758 cognomen
1049 705 1245 758 compita.

404 769 466 810 Et
486 770 623 810 morbi
642 771 774 810 miror
794 777 1024 824 purgatum
1045 778 1087 811 te
1107 771 1232 810 illius.

1305 704 1347 744 N
1355 705 1435 754 ovi,

1291 769 1429 824 Atqui

406 835 580 876 Emovit
599 843 785 876 veterem
804 837 907 877 mire
929 851 1078 885 novus,
1100 844 1147 876 ut
1170 836 1290 885 solet,
1314 837 1356 877 in
1377 850 1451 877 cor

405 902 610 956 Trajecto
629 903 772 943 lateris
792 904 934 943 miseri
954 903 1191 957 capitisque
1213 903 1383 952 dolore3

321 969 377 1009 30
407 968 469 1009 Ut
487 968 747 1022 lethargicus
769 969 852 1018 hic,
874 983 1005 1023 quum
1025 969 1075 1008 fit
1095 969 1228 1023 pugil,
1253 976 1295 1010 et
1315 969 1526 1010 medicum
1545 974 1683 1022 urget.

410 1035 528 1075 Dum
548 1050 600 1075 ne
622 1036 726 1088 quid
749 1035 882 1076 simile
904 1036 1016 1084 huic,
1039 1043 1132 1075 esto
1155 1043 1201 1076 ut
1221 1035 1338 1076 libet.

1400 1035 1441 1075 Ο
1463 1035 1589 1081 bone,
1611 1048 1665 1075 ne
1686 1041 1728 1075 te

411 1100 661 1151 Frustrere3
694 1102 852 1141 insanis
874 1109 917 1142 et
938 1108 985 1141 tu
1007 1100 1208 1154 stultique
1229 1116 1366 1155 prope
1388 1115 1545 1150 omnes,

299 1229 345 1250 res
360 1229 428 1250 mea
440 1219 599 1250 familiaris
615 1220 807 1251 comminuta
816 1226 848 1251 et
859 1221 956 1251 fracta
970 1226 1029 1256 est,

300 1267 335 1291 ut
353 1262 440 1292 navis
456 1273 526 1302 quae
543 1262 572 1292 vi
594 1262 783 1304 tempestatis
801 1263 834 1292 in
853 1263 928 1292 mari
947 1262 1028 1292 fran-

301 1303 404 1344 gitur3
429 1303 502 1334 hinc
518 1303 574 1344 qui
589 1305 671 1334 bona
685 1315 741 1334 sua
758 1305 968 1345 perdiderunt,
984 1305 1030 1334 di-

302 1351 416 1376 cuntur
437 1346 522 1394 apud
541 1346 722 1377 Ciceronem
743 1346 776 1376 in
801 1346 929 1378 Catilin.
951 1347 971 1381 i.
994 1348 1032 1376 12

303 1387 543 1428 vza11s²iagi5sic
566 1388 649 1429 apud
668 1390 794 1419 Graecos
817 1391 983 1429 ναυαγεῖν
1003 1394 1034 1418 et

304 1430 465 1471 ναυαγός·
489 1430 550 1460 vid.
569 1429 710 1461 Jacobsii
729 1431 851 1460 doctam
873 1437 976 1460 notam
995 1430 1034 1460 ad

306 1471 438 1502 Anthol.
457 1471 562 1502 Graec.
582 1473 620 1503 T.
641 1471 675 1506 ii,
695 1474 722 1507 1,
740 1483 771 1513 p.
798 1473 855 1502 137
874 1483 943 1512 sqq.
986 1474 1034 1502 Ad

305 1513 419 1544 Janum
432 1515 578 1544 medium:
593 1512 699 1544 eratin
713 1514 776 1544 foro
791 1515 935 1544 Romano
948 1514 1035 1544 vicus

306 1555 380 1586 Jani
398 1557 434 1596 (a
449 1556 524 1586 Jani
542 1555 682 1585 bifrontis
698 1557 747 1586 vel
764 1557 890 1602 templo,
908 1557 953 1586 vel
972 1556 1036 1596 sig-

309 1607 360 1631 no,
373 1598 421 1627 vel
438 1607 456 1627 a
471 1597 567 1627 tribus
580 1597 690 1639 perviis
706 1603 790 1627 trans
793 1597 950 1632 itionibus,
964 1598 1038 1628 Jam'

308 1639 483 1686 appellatis,
498 1639 543 1669 ita
557 1640 680 1677 dictu-23
703 1640 741 1670 de
758 1639 870 1680 perviis
885 1639 1038 1669 transitio-

310 1681 414 1715 nibus,
429 1681 493 1711 sive
513 1663 945 1728 Janis,vi‹i.1nierpretesin
962 1683 1038 1711 Sue-

309 1727 375 1753 ton.
399 1723 534 1762 August.
562 1722 634 1770 31),
658 1723 690 1752 in
715 1734 805 1764 cujus
826 1725 923 1754 media
952 1730 1037 1765 parte

310 1765 428 1805 (prima
443 1765 536 1805 hujus
550 1765 611 1795 vici
627 1775 694 1806 pars
709 1777 746 1805 pi
750 1768 825 1795 imas
840 1775 895 1796 seu
909 1775 1039 1796 summus

310 1807 421 1842 Janus,
434 1807 537 1837 media
549 1808 661 1837 medius
675 1809 784 1844 Janus,
802 1807 908 1838 infima
922 1809 1042 1848 infimus

313 1849 450 1879 velimus
466 1849 563 1880 ,Ianus
584 1849 756 1886 dicebatur,
770 1850 812 1880 cf.
827 1849 885 1880 inf.
903 1849 1004 1890 Epist.
1020 1851 1041 1886 i,

315 1892 344 1925 l,
361 1890 433 1930 54),
450 1901 521 1930 quae
537 1890 629 1921 fuisse
648 1891 769 1922 videtur
785 1892 1041 1932 frequentissima,

314 1931 526 1967 foeneratores,
551 1933 589 1962 ad
612 1943 731 1963 mensas
756 1933 803 1964 vel
826 1934 969 1964 tabernas
994 1944 1041 1964 ar-

314 1973 468 2014 gentarias
486 1973 626 2005 sedentes
651 1974 741 2014 (Cic.
764 1975 802 2006 de
825 1976 916 2006 offic.
936 1975 969 2010 ii,
989 1977 1043 2012 25,

316 2016 372 2046 Sed
400 2023 458 2046 toto
489 2017 540 2046 hoc
564 2018 598 2046 de
625 2027 744 2056 genere,
770 2019 805 2046 de
826 2020 1045 2057 qaoerendaste

314 2059 486 2088 collocanda
503 2059 642 2097 pecunia,
661 2061 748 2088 etium
769 2061 804 2089 (le
823 2061 947 2095 utenda,
969 2071 1045 2090 com-

315 2101 430 2130 modius
448 2111 464 2129 a
483 2102 657 2139 quibusdum
673 2103 788 2140 optimis
804 2103 876 2131 viris
892 2102 1045 2141 (foenera-

317 2141 463 2181 toribus),
496 2144 535 2172 ad
566 2144 695 2172 medium
722 2143 835 2172 Jamtm
868 2145 1045 2178 sedentibus,

317 2195 403 2223 quam
419 2185 454 2214 ab
470 2185 542 2214 ullis
555 2184 733 2223 philosophis
745 2185 810 2214 ulla
827 2186 857 2214 in
874 2186 969 2215 schola
986 2187 1046 2216 dis-

315 2231 458 2265 putatur,
478 2225 521 2256 cs.
541 2225 609 2256 Cic.
631 2226 767 2267 Philipp.
787 2226 827 2261 vi,
847 2227 897 2263 5),
912 2237 957 2257 res
974 2237 1047 2257 suas

319 2268 464 2315 agebant.
507 2267 556 2297 Ibi
577 2267 670 2308 igitur
690 2267 927 2309 Damasippus'
920 2279 952 2298 in
969 2269 1048 2299 vasis

319 2309 466 2357 antiquis,
483 2315 517 2340 ut
532 2309 595 2351 ipse
613 2309 704 2351 paulo
720 2315 789 2351 post
805 2317 918 2346 narrat,
934 2315 965 2341 et
980 2311 1047 2340 aliis

320 2353 412 2382 rebus
441 2352 551 2382 insano
581 2352 679 2392 pretio
713 2352 888 2383 coemendis
920 2353 1045 2388 nimius,

317 2403 474 2424 versuram
490 2393 574 2435 apud
588 2393 788 2424 foeneratores
799 2394 939 2425 faciendo
952 2395 1048 2425 bono-

322 2446 390 2466 rum
407 2435 599 2476 naufragium
616 2446 723 2477 passus
737 2441 792 2466 est.
836 2438 944 2467 Aliena
960 2448 1048 2478 nego-

321 2479 376 2514 tia,
407 2477 489 2519 quod
519 2477 587 2508 aliis
616 2478 723 2519 prosit,
747 2488 795 2508 res
825 2478 974 2518 aliorum3
1005 2479 1049 2510 sic

321 2520 420 2550 aliena
436 2521 567 2561 negotia,
584 2519 639 2550 inf.
655 2521 719 2550 Sat.
735 2520 767 2558 ii,
781 2521 812 2555 6,
828 2522 880 2551 33.

363 2563 417 2597 20,
440 2563 492 2592 21.
517 2561 663 2592 Excussus
683 2564 832 2602 propriis.-
856 2562 980 2604 perditis
1003 2562 1050 2594 ni-

322 2603 433 2635 mirum
449 2603 551 2639 bonis,
564 2603 654 2639 nihil,
667 2606 749 2644 quod
765 2604 824 2635 ad
818 2615 916 2652 ipsum
929 2611 1051 2646 specta-

322 2651 377 2684 ret,
386 2645 558 2677 curandum
569 2645 703 2676 habebat
714 2646 843 2677 Damas
821 2657 940 2688 hippus
964 2648 1051 2681 (1211ae-

323 2698 390 2719 rere
404 2689 548 2722 amabam,
569 2688 742 2726 ρων-(51η
758 2699 812 2730 pro
828 2689 958 2730 vulgari,
973 2701 1052 2729 ‹111ae-

323 2740 389 2760 rere
424 2741 460 2761 (τε
498 2731 597 2771 (aerea
633 2731 724 2769 vasa)
761 2743 827 2771 qno,
865 2736 937 2762 cett.
980 2732 1051 2763 Jam

323 2771 547 2819 DamasippuS,
582 2771 761 2809 edisserens,
794 2773 949 2814 quomodo
979 2773 1053 2804 olim

325 2813 456 2862 antiqua
477 2824 549 2844 vasa
562 2814 800 2860 conquisiverit,
817 2821 848 2846 et
867 2825 923 2845 sua
940 2815 1055 2862 cuique

323 2856 422 2898 pretia
441 2855 596 2890 statuerit,
612 2866 644 2887 se
659 2856 835 2897 elegantem
855 2857 963 2888 veteris
978 2858 1050 2888 artis

321 2903 523 2944 spectatorem
535 2898 647 2939 jactat.
693 2899 833 2933 Quaerere
848 2899 944 2940 paulo
959 2900 1051 2930 latius

319 2950 384 2984 Jarn
399 2945 506 2984 patet3
529 2945 573 2972 est
589 2940 672 2972 enirn
689 2945 751 2972 non
770 2946 903 2977 tantum,
920 2941 979 2973 sibi
994 2941 1049 2972 ali-

1073 1220 1149 1261 quid
1172 1220 1341 1261 acquirere,
1365 1230 1555 1262 comparare.
1577 1219 1632 1251 sed
1657 1219 1748 1251 etiam
1770 1219 1803 1250 in

1074 1262 1215 1303 aliquid
1209 1263 1373 1303 inquirere,
1388 1262 1507 1304 aliquid
1521 1261 1708 1298 examinare,
1720 1261 1763 1303 dij
1766 1272 1803 1292 u-

1074 1305 1188 1335 dicare.
1233 1305 1444 1346 Damasippus
1469 1304 1629 1345 acquirere
1650 1303 1708 1334 sibi
1731 1304 1805 1334 olim

1076 1347 1235 1377 studuerat
1265 1357 1376 1376 aeream
1403 1347 1536 1388 pelvem,
1565 1356 1628 1387 qua
1657 1346 1806 1387 Sisyphus

1077 1390 1168 1429 pedes
1182 1388 1328 1426 lavisset;
1353 1395 1419 1418 tum
1439 1391 1623 1429 quoesiverffat
1637 1387 1806 1429 inquisive-

1078 1438 1124 1461 rat
1149 1435 1179 1460 et
1204 1430 1442 1470 dijudicaverat,
1475 1432 1556 1465 Quid
1581 1431 1733 1469 sculptum
1758 1432 1806 1460 in-

1067 1473 1265 1513 ΔῘ’(ιί1ιε,ι]ιι1ι1
1279 1474 1388 1512 tusum
1411 1474 1520 1503 durius
1537 1478 1616 1502 esset.
1661 1472 1807 1503 Ceterum

1080 1514 1318 1567 Damasippum
1334 1521 1468 1544 veterum
1493 1519 1664 1544 statuarum
1691 1519 1808 1545 amato-

1079 1566 1141 1585 rem
1163 1556 1270 1591 fuisse,
1291 1555 1438 1587 discimus
1460 1566 1584 1604 quoque
1601 1566 1640 1586 ex
1657 1555 1810 1587 Cicerone

1082 1598 1113 1627 in
1150 1598 1247 1638 Epist.
1281 1598 1319 1628 ad
1354 1599 1443 1628 Fam.
1479 1598 1532 1633 vii,
1561 1599 1614 1628 23.
1657 1597 1810 1638 Sisyphus,

1083 1639 1164 1669 filius
1183 1639 1282 1676 AEoli,
1299 1650 1351 1670 rex
1374 1641 1508 1682 Ephyrae
1525 1645 1557 1671 et
1574 1639 1717 1671 Corinthi
1735 1650 1810 1671 cou-

1083 1681 1174 1719 ditor‚
1204 1682 1316 1713 astutia
1346 1682 1486 1724 inprimis
1516 1687 1619 1717 notus,
1646 1682 1730 1712 unde
1757 1681 1812 1713 ille

1083 1734 1167 1754 nunc
1182 1726 1280 1766 vafer.
1326 1724 1420 1765 Apud
1442 1725 1568 1755 Homer.
1586 1723 1684 1755 Iliad
1700 1723 1742 1760 vi,
1757 1725 1811 1759 53,

1082 1765 1247 1806 κέρδιστος
1263 1765 1398 1808 ἀνδρῶν
1413 1772 1551 1797 vocatur.
1588 1767 1638 1797 De
1654 1775 1758 1813 poena,
1773 1767 1814 1797 ob

1085 1808 1247 1838 latrocinia
1257 1814 1287 1838 et
1301 1809 1362 1839 alia
1371 1809 1475 1840 dolose
1494 1813 1665 1850 perpetrata
1677 1807 1813 1839 facinora

1085 1850 1167 1891 apud
1182 1850 1295 1881 inferos
1310 1851 1337 1880 ei
1352 1850 1543 1892 perferenda,
1560 1851 1648 1881 locus
1663 1850 1814 1882 classicus

1085 1898 1130 1922 est
1145 1892 1226 1933 apud
1243 1893 1369 1923 Homer.
1387 1893 1501 1934 Odyss.
1516 1893 1558 1928 xi,
1574 1894 1635 1924 592
1649 1903 1718 1933 sqq.

1129 1936 1182 1964 22.
1206 1935 1339 1976 Iasum-,e
1359 1934 1442 1965 haud
1465 1934 1502 1965 ad
1523 1934 1596 1965 artis
1615 1933 1734 1966 fabrilis
1753 1933 1814 1965 sci-

1086 1976 1214 2011 entiam,
1233 1977 1445 2016 ineleganter,
1466 1976 1653 2007 contrarium
1671 1981 1720 2007 est
1736 1975 1814 2024 affa-

1087 2020 1144 2049 I1ae·.e
1191 2019 1273 2048 Dm
1265 2030 1322 2053 1us
1336 2019 1439 2049 minus
1457 2025 1621 2060 purgatum
1643 2018 1682 2049 ab
1701 2018 1815 2060 asperi-

1090 2066 1172 2098 tate;
1195 2061 1381 2091 contrarium
1403 2067 1451 2092 est
1469 2062 1608 2091 motlius:
1633 2060 1723 2102 Virg.
1738 2061 1816 2091 AEn.

1089 2102 1133 2138 vi,
1158 2104 1233 2137 847,
1266 2103 1422 2134 Eacudent
1447 2104 1502 2134 alii
1526 2104 1677 2143 spirantia
1699 2103 1818 2134 mollius

1089 2155 1160 2174 ιρι-ιι.

1131 2187 1184 2216 23.
1208 2186 1364 2216 Callidus:
1388 2191 1423 2216 ut
1444 2187 1536 2217 homo
1558 2186 1669 2218 veteris
1691 2185 1765 2217 artis
1786 2191 1819 2218 et

1090 2233 1225 2258 veterum
1241 2234 1509 2259 monumentorum
1526 2234 1607 2259 reete
1623 2228 1820 2259 aestimando-

1091 2279 1158 2300 rum
1180 2270 1258 2300 bene
1282 2269 1407 2311 peritus,
1430 2270 1554 2300 subtilis
1573 2269 1682 2311 judex,
1705 2275 1742 2300 ut
1763 2269 1821 2300 ins.

1091 2311 1192 2352 Epist.
1215 2311 1236 2346 i,
1254 2313 1284 2350 7,
1308 2313 1376 2348 101,
1393 2313 1518 2342 subtilis
1536 2313 1774 2351 veterumjudex
1793 2319 1821 2342 et

1090 2354 1218 2384 cailidus
1233 2355 1331 2384 audis.
1370 2354 1464 2388 Huic,
1476 2353 1549 2385 huic
1562 2359 1594 2385 et
1607 2353 1666 2390 illi,
1677 2353 1822 2391 cuidam;

1091 2401 1126 2425 ut
1141 2406 1171 2425 v.
1188 2397 1240 2430 30,
1262 2396 1303 2426 Ut
1320 2397 1502 2437 lethargicus
1519 2397 1577 2432 hic,
1593 2395 1718 2444 aliquis,
1733 2395 1822 2427 etsie

1092 2437 1204 2485 passim
1233 2438 1290 2468 hic.
1337 2439 1494 2472 Ponebmn,
1518 2437 1742 2469 constituebam
1768 2448 1823 2480 pro

1094 2489 1162 2511 mea
1178 2479 1210 2509 in
1226 2479 1274 2510 his
1286 2480 1378 2510 rebus
1393 2479 1535 2511 scientia.
1574 2480 1680 2510 Mimo
1693 2486 1823 2518 centum,

1092 2532 1135 2552 sc.
1149 2521 1320 2553 nummum.

1136 2565 1189 2594 24
1214 2565 1427 2594 Hortos—mer
1429 2564 1526 2594 carier
1543 2573 1623 2596 unus
1646 2564 1722 2594 Cum
1741 2565 1825 2594 lucro

1095 2617 1218 2636 noram:
1239 2606 1312 2637 hinc
1330 2606 1440 2637 Cicero
1455 2614 1581 2652 quoque
1597 2615 1616 2636 a
1632 2605 1825 2656 Damasippo

1096 2648 1199 2678 hortos
1214 2658 1315 2679 emere
1329 2647 1448 2679 voluit:
1473 2646 1574 2688 Epist.
1593 2646 1632 2678 ad
1649 2647 1750 2680 Attio
1769 2648 1826 2685 xii,

1097 2691 1138 2721 29
1155 2696 1186 2721 et
1200 2691 1253 2721 33.

1138 2734 1192 2768 25,
1222 2734 1280 2763 26.
1321 2731 1688 2772 Frequentia-—compi‘tax
1720 2731 1827 2763 Schol.

1098 2775 1186 2812 Acr.,
1209 2776 1366 2805 Aur-tiones
1379 2773 1452 2814 fer-e
1474 2775 1505 2803 in
1522 2774 1656 2811 compitis
1667 2773 1770 2814 fiant,
1793 2785 1825 2804 ex

1098 2818 1202 2857 quibus
1218 2827 1246 2846 se
1263 2817 1396 2857 quadum
1410 2825 1502 2846 emere
1518 2815 1639 2845 salitum
1655 2822 1684 2846 et
1703 2817 1828 2846 vendere

1094 2860 1261 2900 significat.
1307 2858 1441 2896 Compita
1463 2858 1609 2887 dicuntur
1626 2858 1676 2887 uiae
1692 2857 1770 2893 latet,
1787 2860 1825 2889 ad

1094 2913 1166 2941 quas
1175 2912 1208 2931 est
1219 2901 1321 2931 multis
1335 2900 1504 2940 regionibus
1516 2900 1703 2930 convenitur.
1741 2900 1826 2931 Mer-

1095 2944 1210 2974 curiale
1230 2943 1397 2982 Imposuere
1418 2941 1491 2972 mihi
1513 2952 1684 2983 cognomen,
1703 2951 1752 2974 me
1774 2953 1826 2973 vo-
