1884 3288
311 204 391 245 180

861 199 1260 243 CARMINUM

508 300 564 342 25
594 299 636 340 O
657 298 850 353 quisquis
871 298 983 339 volet
1002 298 1151 352 impias

651 365 806 407 Caedes
826 371 870 407 et
890 365 1051 406 rabiem
1070 363 1219 406 tollere
1240 364 1426 414 civicam,

597 432 644 473 Si
664 438 828 486 quaeret
849 431 980 472 Pater
999 431 1183 472 Urbium

651 498 874 539 Subscribi
895 498 1060 546 statuis,
1082 497 1327 538 indomitam
1347 496 1503 537 audeat

596 565 849 606 Refraenare
869 563 1095 612 licentiam,

513 631 568 672 30

655 629 808 671 Clarus
830 630 1101 684 postgenitiS,
1123 635 1348 683 quatenus,
1369 628 1455 669 heu
1475 627 1612 677 nefas,

598 697 814 739 Virtutem
835 696 1087 737 incolumem
1108 695 1289 743 odimus,

654 762 876 803 Sublatam
896 777 951 803 ex
972 761 1104 803 oculis
1126 761 1354 814 quaerimus
1375 759 1521 800 invidi.

597 829 715 875 Quid
738 829 882 869 tristes
908 828 1195 882 querimoniae,

654 894 701 935 Si
721 910 806 935 non
829 893 1036 948 supplicio
1059 892 1184 946 culpa
1203 891 1435 932 reciditur!

511 961 566 1001 35
598 960 719 1007 Quid
738 960 869 1014 leges,
893 961 982 1000 sine
1003 959 1192 1000 moribus

653 1027 806 1075 Vanae,
827 1025 1072 1080 proficiunt,
1096 1025 1290 1077 sineque
1307 1023 1483 1063 fervidis

598 1093 704 1133 Pars
726 1092 890 1133 inclusa
910 1091 1121 1132 caloribus

656 1158 827 1207 Mundi,
850 1172 929 1198 nec
951 1157 1104 1197 Boreae
1125 1156 1350 1197 finitimum
1367 1154 1495 1204 latus,

599 1225 865 1278 Durataeque
886 1223 975 1265 solo
996 1223 1127 1271 nives,

513 1293 569 1333 40
656 1290 946 1332 Mercatorem
964 1289 1172 1343 abigunt?
1203 1287 1379 1329 horrida
1399 1286 1540 1328 callidi

599 1357 792 1399 Vincunt
813 1370 987 1410 aequora
1006 1355 1188 1396 navitae?

657 1423 867 1478 Magnum
887 1421 1114 1477 pauperies
1137 1421 1416 1475 opprobrium
1431 1420 1558 1474 jubet

318 1542 358 1573 ad
384 1541 569 1574 sententiam
595 1539 686 1582 plura
708 1545 846 1571 veterum
866 1539 1049 1581 scriptorum

319 1584 391 1615 loca
421 1583 610 1625 comparavit
642 1583 693 1612 Cl.
729 1581 862 1612 Mitsch.
922 1583 1052 1611 castitas

319 1633 399 1657 certo
410 1625 530 1666 foedere
544 1635 611 1666 pro,
627 1624 701 1654 certi
718 1623 856 1658 foederis,
880 1623 911 1653 h.
927 1633 955 1654 e.
976 1633 1051 1653 con-

317 1667 411 1709 jugii,
428 1667 511 1708 quod
528 1676 648 1707 semper
661 1673 745 1696 certa
759 1666 819 1695 fide
836 1670 968 1696 constat.
1013 1665 1053 1694 Et

317 1720 439 1749 peccare
461 1708 555 1749 nefas,
579 1714 632 1737 aut
655 1709 786 1746 pretium
810 1709 918 1737 emori:
943 1712 974 1736 et
993 1706 1050 1736 dos

319 1757 375 1788 est,
392 1751 438 1781 vel
455 1749 537 1781 dotis
550 1750 619 1780 loco
635 1750 716 1790 apud
734 1759 787 1779 eas
802 1755 909 1788 gentes
931 1748 1048 1778 haben-

319 1792 395 1823 dum
409 1797 468 1828 est,
485 1792 569 1832 quod
585 1801 690 1822 earum
707 1791 777 1820 filiae
797 1801 918 1830 peccare
943 1790 1051 1831 (adul-

319 1839 428 1870 terare,
454 1833 679 1874 ἁμαρτάνειν)
707 1833 793 1874 nefas
818 1843 886 1863 esse
910 1833 1049 1871 ducunt3

320 1882 387 1911 aut,
405 1876 429 1906 si
446 1877 485 1906 ad
509 1875 698 1905 adulterium
718 1875 974 1905 committendum
992 1874 1053 1904 sol-

321 1917 492 1955 licitantur,
507 1919 597 1947 emori
614 1915 778 1958 (mortem)
805 1927 859 1957 pro
878 1916 976 1957 pretio
999 1915 1052 1946 ha·

322 1959 410 1994 bent,
435 1959 466 1989 h.
492 1969 520 1990 e.
543 1959 619 1989 mori
643 1968 737 1998 quam
765 1958 949 1989 adulterium
970 1968 1054 1988 com-

322 2002 443 2032 mittere
457 2001 589 2031 malunt.
633 2000 707 2039 [Est
724 2002 797 2029 mori
822 2010 876 2040 pro
898 2002 987 2030 emori
1002 2009 1051 2041 ap.

323 2043 439 2074 Feam:
464 2043 506 2073 cf.
521 2041 597 2072 edit.
611 2041 688 2071 min.
705 2041 743 2072 ad
761 2042 791 2072 h.
808 2042 847 2081 1.]

364 2084 503 2115 25—32.
525 2084 599 2114 Jam
626 2093 699 2113 cum
721 2083 816 2113 nobili
839 2083 1054 2123 indignatione

323 2126 362 2156 ad
378 2126 560 2157 indomitam
571 2124 671 2155 aetatis
687 2135 750 2155 suae
761 2125 919 2155 licentiam
935 2135 967 2155 se
977 2135 1052 2155 con-

320 2168 421 2202 vertit,
445 2173 476 2198 et
504 2166 659 2208 quomodo
682 2168 753 2201 ista,
777 2176 795 2196 a
820 2166 885 2197 viro
905 2171 1051 2197 aeternam

323 2209 382 2240 sibi
399 2209 479 2251 apud
497 2214 633 2249 posteros
646 2209 685 2238 de
701 2213 821 2238 servata
836 2207 935 2249 patria
958 2208 1050 2248 glori-

322 2261 371 2282 am
409 2256 566 2293 paratura,
595 2250 790 2280 refraenanda
827 2250 876 2285 sit,
907 2249 1052 2280 ostendit.

324 2294 417 2330 Quod
441 2292 617 2334 suspicatur
647 2291 856 2331 Boettigerus,
890 2291 1053 2322 Horatium

321 2334 383 2366 hac
403 2333 563 2365 severioris
585 2333 761 2374 disciplinae
785 2333 1054 2364 commendatione

321 2377 509 2408 velificatum
533 2386 600 2406 esse
622 2377 729 2416 gratiae
745 2374 895 2415 Augusti,
911 2375 966 2416 qui
989 2381 1053 2406 tum

319 2418 399 2450 forte
425 2417 596 2449 condendis
617 2417 680 2447 illis
703 2417 825 2458 legibus
846 2426 924 2458 quas
948 2423 1054 2458 postea

321 2461 406 2496 tulit,
433 2471 461 2491 v.
484 2470 513 2490 c.
537 2459 596 2500 legi
621 2459 712 2490 Juztae
735 2461 771 2489 de
797 2460 968 2496 adulteriis,
991 2459 1052 2500 legi

322 2503 427 2543 Papiae
456 2502 584 2540 Poppaeae
614 2502 650 2531 de
677 2502 857 2532 maritandis
885 2502 1051 2538 ordinibus,

321 2553 445 2586 operam
461 2542 592 2578 dederit,
616 2542 786 2573 admodum
811 2542 972 2590 probabile
995 2548 1052 2574 est.

322 2587 447 2618 Rabiem
457 2587 592 2619 civicam,
605 2585 643 2615 de
655 2584 745 2615 bellis
761 2585 918 2619 civrlibus,
933 2589 967 2615 ut
981 2594 1052 2625 pas-

320 2629 380 2660 sim
393 2628 493 2669 furor
515 2629 637 2657 civium.
679 2627 712 2656 Si
736 2633 844 2666 quaeret
871 2626 965 2657 Pater
992 2626 1052 2656 Ur-

290 2669 293 2672 “
321 2672 412 2707 bium,
427 2674 500 2700 cett.
515 2669 541 2699 si
567 2668 661 2709 hujus
686 2668 790 2709 gloriae
817 2674 966 2710 appetens
982 2668 1051 2704 erit,

319 2717 356 2744 ut
370 2721 483 2742 nomen
497 2721 587 2741 suum
603 2710 773 2750 aliquando
787 2711 846 2740 sub
861 2709 964 2745 titulo,
991 2710 1052 2740 Pa-

320 2761 367 2786 ter
398 2753 526 2784 Urbium
555 2753 666 2782 statuis
695 2751 863 2782 incidatur.
924 2752 1052 2782 Urbium

341 2806 387 2832 ro,
405 2795 500 2830 urbis,
520 2799 556 2825 ut
576 2797 683 2824 statuis
704 2804 770 2834 pro,
793 2798 915 2824 statuae.
960 2795 1050 2824 Non-

317 2807 392 2870 dum
413 2836 539 2878 quidem
561 2842 628 2866 tum
651 2835 826 2876 Augustum
849 2845 942 2876 quem
966 2836 1045 2866 Nos-

319 2885 401 2912 trum
416 2878 558 2910 innuisse
580 2883 702 2920 putant,
718 2887 757 2909 ex
782 2877 908 2919 publico
925 2884 1050 2915 senatus

319 2920 463 2954 consulto
479 2921 583 2952 Patris
599 2920 714 2951 Patriae
731 2919 857 2951 nomine
879 2918 1049 2960 insignitus

1094 1537 1172 1575 fuit;
1199 1540 1253 1570 sed
1276 1539 1422 1581 populus,
1446 1545 1480 1570 ut
1504 1538 1617 1570 docent
1637 1538 1824 1573 numismata
1851 1570 1861 1578 7,

1095 1581 1251 1621 quaedam,
1281 1582 1320 1612 de
1356 1581 1472 1623 quibus
1500 1580 1564 1622 egit
1598 1580 1756 1612 Raschius
1791 1582 1824 1613 in

1097 1623 1204 1652 Lexic.
1223 1624 1383 1654 Numism.
1397 1624 1434 1655 T.
1449 1623 1494 1658 iii,
1512 1624 1550 1654 P.
1561 1623 1595 1660 ii,
1611 1634 1643 1666 p.
1659 1624 1733 1658 621,
1750 1624 1825 1662 622,

1094 1663 1159 1705 jam
1176 1665 1281 1706 plures
1296 1675 1394 1695 annos
1407 1670 1479 1696 ante
1491 1665 1576 1696 hunc
1590 1665 1716 1697 titulum
1726 1665 1823 1696 hono-

1093 1706 1212 1736 rificum
1230 1708 1258 1738 ei
1275 1707 1432 1738 tribuerat.
1480 1708 1670 1748 Postgenitis,
1684 1708 1825 1749 posteris,

1094 1749 1165 1785 τοῖς
1192 1748 1378 1790 ὀψιγόνοις.
1430 1749 1596 1786 Quatenus,
1626 1749 1823 1791 quandoqui-

1093 1790 1175 1827 dem,
1191 1791 1358 1832 quoniam:
1382 1790 1440 1821 inf.
1464 1791 1528 1822 Sat.
1551 1790 1575 1826 i.
1599 1792 1630 1825 1,
1653 1791 1706 1828 64,
1730 1792 1822 1822 liben-

1096 1838 1141 1862 ter
1158 1834 1314 1867 Quatenus
1337 1834 1370 1862 id
1385 1833 1484 1880 facit.
1533 1832 1682 1863 Virtutem
1709 1834 1824 1864 tricolu-

1096 1885 1181 1910 mem,
1198 1874 1279 1904 viros
1294 1885 1445 1915 egreng,
1461 1874 1535 1906 dum
1558 1874 1678 1906 vivunt.
1721 1874 1826 1906 Invidi

1098 1921 1161 1946 tam
1178 1917 1217 1946 ad
1231 1919 1344 1947 odimus
1359 1927 1454 1957 quam
1470 1917 1509 1947 ad
1521 1919 1678 1957 querimus
1691 1910 1825 1948 referen-

1098 1958 1184 1988 dum.
1228 1958 1279 1989 Ad
1305 1959 1489 1989 sententiam
1518 1959 1650 1989 laudant
1676 1957 1763 1989 Veli.
1789 1958 1825 1994 ii,

1095 2001 1148 2035 92,
1162 2001 1323 2031 Proesentia
1338 2002 1464 2035 invidia,
1475 2002 1630 2040 praeteritu
1639 2001 1826 2032 veneratione

1095 2044 1319 2081 persequimur,·
1355 2043 1399 2072 his
1423 2053 1473 2073 nos
1496 2043 1592 2078 obrui,
1621 2043 1685 2072 iltis
1711 2043 1826 2074 instrui

1095 2086 1261 2114 credimus.-
1284 2084 1325 2115 cf.
1340 2084 1399 2115 inf.
1416 2085 1516 2126 Epist.
1528 2084 1563 2118 ii.
1583 2085 1611 2120 1,
1634 2084 1682 2115 14.
1755 2119 1759 2123 ,

1139 2126 1276 2156 33-44.
1304 2127 1404 2157 Vanae
1425 2132 1498 2156 sunt
1519 2130 1632 2156 nostrae
1653 2126 1692 2157 de
1706 2135 1826 2157 morum

1095 2168 1269 2209 corruptela
1282 2167 1427 2208 querelae,
1445 2167 1472 2197 si
1488 2178 1549 2198 non
1565 2167 1668 2209 poenis
1681 2167 1828 2208 gravissi-

1095 2207 1155 2238 mis
1180 2209 1252 2239 huie
1277 2209 1359 2239 malo
1385 2209 1558 2248 resistitur3
1590 2219 1678 2240 vanae
1702 2219 1827 2256 quoque

1097 2255 1170 2280 sunt
1183 2250 1279 2291 leges,
1295 2250 1321 2280 si
1338 2250 1378 2280 ad
1392 2251 1464 2281 illas
1480 2261 1543 2281 non
1558 2250 1684 2287 vivitur,
1701 2261 1727 2282 st
1743 2251 1824 2282 divi-

1096 2291 1148 2322 tiae
1172 2297 1203 2323 et
1225 2293 1317 2322 luxus
1339 2292 1547 2323 instrumenta
1571 2302 1588 2323 e
1613 2292 1827 2324 remotissimis

1098 2338 1185 2364 terrae
1200 2334 1339 2375 partibus
1361 2344 1482 2364 summa
1503 2335 1674 2376 cupiditate
1695 2336 1826 2377 conqui-

1097 2381 1219 2411 runtur,
1236 2376 1410 2417 paupertati
1425 2387 1497 2407 vero
1520 2376 1629 2407 nullus
1650 2377 1748 2407 honor
1771 2378 1826 2409 tri·

1096 2416 1214 2448 buitur.
1261 2418 1371 2457 Culpa,
1382 2428 1501 2448 morum
1516 2419 1712 2460 perversitas.
1756 2419 1828 2450 Sine

1097 2461 1226 2489 moribus
1253 2471 1347 2494 vanae,
1372 2460 1511 2495 inutiles,
1537 2459 1598 2490 nisi
1623 2460 1687 2491 vita
1709 2460 1748 2492 ad
1773 2471 1827 2492 eas

1096 2500 1240 2541 exigitur.
1285 2502 1423 2532 Fervidis
1442 2503 1518 2532 Pars
1532 2503 1650 2533 inclusa
1669 2503 1828 2540 caloribus,

1098 2543 1221 2578 Mundi,
1247 2553 1323 2574 zona
1342 2543 1476 2574 torrida:
1501 2543 1541 2574 cf.
1564 2554 1634 2586 sup.
1656 2543 1678 2579 i,
1702 2545 1755 2580 22,
1769 2545 1824 2581 21,

1097 2584 1144 2619 iii,
1171 2586 1202 2620 3,
1219 2586 1273 2615 55.
1319 2585 1419 2617 Borea>
1435 2586 1606 2626 finitimum
1634 2587 1724 2621 latus.
1749 2595 1827 2617 zona

1096 2625 1218 2666 frigida.
1273 2627 1401 2658 Duram
1427 2629 1486 2658 solo
1515 2629 1609 2662 nives,
1640 2628 1776 2668 glaciem
1809 2638 1827 2659 e

1096 2669 1166 2698 nive
1181 2668 1276 2704 enim,
1293 2679 1386 2709 quam
1406 2669 1501 2710 frigus
1526 2669 1558 2700 in
1579 2669 1645 2700 solo
1666 2669 1826 2712 jacentem

1096 2709 1198 2746 durat,
1216 2711 1249 2740 fit
1264 2710 1393 2751 glacies.
1439 2711 1566 2746 callidi,
1584 2711 1660 2742 refer
1676 2711 1715 2742 ad
1730 2717 1826 2742 artem

1095 2751 1276 2792 navigandi,
1292 2763 1384 2793 quam
1401 2752 1439 2783 ad
1461 2752 1599 2794 pericula
1621 2753 1652 2782 in
1673 2753 1749 2784 mari
1771 2763 1825 2783 su-

1096 2795 1232 2834 peranda
1255 2795 1333 2825 bene
1354 2800 1457 2825 nuutae
1477 2794 1616 2831 culleum
1638 2794 1692 2826 alii
1714 2795 1752 2826 ad
1777 2795 1824 2825 lu-

1093 2836 1137 2866 cri
1159 2836 1293 2867 faciendi
1316 2837 1517 2868 calliditatem
1539 2836 1688 2868 referunt.
1733 2837 1827 2878 Mag-

1093 2889 1165 2908 num
1191 2881 1350 2918 pauperies
1378 2879 1576 2919 opprobrium,
1615 2883 1710 2911 cett-z
1749 2877 1825 2927 quid

1093 2919 1177 2961 leges
1201 2919 1375 2961 proficiunt,
1391 2921 1417 2952 si
1433 2919 1466 2958 ii,
1490 2919 1547 2963 qui
1571 2920 1676 2953 nullas
1698 2919 1825 2957 divitias
