1904 3314
309 208 395 248 344·
406 195 408 197 ’

426 307 524 348 Jam
543 308 734 362 peritura
752 307 902 348 modis.

847 204 1278 248 SATIRARUM

962 307 1158 348 Hecaten
1177 313 1300 348 vocat
1321 306 1468 356 altera,
1492 321 1644 348 saevam

427 373 580 415 Altera
603 374 893 428 Tisiphonen:
927 381 1147 427 serpentes
1169 380 1296 427 atque
1317 373 1484 414 videres

341 441 396 481 35
426 440 619 482 Infernas
640 454 782 481 errare
804 454 944 489 canes,
969 439 1220 493 Lunamque
1241 441 1480 489 rubentem,

428 507 499 548 Ne
519 506 631 548 foret
649 507 716 547 his
738 507 874 554 testis,
898 512 994 559 post
1014 520 1167 559 magna
1186 505 1318 546 latere
1340 505 1548 560 sepulcra.

430 571 620 614 Mentior
639 579 683 614 at
704 573 739 613 si
759 572 878 626 quid,
900 572 1056 612 merdis
1077 579 1207 626 caput
1227 573 1423 626 inquiner
1443 571 1550 613 albis

431 639 681 688 Corvorum,
703 645 830 692 atque
848 639 892 678 in
912 652 978 678 me
999 639 1138 679 veniat
1158 630 1330 679 mictum
1352 645 1481 692 atque
1502 644 1695 679 cacatum

431 705 572 747 Julius
595 714 637 747 et
658 705 819 759 fragilis
842 705 1060 753 Pediatia,
1082 704 1236 758 furque
1258 705 1474 746 Voranus.

345 771 401 811 40
431 771 609 826 Singula
629 772 732 826 quid
754 785 995 820 memorem,
1016 785 1101 824 quo
1122 778 1248 824 pacto
1269 769 1432 811 alterna
1451 769 1675 824 loquentes

433 837 610 879 Umbrae
630 852 726 878 cum
747 837 917 891 Sagana
936 844 1184 878 resonarent
1204 837 1324 878 triste
1345 844 1388 878 et
1408 838 1611 878 acutum?

431 903 578 958 thue
597 904 688 958 lupi
708 905 883 945 barbam
903 903 1031 943 variae
1052 917 1148 944 cum
1169 903 1298 944 dente
1320 903 1509 944 colubrae

430 970 694 1011 Abdiderint
714 969 858 1010 furtim
880 970 1030 1019 terris3
1062 976 1105 1010 et
1126 970 1310 1023 imagine
1332 983 1456 1010 cerea

430 1036 614 1090 Largior
634 1036 785 1076 arserit
806 1036 940 1089 ignis3
972 1042 1014 1076 et
1035 1043 1096 1084 ut,
1119 1050 1203 1076 non
1226 1036 1347 1076 testis
1369 1036 1545 1086 inultus,

345 1103 400 1143 45
431 1102 661 1143 Obruerim
682 1117 810 1143 voces
830 1101 1054 1142 Furiarum
1075 1108 1118 1142 et
1139 1101 1252 1142 facta
1272 1102 1486 1143 duarum?

430 1169 557 1218 Nam,
579 1169 769 1222 displosa
791 1175 913 1209 sonat
933 1175 1138 1222 quantum
1158 1168 1312 1217 vesica,
1336 1168 1509 1222 pepedi,

432 1235 610 1276 Diffissa
629 1242 741 1284 nate,
762 1235 885 1276 ficus.

947 1234 1010 1275 At
1029 1233 1111 1274 illae
1132 1249 1303 1275 currere
1325 1235 1367 1275 in
1388 1235 1561 1283 urbem3

433 1301 623 1343 Canidiae
645 1302 812 1350 dentes,
837 1300 966 1341 altum
989 1300 1170 1354 Saganae
1191 1299 1451 1341 caliendrum

432 1368 664 1416 Excidere,
687 1375 815 1420 atque
835 1366 1008 1413 herbas,
1031 1373 1158 1419 atque
1179 1366 1392 1406 incantata
1412 1365 1581 1410 lacertis

342 1433 396 1474 50
425 1433 622 1483 Vincula,
645 1447 740 1474 cum
761 1447 913 1486 magno
934 1432 1106 1485 risuque
1122 1432 1307 1486 jocoque
1329 1433 1510 1473 videres.

321 1573 414 1604 quam
429 1573 478 1600 ea,
493 1574 565 1605 quae
581 1564 683 1595 servili
697 1564 787 1596 modo
799 1565 928 1606 jamjam
944 1574 1056 1606 poenas

322 1605 435 1636 datura
449 1605 499 1636 sit.
545 1606 759 1637 Conferendus
774 1606 900 1637 omnino
912 1617 983 1637 cum
996 1606 1054 1636 hoc

324 1647 394 1678 loco
410 1647 564 1687 Virgilius
577 1647 610 1677 iu
632 1648 884 1679 Pharmaceutria
900 1648 971 1678 Ecl.
990 1647 1056 1683 viii,

324 1688 377 1718 ubi
398 1700 426 1719 v.
442 1690 494 1721 75.
512 1689 650 1720 venefica
670 1690 796 1731 effigiem
813 1700 831 1720 a
846 1701 878 1720 se
899 1689 990 1719 amati
1012 1695 1057 1720 ter

324 1730 443 1761 circum
458 1731 567 1761 altaria
578 1730 686 1769 ducit3
702 1738 734 1762 et
743 1731 900 1762 Theocrit.
915 1731 1011 1772 Idyll.
1023 1731 1057 1763 ii.

369 1773 422 1803 34.
444 1773 596 1813 Serpentes
609 1780 710 1813 atque,
723 1774 919 1815 cett-junge:
945 1775 1057 1804 videres

326 1822 472 1854 serpentes
485 1822 574 1855 atque
590 1816 725 1857 infernas
743 1827 829 1846 canes
843 1826 957 1846 errare.
1006 1816 1057 1846 Vi-

327 1858 420 1891 deres,
434 1862 470 1886 ut
482 1856 515 1887 in
530 1867 620 1888 versu
639 1858 748 1888 ultimo
770 1858 864 1899 hujus
879 1857 992 1892 satirae‚
1008 1858 1057 1888 vel

329 1908 398 1939 sup.
426 1899 491 1929 Sat.
516 1898 538 1934 i,
566 1901 596 1934 5,
628 1901 670 1930 76
693 1899 765 1940 (ubi
788 1899 850 1930 vid.
873 1900 968 1940 non),
993 1909 1058 1940 pro,

329 1950 414 1970 nunc
429 1940 532 1970 videre
546 1940 672 1972 licebat.

371 1983 423 2012 35.
446 1982 622 2022 Lunamque
638 1984 802 2018 rubentem,
824 1984 992 2019 lucentem,
1014 1983 1061 2014 ni-

329 2023 374 2054 hil
390 2023 524 2065 amplius
537 2035 544 2060 ;
566 2026 674 2055 rubere
685 2025 800 2066 passim
811 2025 849 2056 de
861 2026 944 2056 lunae
956 2026 1060 2067 splen-

329 2066 421 2096 dore:
443 2076 511 2107 sup.
526 2067 590 2096 Od.
610 2066 644 2102 ii,
668 2069 716 2101 ll.
736 2069 784 2102 10,
807 2068 948 2108 Propert.
967 2067 988 2102 i,
1011 2069 1061 2103 10,

329 2109 361 2139 8.
415 2107 477 2138 Sed
505 2108 704 2138 Heindorfius
733 2109 879 2150 explicat,
908 2113 930 2127 ‘'
947 2110 1063 2149 pudore

330 2149 439 2180 horum
453 2149 605 2180 scelerum
620 2151 850 2181 erubescentem
863 2150 892 2187 ;”
911 2156 943 2181 at
954 2151 1063 2191 hujus-

329 2191 414 2222 modi
449 2201 547 2222 rerum
585 2198 728 2232 aspectus
765 2192 913 2234 pallorem
947 2194 1062 2234 potius,

331 2243 425 2274 quam
441 2233 580 2264 ruborem
596 2234 751 2275 exprimit.

375 2276 427 2306 36.
442 2275 511 2306 Post
520 2287 628 2315 magna
637 2277 771 2315 sepulcra
785 2288 792 2305 .·
809 2286 881 2306 cum
898 2275 929 2306 in
947 2277 1061 2317 Esqui-

330 2315 380 2347 liis
409 2327 471 2347 non
502 2317 704 2358 sepelirentur
727 2317 891 2352 beatiores,
918 2319 1062 2360 sepulcra

331 2358 364 2389 in
381 2359 478 2389 altum
490 2365 643 2390 exstructa
659 2359 790 2399 intelligi
807 2367 988 2400 nequeunt3
1012 2361 1061 2391 in-

331 2400 437 2440 telligo
467 2401 561 2441 igitur
587 2402 729 2442 sepulcra
756 2402 903 2437 recentia,
930 2413 1060 2443 quorum

331 2442 445 2473 tumuli
461 2443 594 2484 majores
609 2443 718 2474 ceteris
733 2453 800 2474 esse
816 2444 927 2475 solent.

374 2485 428 2520 37,
453 2486 507 2516 38.
534 2486 649 2515 Mardis
673 2488 1062 2526 caput—atque-mictum

331 2535 419 2568 atque
433 2533 567 2558 cacatum
579 2540 588 2557 :
612 2537 672 2557 non
687 2527 807 2563 mirum,
822 2528 847 2558 si
864 2528 997 2568 Priapus
1009 2528 1061 2569 ju·

331 2574 378 2599 rat
408 2579 462 2611 per
490 2579 527 2601 ea
555 2569 693 2604 serenda,
718 2569 831 2609 quibus
856 2570 904 2600 vel
931 2570 1063 2602 maxime

331 2610 474 2653 exposita
489 2611 549 2641 suit
562 2611 630 2652 ejus
645 2617 760 2641 statua.

374 2654 426 2684 39.
450 2653 570 2695 Arripit
598 2652 748 2683 Horatius
770 2653 962 2684 occasionem
985 2653 1063 2684 duos

333 2694 486 2732 homines,
524 2695 652 2726 alterum
691 2695 817 2725 mollem
854 2700 886 2725 et
922 2695 1061 2736 fragilem

330 2737 499 2772 cinaedum,
522 2737 652 2767 alterum
676 2736 827 2767 famosum
845 2737 955 2774 furem,
973 2747 1062 2778 aeque

331 2779 555 2810 abominabiles
575 2785 669 2820 atque
691 2779 748 2809 illa
773 2778 812 2809 de
832 2778 948 2819 quibus
970 2779 1061 2811 modo

330 2821 421 2857 dixit,
438 2821 647 2862 producendi;
671 2820 769 2862 junge
786 2826 815 2851 et
837 2820 936 2861 (tam)
955 2821 1060 2852 Julius

321 2863 454 2906 fragilis
471 2863 611 2894 Pediatia
625 2873 679 2903 que
689 2862 887 2904 (quam)fur
906 2863 1057 2894 Vorenus:

332 2905 371 2936 de
392 2905 524 2936 vocibus
541 2911 642 2946 et-que
661 2915 714 2946 pro
735 2911 776 2940 et,
799 2911 839 2939 et,
863 2910 935 2940 tam,
958 2917 1057 2946 quam,

1100 1564 1211 1603 Cruq.,
1228 1564 1396 1600 Pediatius,
1412 1574 1496 1604 eques
1511 1563 1673 1602 Romanus,
1686 1565 1829 1604 patrimo·

1101 1607 1148 1635 nio
1159 1613 1319 1643 consumto,
1335 1617 1362 1637 se
1376 1607 1532 1644 prostituit
1541 1617 1552 1643 ,·
1577 1616 1668 1646 quare
1684 1606 1832 1638 Horatius

1099 1654 1214 1677 mutato
1227 1659 1337 1688 genere
1354 1649 1524 1679 Pediatiam
1537 1649 1700 1679 nominavit
1709 1654 1832 1688 propter

1099 1690 1265 1720 molliciem.
1307 1691 1456 1720 Vol-anus:
1473 1689 1580 1721 Schol.
1594 1690 1704 1732 Cruq.,
1720 1691 1830 1726 Aiunt,

1106 1731 1265 1769 Voranum,
1283 1733 1420 1763 libertum
1442 1732 1481 1766 Q.
1503 1731 1625 1763 Lutatii
1641 1732 1758 1767 Catuli,
1769 1732 1832 1774 sua-

1102 1774 1154 1804 isse
1172 1775 1244 1804 adeo
1255 1775 1411 1815 suraoem,
1433 1780 1469 1804 ut
1490 1784 1621 1805 nummos
1643 1775 1793 1814 subreptos
1814 1785 1834 1805 a

1101 1817 1306 1846 nummulario
1320 1818 1353 1847 in
1366 1817 1475 1847 calceos
1491 1817 1650 1851 demiserit.
1666 1828 1686 1846 a
1701 1826 1834 1856 quocum

1101 1859 1296 1896 deprehensns
1313 1865 1396 1894 esset.
1413 1859 1534 1898 quidam
1554 1859 1720 1893 mbr-idem,
1738 1858 1834 1894 Belle,

1103 1901 1213 1940 inquit,
1228 1902 1252 1930 si
1268 1907 1294 1930 te
1315 1912 1373 1930 non
1394 1899 1596 1941 ἑκχαλκεύει,
1614 1900 1647 1930 h.
1661 1909 1690 1930 e.
1704 1902 1834 1931 verberi-

1103 1943 1155 1971 bus
1193 1949 1334 1982 tanquam
1369 1953 1406 1973 aes
1448 1943 1587 1978 recudat,
1621 1943 1761 1974 alludens
1793 1944 1836 1973 ad

1105 1985 1227 2014 calceos.

1147 2028 1202 2056 41.
1231 2026 1358 2061 Umbrae,
1385 2036 1494 2057 manes
1518 2025 1710 2056 carminibus
1732 2024 1837 2058 acciti.

1108 2068 1292 2098 Resonarent
1316 2071 1401 2099 triste
1421 2075 1450 2099 et
1469 2074 1604 2104 acutum,
1623 2077 1715 2098 voces
1733 2068 1836 2099 tristes

1105 2115 1135 2139 et
1162 2116 1270 2140 acutas
1296 2111 1447 2148 ederent;
1474 2109 1513 2140 iis
1534 2109 1618 2140 enim
1642 2109 1727 2140 sonis
1748 2109 1835 2152 loqui

1105 2151 1263 2191 finguntur
1277 2152 1395 2182 umbrae
1417 2152 1641 2194 (τετριγυῖαις
1661 2162 1716 2182 voa·
1732 2158 1836 2188 αοιιίιι,

1105 2193 1288 2228 clarissima,
1302 2195 1388 2235 (nos,
1403 2193 1732 2234 koch-schavftiinend).
1771 2193 1835 2224 Pro

1103 2241 1288 2271 resonarent,
1325 2235 1411 2266 dedit
1447 2235 1619 2271 Bentleius,
1654 2238 1835 2272 resonarint,

1105 2277 1158 2307 sed
1175 2282 1282 2307 contra
1296 2276 1386 2307 fidem
1404 2277 1542 2307 omnium
1557 2276 1651 2308 codd.

1148 2319 1201 2348 42.
1230 2319 1258 2348 U
1261 2326 1327 2358 tque
1346 2321 1410 2359 lupi
1429 2320 1560 2354 barbam,
1577 2324 1652 2350 cett.
1667 2318 1708 2350 de
1728 2329 1835 2356 causa,

1105 2370 1143 2391 ex
1166 2371 1230 2400 qua
1253 2361 1396 2392 veneficae
1418 2362 1546 2392 barbam
1570 2360 1637 2402 lupi
1658 2365 1690 2391 et
1709 2360 1836 2392 dentem

1105 2402 1297 2433 versicoloris
1320 2402 1468 2438 colubrae,
1492 2407 1526 2433 ut
1547 2412 1594 2434 res
1615 2403 1655 2433 ad
1681 2402 1836 2444 supellec-

1105 2444 1188 2474 tilem
1206 2444 1359 2484 magicam
1371 2450 1560 2486 spectantes,
1573 2444 1677 2475 furtim
1687 2445 1747 2475 sub
1756 2450 1837 2476 terra

1104 2486 1342 2533 occultaverint,
1366 2496 1504 2528 quaerere
1528 2486 1666 2528 profecto
1689 2485 1766 2518 nihil
1787 2492 1835 2519 at-

1105 2533 1193 2558 unet.

1149 2571 1202 2600 43.
1226 2570 1328 2605 Cerea,
1345 2569 1466 2601 duabus
1479 2569 1608 2612 syllabis
1626 2570 1835 2617 pronuncian-

1106 2612 1192 2647 dum,
1209 2617 1244 2642 ut
1259 2619 1364 2647 ostrea,
1381 2612 1437 2643 inf.
1452 2613 1519 2644 Sat.
1535 2612 1569 2647 ii,
1584 2614 1617 2648 2,
1633 2614 1688 2643 21.
1722 2607 1728 2623 ¹

1149 2656 1200 2685 45.
1216 2655 1276 2684 Pro
1295 2654 1471 2684 How-merim
1485 2654 1569 2690 dedi,
1586 2653 1672 2695 quod
1687 2655 1751 2686 Fea
1765 2665 1835 2696 pro-

1106 2695 1180 2726 tulit
1190 2706 1228 2726 ex
1241 2695 1333 2727 codd.
1361 2696 1530 2732 obruerim,
1543 2696 1573 2726 b.
1584 2707 1612 2726 e.
1621 2696 1836 2744 oppresserim,

1106 2738 1326 2779 suppresserim
1344 2737 1405 2778 (cf.
1428 2748 1497 2779 sup.
1521 2737 1560 2768 ad
1582 2737 1646 2769 Od.
1666 2749 1690 2774 1,
1711 2739 1762 2774 15,
1783 2737 1835 2778 3),

1105 2780 1288 2821 oppedendo
1311 2779 1447 2814 fecerim.
1474 2789 1514 2810 ne
1535 2779 1669 2822 amplius
1690 2779 1835 2811 audiren-

1105 2826 1156 2852 tur
1175 2821 1382 2852 veneficarum
1397 2831 1496 2852 voces.
1545 2821 1719 2858 Furiarum,
1737 2821 1835 2853 Caui-

1104 2863 1163 2894 diae
1179 2870 1209 2895 et
1224 2865 1369 2904 Saganae.

1145 2906 1195 2936 47.
1220 2906 1321 2940 Ficus,
1336 2915 1393 2945 ego
1409 2915 1446 2936 ex
1463 2909 1573 2937 trunco
1587 2904 1733 2943 ficulneo,
1747 2903 1832 2946 ligno

329 2947 393 2980 vid.
404 2947 563 2979 Drakenb.
576 2949 614 2978 ad
625 2947 694 2978 Liv.
706 2947 795 2986 xxix,
806 2947 856 2982 12,
867 2948 882 2984 ᾗ
893 2949 923 2978 5.
951 2948 1070 2980 Schol.,
1100 2947 1266 2979 admodum
1281 2947 1395 2988 fragili,
1412 2947 1524 2978 sactus.—
