1904 3314
708 201 933 244 LIBER
969 201 1004 252 1,
1042 203 1078 244 1.

242 306 393 355 Quum
412 311 511 348 vote
531 311 575 347 te
594 298 705 354 fieri,
728 318 914 359 vappam
927 305 1066 359 jubeo
1087 319 1138 346 ac
1159 305 1433 348 nebulonem.

130 374 211 416 105
242 373 328 416 Est
347 376 462 417 inter
481 372 666 415 Tanaim
687 371 898 427 quiddam
919 386 1206 427 socerumque
1228 372 1400 416 Viselli.

241 442 328 484 Est
347 442 502 484 modus
522 441 568 482 in
587 440 734 490 rebus,
759 446 860 481 sunt
880 441 988 482 certi
1009 441 1199 495 denique
1219 440 1346 491 fines,

242 510 368 558 Quos
389 509 502 551 ultra
523 508 719 562 citraque
740 508 893 562 nequit-
913 508 1154 550 consistere
1175 515 1357 550 rectum.

241 576 366 626 Illuc,
388 575 504 617 unde
526 575 628 624 abii,
650 575 798 616 redeo.

861 575 1077 626 Nemone,
1099 583 1148 617 ut
1169 592 1341 630 ἂνω-ηε,

243 644 300 686 Se
320 644 491 699 probet,
515 650 560 684 at
579 642 725 697 potius
746 642 896 684 laudet
917 643 1090 686 diversa
1112 646 1375 698 sequentes?

129 712 212 754 110
241 711 464 766 Quodque
485 709 624 751 aliena
644 709 811 764 capella
831 718 956 765 gerat
978 711 1212 752 distentius
1233 712 1357 762 uber,

241 779 495 822 Tabescat‘?
524 792 667 832 neque
690 792 735 819 se
757 778 911 833 majori
931 779 1244 833 pauperiorum

243 846 410 888 Turbae
431 853 676 900 comparet3
710 845 827 887 hunc
850 853 982 900 atque
1003 846 1121 888 hunc
1145 861 1352 902 superare
1374 845 1577 889 laboret?

244 913 318 955 Sic
338 912 560 955 festinanti
582 927 754 968 semper
774 913 1033 968 locupletior
1054 914 1226 955 obstat:

243 980 321 1032 Ut,
344 996 479 1036 quum
499 981 749 1023 carceribus
771 981 925 1022 missos
946 982 1060 1036 rapit
1081 981 1246 1037 ungula
1267 997 1439 1032 currus,

131 1050 215 1093 115
245 1048 385 1092 Instat
406 1043 528 1105 equis
551 1050 703 1105 auriga
725 1064 826 1091 suos
848 1050 1136 1100 vincentibus,
1159 1049 1278 1091 illurn

245 1117 526 1159 Praeteritum
546 1124 741 1159 temnens
764 1125 982 1159 extremos
1004 1118 1119 1159 inter
1139 1125 1329 1159 euntem.

245 1185 356 1227 Inde
377 1186 441 1236 fit,
464 1192 513 1227 ut
533 1200 647 1236 raro,
670 1186 745 1240 qui
767 1201 813 1228 se
835 1186 997 1228 vixisse
1018 1187 1197 1228 beatum

245 1253 395 1304 Dicat,
417 1260 461 1295 et
482 1261 638 1295 exacto
660 1260 891 1295 contentus
914 1260 1111 1309 tempore
1130 1255 1231 1295 vitae

246 1319 401 1371 Cedat,
424 1321 489 1362 uti
508 1321 687 1363 conviva
710 1329 845 1371 satur,
868 1323 1062 1376 reperire
1084 1337 1308 1376 queamus.

134 1387 217 1431 120
244 1387 346 1430 Jam
367 1389 470 1431 satis
492 1395 586 1430 est:
619 1403 674 1430 ne
695 1403 762 1430 me
785 1388 977 1443 Crispini
999 1389 1158 1430 scrinia
1177 1388 1287 1443 lippi

204 1492 207 1494 .
245 1455 513 1512 Compilasse
535 1463 678 1513 putes,
702 1457 883 1498 verbum
904 1471 990 1498 non
1012 1456 1198 1512 amplius
1220 1456 1393 1498 addam.

132 1583 362 1626 gladiatoribus
376 1584 426 1617 vel
444 1584 555 1620 tauris,
571 1584 626 1626 qui
647 1585 722 1615 dum
744 1583 827 1616 inter
846 1596 880 1617 se

131 1634 290 1670 pugnant,
318 1628 460 1659 adversis
487 1627 644 1659 frontibus
679 1637 713 1658 se
744 1627 880 1659 invicem

175 1676 260 1702 tunt.

133 1681 254 1744 Pe104.
282 1712 428 1753 Vappam.
458 1713 573 1753 Voppa‚
585 1711 696 1743 vitium
710 1712 775 1743 vini
792 1714 883 1751 (nam

131 1766 229 1796 vappa
254 1757 378 1798 proprie
400 1757 440 1788 de
462 1762 612 1797 corrupto
634 1755 706 1787 vino
735 1755 877 1794 dicitur).

133 1798 319 1830 transfertur
340 1798 382 1829 ad
405 1799 518 1829 vitium
549 1798 696 1833 hominis,
720 1798 776 1839 qui
801 1799 881 1831 bona

134 1852 193 1873 sua
209 1841 338 1884 turpiter
349 1841 532 1883 profundit3
555 1847 605 1872 est
619 1840 713 1882 igitur
725 1841 792 1882 jam
809 1853 882 1881 vap-

133 1895 176 1926 pa
190 1884 285 1915 homo
301 1885 462 1925 prodigus.
481 1884 574 1915 homo
592 1893 740 1925 nequam.

181 1928 256 1959 105.
281 1927 337 1958 Est
354 1929 437 1958 iuter
461 1927 601 1962 Tanaim,
622 1932 700 1957 cett.
722 1931 814 1968 poeta
837 1925 883 1956 af-

135 1969 196 2002 sert
209 1969 389 2012 exemplum
406 1970 538 2000 duorum
559 1969 734 2003 hominurn,
749 1979 883 2010 quorum

133 2013 215 2044 alter
230 2013 334 2048 alteri,
349 2012 445 2044 sicuti
460 2022 554 2051 avaro
570 2011 733 2054 prodigus,
750 2011 883 2053 opponi-

136 2060 199 2087 tur.
247 2055 370 2091 Tanais,
389 2055 578 2086 Maecenatis
604 2054 748 2090 libertus,
772 2055 884 2096 spado,

137 2103 172 2130 at
194 2107 283 2129 socer
304 2098 435 2140 quidam
460 2097 576 2129 Viselli
599 2097 765 2128 herniosus
790 2097 887 2128 fuisse

136 2140 265 2172 dicitur.
310 2141 452 2172 Multum
475 2140 571 2181 igitur
599 2140 681 2172 inter
702 2150 736 2171 se
759 2139 884 2171 differe-

139 2184 219 2215 bant
233 2183 286 2215 isti
300 2182 365 2214 duo
382 2184 536 2215 homines.

185 2227 258 2263 106,
271 2227 347 2257 107.
372 2227 521 2267 Denique,
538 2235 576 2257 ne
589 2225 705 2257 multa!
725 2230 760 2256 ut
775 2224 885 2267 paucis

138 2279 191 2302 me
212 2268 391 2312 expediam.
434 2269 577 2304 Rectum,
603 2269 639 2300 τὸ
662 2269 780 2311 ὀρθὸν,
799 2268 885 2310 quod

138 2312 180 2344 ad
193 2317 312 2344 certam
326 2322 468 2344 normam
484 2311 562 2344 recti
580 2311 625 2342 fit.

185 2356 259 2387 108.
274 2353 369 2390 Illuc,
383 2357 466 2386 unde
479 2356 553 2390 abii,
571 2356 676 2385 redeo:
701 2353 742 2385 ad
756 2359 884 2385 senten-

137 2396 215 2430 tiam
236 2396 359 2429 scilicet
378 2397 413 2429 in
435 2397 584 2429 carminis
606 2396 715 2428 limine
738 2397 885 2439 positam,

139 2443 163 2459 ·‘
180 2440 337 2472 neminem
367 2451 427 2472 sua
451 2446 534 2472 sorte
559 2445 745 2471 contentum
771 2439 885 2475 vivere.

140 2483 197 2516 sed
211 2482 336 2515 diversa
347 2490 518 2525 sequentes
532 2481 696 2514 laudare.'’
744 2482 887 2521 Nemone,

139 2532 176 2558 ut
202 2537 327 2563 amr-us,
358 2533 434 2558 cett.
456 2536 570 2567 ergone
593 2527 639 2560 fit,
662 2530 700 2556 ut
722 2535 886 2566 nunquam

141 2577 255 2600 avarus
274 2568 325 2604 iis,
341 2579 414 2611 quae
436 2569 541 2604 habet,
562 2573 732 2599 contentus
755 2567 808 2603 sit,
833 2568 889 2600 sed

139 2621 206 2648 eos.
222 2611 341 2654 quibus
354 2611 479 2643 diversa
498 2617 547 2642 est
560 2611 634 2642 vitae
649 2610 801 2647 conditio,
818 2610 887 2642 lau-

142 2653 208 2691 det,
231 2656 427 2697 tabescatque
449 2653 547 2696 quod,
571 2659 646 2685 cett.
692 2653 836 2691 Nemone,
852 2661 888 2684 ut

142 2707 268 2734 avam,
292 2707 428 2730 nemone
456 2697 564 2738 igitur,
587 2695 682 2728 sicuti
706 2706 832 2734 avarus,
855 2707 890 2728 se

143 2741 267 2782 probet,
282 2745 359 2772 cett.

190 2783 265 2815 111.
291 2783 406 2824 quori
430 2784 538 2820 turbae,
561 2791 704 2817 numero,
726 2784 890 2822 pauperio-

143 2837 227 2862 rum,
250 2836 314 2857 non
329 2824 458 2856 divitias
479 2824 622 2867 quidem,
644 2823 712 2860 sed,
735 2830 893 2866 quantum

145 2867 190 2904 ul,
208 2868 308 2900 vitam
327 2868 564 2900 sustentandam
584 2878 664 2910 opus
686 2872 746 2902 est,
772 2867 891 2899 haben-

146 2909 227 2943 titlm
240 2923 251 2951 ς
272 2910 319 2943 sic
331 2922 481 2952 pauperes
497 2921 581 2953 saepe
597 2910 683 2953 apud
702 2909 880 2942 Horatium.

194 2955 270 2987 113.
290 2955 342 2986 Sic
352 2954 536 2996 festinanti,
552 2959 627 2985 cett.
643 2963 754 2984 sensus
769 2958 802 2984 et
813 2962 894 2984 nex-

148 3006 209 3029 us:
231 2996 292 3030 boc
312 2996 419 3029 studio
439 3002 472 3029 et
491 2996 552 3028 hac
568 2995 742 3039 cupiditate
758 2995 893 3038 majores

924 1595 1025 1626 usque
1056 1583 1184 1616 divitias
1222 1586 1384 1628 appetenti
1421 1596 1544 1630 semper
1572 1588 1678 1620 obstat

925 1626 1019 1665 alius,
1035 1627 1089 1669 qui
1106 1628 1162 1659 illo
1187 1628 1227 1659 sit
1245 1629 1433 1671 locupletior
1450 1641 1458 1667 ;
1483 1630 1558 1661 huie
1582 1630 1678 1671 igitur

925 1669 1036 1705 instat,
1061 1670 1156 1702 sicuti
1179 1671 1290 1711 auriga
1312 1671 1345 1702 in
1369 1671 1455 1702 ludis
1478 1672 1676 1704 circensibus

926 1712 1019 1753 equis
1035 1712 1131 1743 instat
1145 1712 1212 1754 jam
1229 1714 1406 1755 praevectis‚
1426 1714 1502 1744 nihil
1525 1725 1642 1746 curans
1658 1726 1678 1747 a

928 1761 1014 1795 tergo
1033 1755 1172 1786 relictos.
1222 1756 1342 1787 Versus
1358 1757 1452 1798 hujus
1467 1758 1676 1799 comparatio·

930 1797 990 1832 nis,
1020 1807 1039 1828 a
1069 1798 1153 1828 ludis
1178 1797 1376 1829 circensibus
1402 1799 1574 1835 translatas,
1604 1806 1680 1831 sunt

928 1840 1169 1880 elegantissimi,
1185 1846 1218 1872 et
1232 1840 1277 1871 sic
1293 1840 1410 1883 passim
1429 1841 1462 1872 in
1479 1842 1591 1874 satiris
1610 1843 1677 1874 Ηο-

928 1883 999 1913 ratii
1016 1894 1123 1914 versus
1135 1891 1306 1914 occurrunt
1318 1883 1403 1926 epici
1415 1891 1516 1926 poetae
1532 1885 1678 1917 sublimi-

930 1931 994 1956 tate
1010 1931 1042 1956 et
1058 1926 1197 1956 numeris
1210 1925 1406 1966 dignissimi;
1432 1937 1460 1958 e.
1475 1937 1504 1957 c.
1521 1929 1588 1958 Sat.
1606 1928 1628 1960 i.
1644 1931 1676 1966 5,

928 1969 948 1998 9
965 1974 998 1999 et
1016 1969 1066 2003 10,
1083 1977 1113 1999 et
1129 1969 1182 2004 73,
1199 1969 1262 2005 74;
1287 1969 1354 1999 Sat.
1378 1969 1413 2004 ii,
1440 1971 1469 2004 l,
1499 1971 1536 2000 14
1559 1976 1589 2001 et
1615 1973 1678 2009 15;

929 2011 996 2041 Sat.
1016 2010 1051 2046 ii,
1074 2011 1106 2046 3,
1130 2012 1215 2048 l36;
1240 2012 1306 2042 Sat.
1329 2011 1364 2046 ii,
1390 2013 1421 2050 8,
1438 2012 1503 2052 785
1527 2013 1631 2055 Epist.
1654 2013 1678 2050 i,

931 2054 963 2089 7,
979 2055 1100 2084 5—14.

975 2097 1046 2127 114.
1077 2096 1269 2132 caree-ribus,
1300 2097 1371 2128 loco
1401 2096 1434 2127 in
1464 2097 1562 2135 circo,
1596 2099 1679 2131 unde

928 2139 1015 2180 equi,
1043 2139 1178 2170 sublatis
1214 2139 1387 2182 repagulss,
1420 2141 1608 2173 emittuntur
1645 2142 1682 2173 in.

929 2181 1134 2224 spectaculis.

976 2225 1048 2255 118.
1074 2225 1187 2256 Exacto
1206 2231 1365 2257 contentus
1383 2231 1512 2266 tempore
1531 2228 1599 2258 vitae
1622 2228 1677 2259 Ce-

929 2269 1000 2298 dat:
1018 2277 1074 2309 pro
1091 2271 1157 2299 vitae
1172 2267 1376 2299 Heindorfius
1391 2268 1563 2310 legendum
1578 2271 1680 2302 omni-

929 2320 970 2341 no
986 2316 1097 2342 censet
1113 2313 1180 2342 vitae
1192 2323 1202 2348 ;
1227 2311 1283 2342 sed
1303 2311 1348 2342 sic
1370 2313 1548 2343 necessario
1572 2313 1611 2344 ad
1631 2326 1681 2345 ex-

929 2360 997 2384 acto
1010 2361 1137 2393 tempore
1149 2353 1288 2396 suppleri
1301 2353 1407 2392 debet,
1419 2357 1498 2387 vitae.
1545 2355 1681 2388 Rectius

931 2402 1035 2428 autem
1059 2397 1224 2439 suppletur
1240 2396 1360 2438 aliquid
1377 2407 1416 2428 ex
1433 2398 1537 2429 verbis
1560 2410 1678 2441 praece-

930 2438 1080 2470 dentibus
1093 2449 1190 2481 quam
1203 2449 1242 2470 ex
1253 2440 1532 2481 subsequentibus
1562 2442 1680 2474 Malim

931 2481 1028 2522 igitur
1046 2481 1086 2512 ad
1111 2483 1206 2513 Cedat
1229 2482 1389 2525 supplere,
1405 2485 1469 2514 vita
1487 2485 1536 2515 vel
1562 2497 1607 2521 ea,
1625 2491 1682 2516 aut

931 2527 1019 2556 cedat
1035 2535 1091 2566 pro
1106 2524 1290 2567 composito,
1307 2529 1431 2557 decedat
1445 2527 1615 2568 explicare.

978 2568 1051 2598 119.
1079 2568 1270 2599 Uticonviva
1280 2575 1384 2600 satur.-
1402 2570 1579 2600 Lambinus
1594 2581 1680 2602 com-

931 2616 1021 2652 parat
1035 2611 1165 2642 Lucret.
1180 2610 1227 2647 iii,
1249 2612 1326 2647 951,
1347 2612 1412 2642 Cur
1428 2624 1500 2649 non,
1517 2620 1552 2644 ut
1571 2615 1682 2654 plenus

931 2655 1000 2684 vitre
1014 2655 1151 2691 conviva,
1167 2655 1302 2685 recedis?

945 2693 950 2696 ’
980 2697 1052 2727 120.
1085 2698 1232 2736 Crispini.
1267 2695 1439 2738 ¹Crispinus
1472 2698 1680 2742 philosophus

933 2744 966 2770 et
981 2745 1075 2781 poeta
1089 2738 1216 2781 ineptus
1233 2740 1321 2781 (Sat.
1333 2740 1356 2777 i,
1372 2742 1404 2775 3,
1426 2742 1506 2776 139)
1523 2747 1555 2772 et
1575 2753 1683 2783 garru-

934 2781 997 2817 lus,
1014 2781 1054 2813 de
1069 2793 1133 2823 quo
1149 2783 1257 2815 Schol.
1277 2783 1395 2814 Acron.
1412 2790 1442 2814 et
1459 2784 1570 2826 Cruq..
1584 2786 1684 2825 philo-

935 2826 1018 2865 sophi
1030 2827 1189 2866 cujusdam
1202 2826 1402 2867 loquacissimi
1413 2838 1530 2862 nomen,
1541 2831 1592 2868 qui
1605 2828 1682 2870 ἀρε-

936 2867 1085 2911 nixo—109
1103 2868 1246 2909 (virtutis
1260 2869 1482 2909 concionator)
1497 2872 1598 2900 dictus
1613 2878 1655 2901 est
1668 2882 1680 2908 ,·
1697 2869 1700 2871 ’

935 2912 1058 2951 scripsit
1071 2914 1161 2942 etiam
1176 2923 1278 2942 versus
1296 2914 1332 2943 de
1354 2913 1440 2943 Secta
1462 2913 1574 2943 Stoica.
1620 2913 1683 2944 Sed

938 2954 992 2996 qui
1007 2954 1054 2991 fit,
1070 2959 1106 2985 ut
1131 2954 1291 2990 Horatius,
1310 2956 1366 2996 qui
1381 2954 1503 2986 semeti
1527 2965 1598 2985 sum
1615 2956 1684 2987 Sat.

936 2996 959 3035 i,
974 2998 1006 3032 5,
1023 2997 1066 3030 30
1080 3002 1112 3029 et
1128 2998 1170 3029 49
1190 2998 1230 3029 ad
1249 2998 1343 3038 lippos
1365 2998 1470 3034 refert,
1488 2965 1690 3039 Cprispinum,
