1904 3314
331 199 415 241 420

868 197 1299 242 SATIRARUM

363 300 419 340 50
449 298 658 342 Clunibus
679 306 752 342 aut
771 301 944 355 agitavit
962 315 1118 356 equum
1137 301 1292 343 lasciva
1314 303 1525 357 supinum,

449 366 638 408 Dimittit
656 381 795 421 neque
815 366 1035 415 famosum,
1058 383 1196 423 neque
1218 368 1440 410 sollicitum
1460 383 1513 410 ne

450 433 607 483 Ditior,
630 440 703 474 aut
722 433 867 474 formae
886 433 1083 484 melioris,
1104 435 1232 476 meiat
1251 436 1414 476 eodem.

451 498 537 549 Tu,
561 514 691 554 quum
710 501 915 554 projectis
935 501 1189 555 insignibus,
1211 501 1367 543 annulo
1388 502 1578 556 equestri

450 565 732 621 Romanoque
752 567 917 618 habitu,
938 569 1084 622 prodis
1105 583 1159 610 ex
1174 569 1320 622 judice
1342 569 1481 610 Dama

365 635 420 674 55
449 633 627 688 Turpis,
650 635 875 675 odoratum
895 641 1023 688 caput
1039 635 1296 676 obscurante
1315 635 1498 684 lacerna,

451 700 554 742 Non
574 715 620 742 es
641 701 758 755 quod
779 700 948 741 simulas
967 703 983 741 2
1013 701 1215 742 Metuens
1235 702 1464 750 induceris,
1485 707 1612 754 atque

451 765 702 808 Altercante
721 766 969 808 libidinibus
992 768 1134 808 tremis
1156 783 1253 808 ossa
1272 782 1444 823 pavore.

453 833 572 880 Quid
593 833 738 882 refert,
760 834 827 874 uri
848 834 991 888 virgis,
1014 833 1211 887 ferroque
1232 836 1375 875 necari

452 899 717 941 Auctoratus
738 914 834 940 eas:
867 915 919 940 an
942 900 1056 954 turpi
1078 899 1247 941 clausus
1268 902 1310 941 in
1331 915 1443 951 arca,

368 967 423 1007 60
453 967 554 1014 Quo
575 973 617 1008 te
638 967 805 1007 demisit
824 967 989 1020 peccati
1010 967 1177 1007 conscia
1196 966 1356 1016 herilis,

453 1033 729 1074 contractum
751 1033 931 1086 genibus
953 1040 1102 1086 tangas
1124 1035 1282 1086 caput?
1316 1033 1454 1073 Estne
1475 1033 1624 1074 marito

451 1099 666 1140 Matronae
686 1100 902 1152 peccantis
922 1099 964 1139 in
987 1099 1110 1139 ambo
1125 1099 1245 1152 justa
1263 1106 1472 1153 potestaS,

454 1166 505 1207 ln
526 1173 820 1220 corruptorem
839 1166 906 1207 vel
920 1166 1111 1220 justior?
1143 1165 1220 1206 llla
1240 1173 1380 1208 tamen
1402 1181 1447 1207 se

455 1232 558 1274 Non
579 1232 744 1280 habitu,
766 1239 952 1274 mutatve
971 1231 1080 1282 loco,
1102 1240 1304 1286 peccatve
1327 1247 1525 1288 superne,

387 1354 439 1389 41,
464 1354 515 1383 42.
542 1353 697 1393 Verbisque
714 1355 824 1383 decoris
842 1353 984 1383 Obvolvas
1002 1353 1070 1383 viti-

342 1395 416 1424 um?
439 1399 480 1430 et,
503 1395 587 1435 quod
609 1395 665 1425 tibi
688 1395 747 1437 ipsi
769 1394 843 1425 vitio
866 1394 942 1425 verti
965 1393 1073 1435 possit,

342 1436 454 1476 ingens
470 1437 590 1468 scilicet
605 1436 687 1478 apud
703 1438 908 1468 Maecenatem
926 1435 1075 1467 coenandi

343 1478 540 1514 desiderium,
555 1479 667 1510 decora
678 1478 838 1512 amicitiae,
851 1489 922 1519 quae
935 1478 990 1508 tibi
1001 1488 1073 1508 cum

345 1520 522 1552 Maecenate
547 1521 729 1557 intercedat,
756 1521 860 1562 specie
890 1530 1019 1551 excuses
1044 1526 1076 1550 et

346 1563 508 1593 occultes?

386 1605 524 1635 42—45.
543 1605 636 1639 Quid,
650 1606 675 1635 si
689 1616 733 1635 me
747 1605 880 1638 stultior,
891 1608 965 1634 cett.
1002 1604 1075 1634 Jam

346 1645 466 1682 Davus,
490 1646 638 1682 oratione,
660 1657 752 1687 quam
780 1652 889 1676 contra
912 1645 1076 1675 Horatium

345 1687 490 1719 habuisse
517 1689 642 1728 fingitur
666 1688 810 1719 Mulvius
835 1697 952 1722 scurra,
979 1687 1076 1724 finita,

343 1729 376 1764 in
391 1730 441 1765 iis,
458 1741 528 1771 quae
545 1730 671 1761 liberius
686 1741 719 1762 se
735 1729 865 1760 Horatio
880 1729 983 1760 dicere
997 1730 1077 1760 velle

345 1771 502 1813 professus
516 1778 573 1808 est,
590 1772 701 1814 pergit.
745 1772 807 1803 Sed
821 1772 946 1802 nimiam
963 1771 1077 1813 primo-

345 1824 411 1844 rum
437 1815 600 1845 verborum
630 1814 828 1845 acerbitatem
859 1815 951 1850 Quid,
982 1817 1006 1844 si
1034 1825 1078 1845 me

346 1857 470 1886 stultior
506 1858 716 1896 deprenderis?
751 1867 813 1887 non
850 1866 939 1897 aequo
974 1855 1078 1887 animo

346 1898 422 1928 serre
451 1904 572 1940 poterat
603 1898 761 1930 Horatius.
820 1899 952 1930 Vultum
986 1898 1079 1938 igitur

343 1945 465 1970 torvum
484 1946 514 1971 et
533 1940 685 1971 minacem
706 1940 851 1971 ostendit.
896 1940 989 1977 Quod
1004 1951 1076 1970 cum

346 1981 565 2013 animadvertit
594 1984 716 2018 Davus,
747 1983 856 2023 Aufer,
883 1982 996 2023 iuquit,
1033 1994 1076 2012 me

347 2025 436 2054 vultu
454 2030 589 2061 terrere3
613 2026 714 2065 aufem
732 2025 763 2055 h.
781 2035 807 2055 e.
824 2035 926 2066 parce,
943 2024 1006 2054 noli
1027 2025 1075 2055 vel

347 2065 454 2097 omitte
462 2077 511 2096 me
521 2066 607 2096 vultu
618 2072 670 2097 tuo
683 2072 795 2098 terrere
806 2067 897 2097 velle.
934 2067 1074 2102 Manum,

345 2109 581 2148 stomachumque
600 2115 707 2142 teneto,
722 2119 848 2138 manum
869 2108 988 2144 et0iram
1009 2119 1027 2139 a
1045 2109 1075 2139 vi

348 2149 424 2180 mihi
438 2149 598 2181 inferenda
614 2150 768 2182 cobibet0.

392 2193 444 2222 45.
469 2193 741 2232 Crispinijanitor,
761 2197 796 2222 ut
814 2202 850 2222 eo
870 2191 970 2231 major
990 2192 1075 2223 Cris-

347 2232 422 2275 pino
443 2239 565 2275 paretur
581 2234 723 2274 gravitas,
745 2233 842 2264 facete
861 2233 977 2274 janitor
1000 2234 1076 2264 adeo

346 2274 416 2316 ejus
434 2281 589 2317 praecepta
609 2277 721 2318 cupide
741 2275 898 2306 imbibisse
917 2281 948 2306 et
968 2286 1079 2318 propa.

347 2327 434 2358 gasse
448 2318 586 2358 fingitur.

394 2360 446 2392 46.
471 2360 510 2391 Te
527 2363 633 2400 conjux
651 2362 752 2390 aliena
774 2361 866 2398 capit,
885 2364 960 2390 cett.
1004 2359 1079 2390 Noli

350 2412 387 2432 ex
415 2401 519 2433 animo
542 2402 706 2438 dimittere,
734 2403 859 2432 Davum
879 2401 945 2442 jam
968 2401 1079 2432 referre

351 2450 505 2485 praecepta
520 2443 552 2474 in
568 2444 681 2475 scholis
700 2443 838 2485 Crispini
854 2445 894 2474 ab
915 2444 982 2485 ejus
993 2443 1078 2485 jani-

349 2491 414 2516 tore
436 2486 600 2524 sublecta3
624 2486 677 2517 sed
698 2486 764 2517 haec
788 2491 943 2527 praecepta
965 2485 1079 2517 callide

351 2532 384 2558 et
405 2528 479 2558 data
502 2538 595 2569 opera
620 2528 663 2559 ita
688 2527 842 2570 proponit,
865 2527 954 2569 quasi
979 2527 1018 2558 ad
1047 2538 1079 2558 se

351 2569 451 2611 ipsum
467 2575 498 2600 et
515 2570 675 2601 dominum
695 2581 785 2600 suum
807 2570 972 2600 Horatium
989 2579 1078 2611 spec-

351 2617 418 2643 tent
432 2623 440 2649 ;
462 2613 547 2652 quod
560 2618 663 2643 tamen
680 2612 768 2643 aliter
783 2622 815 2642 se
834 2611 960 2648 habere,
976 2618 1079 2653 aperte

351 2653 443 2685 docet
459 2664 565 2685 versus
578 2655 631 2684 53.
677 2653 825 2685 Horatius
841 2654 925 2684 enim
946 2664 1008 2684 non
1024 2667 1079 2685 αη-

351 2698 459 2726 nulum
473 2703 644 2736 equestrem,
658 2707 759 2738 neque
774 2698 872 2736 insign
878 2698 905 2726 ia
917 2696 1080 2736 magistra-

354 2743 404 2769 tus
426 2738 570 2779 gerebat;
601 2739 710 2769 Davus
730 2738 835 2779 igitur,
856 2748 894 2768 ex
919 2747 1001 2769 more
1027 2739 1080 2779 qui

352 2790 436 2811 nunc
448 2790 573 2822 quoque
587 2781 670 2811 valet
684 2781 716 2811 in
728 2780 931 2815 orationibus,
945 2782 1082 2822 appellat

351 2821 488 2863 aliquem
514 2822 546 2853 in
571 2822 732 2863 singulari,
757 2823 831 2852 dum
859 2832 964 2852 omnes
991 2823 1079 2859 alios,

349 2864 404 2904 qui
419 2864 471 2902 ita,
482 2871 519 2895 ut
532 2864 587 2902 ait,
602 2870 699 2906 agunt
714 2870 746 2896 et
759 2863 907 2900 sentiunt,
917 2863 1076 2906 intelligit.

393 2907 445 2938 51.
470 2907 617 2943 Dimittit,
633 2917 670 2938 ea
685 2917 734 2937 me
749 2906 887 2937 dimittit.

392 2950 445 2979 54.
470 2949 658 2990 Romanoque
683 2950 798 2986 habitu,
823 2954 953 2989 togatus.
1002 2950 1076 2980 Pro-

1115 1354 1162 1382 dis
1177 1363 1208 1382 e1
1215 1354 1325 1393 judice
1341 1353 1439 1383 Dama
1455 1355 1572 1392 turpis:
1595 1361 1615 1382 a
1629 1350 1779 1392 dignitate
1789 1351 1843 1392 ju-

1115 1394 1194 1425 dicis
1213 1394 1376 1425 descendis
1395 1395 1434 1425 ad
1455 1393 1596 1425 servilem
1615 1392 1845 1432 humilitatem;

1116 1436 1194 1467 facis
1222 1437 1307 1477 quod
1333 1436 1508 1478 abjectioris
1530 1435 1717 1466 conditionis
1741 1445 1847 1467 servus

1117 1479 1218 1509 facere
1243 1479 1332 1509 solet.
1377 1480 1451 1514 Pro,
1478 1489 1577 1509 servus
1605 1477 1710 1519 posuit
1736 1477 1846 1509 servile

1119 1530 1242 1557 nomen,
1260 1521 1370 1551 Dama.

1162 1563 1214 1592 55.
1246 1563 1422 1597 Odoratum,
1446 1560 1614 1601 unguentis
1633 1561 1713 1592 bene
1734 1561 1847 1592 olenti-

1119 1604 1177 1634 bus
1198 1603 1371 1635 delibutum
1388 1615 1397 1643 ;
1426 1603 1529 1645 capita
1554 1603 1636 1634 enim
1658 1602 1722 1635 sive
1745 1603 1848 1636 crines

1119 1645 1280 1676 hominum
1311 1645 1535 1687 elegantiomm
1558 1644 1728 1687 unguentis
1751 1645 1848 1678 nitere

1119 1693 1150 1719 et
1173 1688 1280 1718 odores
1298 1698 1440 1730 spargere
1456 1687 1609 1719 solebant.
1653 1688 1848 1726 obscurante,

1121 1730 1298 1770 obtegente,
1328 1731 1503 1761 occultante
1532 1731 1664 1766 lacerna,
1691 1730 1849 1761 crassioris

1120 1772 1208 1814 pallii
1221 1783 1344 1813 genere,
1360 1783 1422 1814 quo
1435 1778 1571 1814 tempore
1584 1771 1695 1814 frigido
1709 1771 1759 1804 vel
1775 1772 1845 1814 plu-

1120 1814 1209 1845 vioso
1237 1825 1270 1848 se
1299 1815 1455 1846 involvere
1484 1813 1629 1845 solebant.
1654 1813 1752 1846 servi:
1783 1814 1848 1846 vid.

1122 1857 1242 1887 Ferrar.
1258 1857 1296 1887 de
1313 1857 1363 1889 Re
1379 1858 1468 1889 Vest.
1485 1866 1515 1898 p.
1530 1856 1564 1895 ii,
1580 1855 1601 1888 l.
1617 1855 1640 1893 i,
1653 1866 1682 1887 c.
1699 1857 1728 1894 l,
1744 1857 1764 1888 6
1779 1867 1850 1898 sqq.

1123 1899 1253 1930 Ruben.
1269 1899 1290 1935 i,
1308 1901 1339 1930 6.

1162 1941 1215 1972 56.
1242 1942 1310 1972 Non
1336 1953 1362 1972 es
1387 1942 1462 1981 quod
1483 1941 1627 1971 simulas?
1652 1950 1756 1972 nonne
1779 1945 1846 1970 tum

1119 1993 1224 2014 revera
1246 1994 1279 2014 es
1300 1983 1332 2014 id
1354 1983 1438 2024 quod
1460 1982 1611 2013 simulas?
1633 1992 1741 2014 servus
1761 1982 1848 2013 scili·

1119 2031 1178 2061 cet,
1199 2025 1431 2067 ἀνδράποδον.
1477 2025 1646 2062 Ιηάασετίε,
1666 2024 1700 2055 in
1721 2024 1848 2056 domum

1118 2073 1279 2098 matronae.

1161 2111 1215 2140 57.
1254 2111 1428 2140 Alter-cante
1466 2109 1651 2144 libidinibus,
1687 2114 1848 2150 pugnante

1117 2161 1189 2181 cum
1206 2151 1402 2182 libidinibus.
1439 2152 1550 2187 Pavor,
1564 2150 1686 2187 retinet,
1698 2150 1846 2190 deterret3

1119 2194 1221 2228 libido,
1238 2193 1381 2234 impellit,
1397 2193 1521 2224 incitat.

1161 2236 1297 2266 58-67.
1331 2235 1412 2269 Quid
1442 2235 1548 2276 refert,
1579 2239 1653 2266 cett.
1707 2235 1846 2267 Sensus:

1123 2275 1208 2312 Quid
1224 2276 1350 2307 tandem
1369 2282 1415 2311 est
1430 2276 1629 2312 discriminis,
1645 2281 1748 2308 utrum
1764 2277 1849 2308 inca·
1900 2285 1902 2292 ⁸

1121 2318 1178 2348 das
1192 2318 1239 2349 vel
1256 2318 1297 2349 sis
1313 2324 1486 2349 auctoratus
1503 2318 1624 2358 (homo,
1639 2324 1723 2350 certo
1735 2318 1848 2367 pretio,

1121 2366 1353 2396 auctoramento,
1366 2359 1491 2390 domino
1507 2359 1601 2391 alicui
1615 2360 1664 2392 vel
1678 2360 1800 2392 lanistae
1815 2362 1848 2392 in

1122 2402 1298 2433 servitutem
1323 2402 1371 2432 vel
1393 2401 1431 2432 ad
1455 2401 1595 2442 gladium
1617 2401 1793 2442 addictus),
1817 2409 1853 2434 ut

1121 2453 1176 2485 pro
1192 2444 1309 2475 domini
1326 2443 1372 2475 vel
1390 2444 1510 2475 lanistae
1525 2443 1651 2475 arbitrio
1665 2444 1760 2485 virgis
1777 2455 1849 2476 ura-

1121 2486 1162 2516 ris
1177 2493 1208 2518 et
1222 2487 1300 2518 ferro
1315 2486 1444 2522 necetis,
1460 2495 1501 2516 an
1516 2486 1648 2521 adulter,
1661 2491 1698 2518 ut.
1711 2485 1745 2517 in
1761 2487 1851 2518 adul-

1121 2529 1196 2559 terio
1221 2528 1432 2570 deprehensus
1454 2538 1517 2559 rem
1543 2537 1678 2564 omnem,
1700 2528 1795 2560 vitam
1818 2534 1851 2560 et

1121 2570 1246 2607 famam,
1262 2581 1334 2601 cum
1350 2580 1476 2612 corpore
1490 2571 1625 2612 perdas!
1646 2571 1849 2602 Auctoratus:

1122 2613 1228 2644 Schol.
1251 2613 1341 2650 Aer„
1362 2614 1414 2653 qui
1434 2623 1463 2643 se
1484 2615 1618 2644 vendunt
1639 2613 1711 2644 ludo
1733 2612 1850 2654 (gladi-

1124 2655 1251 2694 atorio),
1293 2657 1442 2686 auctorati
1478 2661 1624 2686 vocantur
1633 2666 1644 2691 ,-
1683 2658 1852 2686 auctoratis>

1123 2699 1199 2728 euim
1228 2699 1343 2728 dicitur
1370 2698 1500 2728 venditio
1529 2698 1744 2738 gladiatorum.
1791 2697 1850 2728 Uri

1123 2741 1229 2780 virgis,
1251 2745 1287 2770 ut
1307 2739 1364 2770 inf.
1387 2738 1488 2780 Epist.
1510 2739 1532 2775 i,
1557 2739 1608 2775 16,
1628 2740 1681 2774 47,
1701 2739 1772 2770 loris
1787 2741 1849 2770 uri.

1124 2782 1174 2812 De
1190 2781 1335 2818 formula,
1346 2791 1419 2823 qua,
1431 2781 1486 2822 qui
1497 2791 1530 2812 se
1543 2780 1756 2816 auctoratam,
1765 2790 1849 2812 eme-

1123 2823 1248 2860 bantur,
1267 2823 1399 2854 laudant.
1416 2823 1542 2854 Petron.
1560 2833 1589 2854 c.
1611 2823 1684 2860 117,
1705 2821 1744 2853 In
1761 2824 1849 2854 verba

1122 2866 1261 2906 Eumolpi
1280 2871 1494 2896 sacramentum
1501 2867 1689 2905 juravimus,
1703 2866 1765 2902 uri,
1781 2866 1848 2895 vin·

1119 2909 1190 2942 ciri,
1206 2909 1366 2943 verberari,
1373 2907 1518 2949 ferroque
1533 2909 1648 2943 necari,
1661 2913 1691 2938 et
1706 2908 1848 2947 quiequid

1121 2952 1206 2981 aliud
1229 2950 1392 2990 Eumolpus
1396 2951 1544 2989 jussisset,
1560 2956 1701 2990 tanquam
1720 2949 1847 2990 legitimi
