1904 3314
661 170 958 221 LIBER'I,
995 171 1060 211 11.

1552 168 1638 210 467

208 271 360 314 Laetus
382 278 502 314 sorte
523 277 598 314 tua
618 272 734 313 vives
757 272 992 327 sapienter,
1015 271 1155 314 Aristi
1173 289 1182 314 :

118 338 176 381 45
205 339 305 382 Nec
326 355 393 382 me
414 341 604 382 dimittes
625 340 943 395 incastigatum‚
966 341 1042 382 ubi
1062 340 1190 395 plura

207 408 379 464 Cogere
400 422 527 464 quam
549 407 654 448 satis
675 414 756 457 est,
777 421 828 448 ac
849 422 936 448 non
957 422 1129 449 cessare
1153 408 1347 450 videbor.

203 476 413 532 Imperat,
434 475 553 517 haud
576 475 720 525 servit,
744 473 925 516 collecta
946 475 1130 530 pecunia
1152 477 1324 531 cuique,

206 543 392 586 Tortum
413 544 546 599 digna
567 543 691 598 sequi
712 543 858 598 potius
880 558 1008 598 quam
1030 543 1194 586 ducere
1216 543 1388 585 funemae

208 612 319 655 Haec
340 612 419 654 tibi
441 612 658 654 dictabam
679 619 781 667 post
803 611 948 652 fanum
973 619 1100 666 putre
1123 611 1334 660 Vacunae,

120 681 178 723 50
208 680 424 736 Excepto,
447 680 566 735 quod
587 695 675 722 non
697 679 824 721 simul
844 694 980 730 esseS,
1004 687 1150 722 cetera
1171 679 1312 722 laetus.

643 904 966 948 EPISTOLA
999 906 1081 948 XI.

554 1057 639 1089 AD
700 1056 1177 1089 BULLATIUM.

207 1165 334 1213 Qum
356 1165 435 1207 tibi
456 1165 545 1207 visa
569 1164 720 1214 Chios,
744 1163 922 1216 Bullati,
946 1172 1135 1221 notaque
1159 1165 1361 1208 Lesbos?

207 1233 328 1281 Quid
350 1234 562 1274 concinna
583 1233 768 1274 Samos?
798 1233 904 1287 quid
927 1233 1070 1275 Croesi
1093 1235 1213 1290 regia
1234 1234 1416 1275 Sardis?

206 1300 391 1356 Smyrna
411 1301 532 1356 quid,
554 1308 598 1342 et
620 1300 850 1356 Colophon
868 1303 884 1342 ἲ
914 1303 1075 1356 majora
1096 1303 1314 1344 minorave
1336 1302 1481 1344 fama?

88 1443 158 1466 rnre
177 1431 325 1477 patietur.
370 1434 434 1465 Pro
455 1435 540 1466 vehet
563 1433 604 1465 ad
628 1433 731 1466 Codd.
755 1444 834 1476 quo-

87 1476 223 1508 rundam
234 1476 454 1508 auctoritatem
468 1477 634 1509 Bentleius
644 1477 732 1508 dedit
747 1479 836 1513 vehit,

89 1519 178 1562 quia,
194 1519 250 1562 qui
266 1519 408 1551 libertate
422 1527 520 1556 caret,
536 1520 602 1562 jam
620 1530 705 1551 nunc
720 1521 836 1559 vehat3

882 1435 987 1465 nescit.
1043 1434 1169 1466 Tortum
1189 1435 1305 1478 funem
1334 1437 1416 1476 sequi
1446 1442 1475 1466 et
1503 1436 1633 1466 ducere:

882 1476 951 1508 haec
973 1477 1090 1508 locutio
1115 1479 1268 1510 translata
1287 1486 1335 1510 est
1358 1479 1399 1509 ab
1426 1477 1631 1513 animalibus.

882 1531 955 1562 quae
974 1521 1047 1552 fune
1064 1521 1162 1553 ducta
1176 1521 1339 1553 ductorem
1356 1527 1553 1563 sequuntur:
1578 1519 1634 1562 qui

89 1562 146 1594 sed
177 1567 314 1595 nostram
344 1562 511 1594 lectionem
541 1563 706 1594 confirmat
731 1566 841 1594 nesciet
874 1564 990 1604 famem
1003 1566 1102 1599 ducit,
1123 1564 1268 1612 imperat,
1285 1564 1341 1606 qui
1352 1565 1467 1606 funem
1484 1567 1635 1605 sequitur,

89 1604 124 1636 in
154 1616 186 1637 v.
209 1616 258 1648 sq.
301 1605 471 1646 Imm-obus,
502 1605 686 1647 designatur
715 1615 840 1641 avarus,

89 1647 146 1691 qui
168 1648 253 1680 malo
275 1654 307 1680 et
323 1649 467 1691 improbo
487 1649 593 1679 studio
613 1647 741 1679 divitias
763 1659 839 1680 con-

90 1690 191 1732 gerim
213 1691 288 1722 hinc
310 1701 380 1734 sup.
400 1691 463 1723 Od.
478 1691 523 1728 iii,
540 1692 595 1727 24,
617 1692 672 1727 62,
692 1690 770 1734 ipsae
791 1694 840 1723 di-

88 1736 171 1766 vitia
186 1733 338 1766 dicuntur
353 1736 505 1776 improbe.

135 1778 278 1809 42—-46,
302 1778 362 1809 Cui
376 1789 436 1809 non
452 1779 605 1809 conveniet
621 1789 675 1808 sua
692 1788 750 1813 res,
763 1783 839 1809 cett.

90 1820 231 1852 Sensus:
254 1820 308 1851 cui
322 1831 372 1852 res
392 1831 451 1852 sua
469 1831 532 1852 non
551 1819 728 1858 conveniet,
744 1831 792 1858 ea,
813 1821 840 1852 si

88 1862 148 1895 erit
172 1862 265 1895 nimis
289 1864 408 1907 ampla,
436 1869 470 1894 ut
499 1863 640 1899 calceus,
670 1865 727 1905 qui
758 1864 838 1906 pede

89 1905 190 1949 major
210 1913 271 1944 est,
293 1906 383 1938 illum
405 1907 567 1938 subvertet
587 1911 620 1937 et
642 1912 837 1948 prosternet3

89 1954 134 1988 at,
162 1949 189 1981 si
215 1956 264 1981 est
291 1949 417 1986 arctior,
445 1955 482 1981 ut
507 1949 636 1980 calceus
663 1949 837 1990 angustior,

89 1998 160 2024 uret
177 2003 249 2024 eum
266 1999 360 2034 atque
373 1992 513 2024 vexabit.
555 1993 649 2028 Olim,
666 2003 735 2025 nos.
749 1999 835 2029 etwa,

89 2036 279 2068 machmal:
303 2035 367 2067 vid.
377 2046 447 2078 sup.
463 2036 503 2066 ad
519 2037 584 2067 Sat.
598 2034 620 2071 i,
640 2037 668 2070 1.
684 2036 738 2067 25.
779 2036 836 2066 Co-

87 2089 173 2127 gere,
183 2088 364 2120 congerere.
402 2078 473 2110 Non
485 2089 612 2110 cessare.-
628 2077 762 2119 quisine
773 2079 839 2110 ulla

89 2121 322 2153 intermissione
346 2121 380 2152 iu
405 2121 572 2163 cujusdam
595 2121 638 2152 rei
661 2121 765 2152 studio
787 2121 836 2152 in-

87 2169 196 2196 tentus
209 2170 268 2200 est.
285 2175 346 2196 mm
361 2175 473 2196 cessare
487 2164 615 2196 dicitur.

136 2208 191 2243 47,
213 2208 266 2239 48.
290 2207 435 2248 Imperat,
456 2208 540 2238 haud
563 2208 675 2238 servit.-
699 2217 747 2238 res
769 2206 839 2249 ipsa

89 2260 146 2293 pro
169 2249 293 2291 vulgari
315 2250 462 2286 lectione,
485 2257 554 2286 ant,
574 2249 715 2292 postulat
736 2251 838 2281 omui-

91 2303 134 2325 no
146 2294 253 2332 1ιαιιαι;
330 2292 408 2324 unia
422 2303 528 2329 avaro,
544 2292 629 2324 sicut
643 2303 741 2335 eques
755 2304 838 2336 equo

89 2337 145 2379 (ut
167 2347 197 2368 v.
226 2338 270 2368 40
298 2334 432 2376 dicitur)
461 2335 608 2378 imperat,
635 2346 699 2367 non
730 2337 836 2372 servit,

89 2380 145 2412 sed
159 2379 199 2418 is,
212 2379 269 2422 qui
283 2379 454 2422 pecuniam
475 2379 582 2413 habet,
607 2385 753 2410 aetermtm
775 2390 837 2411 ser·

89 2424 157 2462 vu,-
187 2433 302 2455 nasus
319 2421 437 2463 igitur:
473 2421 610 2465 pecunia
631 2422 749 2464 cuique
770 2422 838 2453 col-

89 2464 185 2502 lecta.
209 2475 282 2508 que
311 2465 428 2497 servire
454 2465 558 2507 potius
581 2465 750 2508 possessori
777 2476 835 2497 suo

89 2518 186 2551 quam
195 2507 350 2551 imperare
358 2508 506 2544 debebat,
519 2509 661 2548 imperat,
678 2509 761 2539 hand
773 2519 835 2539 ser-

87 2553 146 2584 vit.
190 2551 404 2583 confirmatus
419 2562 490 2582 sum
511 2551 545 2582 in
565 2551 723 2593 proposita
739 2551 836 2593 hujus

87 2593 152 2627 loci
162 2593 395 2629 emendatione,
405 2599 572 2636 postquam
588 2593 671 2624 idem
682 2593 750 2635 jam
766 2600 835 2625 ten-

88 2641 175 2669 tasse
204 2637 257 2670 Cl.
288 2637 494 2669 Weddelium
530 2636 563 2667 in
600 2635 773 2668 Animadv.
803 2637 836 2668 in

89 2679 204 2713 Horat.
221 2691 254 2724 p.
274 2680 331 2715 73,
353 2690 392 2712 ex
410 2678 586 2711 doctissimi
607 2679 743 2711 Obbarii
768 2680 836 2711 Ob-

89 2729 219 2755 servatt.
233 2723 275 2755 ad
289 2722 322 2754 h.
335 2723 358 2754 1.
370 2721 518 2764 cognovi.
564 2722 700 2754 Pecunia
713 2733 751 2754 ex
770 2723 836 2753 Ho-

89 2765 163 2798 ratii
182 2771 301 2803 mente,
320 2776 418 2808 quam
438 2766 506 2802 ille,
524 2766 780 2808 quotiescunque
799 2765 838 2797 de

58 2821 62 2834 ι
89 2818 128 2844 οι
143 2809 297 2851 loquitur,
315 2809 394 2841 satis
410 2817 517 2852 aperte
533 2808 692 2851 exprimit,
707 2820 766 2839 ηοη
777 2820 839 2840 ser-

89 2853 148 2890 vit,
162 2851 220 2884 sed
233 2851 460 2895 possessoribus
478 2857 633 2893 tanquam
654 2851 754 2884 servis
775 2852 841 2883 suis

90 2895 244 2936 ἂκρα-σῃ·
282 2894 352 2927 hac
381 2902 429 2927 est
462 2895 638 2926 secundum
674 2894 839 2926 Horatium

885 1612 975 1648 paret
990 1606 1056 1638 sive
1073 1614 1180 1638 servit.
1215 1608 1290 1639 Jam
1303 1618 1375 1639 vero
1387 1617 1460 1638 cum
1478 1607 1510 1637 in
1528 1606 1635 1638 Codd.

887 1648 968 1679 Livii
984 1660 1122 1691 quoque.
1139 1656 1176 1681 ut
1190 1651 1335 1682 observat
1350 1649 1635 1680 Drakenborchius

886 1691 926 1722 ad
943 1691 1132 1727 Liv.xxviii.
1150 1694 1183 1728 2,
1200 1695 1216 1734 ᾧ
1234 1694 1285 1728 ll,
1303 1704 1333 1734 p.
1352 1694 1426 1729 152,
1442 1692 1564 1725 centies
1578 1699 1635 1723 aut

882 1741 915 1766 et
945 1735 1028 1766 haud
1061 1735 1263 1767 confuderint
1294 1735 1426 1771 librarii,
1456 1735 1488 1766 in
1520 1745 1564 1770 re.
1598 1741 1634 1766 ut

883 1776 961 1808 mihi
977 1777 1113 1814 videtur,
1130 1778 1300 1809 certissima
1324 1789 1391 1820 pro,
1416 1785 1472 1809 aut
1494 1788 1532 1809 ex
1553 1788 1631 1809 con-

880 1819 1005 1861 jectura
1031 1820 1116 1858 dedi,
1142 1822 1237 1852 haud.
1281 1821 1494 1853 Occasionem
1520 1821 1632 1852 harum

882 1863 1106 1905 particularum
1145 1864 1325 1896 confusioni
1370 1865 1461 1896 dedit
1500 1864 1634 1896 fortasse

882 1906 987 1948 prisca
1000 1907 1157 1949 scriptura
1172 1908 1259 1938 haut.

926 1950 978 1981 49.
1002 1950 1075 1981 Haec
1090 1952 1146 1982 tibi
1163 1952 1325 1982 dictabam.
1371 1950 1452 1982 Haec
1477 1949 1533 1982 tibi
1554 1950 1632 1982 scri-

881 1992 986 2024 benda
1002 1998 1035 2024 et
1049 1992 1089 2024 ad
1102 1999 1133 2025 te
1150 1993 1335 2036 perferenda
1349 2004 1439 2025 servo
1454 1995 1502 2025 vel
1517 1994 1631 2025 scribae

883 2046 951 2067 meo
971 2035 1144 2068 dictabam.
1190 2037 1262 2068 Post
1274 2037 1395 2079 janum
1412 2044 1503 2076 putre
1530 2037 1631 2068 Vacu-

881 2090 948 2109 nae:
986 2079 1122 2118 Vacuuu,
1152 2080 1212 2111 dea
1241 2080 1444 2114 Sabinorum,
1476 2080 1632 2111 Romanis

885 2121 1039 2159 Victoria,
1059 2128 1094 2153 ut
1114 2123 1208 2154 docet
1232 2123 1334 2154 Varro
1353 2122 1438 2165 apud
1460 2124 1632 2155 Acronem.

884 2165 956 2196 Hoc
988 2165 1133 2197 Vacunae
1163 2166 1317 2208 templum
1347 2165 1381 2196 in
1407 2176 1482 2207 agro
1511 2166 1632 2198 Sabino

883 2207 1097 2256 propelucum
1112 2209 1257 2240 Vacunae
1267 2219 1391 2240 sacrum
1405 2209 1513 2249 (Plin.
1530 2211 1573 2241 H.
1587 2210 1631 2242 N.

882 2251 929 2286 ui,
956 2250 1025 2287 12).
1048 2262 1112 2282 non
1131 2252 1241 2294 procul
1261 2262 1281 2283 a
1296 2253 1372 2283 villa
1392 2253 1516 2284 Horatii
1537 2253 1630 2284 abfu-

883 2293 944 2325 isse
967 2293 1101 2326 videtur.
1147 2295 1225 2326 Post
1251 2295 1331 2326 illud
1356 2295 1509 2338 templum
1536 2295 1633 2337 igitur

883 2337 1046 2373 Horatius,
1071 2338 1127 2379 qui
1154 2338 1187 2368 in
1212 2338 1290 2370 locis
1315 2338 1399 2370 villae
1427 2349 1494 2370 suae
1517 2339 1632 2371 vicinis

882 2379 1115 2422 circumvagari
1130 2381 1265 2416 solebat,
1281 2382 1314 2413 iu
1330 2388 1398 2413 toro
1412 2382 1542 2414 fortasse
1559 2393 1630 2424 gra-

883 2423 989 2455 mineo
1005 2429 1178 2465 prostratus
1197 2421 1330 2456 dictavit
1353 2425 1434 2456 banc
1451 2425 1630 2467 epistolam.

882 2465 1007 2498 Refecit
1019 2466 1078 2498 hoc
1090 2467 1242 2509 templum
1259 2468 1386 2499 Vacunae
1401 2475 1492 2509 putre
1505 2470 1630 2510 (vetus-

881 2514 945 2540 tate
968 2509 1175 2547 obsoletum),
1195 2517 1231 2541 ut
1254 2510 1346 2542 docet
1366 2512 1430 2542 Fea
1446 2521 1484 2543 ex
1506 2519 1630 2554 reperta

882 2551 992 2593 aliqua
1007 2552 1232 2595 Inscriptione,
1251 2554 1479 2596 Vespasianus.

923 2596 977 2626 50.
1002 2595 1143 2635 Excepto,
1167 2596 1227 2628 hac
1246 2607 1310 2628 una
1331 2608 1362 2628 re
1383 2603 1528 2640 excepta.
1574 2598 1630 2628 Ce-

882 2644 960 2675 tera,
979 2637 1066 2680 quod
1091 2639 1132 2670 ad
1154 2645 1258 2671 cetera
1278 2639 1410 2671 attinet:
1437 2640 1501 2673 vid.
1521 2641 1631 2673 Bentl-

882 2691 954 2723 sup.
971 2681 1005 2712 in
1022 2680 1080 2713 hac
1099 2681 1242 2725 Epistola
1257 2684 1297 2715 ad
1311 2694 1339 2716 v.
1355 2684 1386 2714 3.

1101 2767 1322 2802 EPISTOLA
1353 2771 1415 2802 XI.

927 2810 1031 2841 Curas
1062 2821 1126 2842 non
1163 2812 1480 2855 peregrinationibus,
1515 2813 1632 2856 quibus

883 2853 1002 2884 coelum
1022 2859 1159 2891 tantum,
1181 2866 1243 2887 non
1262 2855 1388 2888 animus
1406 2863 1557 2893 mutetur,
1577 2857 1633 2887 sed

885 2895 1052 2938 prudentia
1061 2902 1092 2928 et
1108 2897 1229 2931 ratione
1240 2899 1315 2941 pelli
1331 2910 1432 2941 posse,
1448 2899 1550 2931 amico
1565 2909 1632 2932 suo.

149 2936 236 2969 unio
259 2943 385 2974 natura.
411 2943 444 2969 et
471 2937 553 2969 hanc
577 2944 733 2975 naturam,
757 2943 794 2969 ut
815 2938 843 2968 is
890 2938 1040 2978 Bullatio,
1056 2939 1164 2971 Asiam
1182 2948 1214 2973 et
1230 2941 1388 2973 Graeciam
1404 2952 1549 2974 curarum
1567 2941 1636 2971 abi-

92 2980 152 3015 mf.
167 2979 270 3023 Epist.
285 2980 308 3017 ἱ,
329 2982 380 3018 12,
401 2981 442 3012 10
460 2980 549 3016 dicit,
576 2988 696 3012 mutare
714 2983 843 3021 pecunia
861 3025 871 3056 1
888 2982 1061 3055 g2endarum
1078 2993 1178 3015 causa
1193 2986 1385 3026 peragranti,
1401 2985 1522 3016 scribit.

820 3036 842 3056 n
872 3037 881 3056 ι
