1884 3288
641 210 867 253 LIBER
902 211 962 261 11,
994 215 1036 255 2.

412 313 519 356 Non
538 311 847 355 decoloravere
867 314 1041 356 caedes‘e

472 379 587 428 Quae
607 387 726 422 earet
745 396 821 422 ora
841 396 996 424 cruore
1017 390 1168 425 nostro
1184 387 1202 426 ’ζ

355 448 446 490 Sed
466 463 536 498 ne,
558 447 733 499 relictis,
755 447 890 491 Musa
909 465 1088 504 procax,
1105 452 1235 506 jocis,

356 515 458 558 Ceae
478 523 690 558 retractes
712 531 892 559 munera
912 517 1084 560 Naeniae
1101 536 1111 560 ι

413 583 591 626 Mecum
613 584 801 627 Dionaeo
822 587 904 627 sub
925 594 1051 628 antro

470 651 635 700 Quaere
654 653 808 695 modos
829 653 988 697 leviore
1009 655 1190 710 plectro.

269 314 327 356 35

266 653 324 694 40

643 821 922 866 CARMEN
964 824 1023 867 ΙΙ.

454 958 526 990 AD
561 958 809 990 CRISPUM
847 959 1217 992 SALLUSTIUM.

353 1053 546 1096 NULLUS
565 1062 749 1110 argento
770 1054 890 1097 color
910 1063 976 1098 est
997 1057 1136 1098 avaris

350 1121 522 1165 Abdito
541 1124 685 1174 terris,
705 1124 875 1166 inimice
896 1123 1051 1167 lamnae

351 1191 508 1247 Crispe
529 1191 723 1242 Sallusti,
745 1192 829 1233 nisi
849 1199 1092 1248 temperato

815 1259 1057 1315 Splendeat
1079 1277 1176 1304 usu.

59 1389 98 1414 ce
119 1379 147 1412 it
166 1378 270 1424 (quod
290 1390 331 1412 ex
353 1379 448 1411 verbo
468 1385 599 1410 testatur
618 1377 811 1410 eliciendum

7 1427 10 1431 '
58 1429 108 1457 est
140 1423 294 1466 fragorem
316 1422 493 1455 corruentis
515 1421 638 1464 imperii
662 1422 810 1458 Romani,

58 1466 170 1500 Medis
192 1467 272 1498 adeo
287 1466 342 1508 (h.
361 1475 395 1496 e.
419 1465 560 1501 Parthis,
583 1465 729 1496 Romano
753 1475 809 1496 no-

56 1508 139 1545 mini
153 1507 382 1548 infestissimis)
398 1508 540 1540 auditum
553 1510 566 1539 ⁴!
613 1508 809 1550 Quaeflumi-

46 1563 112 1588 wa.
126 1553 215 1585 fluvii
228 1551 314 1584 enim
333 1552 451 1595 passim
470 1562 490 1582 a
509 1550 611 1593 poetis
626 1551 809 1593 proeliorum

57 1599 155 1629 testes
177 1594 320 1628 adbiberi
344 1594 467 1626 solent:
493 1594 534 1626 ef.
555 1594 615 1624 inf.
635 1594 678 1630 iv,
695 1595 727 1629 4,
744 1595 807 1631 383

58 1637 181 1671 Catull.
197 1638 274 1677 lxiv,
289 1639 374 1675 :358;
396 1637 518 1669 Tibull.
538 1636 560 1674 i,
577 1637 608 1672 7,
625 1638 661 1668 11
678 1648 687 1676 3
713 1637 806 1678 Virg.

57 1681 133 1714 Bel.
145 1691 176 1719 v,
188 1684 227 1713 2!
243 1691 252 1720 ς
275 1681 415 1723 cogitare
427 1685 532 1712 autem
544 1679 620 1711 licet
630 1678 670 1710 de
686 1681 808 1722 proeliis

57 1723 100 1757 td
123 1723 332 1762 Rhodanum,
352 1723 490 1760 Padum,
511 1728 544 1754 et
566 1722 694 1754 Iberum
718 1733 806 1754 com-

56 1766 177 1800 missis.
223 1767 357 1799 Daitniae
377 1767 480 1804 mdes,
495 1765 528 1797 h.
549 1775 578 1797 e.
599 1765 731 1806 sanguis
745 1776 807 1797 cae-

57 1820 165 1843 nomm
186 1809 304 1843 civium
325 1810 568 1847 Romanorum;
593 1808 722 1839 Daunia
743 1809 809 1840 sive

58 1853 114 1896 Ap
158 1853 204 1885 lia
235 1863 294 1903 pro
326 1858 394 1884 tota
429 1851 536 1884 Italia.
579 1851 705 1886 Terras,
735 1862 808 1894 quae

55 1896 108 1930 bel
122 1907 144 1929 ι
156 1896 268 1929 civilia
281 1901 458 1933 senserunt,
473 1899 615 1926 recenset
630 1894 742 1925 Florus
760 1894 804 1931 iv,

56 1940 92 1976 2.
109 1941 172 1982 §6,
187 1941 222 1972 Si
241 1940 338 1971 uenam
359 1945 390 1970 et
411 1939 546 1979 spatium
566 1943 630 1978 (sc.
651 1939 806 1978 inspicias,

55 1983 142 2025 quod
163 1993 204 2015 ex
224 1981 486 2014 antecedentibus
509 1979 732 2023 repetendum)
754 1983 807 2012 ubi

55 2028 242 2058 numinum
263 2031 319 2061 m,
341 2027 428 2056 intra
451 2024 599 2060 Italiam5
622 2025 695 2054 inde
720 2034 749 2054 se
774 2025 807 2055 in

20 2098 25 2099 γ
56 2068 199 2100 Galliaen
220 2067 471 2109 Hispaniamque,
482 2067 616 2109 defleuit.
636 2077 805 2097 reversum-

54 2121 114 2153 que
129 2113 169 2144 ab
187 2111 310 2148 occasu,
324 2114 394 2142 totis
413 2111 531 2142 viribus
550 2111 583 2140 in
604 2109 697 2149 Epiro
716 2109 806 2140 Thes-

53 2155 192 2197 ult'flque
203 2155 336 2186 consedit
349 2165 361 2192 ς
386 2154 458 2184 hinc
474 2155 508 2183 in
520 2152 692 2193 AEgyptum
705 2154 805 2183 subito

55 2199 231 2235 muitum
245 2198 317 2229 inde
327 2198 457 2237 respexit
465 2197 569 2226 Asiam
579 2206 591 2232 ,-
607 2196 679 2226 inde
687 2195 803 2237 Asi-icae

54 2241 198 2273 finoni}
207 2251 219 2279 ;
235 2246 383 2282 postremo
394 2241 428 2270 ia
438 2239 622 2280 Hispaniam
632 2240 804 2279 regyravit,

51 2284 144 2317 niba·
156 2284 326 2325 aliquanao
338 2282 463 2326 defecit.

38 2338 41 2340 ’
86 2326 243 2359 <av—⁴0.
270 2325 316 2358 Ne
330 2336 459 2358 munera
477 2325 541 2356 Ceae
559 2324 673 2355 Naeniae
686 2330 804 2354 retrac-

31 2366 47 2396 ‚⁹
79 2374 82 2377 ’
131 2378 174 2402 ne
196 2379 294 2402 cenas
315 2368 452 2405 nenias,
476 2367 639 2411 Θρήνους.
663 2366 806 2398 carmina

132 2411 202 2445 bria
213 2418 247 2445 et
258 2411 492 2444 miserationem
506 2410 677 2446 moventia,
693 2409 805 2452 qualia

83 2489 101 2492 ,,
150 2455 270 2488 cecinit
288 2454 468 2487 Simonides
494 2455 571 2486 Ceus
590 2452 716 2495 (insula
736 2453 804 2484 Cea

15 2509 30 2517 *¹
85 2497 238 2539 ιδυι).
278 2499 466 2530 Simonidem
498 2497 653 2534 lacrimas,
682 2495 804 2527 flebiles

22 2539 53 2578 32>
65 2545 80 2555 ¹⁴
137 2547 172 2574 ot
184 2541 381 2575 miserabiles
398 2538 574 2572 Simonidis
586 2539 694 2581 elegos
710 2546 804 2571 vocat

51 2616 61 2625 x
101 2597 117 2609 <1
203 2583 337 2621 xxxviii,
367 2585 400 2616 8.
459 2583 511 2614 De
541 2581 701 2619 laudibus,
728 2593 800 2624 quae

27 2633 30 2636 ⁴
47 2624 54 2657 ss·
85 2663 87 2666 ,
130 2627 223 2664 ··idi.
238 2632 273 2661 ut
289 2633 403 2670 poetae,
418 2626 613 2662 tribuuntur,
624 2625 690 2656 vid.
707 2626 800 2656 Wes-

100 2681 103 2692 ι
158 2693 170 2702 .
184 2667 227 2703 ια
242 2670 375 2702 Diodor.
390 2669 456 2702 sic.
469 2669 507 2700 T.
522 2668 545 2700 i.
559 2679 591 2711 p.
606 2669 682 2699 412.
727 2667 800 2698 Mu-

102 2732 118 2742 ·v
155 2710 283 2750 Henioc,
313 2724 382 2757 pro,
409 2711 550 2744 naeniam
578 2711 627 2742 vel
659 2710 801 2749 naenias;

44 2767 57 2793 :2
148 2774 176 2794 .
201 2761 238 2789 nt
264 2767 361 2799 sepe,
387 2754 521 2788 inservit
545 2753 741 2797 periphrasi5
767 2759 803 2785 ut

1 2802 97 2846 —-·{ss.'
127 2799 251 2833 eum.
266 2799 290 2837 i,
305 2800 360 2839 28,
375 2800 410 2831 4.

19 2922 29 2927 „
39 2858 71 2932 ζ
81 2859 108 2926 ,ἶ
291 2884 497 2917 CARMEN
521 2883 571 2915 11.

14 2922 85 2968 γέ
94 2926 282 3005 Ἓιροεῑα
296 2927 332 2960 in
345 2927 405 2959 hoc
420 2926 562 2959 carmine
575 2925 615 2958 de
629 2935 712 2961 vera.
729 2937 803 2968 quae

12 2982 60 3007 ‘vam
75 2988 77 2991 ·
111 2987 114 2992 ·

185 2977 300 3003 tratum
326 2970 379 3002 vel
409 2975 572 3002 contemtu
598 2969 651 3001 vel
681 2969 805 3002 liberali

95 3015 105 3021 ⁵
174 3023 235 3047 utu
255 3019 465 3057 comparetur,
480 3012 582 3056 gloria
597 3022 635 3045 eo
657 3012 804 3052 consilio,

855 1383 890 1410 ut
904 1389 973 1410 eam
989 1380 1103 1422 Crispo
1115 1380 1278 1418 Sallustio,
1290 1380 1476 1423 sapientius,
1489 1381 1606 1424 quibus

854 1421 910 1454 ille
927 1423 1255 1459 abundabat,‹livitiis
1272 1434 1339 1456 uso.
1353 1424 1501 1456 vindicet.
1527 1425 1605 1456 Pro-

853 1465 949 1496 culeii
965 1465 1074 1506 igitur,
1094 1466 1272 1497 immortale
1289 1466 1476 1499 liberalitate
1496 1478 1555 1498 sua
1570 1469 1605 1499 in

853 1507 962 1540 fratres
983 1519 1097 1540 nomen
1121 1509 1216 1547 nacti,
1233 1510 1363 1541 laudato
1388 1510 1419 1541 in
1443 1511 1524 1542 hanc
1541 1522 1605 1542 reru

853 1551 1010 1594 exemplo,
1020 1557 1084 1583 tam
1098 1552 1242 1584 miseram
1257 1553 1471 1585 conditionem
1485 1565 1606 1592 eorum,

853 1604 986 1635 quorum
1001 1595 1091 1637 plura
1109 1595 1247 1627 habendi
1260 1596 1419 1638 cupiditas
1431 1596 1463 1627 in
1476 1597 1557 1633 dies,
1570 1604 1606 1629 ut

852 1636 1002 1679 hydrops,
1012 1644 1144 1673 crescat,
1153 1649 1249 1681 quam
1257 1649 1412 1670 summam
1419 1639 1606 1672 felicitatem

852 1686 884 1710 et
896 1681 1069 1728 potentiam
1081 1691 1198 1716 eorum,
1209 1682 1263 1723 qui
1274 1683 1445 1724 exstirpata
1459 1683 1552 1724 plane
1564 1694 1604 1714 ex

852 1732 958 1753 animo
975 1723 1068 1764 plura
1080 1723 1217 1755 habendi
1231 1724 1407 1765 cupiditate
1423 1725 1485 1756 sibi
1501 1725 1602 1767 impe-

851 1775 917 1796 rare
930 1772 962 1796 et
979 1767 1104 1797 fortuna
1119 1777 1178 1797 sua
1190 1767 1236 1798 uti
1250 1767 1430 1804 didicerint,
1442 1768 1606 1800 describit.

853 1808 928 1839 Fuit
950 1815 1056 1840 autem
1077 1809 1212 1852 Crispus
1235 1809 1419 1848 Sallustius,
1434 1810 1604 1842 clarissimi

852 1850 1050 1882 historiarum
1065 1852 1228 1894 scriptoris
1241 1863 1279 1884 ex
1297 1863 1402 1884 sorore
1416 1863 1525 1895 nepos,
1539 1864 1604 1884 non

850 1894 954 1925 solum
989 1905 1007 1925 a
1041 1895 1222 1926 divitiarum
1257 1896 1472 1935 augendarum
1509 1901 1603 1938 (nam

850 1936 975 1968 vivebat
988 1938 1261 1980 splendidissime)
1272 1938 1327 1968 sed
1340 1938 1433 1969 etiam
1448 1938 1603 1970 honorum

851 1980 973 2022 (noluit
988 1981 1073 2011 enim
1090 1981 1173 2012 ultra
1193 1981 1334 2012 ordinem
1349 1987 1524 2023 equestrem
1550 1992 1603 2013 as-

851 2024 996 2064 surgere)
1014 2024 1120 2055 studio
1135 2023 1364 2055 alienissimus.
1403 2023 1605 2056 Nobilissimi

850 2065 994 2108 inprimis
1016 2073 1091 2098 sunt
1110 2068 1191 2098 horti
1208 2067 1405 2105 Sallustiani,
1421 2076 1501 2108 quos
1522 2079 1602 2110 prae-

849 2108 944 2139 claris
967 2109 1169 2151 antiquitatis
1192 2110 1407 2140 monumentis
1431 2110 1605 2143 instructos

849 2151 1059 2194 Imperatores
1075 2158 1186 2196 postea
1201 2152 1379 2184 obtinuisse
1394 2159 1534 2184 constat.
1564 2155 1604 2185 ln

847 2195 1036 2226 sententiam
1047 2195 1103 2237 huj
1109 2206 1146 2226 us
1157 2195 1308 2227 carminis
1319 2206 1387 2227 com
1392 2203 1505 2238 parant
1516 2198 1543 2228 T
1546 2197 1602 2230 he-

848 2238 940 2269 ocrit.
955 2239 1020 2276 xvi,
1036 2240 1078 2270 22
1094 2249 1167 2281 sqq.
1490 2265 1497 2271 t

895 2282 990 2312 1—4.
1014 2282 1134 2313 Sensus
1149 2294 1156 2312 :
1186 2281 1311 2312 nullum
1341 2282 1476 2324 pretium
1505 2282 1602 2315 habet

849 2329 1025 2366 argentum,
1039 2324 1125 2367 quod
1142 2324 1245 2356 avaris
1259 2324 1442 2356 hominibus
1458 2325 1601 2358 abditum

848 2374 895 2398 est
918 2366 951 2398 in
975 2374 1079 2407 tei-183
1102 2368 1177 2400 hinc
1200 2367 1303 2399 invisa
1325 2367 1383 2399 tibi
1407 2375 1467 2403 est,
1490 2369 1603 2411 Crispe

847 2410 992 2448 Sallusti,
1014 2411 1162 2453 pecunia,
1185 2421 1259 2453 quae
1290 2421 1355 2442 non
1383 2412 1541 2454 sapienter
1568 2413 1602 2444 in

847 2463 942 2484 usum
967 2454 1173 2485 convertitur.
1220 2453 1340 2484 Nullus
1362 2462 1491 2496 argento
1519 2457 1602 2486 color

846 2502 901 2533 est,
925 2497 1092 2539 splendore
1116 2508 1186 2533 suo,
1205 2497 1239 2528 h.
1260 2507 1291 2528 e.
1314 2497 1414 2539 pretio
1440 2504 1527 2529 caret
1550 2508 1600 2530 ar-

847 2546 990 2580 gentum.
1037 2541 1082 2571 Τὸ
1104 2542 1207 2571 avaris
1222 2550 1344 2576 omneS,
1361 2550 1442 2582 quos
1458 2540 1533 2578 vidi,
1550 2541 1598 2572 in-

847 2587 998 2625 terpretes
1007 2583 1048 2614 ad
1057 2585 1146 2614 terris
1155 2583 1296 2619 trahunt,
1308 2589 1340 2614 et
1349 2595 1475 2615 avaram
1484 2590 1598 2615 terram

845 2625 1007 2667 explicant
1021 2626 1062 2658 de
1073 2636 1123 2664 ea,
1135 2637 1207 2668 quae
1224 2626 1310 2658 avari
1321 2626 1422 2658 instar
1434 2633 1599 2668 argentum

846 2669 1011 2700 conditum
1044 2669 1223 2701 custodiat:
1253 2668 1403 2711 equidem
1433 2672 1536 2701 avaris
1565 2670 1600 2702 in

847 2721 924 2744 casu
939 2712 1032 2743 tertio
1049 2719 1079 2743 et
1095 2714 1185 2743 terris
1202 2711 1235 2743 in
1256 2723 1334 2744 casu
1355 2719 1445 2743 sexto
1461 2713 1600 2755 positum

845 2765 915 2786 esse
932 2754 1077 2791 arbitror,
1094 2755 1150 2792 ita,
1164 2761 1199 2786 ut
1212 2762 1376 2797 argentum
1393 2757 1496 2787 avaris
1509 2757 1598 2787 aba'i-

847 2805 913 2829 tum
948 2801 1039 2830 terris
1075 2798 1128 2835 sit,
1163 2805 1341 2839 argentum,
1375 2797 1461 2840 quod
1497 2800 1601 2830 avaris

846 2840 1028 2872 hominibus
1044 2841 1187 2873 abditum
1203 2847 1264 2877 est,
1276 2841 1325 2872 vel
1339 2842 1424 2884 quod
1440 2842 1526 2873 avari
1543 2842 1599 2873 ab-

845 2883 919 2915 dere
936 2883 968 2914 in
984 2890 1067 2916 terra
1081 2885 1196 2916 solent.
1235 2886 1347 2924 Avaris
1362 2883 1485 2916 scilicet
1500 2895 1598 2926 oppo-

849 2926 935 2958 nitur
965 2927 1098 2971 Crispus
1130 2927 1314 2964 Sallustius,
1341 2927 1410 2970 qui,
1440 2932 1475 2958 ut
1505 2927 1600 2968 paulo

847 2975 919 3012 post
933 2969 1062 3006 dicitur,
1078 2973 1203 3002 avidum
1219 2972 1363 3010 spiritum
1378 2972 1500 3000 domare
1515 2969 1599 2999 didi-

847 3019 946 3046 cerat.
989 3013 1137 3046 Inimicus
1165 3015 1286 3051 lamnae,
1313 3013 1368 3055 qui
1402 3011 1481 3043 nihil
1511 3018 1601 3043 curat
