1884 3288
526 569 1060 638 PRAEFATIO

442 863 811 896 EDITIONIS
859 862 1164 901 QUARTAE.

30 1313 149 1356 HAEc
183 1322 386 1370 quartum
418 1314 605 1370 repetita
645 1314 820 1356 Horatii
856 1313 1105 1355 Carminum
1146 1312 1405 1368 Lyricorum
1440 1311 1575 1354 editio

29 1394 130 1437 ideo
159 1394 434 1450 praeferenda
468 1401 536 1436 est
566 1395 722 1444 tertiae,
754 1394 874 1448 quod
909 1400 1097 1449 purgata
1127 1399 1195 1434 est
1223 1393 1337 1433 vitiis
1370 1399 1576 1447 typogra-

30 1472 188 1529 phicis,
209 1474 370 1529 quibus
391 1472 464 1515 illa
484 1473 673 1529 turpiter
703 1479 842 1515 scatet
859 1474 898 1514 *.
962 1473 1150 1520 Quoties
1174 1479 1319 1514 autem
1339 1470 1575 1513 Horatium

29 1567 172 1594 meum
202 1551 366 1608 relego,
400 1553 529 1595 toties
565 1553 610 1593 in
642 1551 741 1594 loca
774 1552 916 1594 minus
952 1558 1072 1593 recte
1113 1567 1138 1593 a
1171 1565 1240 1592 me
1275 1550 1497 1592 intellecta
1531 1555 1576 1591 et

30 1632 232 1688 exposita
274 1631 467 1674 incidere
513 1630 645 1674 soleo.
709 1631 1091 1680 Quemadmodum
1134 1631 1268 1687 igitur
1312 1645 1365 1672 ea
1407 1629 1453 1671 in
1492 1627 1576 1670 hac

30 1717 187 1766 quarta
226 1709 403 1752 Horatii
443 1710 634 1752 editione
675 1711 836 1752 rectius
883 1709 1192 1752 constituenda
1231 1716 1276 1751 et
1315 1707 1576 1764 explicanda

31 1790 180 1833 curavi
195 1789 325 1844 (nam,
343 1795 392 1831 ut
409 1789 622 1831 Horatius
644 1789 704 1830 ait
725 1789 872 1844 Epist.
895 1790 923 1839 i,
946 1791 1012 1839 16,
1028 1789 1099 1838 24,
1118 1789 1354 1830 Stultorum
1374 1788 1578 1829 incurata

23 1868 174 1924 pudor
192 1868 331 1910 malus
355 1868 503 1910 ulcera
535 1867 695 1922 celat)‚·
726 1868 787 1909 ita
818 1867 903 1918 illa,
926 1883 1025 1923 quae
1057 1869 1227 1910 acutius
1253 1867 1458 1909 viderunt
1489 1865 1575 1916 alii,

29 1947 228 1989 modeste
246 1947 292 1988 in
311 1961 403 1988 rem
422 1960 560 1988 meam
581 1945 792 1988 vertenda
811 1946 974 2001 putavi.
1033 1945 1086 1987 Id
1109 1945 1273 1988 factum
1293 1945 1489 2001 inprimis
1508 1951 1576 1986 est

30 2024 76 2066 in
100 2025 295 2067 editione
331 2024 508 2067 Horatii
536 2024 714 2075 minore,
747 2039 859 2079 quae,
891 2025 1091 2067 absterso
1128 2026 1289 2068 sudore
1320 2025 1433 2079 (mea
1461 2025 1576 2067 enim

30 2103 162 2160 culpa
187 2103 320 2161 paulo
351 2104 515 2146 diutius
550 2105 632 2146 sub
661 2102 785 2159 prelo
820 2104 1023 2158 sudavit),
1046 2104 1157 2146 viam
1178 2105 1234 2147 ad
1256 2104 1432 2147 Horatii
1462 2119 1576 2145 ama-

31 2189 166 2234 tores,
199 2183 362 2226 tirones
393 2183 592 2234 maxime,
626 2183 850 2226 adfectare
882 2184 1130 2226 meditatur.
1192 2184 1245 2226 In
1279 2199 1332 2227 ea
1365 2183 1578 2240 proposui

33 2259 143 2306 duas
187 2263 526 2314 emendationes,
567 2277 676 2318 quas
717 2263 949 2305 memoravi
988 2277 1164 2318 quoque
1208 2263 1253 2304 in
1297 2262 1380 2305 hac
1420 2270 1577 2318 quarta

31 2342 210 2385 Horatii
229 2343 435 2386 editione.
479 2342 568 2384 Pro
590 2342 785 2398 quamvis
803 2357 975 2397 nempe,
999 2341 1088 2384 Od.
1111 2342 1140 2393 i,
1163 2342 1233 2392 28,
1255 2343 1321 2392 11,
1342 2341 1577 2398 legendum

33 2435 130 2463 esse
156 2421 409 2476 conjectavi,
433 2421 632 2477 quoniam
658 2421 725 2470 is‚·
755 2428 799 2463 et
822 2420 912 2462 Od.
947 2420 1006 2470 iii,
1031 2421 1098 2470 ll,
1125 2421 1190 2470 18,
1213 2434 1294 2475 pro
1315 2421 1408 2475 ejus
1428 2423 1578 2476 (quam

0 2498 262 2543 '‘lectionem
293 2515 442 2542 omnes
475 2500 753 2542 emunctioris
785 2501 902 2542 naris
934 2499 1196 2554 interpretes
1229 2498 1418 2541 Horatio
1449 2498 1578 2555 plane

34 2577 257 2634 indignam
295 2579 584 2635 judicarunt),
624 2585 768 2620 cestus.
830 2578 998 2621 Verum
1040 2578 1283 2634 probandae
1324 2593 1380 2620 an
1420 2579 1581 2634 impro-

33 2656 191 2699 bandae
222 2657 307 2699 sint
338 2657 409 2699 hae
442 2658 541 2700 duae
573 2657 914 2708 emendationes,
935 2657 1126 2699 virorum
1155 2658 1385 2700 doctorum
1412 2658 1580 2712 judicio

86 2838 126 2882 [*
151 2836 355 2873 Editionem
371 2842 492 2874 tamen
508 2838 604 2874 illam
618 2844 778 2886 quartam
798 2839 1011 2881 Carminum,
1024 2844 1063 2875 ut
1077 2844 1112 2875 et
1129 2841 1321 2877 secundam
1341 2840 1533 2876 Satirarum
1546 2846 1583 2876 et

35 2905 284 2953 Epistularum,
297 2908 384 2944 vitia
399 2909 658 2957 typographica
674 2921 742 2945 nec
758 2921 874 2956 pauca
890 2921 957 2945 nec
973 2909 1068 2946 levia
1085 2910 1273 2952 maculant,
1292 2922 1314 2946 a
1326 2910 1453 2956 quibus
1471 2910 1582 2946 editio

37 2972 113 3011 haec
129 2980 184 3011 est
195 2979 372 3023 purgata]
