1884 3288
581 179 813 227 LIBER
842 179 930 232 111,
966 180 1032 222 14.

1504 179 1581 221 161

323 290 387 333 Et
407 301 532 333 soror
551 285 658 329 clari
677 285 802 328 ducis
819 302 829 336 ;
861 290 906 327 et
928 285 1102 326 decorae

726 351 936 408 Supplice
956 351 1064 393 vitta

321 423 553 480 Virginum
571 428 748 471 matres,
765 421 1066 476 juvenumque
1087 434 1230 474 nuper

241 494 295 536 10
323 493 560 548 Sospitum.
622 489 733 541 Vos,
757 503 784 531 o
805 488 949 544 pueri,
971 494 1017 529 et
1037 486 1197 543 puellae

323 559 425 602 Jam
444 559 583 602 virum
603 564 815 614 expertae,
842 555 953 598 male
974 555 1175 598 ominatis

725 625 903 668 Parcite
924 624 1085 666 verbis.

324 693 414 737 Hic
434 695 529 737 dies
549 709 652 736 vere
673 693 778 736 mihi
798 692 937 735 festus
959 699 1077 734 atras

322 762 501 805 Eximet
521 777 649 805 curas
663 779 672 804 ι
705 777 790 818 ego

810 776 892 804 nec
914 760 1162 811 tumultum,

241 831 293 873 15
323 830 422 874 Nec
442 831 552 874 mori
572 845 653 887 per
672 830 756 872 vim
778 836 983 880 metuam,
1006 836 1184 872 tenente

733 898 908 940 Caesare
930 905 1085 940 terras.

324 967 361 1019 1,
382 973 486 1024 pete
507 973 794 1024 unguentum,

33 1091 108 1125 vitae
134 1091 314 1136 periculum
342 1090 488 1124 subiisse.
533 1091 660 1123 Laurus
689 1096 785 1122 morte

33 1137 162 1174 venalis,
178 1135 309 1168 victoria
323 1145 397 1178 quae
412 1134 480 1166 vita
502 1135 563 1166 emi
586 1134 692 1170 debet,
708 1134 741 1165 h.
758 1144 788 1165 e.

33 1178 167 1212 victoria
191 1178 286 1221 cujus
314 1177 524 1220 impetrandae
557 1187 656 1209 causa
687 1177 786 1208 vitam

31 1221 149 1265 aliquis
161 1228 363 1254 contemnere
377 1220 492 1260 debet3
509 1220 606 1252 simili
628 1220 790 1262 elegantia

33 1265 174 1298 honorem
195 1266 262 1296 vita
285 1274 380 1296 mere
404 1263 487 1295 dixit
515 1263 674 1305 Virgilius
704 1264 786 1294 AEn.

33 1307 68 1340 ix
98 1308 177 1340 206.

69 1331 176 1383 '5-9.
201 1350 332 1388 Mulier,
347 1348 451 1380 Livia.
501 1348 612 1385 Unico,
629 1354 785 1392 praestan-

33 1393 168 1431 tissimo,
182 1393 330 1436 egregio;
354 1392 410 1434 qui
429 1391 463 1423 iu
486 1402 519 1423 re
541 1396 616 1423 nota
637 1391 787 1434 exempla

32 1436 205 1475 desiderat,
219 1435 314 1469 adeat
335 1436 448 1467 Heius.
461 1435 502 1466 ad
527 1434 623 1467 Ovid.
639 1436 720 1467 Met.
739 1435 786 1474 iii,

35 1481 114 1513 454.
161 1480 308 1516 Prodaeat,
323 1477 459 1511 solemni
497 1488 592 1521 ompa
607 1477 786 1521 nempe‚de

58 1533 102 1555 ua
123 1525 250 1564 prodire
274 1521 414 1566 proprie.
462 1489 598 1562 (yper-uta
623 1522 726 1558 Divis,
752 1526 788 1553 ut

34 1533 100 1598 diis
114 1571 271 1609 operetur,
286 1566 319 1597 h.
334 1576 364 1597 e.
380 1570 455 1596 vota
476 1575 532 1607 pro
556 1565 661 1596 salute
683 1565 788 1596 mariti

35 1617 188 1652 suscepta
214 1619 300 1641 nunc
325 1618 416 1640 sacro
442 1607 589 1639 faciendo
621 1608 786 1647 exsolvat5

34 1659 161 1694 operata
176 1653 294 1695 passim
310 1661 367 1694 pro
383 1655 539 1694 praesente
553 1662 680 1692 operans
695 1661 715 1682 a
729 1661 786 1693 po-

36 1695 98 1728 etis
117 1696 266 1739 ponitur:
289 1693 413 1727 Tibull.
431 1694 466 1731 ii.
491 1695 521 1730 1,
544 1695 578 1730 9,
596 1695 707 1726 Omnia
726 1697 788 1726 sint

35 1746 164 1780 operata
188 1741 243 1771 deo
264 1749 331 1788 pro,
358 1742 548 1779 operentur;
581 1742 613 1768 et
634 1737 680 1768 sic
703 1737 789 1781 apud

38 1781 135 1824 Virg-
160 1781 245 1814 Geo.
268 1792 292 1818 1,
315 1781 402 1819 3353
427 1780 524 1812 Ovid.
548 1779 620 1812 Art.
641 1780 716 1812 Am.
741 1779 788 1816 iii,

38 1825 101 1857 411
118 1830 153 1857 et
166 1825 250 1865 635;
273 1824 352 1856 Am.
369 1824 405 1859 ii,
422 1824 455 1860 7,
471 1825 527 1860 23,
543 1829 575 1855 et
595 1833 680 1866 saepe
703 1823 791 1854 alibi.

37 1867 151 1904 Justis,
177 1867 287 1911 justas
313 1877 422 1910 preces
447 1867 532 1898 haud
555 1867 790 1909 respuentibus,

40 1911 92 1943 vel
115 1911 211 1944 rebus
234 1922 306 1954 quae
330 1915 414 1943 recte
437 1909 518 1942 fiunt
543 1909 792 1952 adspirantibus.

40 1954 134 1986 Soror
155 1955 238 1986 clari
259 1956 358 1992 ducis,
386 1953 534 1986 Octavia.
582 1953 698 1985 Matres
718 1964 791 1993 sup-

39 1998 122 2038 plico
149 1999 230 2029 vitta
251 1999 376 2035 decom,
402 1997 435 2028 h.
461 2006 492 2028 e.
520 1996 612 2032 vitta,
637 2002 672 2028 ut
699 1996 792 2028 decet

39 2040 255 2084 supplicatum
286 2046 411 2076 euntes,
447 2038 618 2071 redimitae:
659 2039 704 2071 sic
732 2039 791 2070 inf.

41 2083 146 2126 Epod.
159 2084 194 2120 2,
213 2085 264 2120 17.
279 2095 373 2126 quum
387 2085 526 2115 decorum
549 2082 602 2125 (h.
616 2093 645 2114 e.
661 2083 792 2125 pulchre

41 2126 240 2167 redimitum)
255 2128 380 2158 mitibus
400 2128 495 2167 pomis
517 2133 610 2167 caput
635 2127 785 2158 Aut-tum-

39 2181 100 2202 κω
113 2172 195 2202 arvis
209 2171 342 2208 extulit5
366 2175 399 2202 et
413 2169 500 2212 apud
524 2169 622 2201 Ovid.
648 2170 736 2200 Fast.
753 2169 786 2205 ii,

40 2213 118 2251 503,
133 2213 436 2245 Romulus-trabea
451 2214 586 2248 decorus,
603 2213 634 2244 h.
650 2223 680 2244 e.
697 2223 788 2245 orna-

39 2259 108 2289 tus.
147 2256 302 2298 Suppliee,
323 2256 364 2288 ad
386 2266 566 2299 personam,
591 2267 663 2298 quae
680 2256 790 2287 vittam

39 2298 133 2341 gerit,
156 2299 368 2332 referendum.
415 2299 591 2341 Vir-gitium,
619 2306 790 2342 nuptarum

40 2343 173 2386 nempe,'
183 2353 320 2392 quarum
335 2341 440 2374 mariti
455 2342 538 2374 salvi
551 2354 590 2374 ex
606 2343 690 2374 bello
707 2342 789 2374 redi-

40 2392 153 2419 erant:
178 2396 223 2418 sic
246 2396 319 2430 sup.
343 2386 378 2423 ii,
403 2387 436 2423 8,
451 2387 506 2424 23,
525 2397 614 2417 novae
637 2386 791 2428 conjuges

39 2430 176 2472 virgines
190 2439 289 2470 nuper
301 2436 427 2470 nuptae3
450 2434 484 2460 et
498 2430 583 2471 apud
604 2428 696 2471 Virg.
720 2429 792 2462 Ecl.

41 2471 80 2508 iit
94 2473 133 2510 6,
145 2473 200 2509 47,
217 2473 379 2516 Pasiphae
402 2472 510 2504 Minoi
525 2478 627 2515 nupta
641 2475 728 2514 virgo
745 2475 793 2504 in-

0 2522 14 2549 t)
32 2515 120 2558 selis
131 2514 261 2548 dicitur.
283 2516 407 2557 Nuper,
423 2527 463 2548 ex
476 2515 562 2547 bello
577 2515 795 2547 recentissimo

0 2563 3 2571 ²
46 2557 255 2592 cantabrico.

0 2603 6 2639 ᾖ
51 2631 55 2634 .
90 2602 231 2635 10—12.
257 2602 324 2640 Vos,
350 2613 367 2633 o
395 2604 498 2642 pueri,
527 2608 557 2633 et
584 2603 696 2642 puellae
725 2603 798 2634 Jam

0 2645 8 2682 ἒ*
43 2644 148 2680 virum
265 2656 302 2681 ω,
316 2646 396 2676 male
411 2647 553 2677 omittatis
578 2646 704 2677 Parcite
726 2658 794 2678 ver-

0 2688 5 2730 s
46 2688 102 2721 bin.
146 2683 288 2720 Sensus}
315 2689 384 2720 Vos
403 2688 476 2731 ipsi,
494 2699 512 2720 o
532 2688 668 2731 juvenes
690 2689 795 2720 mariti

0 2753 3 2759 .
46 2736 80 2764 et
93 2737 204 2775 nuptae
228 2730 358 2774 puellae,
373 2741 413 2763 ne
434 2731 573 2774 amplius
593 2731 692 2774 jacite
713 2733 796 2765 male

0 2782 6 2806 ἱ
44 2774 186 2807 ominata
199 2774 264 2806 ista
278 2774 374 2806 verba
385 2774 503 2816 quibus
518 2781 648 2818 ruptum
665 2775 704 2807 iri
714 2776 796 2807 tristi

44 2816 134 2851 Bello
155 2823 298 2850 vestrum
320 2817 506 2860 conjugium
531 2818 795 2860 augurabamini3

47 2859 146 2894 immo
162 2861 242 2903 (hoc
257 2860 344 2893 enim
361 2861 436 2893 inde
450 2861 522 2893 elici
538 2862 652 2901 debet)
666 2862 700 2892 in
716 2862 797 2904 pris-

3 2935 6 2937 ,
49 2902 149 2937 finam
164 2904 281 2936 amoris
301 2905 406 2936 mutui
429 2904 614 2936 felicitatem
638 2916 725 2937 nunc
750 2915 797 2936 re-

49 2947 152 2981 satuti
177 2947 263 2979 bona
288 2947 383 2979 verba
413 2947 517 2979 facite.
564 2949 642 2980 Haec
671 2948 798 2990 quidem

0 3022 2 3024 ,
51 2989 142 3029 mio,
162 3001 227 3032 qua
248 2990 334 3023 hunc
356 2991 461 3023 locum
485 2991 720 3023 vexatissimum
745 3002 799 3024 ex-

816 981 942 1023 puer,
966 974 1011 1009 et
1030 981 1232 1016 coronas,

830 1090 939 1133 pedire
962 1091 1083 1128 studui,
1099 1090 1263 1130 facillima,
1280 1095 1313 1123 et
1333 1095 1398 1122 tam
1421 1089 1466 1122 rei
1488 1099 1586 1133 quam

832 1134 937 1165 verbis
963 1135 1295 1166 accommodatissima
1320 1134 1400 1165 mihi
1428 1133 1498 1165 visa
1526 1138 1587 1165 est.

834 1177 958 1220 Recepi
990 1183 1098 1209 autem
1137 1178 1302 1220 antiquam
1342 1176 1525 1213 lectionem,
1556 1183 1586 1208 et

831 1222 942 1260 puella:
965 1221 1036 1252 Jam
1064 1224 1166 1252 virum
1193 1227 1331 1262 expertae,
1357 1221 1390 1252 h.
1416 1230 1445 1252 e.
1461 1225 1585 1262 nuptae.

830 1264 931 1295 Poeta
947 1264 1082 1299 scilicet,
1100 1270 1136 1296 ut
1152 1274 1190 1296 eo
1205 1264 1308 1306 magis
1331 1269 1497 1306 appareret
1514 1263 1584 1304 jam

830 1306 870 1338 de
886 1306 1003 1349 puellis
1017 1307 1126 1349 nuptis
1140 1317 1317 1339 sermonem
1338 1317 1420 1343 esse,
1437 1306 1586 1337 consulto

831 1349 967 1386 addidit,
984 1350 1055 1380 Jam
1072 1352 1171 1381 viram
1187 1357 1326 1390 experta»,
1344 1349 1491 1391 quamvis
1505 1348 1586 1380 alias

830 1391 907 1434 ipsae
924 1399 1032 1441 nuptae
1048 1392 1098 1424 vel
1110 1393 1265 1435 conjuges
1279 1392 1466 1435 simpliciter
1474 1393 1586 1433 puellae

830 1435 984 1478 appellari
1009 1436 1132 1468 solent:
1171 1436 1218 1467 sic
1248 1447 1280 1467 v.
1305 1446 1335 1467 c.
1362 1436 1526 1478 Penelope
1551 1435 1585 1466 in

831 1479 979 1521 Epistola
995 1479 1035 1510 ad
1053 1479 1201 1510 maritum
1218 1489 1311 1511 suum
1331 1479 1482 1521 Ulyssem
1498 1478 1586 1521 apud

832 1521 931 1554 Ovid.
948 1523 1022 1554 Her.
1033 1522 1055 1559 i,
1070 1524 1144 1559 115,
1161 1533 1190 1554 se
1203 1523 1340 1563 puellam
1357 1528 1463 1558 vocat,
1480 1527 1513 1553 et
1528 1522 1586 1554 inf.

832 1564 880 1602 iii,
907 1566 962 1603 22,
988 1567 1021 1604 2,
1055 1567 1166 1607 puellae
1199 1573 1288 1598 utero
1315 1567 1496 1597 laborantes.
1543 1565 1587 1597 At

830 1608 924 1650 longe
948 1609 1040 1641 aliter
1066 1609 1106 1640 de
1131 1609 1191 1640 hoc
1218 1609 1288 1641 loco
1313 1609 1458 1640 sentiunt
1484 1608 1582 1640 inter-

831 1658 935 1693 pretes
959 1651 1170 1691 recentiores3
1201 1651 1270 1694 qui,
1295 1652 1444 1688 lectione,
1476 1651 1541 1688 Vos,
1569 1663 1586 1682 o

830 1697 930 1735 pueri,
954 1703 982 1726 et
1003 1697 1114 1735 pnellae
1134 1695 1206 1725 Jam
1226 1696 1329 1726 virnim
1352 1701 1496 1735 expertes,
1511 1705 1586 1737 quae

833 1737 1041 1780 Cuningamii
1071 1738 1204 1769 debetur
1231 1737 1373 1779 ingenio,
1402 1737 1437 1768 in
1464 1743 1587 1769 textum

834 1785 974 1824 recepta,
991 1781 1030 1813 de
1045 1781 1151 1824 pueris
1166 1781 1222 1822 qui
1241 1780 1398 1823 patribus,
1414 1785 1446 1812 et
1461 1780 1501 1812 de
1524 1791 1584 1823 pu·

835 1824 907 1855 eliis
919 1836 992 1866 quae
1005 1825 1127 1855 maritis
1140 1823 1205 1855 suis
1216 1823 1249 1855 in
1263 1823 1348 1855 bello
1361 1824 1493 1867 privatae
1508 1826 1585 1860 sint,

837 1867 888 1909 agi
904 1873 1083 1899 autumant.
1129 1867 1206 1903 sed,
1223 1873 1261 1898 ut
1277 1866 1357 1898 nihil
1372 1867 1488 1903 dicam,
1499 1867 1587 1909 quod

837 1917 921 1942 recte
948 1911 1017 1953 jam
1047 1909 1171 1942 monuit
1199 1910 1374 1947 Gesnerus,
1406 1910 1587 1952 importuno

835 1953 930 1996 plane
945 1955 1016 1985 loco
1034 1954 1080 1985 sic
1096 1953 1140 1985 rei
1156 1952 1344 1985 tristissimae
1364 1953 1431 1995 jam
1452 1953 1587 1985 mentio-

837 2007 907 2028 nem
922 1997 1002 2033 fieri,
1019 1997 1088 2039 ipse
1108 2007 1186 2028 usus
1209 1995 1362 2038 loquendi
1386 1995 1459 2027 huic
1484 1997 1588 2040 expli-

836 2039 955 2071 cationi
971 2045 1140 2083 repugnat.
1181 2040 1293 2071 Puella
1310 2039 1394 2071 enim
1411 2041 1471 2071 viri
1486 2051 1588 2081 expers

835 2093 873 2114 ea
889 2083 1017 2115 demum
1035 2089 1118 2115 recte
1134 2083 1177 2114 ita
1197 2082 1325 2119 dicitur,
1341 2093 1414 2125 quae
1429 2093 1503 2115 cum
1519 2083 1588 2115 viro

833 2136 895 2157 non
913 2127 1106 2163 consuescit.
1122 2126 1184 2162 vel,
1200 2133 1236 2157 ut
1252 2137 1326 2157 cum
1345 2125 1436 2167 Virg.
1451 2127 1531 2158 AEn.
1543 2126 1587 2165 iv,

832 2171 897 2201 550
913 2170 1037 2212 loquar,
1053 2172 1148 2201 vitam
1165 2171 1294 2201 thalami
1314 2176 1464 2210 expertem
1487 2169 1586 2210 degit,

835 2223 897 2244 non
928 2224 966 2245 ea
995 2225 1068 2256 quae
1097 2213 1163 2244 viro
1195 2215 1307 2244 orbata
1335 2218 1395 2245 est.
1442 2213 1484 2245 Et
1514 2213 1587 2256 quis

833 2267 939 2296 pueros
963 2264 1107 2297 expertes,
1135 2267 1176 2288 ne
1207 2267 1285 2288 voce
1310 2255 1438 2298 quidem
1461 2263 1588 2297 patrum

834 2300 972 2342 adjecta,
998 2300 1038 2332 de
1069 2299 1175 2343 pueris
1204 2299 1261 2342 qui
1290 2299 1435 2342 patribus
1460 2300 1528 2331 suis
1553 2300 1587 2332 in

834 2343 919 2375 bello
945 2343 1061 2386 privati
1087 2343 1163 2379 sint,
1198 2348 1282 2374 recte
1309 2342 1469 2385 accipiat?
1516 2344 1587 2376 Nec

835 2386 951 2418 melius
975 2386 1118 2429 procedit
1143 2386 1224 2418 ratio
1248 2396 1369 2424 eorum,
1392 2386 1447 2428 qui
1471 2388 1591 2427 puellas

825 2433 897 2471 jam
921 2432 1022 2461 vir-vim
1047 2437 1181 2470 expertes
1204 2429 1243 2460 de
1270 2429 1415 2471 innuptis
1437 2429 1590 2473 interpre-

839 2468 959 2509 tantur,
976 2473 1022 2504 ita
1035 2479 1071 2504 ut
1087 2475 1159 2514 jam
1175 2483 1242 2515 pro,
1260 2483 1346 2504 nunc
1369 2472 1488 2508 adhuc,
1506 2474 1591 2515 posi-

840 2522 907 2548 tum
922 2516 978 2548 sit.
1024 2517 1171 2547 Profecto
1185 2516 1212 2547 si
1231 2516 1383 2548 Horatius
1398 2519 1471 2557 jum
1487 2519 1591 2548 virum

841 2566 974 2600 expertes
1003 2559 1193 2602 scripsisset,
1224 2559 1308 2590 haud
1337 2559 1434 2591 dubie
1464 2566 1591 2603 nuptas,

841 2613 914 2644 quae
930 2602 1174 2634 consuetudinis
1189 2613 1262 2634 cum
1280 2602 1392 2634 marito
1409 2603 1471 2634 huc
1489 2614 1592 2646 usque

839 2651 979 2678 exsortes
1013 2646 1162 2682 vixerint,
1194 2645 1415 2678 intellexisset.
1478 2647 1590 2679 Donec

839 2689 935 2730 igitur
966 2700 1026 2720 nou
1057 2690 1188 2721 meliora
1217 2688 1398 2726 afferentur,
1426 2689 1591 2732 antiquam

841 2732 1011 2764 lectionem
1028 2733 1216 2763 servandam
1231 2743 1302 2763 esse
1317 2732 1478 2763 existimo.

886 2777 1027 2807 13-20.
1054 2776 1247 2812 Tumultum,
1264 2777 1304 2807 de
1321 2776 1406 2807 bello
1423 2776 1472 2807 vel
1496 2776 1592 2811 domi.

839 2819 890 2850 vel
919 2819 953 2850 in
982 2819 1133 2861 proximis
1167 2819 1296 2856 finibus,
1333 2819 1439 2850 subito
1476 2827 1594 2850 exorto.

844 2863 929 2893 Mori
945 2873 999 2902 per
1014 2865 1074 2893 vim
1091 2873 1146 2904 pro
1161 2862 1298 2903 vulgari,
1319 2869 1449 2894 mortem
1475 2862 1594 2894 violeu-

843 2911 921 2936 tam.
970 2906 1043 2937 Pete
1055 2913 1449 2948 unguentum,—-c0‘ror1‹1s.·
1468 2907 1510 2936 cf.
1523 2916 1596 2947 sup.

844 2948 878 2984 ii,
896 2949 928 2985 7,
941 2950 983 2979 23
999 2959 1071 2990 sqq.
1116 2949 1159 2980 Ἐι
1181 2951 1291 2979 cadum
1317 2949 1416 2979 Marsi
1440 2960 1593 2978 memorem

845 2994 955 3028 duelli,
985 2991 1154 3035 exquisite*
1179 3003 1246 3034 pro,
1277 2992 1386 3022 vinum
1418 3001 1502 3021 anno
1531 3001 1596 3032 quo

814 3048 837 3067 m
