1904 3314
287 125 377 166 384

404 226 522 267 Men’
543 227 670 267 vivo?
716 223 794 267 ‘Ut
813 227 926 268 vivas
955 227 1098 281 igitur,
1121 225 1274 281 vigila:
1305 224 1388 267 hoc
1409 240 1502 280 age.

831 124 1263 166 SATIRARUM

1563 223 1681 272 Quid
1702 225 1763 266 vis
1779 218 1798 266 ’ξ

405 293 621 334 Deficient
642 293 812 348 inopem
833 308 950 334 venae
973 301 1028 343 te,
1050 294 1093 334 ni
1113 294 1234 334 cibus
1259 299 1388 346 atque

404 359 561 413 Ingens
581 359 745 400 accedit
767 360 987 401 stomacho
1009 359 1170 401 fultura
1190 361 1342 401 ruenti.

297 426 376 466 155
406 425 478 466 Tu
498 427 669 466 cessas?

728 425 944 479 Agedum,
968 441 1084 466 sume
1110 426 1193 467 hoc
1215 426 1490 480 ptisanarium
1511 438 1662 479 oryzae.

404 492 567 538 Quanti
588 494 742 532 emtae?
775 492 927 533 Parvo.
971 492 1134 538 Quanti
1154 495 1291 546 ergo?
1323 492 1596 534 Octussibus.
1639 489 1791 531 Eheu!

403 558 522 605 Quid
544 557 690 608 refert,
713 560 876 605 morbo,
900 574 953 599 an
974 558 1098 599 furtis
1119 574 1342 613 pereamve
1363 559 1522 613 rapinis
1540 560 1556 600 ἲ

402 624 609 671 Quisnam
631 626 761 678 igitur
783 640 910 666 sanus
929 628 945 666 ἲ
1004 626 1093 672 Qui
1113 641 1198 666 non
1219 625 1388 667 stultus.

903 692 1018 738 Quid
1039 694 1054 732 ἲ
1086 693 1120 732 si
1141 693 1234 745 quis
1258 707 1342 732 non
1365 693 1419 732 sit
1441 706 1607 740 avarus,

402 690 567 731 Stultus
589 698 631 732 et
653 692 840 732 insanus.

294 756 373 796 160
403 757 617 799 Continuo
640 761 801 799 sanus?
859 758 1050 799 Minime.

1450 625 1570 672 Quid
1591 638 1742 666 avarus
1758 625 1774 664 2

1114 758 1214 808 Cur,
1239 759 1412 800 Stoice?
1473 758 1639 799 Dicam.

399 822 502 863 Non
523 831 588 864 est
609 825 843 873 cardiacus,
867 825 1110 877 (Craterum
1133 826 1292 866 dixisse
1314 825 1494 880 putato,)

399 888 485 930 Hic
505 905 632 944 aeger.

693 890 832 931 Recte
853 898 919 931 est
939 892 1082 945 igitur,
1107 893 1371 945 surgetque‘?
1392 908 1397 919 κ
1431 891 1644 945 Negabit;

399 955 530 1002 Quod
552 957 661 997 latus
681 965 753 998 aut
774 972 898 1001 renes
920 958 1068 998 morbo
1090 964 1309 998 tententur
1330 963 1467 998 acuto.

400 1021 502 1062 Non
523 1030 588 1063 est
609 1024 821 1077 perjurus,
843 1038 982 1077 neque
1005 1024 1231 1064 sordidus:
1265 1022 1452 1064 immolet
1473 1023 1606 1076 aequis

290 1087 368 1128 165
398 1087 484 1128 Hic
505 1104 684 1143 porcum
707 1090 908 1130 Laribus.

970 1090 1135 1131 Verum
1158 1091 1406 1131 ambitiosus
1428 1097 1471 1131 et
1491 1091 1658 1131 audax:

398 1154 587 1210 Naviget
610 1155 858 1210 Anticyram
877 1173 885 1197 ε
920 1157 1036 1210 quod
1058 1157 1168 1197 enim
1189 1156 1346 1206 differt,
1369 1156 1627 1197 barathrone

401 1221 566 1271 Dones,
588 1223 791 1276 quicquid
813 1223 969 1272 habes3
1002 1238 1054 1263 an
1075 1238 1291 1277 nunquam
1313 1231 1434 1264 utare
1455 1223 1647 1277 paratis?

285 1356 345 1385 dax
360 1354 475 1387 dicitur
488 1358 731 1399 Hypermnestra
743 1369 812 1401 sup.
825 1348 890 1391 bd.
904 1359 949 1397 iii,
967 1360 1018 1396 11,

285 1398 340 1428 35.
385 1398 445 1428 Sed
463 1400 673 1436 Heindorfius,
692 1401 783 1432 nimis
800 1408 906 1441 argute
920 1404 1016 1442 splen-

286 1441 358 1470 dida
374 1440 467 1472 trahit
485 1441 524 1472 ad
542 1448 683 1472 naturam
699 1451 784 1480 alrif,
801 1445 860 1479 vel,
881 1450 916 1474 ut
935 1455 1018 1477 nunc

287 1481 399 1512 medici
416 1482 597 1524 loquuntur,
615 1486 702 1524 piceae
718 1487 795 1521 bilis,
812 1497 847 1516 ex
866 1497 940 1526 qua,
963 1487 1018 1517 ha-

286 1522 379 1570 bente
395 1524 512 1565 aliquid
527 1528 677 1566 splendidi
697 1529 811 1563 coloris,
830 1528 913 1558 furor
930 1530 1018 1571 profi-

286 1572 431 1597 niscatur.

331 1609 403 1638 142.
427 1609 575 1647 Opimius,
596 1609 688 1641 homo
707 1621 830 1647 avaruS,
849 1615 970 1653 argenti
991 1621 1017 1644 et

287 1650 357 1678 auri
373 1652 454 1680 intus
465 1653 552 1689 positi
569 1651 617 1692 (in
635 1663 706 1683 arca
721 1653 888 1689 reconditi)
905 1655 1019 1686 dicitur

283 1702 412 1730 pauper,
438 1692 512 1732 quia
538 1692 564 1722 is
588 1694 642 1734 qui
667 1695 844 1736 pecuniam,
871 1702 1017 1738 tanquam

287 1743 350 1763 rem
367 1744 497 1771 sacram,
514 1735 692 1777 contingere
710 1738 831 1773 metuit,
847 1745 877 1769 et
894 1740 1021 1781 proinde

289 1775 411 1805 nullum
426 1776 498 1806 inde
510 1787 599 1807 usum
615 1779 710 1820 capit,
724 1792 847 1811 mannas
858 1783 936 1812 inter
944 1793 1019 1820 opes,

288 1822 324 1847 ut
347 1818 463 1848 Noster
485 1819 624 1859 loquitur
645 1831 714 1863 sup.
739 1806 799 1853 03.
822 1823 866 1860 iii,
892 1825 941 1859 16,
965 1826 1018 1860 28,

286 1860 371 1898 inops
386 1865 442 1890 est.
487 1861 571 1891 Hinc
587 1862 683 1894 Auct.
699 1865 737 1895 ad
755 1865 894 1897 Herenu.
907 1866 949 1903 iv,
969 1868 1018 1904 17,

290 1901 390 1942 Egens
408 1913 488 1942 teque
505 1905 540 1938 is,
560 1906 612 1943 qui
631 1917 687 1935 non
708 1908 780 1937 satis
801 1908 896 1944 habet,
915 1916 943 1939 et
959 1910 1018 1950 (au

287 1942 416 1974 sortasse
432 1954 486 1985 pro
501 1951 526 1974 et
542 1945 707 1985 legendum
724 1954 771 1979 est
785 1956 874 1989 atque
894 1952 967 1992 (pro
983 1963 1018 1982 ac

287 1990 437 2026 sequente
452 1986 593 2026 vocali>³
615 1990 687 2030 quia
704 1992 854 2030 praecedit
868 1992 962 2032 teque)
980 1996 1014 2029 is,

288 2029 340 2057 cuz·
355 2029 432 2058 ‘nihil
446 2031 517 2059 satis
531 2040 587 2060 esse
599 2038 704 2068 potest.

334 2070 403 2100 143.
432 2070 641 2102 Veientanum:
669 2073 914 2117 Schol.Porph.,
927 2079 1015 2115 pessi·

287 2121 366 2141 mum
390 2114 491 2143 vinum
510 2115 542 2143 in
570 2115 687 2145 Veiento
708 2117 903 2156 (Veientano
925 2118 1014 2158 agro)

287 2156 442 2184 nascitur:
477 2154 617 2186 Martial.
640 2156 662 2189 i.
692 2159 761 2193 104,
785 2160 816 2195 9,
843 2159 956 2200 pariter
978 2160 1016 2191 de

287 2193 411 2226 homine
440 2206 542 2232 avaro,
571 2197 611 2227 Et
638 2199 792 2230 Veientani
821 2203 933 2232 bibitur
960 2202 1018 2239 [ιη

287 2248 385 2268 crassa
408 2240 529 2269 rubelli.
575 2240 683 2270 Trulla
709 2242 873 2281 Campana,
898 2236 958 2274 noti
979 2255 1015 2274 ex

286 2288 361 2310 auro
376 2285 406 2310 et
421 2286 560 2321 argento,
575 2281 628 2312 sed
640 2289 746 2314 eterra
760 2285 931 2326 Campana,
944 2285 975 2316 h.
987 2296 1015 2317 e.

274 2321 388 2361 fictili,
402 2327 438 2352 ut
449 2334 514 2364 sup.
534 2324 599 2355 Sat.
619 2324 640 2360 i,
660 2327 691 2360 6.
710 2328 780 2363 118,
800 2327 949 2367 Campana
966 2340 1014 2359 su-

283 2365 391 2402 pellex.
438 2365 544 2395 Trulla
562 2371 610 2396 est
625 2377 687 2402 vas,
705 2368 774 2398 vino
795 2369 962 2400 hauriendo
985 2376 1014 2401 et

285 2406 397 2447 poculo
426 2407 617 2438 infundendo
647 2409 832 2441 inserviens:
866 2412 926 2443 vid.
957 2413 1014 2443 Er-

284 2453 363 2494 nest.
385 2448 415 2478 in
441 2449 534 2480 Clav.
559 2451 628 2481 Cic.
651 2462 677 2483 s.
701 2463 729 2483 v.
755 2453 885 2491 Trulla;
918 2456 1014 2485 trulla

282 2489 377 2530 igitur
402 2498 505 2530 potare
529 2498 575 2522 est
605 2499 710 2534 potare
737 2495 855 2530 vinum,
882 2497 966 2537 quod
997 2508 1014 2528 e

283 2532 370 2563 fictili
400 2534 493 2564 trulla
521 2534 707 2567 infunditur.
756 2538 918 2579 Prqf'eslis:
953 2539 1014 2570 vid.

283 2585 353 2616 sup.
369 2575 406 2605 ad
422 2577 487 2607 Sat.
500 2576 521 2611 i,
535 2578 566 2612 2,
584 2578 654 2608 116.
699 2580 858 2621 Lethargo,
878 2587 1013 2613 veterno.

333 2618 400 2648 147.
426 2619 562 2649 Multum
577 2621 665 2658 celer,
675 2631 722 2652 sc.
736 2621 767 2652 in
783 2622 913 2653 consilio
927 2623 1013 2665 capi-

283 2659 364 2690 endo
397 2660 445 2691 vel
483 2661 617 2692 remedio
651 2663 756 2704 aliquo
785 2665 1012 2703 excogitand03

281 2701 355 2732 hinc
370 2705 462 2733 celere
475 2705 629 2735 consilium
645 2705 728 2746 apud
743 2707 866 2737 Terent.
883 2708 1011 2740 Phorm.

281 2744 304 2779 i,
322 2746 353 2779 4,
374 2746 402 2775 l.

327 2788 398 2817 150.
423 2787 579 2818 Hominem
594 2791 634 2819 sic
648 2791 758 2829 erigit:
783 2789 841 2820 hac
858 2801 888 2821 re
905 2791 1010 2827 efficit,

280 2834 314 2858 ut
330 2828 447 2860 homoe
460 2829 598 2871 lethargo
609 2832 774 2868 excitatus,
792 2839 887 2874 caput
898 2843 914 2864 e
931 2833 1011 2865 lecto

277 2877 408 2903 exserat.

1108 1360 1176 1389 151.
1201 1359 1356 1389 Custodis:
1379 1358 1419 1388 cf.
1436 1359 1475 1390 ad
1492 1369 1522 1389 v.
1539 1358 1612 1389 123.

1107 1401 1177 1431 152.
1205 1400 1244 1431 Ut
1266 1403 1348 1431 viras
1368 1402 1478 1442 igitur,
1496 1401 1603 1441 vigila,
1628 1398 1793 1442 respondet

1061 1442 1219 1479 medicus;
1243 1442 1297 1473 sed
1319 1442 1350 1472 in
1373 1453 1410 1472 eo
1437 1453 1500 1483 quo
1530 1451 1612 1472 nunc
1636 1451 1670 1472 es
1695 1446 1790 1476 stetu,

1061 1483 1201 1524 lethargo
1213 1483 1331 1515 scilicet
1342 1494 1516 1526 oppressus,
1528 1483 1576 1514 vix
1589 1483 1691 1514 vivere
1707 1482 1792 1514 vide-

1063 1525 1126 1562 ris;
1155 1533 1189 1556 ut
1215 1528 1294 1556 vivas
1318 1528 1426 1566 igitur,
1449 1531 1483 1556 ut
1510 1526 1615 1556 morbo
1640 1524 1789 1560 libereris,

1063 1569 1168 1608 vigila,
1180 1579 1266 1599 cura.
1307 1569 1372 1599 Hoc
1381 1579 1446 1609 age,
1457 1568 1515 1599 hoc
1531 1567 1588 1599 tibi
1599 1567 1646 1598 vel
1658 1566 1790 1598 maxime

1062 1609 1103 1640 sit
1117 1621 1212 1645 curae,
1230 1621 1275 1640 sc.
1293 1617 1328 1642 ut
1343 1610 1441 1642 vivas.
1484 1610 1590 1641 Possis
1628 1619 1731 1650 uoque
1745 1609 1790 1640 sic

1062 1652 1232 1693 explicare:
1247 1652 1385 1683 medicus
1393 1651 1514 1684 accedit
1523 1653 1561 1683 ad
1572 1652 1612 1683 let
1638 1652 1789 1692 argicum,

1063 1700 1096 1724 et
1118 1694 1308 1725 medicamen
1331 1695 1413 1735 quod
1436 1699 1690 1726 commemoratur
1706 1694 1739 1724 in
1759 1704 1790 1724 v.

1067 1737 1126 1767 155
1137 1737 1163 1767 ei
1178 1737 1346 1778 porrigenS,
1359 1737 1446 1772 dicit,
1461 1737 1524 1767 Hoc
1533 1748 1599 1778 age,
1610 1736 1668 1767 boc
1680 1745 1766 1766 sume
1781 1746 1788 1764 :

1064 1778 1167 1810 favent
1188 1785 1269 1810 certe
1299 1779 1371 1810 huic
1393 1778 1595 1820 explicationi
1617 1777 1792 1819 sequentia.

1066 1821 1147 1854 Quid
1176 1824 1229 1858 vis,
1253 1821 1327 1862 quid
1353 1832 1401 1851 me
1424 1821 1524 1852 facere
1544 1821 1660 1862 jubes'!
1705 1819 1790 1857 Quid

1062 1862 1117 1893 tibi
1146 1863 1192 1894 vis
1220 1874 1290 1894 cum
1324 1863 1550 1894 medicamine?
1603 1863 1648 1893 Tu
1675 1863 1790 1894 cessas?

1060 1908 1199 1947 agedum,
1213 1917 1293 1936 sume
1306 1906 1368 1941 hoc,
1385 1911 1458 1937 cett.

1106 1949 1177 1983 153,
1212 1949 1282 1978 154.
1321 1948 1469 1988 Deficienl
1496 1949 1608 1987 inopem
1636 1957 1713 1978 venoe
1742 1953 1771 1978 te
1783 1959 1792 1977 .-

1061 1988 1140 2021 vires
1155 1995 1185 2021 te
1200 1989 1342 2020 miserum
1354 1995 1385 2021 et
1399 1989 1466 2032 opis
1481 1994 1620 2030 egentem
1633 1988 1789 2025 deficient,

1061 2031 1104 2069 ni,
1118 2037 1191 2063 cett.
1226 2031 1357 2073 Egregie
1369 2041 1444 2062 sane
1454 2037 1546 2074 poeta
1559 2030 1710 2073 expressit
1724 2041 1788 2062 ser-

1060 2084 1180 2105 monem
1194 2085 1256 2115 quo
1267 2073 1378 2105 medici
1390 2074 1473 2115 apud
1485 2078 1614 2115 aegrotos
1622 2073 1668 2104 uti
1678 2072 1790 2104 solent.

1061 2115 1170 2156 Ingens
1187 2117 1319 2156 fultura
1347 2114 1385 2147 de
1412 2125 1449 2147 eo
1477 2115 1561 2157 quod
1591 2114 1788 2146 stomachum

1060 2157 1162 2192 fulcit,
1191 2162 1351 2193 sustentat,
1381 2158 1565 2188 corroborat.
1619 2156 1789 2189 Commode

1062 2198 1224 2230 Bentleius
1243 2205 1401 2240 comparat
1423 2201 1549 2230 Lucret.
1569 2199 1605 2232 ii.
1628 2199 1720 2234 1147,
1746 2199 1786 2229 Ee

1050 2240 1172 2281 Jiilcire
1187 2243 1258 2271 cibis
1273 2249 1359 2282 atque
1375 2244 1472 2271 omnia
1488 2246 1675 2277 siistentar25
1697 2245 1730 2271 et
1744 2239 1785 2276 iv,

1060 2283 1134 2318 865,
1157 2283 1316 2322 Propterea
1332 2285 1453 2323 cupitur
1471 2284 1564 2318 cibus,
1582 2289 1616 2313 ut
1629 2281 1787 2324 suffulciat

1059 2331 1165 2362 arlus;
1190 2324 1367 2357 Columella
1388 2325 1430 2363 vi,
1457 2326 1511 2360 24,
1543 2325 1650 2355 Vinum
1676 2335 1788 2366 quoqne

1055 2370 1254 2405 potentissime
1269 2368 1365 2408 rejicit
1380 2374 1406 2397 et
1419 2367 1521 2407 fulcit
1541 2378 1628 2398 venas
1645 2368 1786 2408 deficien-

1058 2415 1109 2440 tes.
1156 2410 1280 2442 Ruenti.
1297 2420 1341 2440 sc.
1356 2410 1395 2440 ad
1409 2409 1578 2443 interitum.
1594 2409 1627 2439 in
1641 2409 1785 2440 miserum

1057 2457 1182 2485 statum,
1197 2463 1262 2494 pro,
1280 2451 1447 2487 deficienti,
1464 2451 1595 2486 infirmo,
1610 2461 1784 2482 accommo-

1056 2494 1127 2525 date
1142 2495 1180 2525 ad
1197 2505 1301 2525 vocem
1322 2495 1466 2532 fultura:
1491 2492 1547 2524 Sil.
1562 2493 1634 2524 Ital.
1652 2492 1693 2529 xi,
1709 2494 1784 2529 234,

1057 2536 1179 2568 Solusue
1194 2543 1326 2568 ruentem
1343 2537 1467 2567 Fulcire
1476 2543 1503 2566 et
1517 2546 1654 2566 revocare
1666 2546 1756 2575 paras
1766 2548 1786 2566 a

1045 2578 1162 2619 funere
1180 2580 1324 2609 Romam?

1101 2622 1171 2652 155.
1195 2622 1259 2652 Hoc
1282 2621 1482 2660 ptisanarium
1507 2630 1619 2661 oryzae.-
1646 2618 1786 2660 intellige

1056 2663 1254 2694 sorbitionem
1277 2673 1315 2693 ex
1338 2673 1427 2704 oryza
1443 2664 1530 2702 (nos,
1552 2661 1639 2702 Reis)
1659 2661 1784 2692 confec-

1056 2710 1141 2735 tam:
1167 2705 1253 2736 Plin.
1278 2705 1363 2736 Hist.
1390 2705 1466 2735 Nat.
1484 2703 1568 2739 xviii,
1589 2705 1637 2741 13,
1654 2704 1784 2734 Maxime

1055 2758 1142 2787 oryza
1169 2749 1304 2790 gaudent
1333 2745 1455 2788 (Indi),
1489 2756 1524 2776 ex
1550 2757 1610 2787 qua
1634 2746 1782 2786 ptisanam

1054 2791 1228 2831 confidant,
1243 2801 1330 2830 quam
1344 2790 1452 2829 reliqui
1466 2789 1602 2819 mortales
1620 2798 1651 2819 ez
1668 2789 1784 2818 hordeo.

1057 2832 1104 2862 Ex
1133 2835 1252 2872 ptisana
1285 2831 1434 2863 Horatius
1462 2829 1536 2861 fecit
1564 2829 1784 2861 diminutivum

1052 2875 1266 2913 misimur-ium,
1287 2873 1428 2915 apposite
1445 2882 1520 2904 sane
1535 2871 1573 2903 ad
1589 2882 1704 2904 morem
1720 2881 1784 2903 me-
