1904 3314
303 203 387 245 300

841 205 1271 252 SATIRARUM

891 370 1123 412 SATIRA
1154 372 1211 413 II.

414 508 755 549 AMBUBAIARUM
776 507 967 562 collegia,
989 508 1343 564 pharmacopolae,

413 576 620 625 Mendici,
642 576 791 623 mimae,
812 574 1069 625 balatrones,
1090 575 1172 617 hoc
1193 591 1328 630 genus
1349 592 1472 620 omne

413 643 619 684 Moestum
640 658 687 683 ac
710 642 931 683 sollicitum
953 649 1018 683 est
1038 644 1221 684 cantoris
1242 651 1378 686 morte
1399 645 1570 700 Tigelli.

411 710 586 763 Quippe
606 709 815 762 benignus
836 715 939 749 erat.

1001 709 1161 749 Contra
1179 709 1262 759 hic,
1286 724 1338 751 ne
1359 711 1566 766 prodigus
1586 725 1685 754 esse

355 776 382 815 5
412 775 608 824 Dicatur,
629 782 836 823 metuenS,
858 775 975 828 inopi
995 775 1098 816 dare
1118 775 1222 816 nolit
1243 777 1390 826 amico,

410 841 566 895 Frigus
587 855 672 894 quo
693 841 927 894 duramque
949 841 1098 882 famem
1120 842 1359 896 propellere
1379 843 1529 897 possit.

412 907 542 948 Hunc
564 908 598 947 si
618 908 893 961 perconteris,
915 908 981 948 avi
1002 922 1077 948 cur
1097 915 1223 962 atque
1244 910 1434 962 parentis

410 972 664 1013 Praeclaram
683 974 848 1027 ingrata
870 974 1051 1028 stringat
1071 973 1204 1014 malus
1226 974 1409 1028 ingluvie
1429 990 1532 1025 rem,

410 1039 566 1080 Omnia
585 1040 806 1080 conductis
828 1053 1022 1080 coemens
1045 1041 1221 1080 obsonia
1243 1041 1421 1081 nummis
1439 1043 1456 1081 τ’

328 1106 379 1145 10
410 1104 619 1145 Sordidus
641 1113 768 1158 atque
789 1105 915 1145 animi
935 1106 1051 1159 quod.
1071 1107 1192 1159 parvi
1213 1106 1316 1146 nolit
1335 1106 1500 1155 haberi,

406 1170 675 1224 Respondet.

736 1170 959 1210 Laudatur
979 1171 1033 1210 ab
1050 1170 1133 1219 his,
1155 1170 1353 1224 culpatur
1373 1171 1426 1211 ab
1446 1169 1542 1211 illis.

403 1237 599 1278 Fufidius
621 1250 770 1290 vappae
790 1235 943 1276 famam
963 1236 1082 1276 timet
1102 1251 1150 1276 ac
1171 1235 1421 1286 nebulonis,

400 1303 533 1343 Dives
555 1302 682 1356 agris,
705 1301 823 1342 dives
845 1303 994 1355 positis
1013 1303 1056 1342 in
1077 1301 1239 1343 foenore
1260 1303 1458 1352 nummis,

286 1398 321 1423 ut
341 1391 498 1422 hominem
529 1392 653 1431 lippum,
681 1392 811 1432 carpat!
855 1392 962 1422 Multa
984 1397 1016 1422 et

287 1434 364 1465 mira
378 1435 417 1464 de
433 1433 491 1464 hac
506 1442 538 1463 re
552 1433 711 1474 disputata
727 1438 797 1463 sunt
812 1433 851 1463 ab
867 1433 1014 1475 interpre-

286 1475 380 1506 tibus.
419 1474 573 1516 Equidem
585 1480 674 1516 puto,
690 1474 863 1510 Horatium,
877 1481 1015 1506 contem-

286 1517 342 1547 tim
358 1518 398 1548 ab
414 1515 595 1547 adversariis
613 1523 726 1555 poetam
747 1518 861 1555 lippum
877 1518 1014 1558 appella-

286 1564 364 1595 tum,
381 1559 439 1589 hoc
454 1558 622 1589 ridiculum
643 1557 776 1589 convicii
795 1568 902 1599 genus,
918 1569 937 1588 a
951 1569 1017 1590 cor-

286 1599 369 1642 poris
383 1600 458 1630 vitio
475 1600 616 1642 petitum,
639 1599 672 1629 in
695 1609 758 1636 eOS,
781 1610 860 1640 quos
880 1605 1018 1631 contem-

287 1643 392 1679 nebat,
414 1642 494 1672 salse
509 1641 684 1682 regessisse.
732 1641 898 1680 Lippitndo
914 1647 1018 1672 autern

289 1694 379 1725 aeque
401 1693 437 1714 ac
456 1685 570 1714 caecitas
593 1683 771 1713 transfertur
792 1682 831 1712 ad
855 1683 993 1714 animum
1008 1696 1018 1722 3

286 1725 359 1756 hinc
376 1725 432 1756 int.
452 1725 516 1755 Sat.
533 1725 555 1759 i,
572 1725 604 1759 3,
619 1725 672 1760 25,
688 1726 785 1764 lippus
799 1726 878 1754 mata
893 1736 948 1755 sua
968 1727 1016 1755 in-

289 1769 389 1798 unctis
403 1767 497 1798 oculis
509 1768 664 1808 pervidere
679 1765 804 1797 dicitur.

528 1849 696 1880 SATIRA
719 1850 767 1880 ΙΙ.

329 1891 428 1922 Ridet
453 1896 542 1932 poeta
569 1891 733 1922 stultitiam
756 1890 928 1928 hominum,
950 1891 1016 1932 qui,

285 1933 359 1963 dum
383 1932 458 1963 vitia
482 1932 626 1973 quaedam
649 1933 786 1972 fugiunt,
811 1933 842 1962 in
865 1932 1017 1963 contraria

287 1975 449 2005 incurrunt
464 1973 584 2015 (Epist.
595 1973 629 2009 ii,
644 1975 675 2010 3,
691 1975 744 2010 31,
757 1974 795 2004 In
812 1976 917 2004 vitium
932 1976 1016 2005 ducit

287 2015 505 2056 culpaefuga).

329 2059 357 2089 1.
379 2059 623 2088 Ambubaiarum.
668 2056 773 2087 Schol.
797 2057 884 2093 Aer„
903 2058 1015 2087 Ambu-

287 2101 359 2130 baiae
379 2101 524 2130 dicuntur
545 2100 683 2129 mulieres
701 2101 834 2128 tibicines
848 2099 1014 2138 Syrorum5

284 2143 392 2172 etenim
417 2141 522 2181 lingua
546 2151 645 2170 eorum
670 2142 742 2170 tibia
763 2143 822 2170 sive
844 2141 1015 2179 symphonia

285 2183 442 2213 ambubaia
468 2181 658 2222 (secundum
682 2181 770 2216 aliOS,
791 2183 878 2216 abab,
905 2183 1014 2217 anbub,

283 2224 405 2263 fistula)
413 2225 536 2254 dicitur.
571 2224 709 2254 Fuerunt
723 2222 866 2253 mulieres
878 2222 1012 2253 circum·

283 2266 428 2302 foraneae,
438 2266 553 2296 victum
565 2264 623 2295 sibi
631 2270 805 2305 quaerentes
821 2270 883 2294 tam
898 2264 1011 2294 instru-

283 2313 388 2338 menta
410 2307 529 2338 musica
553 2306 726 2340 tractando,
753 2316 847 2346 quam
873 2315 906 2336 se
931 2305 1012 2346 ipsas

282 2348 458 2380 libidinosis
487 2349 612 2379 venales
639 2348 808 2378 offerendo.
855 2348 1010 2387 collegia:

280 2391 386 2433 jocose
400 2396 491 2432 poeta
505 2390 585 2420 hanc
605 2389 831 2430 impudicarum
847 2389 1011 2420 mulierum

282 2434 314 2464 in
343 2432 420 2463 locis
443 2432 577 2474 publicis
599 2433 721 2461 turbam
745 2431 822 2462 dicit
841 2432 1010 2471 collegium.

283 2475 532 2512 Pharmacopalar,
546 2473 730 2504 medicinam
742 2473 925 2504 vendentes:
943 2483 1010 2510 nos,

285 2517 495 2552 Quacksalber.

323 2560 354 2590 2.
372 2559 524 2589 Mendici.-
542 2558 581 2587 ad
596 2556 765 2591 mendicos,
778 2556 842 2596 jam
859 2566 921 2586 non
938 2567 1007 2598 pro-

281 2601 348 2643 prie
362 2599 406 2630 ita
424 2599 534 2634 dictos,
551 2598 686 2629 referunt
699 2597 818 2628 Isiacos
833 2608 869 2628 ac
886 2599 1008 2635 Gallos,

279 2641 454 2674 sacerdotes
465 2641 621 2682 Cybelles,
634 2639 880 2681 praestigiatores,
890 2645 921 2671 et
931 2640 1008 2671 alios

279 2683 430 2727 ejusmodi
459 2682 579 2723 generis
603 2682 753 2716 homines,
781 2692 911 2722 quorum
937 2693 1006 2723 pro-

277 2726 370 2758 fessio
384 2735 493 2767 parurn
510 2735 528 2755 a
551 2724 748 2756 mendicitate
770 2724 866 2754 abest.
910 2724 1003 2754 Bala-

279 2775 393 2799 trones:
417 2767 475 2798 inf.
500 2767 568 2797 Sat.
592 2766 625 2804 ii,
646 2768 676 2803 8,
698 2766 738 2796 22
756 2765 901 2796 Servilius
919 2777 1004 2796 scur-

277 2823 314 2841 ra
340 2814 467 2841 vocatur
486 2810 623 2845 ἱππίου-ο,-
656 2817 718 2848 quo
741 2806 866 2848 quidem
888 2818 1004 2848 cogno-

276 2852 360 2883 mine
382 2850 482 2882 notari
503 2850 644 2881 videntur
663 2848 814 2887 homines,
832 2849 898 2890 qui,
920 2854 1004 2898 post-

275 2904 371 2935 quam
392 2893 476 2924 bona
496 2902 554 2923 sua
576 2891 783 2934 perdiderunt,
807 2891 1003 2927 scurrihtate,

276 2935 454 2972 dicacitate,
477 2940 508 2966 et
531 2934 642 2965 humili
668 2932 846 2964 adulatione
874 2934 1003 2974 gratiam

1059 1390 1141 1431 ejus,
1166 1401 1185 1421 a
1206 1400 1268 1431 quo
1288 1390 1453 1426 alerentur,
1470 1395 1614 1432 captasse
1627 1390 1794 1423 videntur:

1059 1433 1122 1463 vid.
1143 1433 1248 1463 Erseh.
1263 1432 1486 1474 Encyclopaed.
1498 1434 1541 1468 V,
1551 1433 1590 1464 T.
1601 1432 1655 1464 vii.
1685 1433 1793 1464 Schol.

1059 1473 1135 1505 Aer.
1159 1480 1190 1505 et
1212 1475 1322 1514 Cruq.,
1352 1476 1399 1504 hos
1425 1475 1588 1505 luxuriosos
1615 1481 1645 1505 et
1662 1476 1794 1514 perditos

1059 1522 1142 1546 vocat
1156 1528 1174 1545 a
1189 1516 1314 1546 Servilio
1331 1516 1508 1553 Balatrone,
1522 1518 1610 1556 cujus
1621 1518 1655 1547 in
1665 1518 1793 1548 secundo

1061 1558 1114 1588 tib.
1130 1558 1194 1587 Sat.
1209 1558 1258 1598 (8,
1276 1558 1335 1595 21)
1351 1559 1504 1595 meminit,-
1528 1569 1561 1588 ez
1583 1558 1674 1598 1·qu
1693 1564 1794 1590 autem

1060 1601 1176 1629 nomine
1191 1600 1296 1629 similis
1311 1601 1378 1630 vitoe
1393 1600 1520 1630 homines
1542 1599 1709 1631 balatrones
1721 1606 1793 1632 sunt

1060 1642 1216 1680 appellati,
1236 1653 1254 1671 a
1272 1642 1377 1671 balatu
1390 1642 1524 1682 fortasse
1544 1642 1632 1678 dicti,
1654 1653 1718 1682 qua
1739 1652 1794 1673 voa*

1061 1684 1172 1713 intorta
1188 1688 1229 1712 est
1246 1689 1274 1713 et
1289 1684 1434 1718 ridicula,
1447 1689 1521 1714 cett.

1103 1725 1136 1755 3.
1163 1724 1471 1766 (lammis—Tigelli.
1516 1725 1566 1755 M.
1581 1725 1792 1766 Hermogenes

1060 1765 1224 1805 Tigellius,
1241 1765 1368 1801 Sardus,
1389 1766 1565 1803 libertinus,
1581 1766 1711 1798 celebris
1724 1777 1791 1798 mo-

1060 1807 1184 1838 dulator
1203 1813 1235 1838 et
1254 1807 1412 1838 musicus:
1438 1808 1546 1839 Schol.
1561 1807 1647 1844 Aer-,¹
1668 1808 1791 1840 Mutato

1059 1851 1176 1879 nomine
1195 1860 1248 1889 per
1267 1851 1413 1880 invidiam
1435 1856 1586 1881 cantorem
1605 1861 1660 1889 pro
1679 1852 1793 1882 manico

1059 1892 1265 1922 obtrectatorie
1279 1893 1364 1922 dicit.
1409 1891 1484 1922 Fuit
1503 1898 1602 1922 autem
1621 1893 1792 1924 nwdutatm·

1058 1939 1196 2005 33223525‘
1205 1933 1430 2014 azizim
1452 1939 1548 2014 5222-3:
1558 1944 1791 2013 ’.23222'4'2‘2

1058 2017 1171 2047 idcirco
1195 2017 1334 2055 carpitur
1352 2018 1388 2046 ab
1406 2017 1480 2047 itto:
1503 2017 1547 2048 cf.
1570 2017 1636 2048 Sat.
1649 2017 1672 2054 i,
1687 2019 1720 2056 4,
1734 2018 1788 2054 ⁷2,

1058 2057 1123 2094 eti,
1142 2060 1191 2092 10,
1208 2059 1263 2088 90.

1102 2101 1134 2129 4.
1158 2101 1326 2139 Benignus,
1342 2099 1492 2135 liberalis,
1515 2110 1584 2136 nos,
1598 2102 1648 2132 oin
1663 2101 1790 2141 gunger-

1061 2140 1152 2170 Herr.
1197 2141 1270 2176 Hic,
1287 2141 1379 2176 alius,
1395 2146 1431 2172 ut
1442 2152 1474 2172 v.
1485 2142 1516 2179 7,
1533 2144 1585 2177 41,
1603 2143 1702 2178 44,›et
1715 2150 1788 2184 sup.

1060 2181 1124 2212 Od.
1139 2181 1161 2218 i,
1181 2183 1209 2217 l,
1226 2183 1256 2218 7,
1271 2187 1302 2212 et
1316 2191 1397 2223 saepe
1413 2182 1498 2214 alibi.

1099 2224 1131 2253 8.
1175 2223 1357 2254 Prata-laram
1385 2234 1448 2253 rem
1477 2226 1610 2265 stringat
1638 2225 1786 2267 ingluvie.

1056 2264 1193 2304 praeclari
1208 2264 1385 2306 patrimonii
1399 2264 1515 2306 copias,
1532 2270 1681 2306 tanquam
1696 2267 1787 2297 arbo·

1056 2305 1096 2335 ris
1114 2305 1250 2343 frondes,
1265 2306 1447 2345 destringat,
1465 2306 1497 2336 h.
1510 2315 1539 2336 e.
1558 2306 1677 2348 perdat,
1693 2308 1786 2339 absu-

1055 2353 1119 2377 mat
1134 2347 1267 2378 luxuria.
1311 2348 1450 2388 Ingrata,
1464 2348 1548 2388 quod
1561 2349 1726 2390 respondet
1736 2351 1788 2391 τῷ·

1054 2390 1150 2419 matus
1167 2389 1215 2431 (h.
1230 2399 1258 2420 e.
1280 2388 1457 2430 prodigus),
1473 2390 1666 2421 referendum
1681 2390 1722 2422 ad
1735 2391 1785 2422 in-

1055 2431 1132 2470 grati
1151 2430 1246 2461 animi
1266 2437 1406 2472 nepotem
1422 2430 1470 2462 vel
1490 2430 1600 2467 filium,
1617 2432 1684 2473 qui,
1698 2433 1784 2474 quod

1055 2472 1175 2514 accepit
1191 2482 1208 2503 a
1222 2473 1411 2513 parentibus,
1423 2472 1544 2513 ingrato
1558 2483 1632 2514 erga
1646 2484 1700 2506 eos
1715 2474 1784 2505 ani-

1054 2524 1104 2545 mo
1120 2514 1287 2556 profundit.

1094 2557 1125 2587 9.
1149 2556 1323 2591 conductis,
1340 2556 1457 2588 foenore
1471 2565 1488 2586 a
1505 2555 1655 2588 creditore
1669 2565 1781 2598 accep-

1051 2597 1090 2628 tis
1104 2610 1110 2628 :
1145 2599 1274 2628 creditor
1302 2599 1397 2634 locat,
1420 2600 1534 2629 debitor
1561 2607 1616 2640 pro
1640 2598 1782 2630 mercede

1052 2639 1117 2670 sive
1132 2639 1234 2670 usuris
1250 2640 1398 2672 conducit
1413 2639 1591 2682 pecuniam.

1096 2683 1145 2711 10.
1170 2682 1264 2712 Parvi
1279 2684 1383 2719 animi,
1397 2681 1499 2723 quasi,
1516 2681 1571 2723 qui
1586 2691 1679 2724 parce
1693 2681 1781 2719 vivit,

1049 2723 1195 2765 pusillum
1210 2735 1219 2763 3
1235 2723 1382 2765 prodigus
1396 2733 1468 2754 vero
1481 2732 1630 2764 magnum
1641 2723 1781 2755 animum

1048 2765 1206 2796 ostendat.
1771 2771 1774 2775 '

1095 2809 1142 2838 11.
1164 2809 1210 2838 Ab
1226 2808 1282 2844 his,
1296 2807 1336 2838 ab
1348 2806 1442 2846 aliis;
1463 2807 1500 2837 ab
1514 2807 1589 2842 iltis,
1606 2806 1647 2838 ab
1660 2805 1742 2838 aliis.

1093 2850 1142 2879 12.
1167 2850 1318 2890 Fufidius,
1328 2858 1439 2881 avarus
1447 2848 1623 2880 foenerator.
1648 2848 1755 2888 γεγρα
1765 2859 1775 2878 .-

1047 2892 1089 2922 cf.
1107 2892 1146 2922 ad
1163 2892 1227 2922 Sat.
1242 2890 1264 2929 i,
1281 2892 1311 2927 1.
1329 2892 1403 2922 104.

1093 2935 1142 2965 13.
1166 2933 1274 2965 Positis
1296 2935 1326 2964 in
1339 2933 1460 2974 foeaewre
1481 2934 1618 2967 nammis,
1639 2930 1782 2963 sortibus
