1884 3288
680 197 991 242 CARMEN
1027 200 1093 242 17.

1570 203 1658 245 283

349 304 438 347 Per
457 311 501 346 et
523 303 678 346 Dianae
698 317 786 344 non
806 302 1023 344 movenda
1043 302 1234 352 numina,

350 372 439 414 Per
460 378 590 426 atque
609 370 744 412 libros
767 370 1004 412 carminum
1023 369 1258 411 valentium

289 441 317 482 5
348 440 510 482 Defixa
530 438 642 481 coelo
665 439 877 480 devocare
900 437 1058 488 sidera,

349 507 546 556 Canidia,
567 520 700 562 parce
722 506 900 548 vocibus
921 506 1098 548 tandem
1119 506 1267 557 sacris,

348 576 582 630 Citumque
603 582 721 616 retro
742 573 877 624 solve,
900 573 1018 616 solve
1040 575 1271 616 turbinem.

345 643 489 686 Movit
509 650 712 698 nepotem
733 641 962 697 Telephus
984 642 1210 692 Nereium,

344 711 396 753 In
417 726 547 766 quem
569 711 785 766 superbus
807 710 1030 752 ordinarat
1051 711 1223 766 agmina

261 781 314 822 10
345 779 590 835 Mysorum,
613 786 657 820 et
677 779 722 820 in
743 793 872 834 quem
893 777 979 820 tela
999 787 1127 820 acuta
1149 785 1350 822 torserat.

344 847 526 889 Unxere
547 854 706 889 matres
729 846 822 888 lliae
844 847 1068 889 addictum
1089 846 1192 888 feris

342 915 537 958 Alitibus
560 922 692 971 atque
714 916 894 957 canibus
916 914 1178 957 homicidam
1201 916 1458 967 Hectorem,

343 984 584 1040 Postquam
605 983 767 1026 relictis
789 984 1008 1026 moenibus
1029 999 1109 1026 rex
1130 985 1320 1039 procidit

342 1052 470 1094 Heu!
503 1053 742 1108 pervicacis
763 1052 820 1093 ad
842 1053 978 1108 pedes
1000 1051 1205 1094 Achillei.

260 1120 314 1161 15
344 1120 501 1163 Setosa
522 1120 643 1162 duris
665 1134 828 1162 exuere
850 1119 1037 1175 pellibus

346 1188 581 1231 Laboriosi
602 1189 787 1244 remiges
810 1188 975 1239 Ulixei,

341 1256 531 1298 Volente
555 1257 695 1306 Circa,
717 1257 934 1307 membra;
967 1264 1071 1299 tunc
1093 1271 1213 1298 mens
1235 1264 1279 1299 et
1301 1272 1433 1299 sonus

341 1324 580 1380 Relapsus,
602 1332 735 1380 atque
757 1332 886 1366 notus
909 1326 952 1366 in
973 1325 1119 1367 vultus
1141 1326 1296 1368 honor.

341 1393 462 1435 Dedi
484 1393 588 1434 satis
612 1407 832 1447 superque
855 1408 1086 1448 poenarum
1109 1394 1200 1444 tibi,

253 1462 311 1504 520
340 1460 501 1504 Amata
521 1462 665 1503 nautis
684 1460 867 1503 multum
890 1470 933 1503 et
955 1462 1243 1504 institoribus.

339 1529 473 1585 Fugit
488 1530 709 1585 juventas,
731 1537 775 1571 et
795 1530 1070 1572 verecundus
1092 1530 1211 1572 color

341 1597 540 1653 Reliquit
561 1613 674 1649 ossa,
698 1597 811 1653 pelle
833 1599 988 1640 amicta
1008 1598 1176 1650 lurida3

107 1711 179 1754 ejus
201 1712 235 1744 in
251 1718 317 1744 arte
332 1713 474 1745 venefica
494 1711 645 1755 potentia,
659 1712 788 1753 ingente
804 1711 859 1743 do-

108 1755 176 1787 lore
197 1761 361 1798 expertum
384 1766 476 1794 esse;
501 1766 534 1786 se
557 1755 596 1786 ad
620 1766 740 1791 omnes,
765 1766 859 1797 quas-

107 1807 238 1848 cunque
257 1798 399 1840 jusserit,
418 1808 533 1841 poenas
553 1798 776 1834 exsolvendas,
798 1798 861 1829 imo

108 1841 150 1873 ad
164 1852 236 1884 ejus
255 1842 366 1873 laudes
389 1842 428 1872 ad
455 1841 573 1873 coelum
595 1852 695 1882 usque
716 1841 860 1873 mendaci

107 1883 177 1927 lyra
192 1884 391 1916 extollendas
412 1890 557 1933 paratum
573 1894 662 1923 esse3
687 1884 860 1916 Dioscuros

108 1937 238 1970 quoque
259 1927 429 1960 Stesichon
448 1927 623 1970 palinodia,
640 1933 675 1958 ut
690 1927 718 1958 ei
739 1928 862 1958 lumina

106 1971 285 2007 redderent,
312 1976 469 2014 permotos
495 1981 575 2002 esse.
621 1970 683 2002 Sed
711 1970 859 2007 Canidia,

107 2023 205 2056 quam
221 2013 461 2056 respondentem
480 2013 612 2051 inducit,
628 2024 662 2045 se
679 2014 775 2044 nullis
791 2025 861 2056 pre-

108 2055 200 2088 cibus
222 2057 325 2099 frangi
354 2067 457 2100 posse,
470 2057 544 2092 imo
570 2057 610 2087 ab
634 2057 777 2094 Horatio,
802 2057 858 2098 qui

110 2099 182 2142 ejus
206 2109 298 2132 sacra
320 2099 450 2131 irriserit
469 2106 500 2131 et
516 2100 625 2131 urbem
644 2100 714 2142 ejus
731 2101 858 2132 nomine

106 2142 296 2186 impleverit,
312 2143 548 2175 crudelissimas
564 2154 679 2185 poenas
699 2143 857 2185 expetitu-

106 2195 176 2217 ram
190 2197 257 2218 esse
270 2185 409 2218 minatur
423 2192 455 2218 et
469 2186 640 2229 profitetur.
685 2186 748 2218 Sed
766 2187 858 2228 longe

106 2228 199 2262 aliter
224 2230 264 2262 de
287 2229 347 2261 hoc
373 2229 513 2261 carmine
540 2229 637 2260 sentit
659 2229 856 2261 Mitscherli-

104 2271 212 2304 chius.
255 2273 395 2304 Tantum
411 2283 523 2315 nempe
546 2271 643 2314 hujus
665 2283 738 2304 cum
757 2273 858 2316 Epod.

106 2315 248 2348 carmine
275 2314 388 2358 quinto
417 2326 534 2347 nexum
568 2326 635 2347 esse
670 2315 793 2352 statuit,
823 2323 859 2348 ut

105 2357 181 2395 tela,
198 2358 231 2390 in
245 2358 302 2390 illo
325 2359 485 2397 inchoata,
500 2359 560 2390 hoc
582 2359 708 2390 demum
730 2359 859 2391 detexta

103 2405 138 2433 nt
162 2401 309 2434 absoluta
335 2402 389 2434 sit.
433 2401 519 2433 Hinc
548 2413 566 2433 a
590 2413 621 2433 v.
648 2403 766 2437 1-51,
795 2414 857 2434 non

104 2442 286 2482 Horatium,
308 2446 364 2478 sed
381 2446 505 2478 Varum
529 2445 617 2487 loqui
640 2445 684 2476 ita
704 2445 763 2476 sibi
788 2457 857 2488 per-

105 2494 237 2520 matum
256 2488 379 2524 habuit,
401 2493 448 2524 ut,
468 2494 630 2531 expuncto
653 2488 779 2519 Horatii
800 2500 856 2520 no-

105 2530 203 2569 mine,
218 2531 298 2563 Vari
313 2541 428 2563 nomen
443 2531 519 2563 huic
539 2531 672 2563 carmini
693 2532 857 2574 praefigen-

104 2572 181 2605 dum
205 2580 339 2607 curaret.
385 2575 447 2606 Sed
468 2574 543 2606 huic
559 2574 699 2617 opinioni
716 2575 807 2617 plura
824 2575 856 2607 in

102 2615 168 2649 moe
183 2617 323 2650 carmine
338 2618 478 2650 obstant.
523 2618 609 2648 Nam
626 2623 661 2649 ut
676 2617 754 2649 nihil
771 2618 810 2649 de
829 2630 857 2650 v.

105 2660 160 2698 89,
175 2662 237 2693 sive
257 2663 395 2693 mendaci
415 2662 485 2702 lyra
505 2660 588 2692 Voles
609 2663 725 2698 sonari,
741 2661 855 2700 dicam,

94 2723 98 2725 -
129 2703 264 2736 uomodo
285 2703 440 2736 ridiculus
464 2703 522 2735 iste
548 2714 656 2742 senex,
682 2705 800 2742 Varus,
825 2716 856 2736 v.

103 2712 237 2779 22—44
252 2757 287 2779 se
305 2757 379 2779 cum
394 2747 574 2779 Stesichoro
594 2757 789 2789 comparare,
806 2748 858 2779 vel

105 2785 276 2822 Stesichori
310 2789 493 2833 exemplum
529 2790 561 2821 in
600 2800 731 2822 causam
767 2801 858 2822 suam

102 2832 237 2865 'hudtre
250 2833 376 2877 potuitt
422 2834 466 2865 Et
480 2833 652 2876 quomodo,
669 2844 742 2875 quae
759 2834 860 2865 Cani-

107 2874 163 2907 di·
175 2886 209 2908 v.
228 2877 272 2908 56
293 2886 366 2919 sqq.
388 2875 477 2914 dicit,
495 2876 623 2908 Inultus
645 2883 682 2907 ut
703 2884 738 2907 tu.
757 2879 860 2908 riseris

109 2919 249 2961 Goryaia
269 2919 418 2962 Vulgata,
431 2931 553 2951 sacrum
569 2921 658 2951 liberi
673 2920 859 2959 Cupidinis?

109 2961 152 2992 Et
182 2962 336 3004 Esquilini
358 2963 501 3005 Pontifex
521 2963 647 3004 venefici
671 2963 799 3003 Impune
822 2970 859 2995 ut

109 3004 227 3037 vrbem
254 3007 374 3039 nornine
399 3006 535 3047 impleris
563 3008 648 3038 meo?
679 3005 712 3038 in
737 3007 858 3039 Varum

906 1713 1087 1754 quadrant?
1133 1714 1203 1744 Imo
1220 1713 1322 1745 omnis
1336 1714 1434 1756 hujus
1448 1714 1598 1747 carminis
1614 1714 1660 1747 vis

906 1761 937 1786 et
968 1756 1125 1786 acerbitas
1151 1756 1300 1798 ponenda
1327 1764 1373 1788 est
1404 1757 1436 1788 in
1463 1758 1564 1789 ironia
1591 1758 1658 1789 sive

907 1798 1129 1837 simulatione3
1154 1809 1225 1830 nam
1244 1799 1320 1830 dum
1341 1799 1516 1842 palinodia,
1532 1807 1569 1832 ut
1587 1803 1659 1833 Ste-

906 1841 1050 1872 sichorus
1073 1842 1259 1879 Dioscuros,
1280 1843 1449 1875 Canidiam
1473 1845 1513 1875 se
1530 1844 1660 1885 placare

907 1884 987 1915 velle
1010 1885 1152 1921 simulat,
1171 1896 1240 1916 eam
1264 1886 1435 1917 salsissime
1453 1886 1605 1927 exagitat,
1627 1893 1659 1919 et

905 1927 981 1957 dum
1006 1938 1076 1959 eam
1101 1928 1223 1964 laudat,
1244 1929 1375 1960 liberius
1396 1929 1465 1971 ejus
1487 1930 1608 1962 scelera
1626 1936 1659 1962 et

906 1970 1026 2012 flagitia
1042 1977 1130 2002 notat
1145 1978 1177 2002 et
1193 1971 1343 2003 traducit.

954 2015 1047 2045 1—7.
1070 2015 1140 2044 Jam
1153 2018 1225 2055 jum
1243 2015 1359 2055 efficaci
1379 2018 1416 2046 dn
1432 2026 1541 2047 manus
1561 2017 1657 2046 scien-

904 2059 952 2087 tiae
979 2058 1123 2098 supplet,
1146 2057 1212 2099 jam
1243 2058 1378 2100 supplex
1405 2058 1445 2089 ad
1474 2068 1579 2100 genua
1602 2065 1659 2089 tua

903 2100 1080 2141 provolvor,
1097 2106 1130 2131 et
1144 2101 1218 2131 artis
1233 2106 1296 2133 tuae
1312 2101 1453 2143 potentia
1470 2111 1520 2133 me
1536 2102 1656 2132 victum

903 2143 1068 2184 profiteor.-
1091 2156 1215 2175 manum
1243 2146 1330 2180 dare,
1357 2144 1510 2176 solemnis
1537 2144 1658 2176 locutio

903 2186 942 2217 de
958 2186 1061 2224 victis,
1078 2186 1189 2218 victori
1206 2198 1240 2219 se
1255 2187 1529 2219 submittentibus.
1574 2188 1658 2230 Reg-

903 2241 942 2260 na
958 2241 1012 2270 per
1029 2230 1236 2270 Proserpiuoe:
1260 2237 1329 2262 orat
1343 2230 1440 2273 igitur
1455 2242 1511 2273 per
1528 2241 1567 2262 ea
1583 2242 1656 2272 quae

903 2273 1061 2309 Canidiae,
1078 2279 1114 2304 ut
1127 2274 1287 2310 veneficae,
1307 2275 1355 2306 vel
1377 2275 1516 2306 maxime
1535 2284 1609 2306 cara
1627 2280 1659 2305 et

901 2316 1081 2347 veneranda
1095 2327 1164 2348 esse
1179 2317 1352 2348 debebant.
1391 2318 1453 2348 Per
1469 2317 1579 2348 Dianae
1595 2329 1657 2348 mm

901 2362 1046 2390 movenda
1066 2362 1206 2396 numina,
1223 2371 1278 2402 per
1299 2360 1439 2392 Dianam
1460 2359 1546 2391 haud
1569 2360 1657 2392 solli-

902 2402 1063 2434 citandam
1081 2408 1112 2434 et
1127 2403 1167 2434 ad
1184 2403 1261 2434 iram
1278 2403 1508 2435 lacessendam.
1533 2404 1654 2444 Dqfixa,

902 2445 1120 2477 incantatione
1145 2446 1244 2487 ligata
1269 2455 1301 2478 et
1328 2447 1453 2483 devota,
1482 2446 1654 2489 δεδεμένα,

902 2488 1076 2521 incantata.
1116 2489 1189 2531 Figi
1205 2495 1237 2521 et
1251 2490 1343 2531 defigi
1359 2489 1521 2526 dicuntur,
1539 2490 1655 2532 quibus

901 2531 949 2562 vis
982 2533 1017 2563 fit
1046 2543 1102 2574 per
1134 2539 1232 2564 artem
1262 2533 1441 2574 magicam:
1474 2533 1540 2564 vid.
1573 2533 1654 2565 Nic.

903 2575 1015 2607 Heius.
1034 2577 1074 2607 ad
1091 2575 1188 2607 Ovid.
1207 2576 1285 2607 Her.
1301 2576 1343 2613 vi,
1360 2577 1414 2612 91,
1430 2582 1463 2608 et
1480 2577 1589 2608 Amor.
1606 2576 1652 2615 iii,

903 2618 934 2654 7,
966 2620 1021 2650 29.
1067 2619 1148 2650 Coelo
1183 2621 1327 2651 devocare
1363 2621 1476 2656 sidera,
1510 2625 1545 2650 ut
1581 2629 1654 2661 sup.

901 2661 1005 2704 Epod.
1022 2664 1054 2699 5,
1073 2664 1126 2698 45,
1145 2662 1266 2693 Lunam
1282 2664 1354 2694 coelo
1368 2665 1518 2704 deripere.
1566 2663 1652 2694 Voci-

901 2705 955 2738 bus
966 2707 1072 2743 sacris,
1083 2705 1228 2736 formulis
1239 2706 1290 2737 vel
1302 2706 1496 2737 carminibus
1510 2705 1654 2746 magicis.

905 2749 1066 2790 Citumque
1091 2755 1175 2780 retro
1202 2751 1292 2786 solve,
1319 2750 1398 2780 salve
1427 2750 1593 2784 turbinem,
1622 2755 1654 2780 et

903 2792 966 2827 fac,
984 2797 1020 2822 ut
1038 2791 1124 2829 licia,
1140 2791 1258 2833 quibus
1274 2803 1359 2823 nunc
1375 2803 1425 2823 me
1447 2791 1540 2833 ligas,
1557 2792 1652 2823 resol-

903 2840 1034 2874 vantur-3
1061 2841 1142 2866 retro
1157 2845 1217 2877 age
1231 2834 1389 2866 turbinem
1404 2835 1470 2866 sive
1485 2835 1652 2865 rhombum

902 2877 1076 2919 magicum,
1092 2878 1126 2909 h.
1148 2889 1178 2910 e.
1194 2878 1222 2910 vi
1243 2878 1379 2920 magica,
1393 2888 1460 2920 qua
1478 2888 1563 2908 nunc
1582 2876 1650 2907 vin-

902 2921 980 2957 cior,
997 2932 1047 2953 me
1067 2921 1164 2953 solve.
1209 2921 1342 2954 Scilicet
1360 2927 1396 2952 ut
1418 2920 1570 2952 citissime
1585 2918 1653 2959 agi-

902 2969 986 2995 tatus
1002 2965 1118 3006 (citus)
1135 2964 1186 2996 vel
1202 2970 1322 2996 rotatus
1338 2964 1488 2995 rhombus
1508 2972 1563 3004 per
1579 2961 1654 2993 licia

903 3013 1037 3040 attracta
1057 3013 1091 3040 et
1114 3007 1267 3040 advoluta
1290 3007 1470 3039 incantatos
1484 3005 1514 3038 vi
1530 3004 1656 3046 magica
