1904 3314
352 211 442 253 656

894 208 1331 253 SATIRARUM

470 312 696 366 Quamque
717 317 940 366 poetarum
961 312 1172 354 seniorum
1195 314 1347 363 turba3
1380 313 1456 355 sed
1477 313 1562 362 ille,

470 379 517 420 Si
537 379 647 420 foret
667 379 749 419 hoc
770 386 962 419 nostrum
983 378 1071 420 fato
1093 379 1260 420 delatus
1283 380 1325 419 in
1345 394 1496 428 aevum,

470 447 703 488 Detereret
724 446 805 486 sibi
825 445 955 486 multa
972 463 982 495 ;
1014 446 1226 487 recideret
1247 460 1383 493 omne,
1406 445 1524 499 quod
1543 443 1658 486 ultra

384 513 441 554 70
470 512 717 554 Perfectum
737 512 1006 563 traheretur3
1038 520 1082 553 et
1102 514 1146 553 in
1167 527 1291 554 versu
1313 513 1507 553 faciendo

469 579 596 633 Saepe
617 586 746 633 caput
769 580 977 627 scaberet,
1000 579 1115 619 vivos
1138 587 1180 620 et
1202 581 1374 620 roderet
1395 593 1576 633 ungues.

468 646 594 700 Saepe
617 645 759 687 stilum
779 653 935 695 vertas,
958 646 1126 695 iterum,
1150 661 1246 700 quae
1268 647 1398 700 digna
1416 645 1503 700 legi
1524 646 1622 694 sint,

468 712 742 767 Scripturus3
774 727 928 766 neque,
951 720 992 753 te
1013 719 1062 753 ut
1082 713 1262 753 miretur
1284 714 1423 761 turba,
1445 712 1641 753 labores:

468 779 707 820 Contentus
729 781 877 833 paucis
898 780 1145 820 lectoribus.

1205 779 1278 820 An
1299 786 1373 820 tua
1394 779 1567 820 demens

381 846 437 887 75
467 845 638 888 Vilibus
659 847 701 887 in
721 845 836 887 ludis
858 847 1009 887 dictari
1030 847 1216 887 carmina
1235 845 1354 887 malis
1373 848 1389 887 2
1873 893 1875 895 ,

470 913 575 955 Non
595 928 676 968 ego
695 930 703 954 :
735 928 831 954 nam
853 914 955 954 satis
978 921 1058 962 est,
1077 914 1263 966 equitem
1283 909 1385 953 mihi
1405 913 1626 967 plaudere,
1641 917 1690 952 ut
1708 910 1866 960 audax,

467 979 705 1020 Contemtis
727 980 834 1029 aliis,
857 979 1036 1033 explosa
1057 978 1305 1020 Arbuscula
1325 980 1448 1020 dixit.

465 1045 583 1086 Men’
602 1054 767 1087 moveat
787 1047 924 1087 cimex
946 1045 1155 1086 Pantilius
1173 1047 1188 1086 2
1220 1052 1294 1086 aut
1315 1036 1489 1094 cruciet,
1511 1044 1628 1099 quod

473 1111 660 1153 Vellicet
681 1113 900 1153 absentem
923 1112 1173 1152 Demetrius
1190 1114 1206 1152 2
1238 1118 1312 1152 aut
1332 1113 1448 1165 quod
1469 1112 1641 1166 ineptus

382 1179 438 1219 80
468 1177 657 1219 Fannius
681 1179 970 1232 Hermogenis
991 1177 1121 1218 laedat
1143 1179 1317 1218 conviva
1337 1176 1527 1231 Tigelli?

464 1243 631 1286 Plotius
653 1252 696 1286 et
717 1244 890 1294 Varius,
913 1243 1132 1285 Maecenas
1154 1244 1464 1299 Virgiliusque,

351 1372 444 1408 poeta
471 1377 533 1398 rem
561 1367 654 1398 nimis
688 1372 812 1398 auctam
848 1367 972 1408 proprio
1001 1367 1088 1398 vocis

351 1411 505 1440 amburere
518 1419 577 1440 usu
593 1409 720 1451 paulum
739 1409 876 1440 minuere
893 1409 1003 1439 voluit.

394 1452 533 1482 64-71.
558 1452 664 1482 Fuerit
683 1452 831 1486 Lucilius,
857 1457 930 1482 cett.
954 1461 1085 1482 sensus:

351 1493 533 1528 concedam,
559 1493 717 1524 Lucilium
741 1500 861 1534 poetam
881 1504 947 1524 esse
966 1504 1085 1524 comem

351 1542 383 1566 et
410 1537 576 1571 urbanum,
603 1541 634 1566 et
658 1535 839 1566 limatiorem
869 1536 945 1566 adeo
971 1535 1085 1570 Ennio,

351 1583 384 1608 et
413 1578 484 1608 aliis
515 1577 716 1619 scriptoribus
745 1577 994 1618 antiquioribus;
1031 1578 1085 1608 sed

351 1620 487 1655 Ennius,
512 1620 538 1650 si
563 1625 668 1649 nostra
691 1625 782 1650 aetate
806 1619 932 1653 viveret.
956 1629 1030 1652 nou,
1054 1625 1086 1650 ut

351 1661 506 1696 Lucilius,
551 1661 649 1691 multa
694 1671 764 1702 quae
805 1662 941 1691 tollenda
982 1666 1087 1691 essent

350 1703 548 1744 relinqueret.
567 1703 621 1734 sed
647 1702 798 1734 detereret
813 1710 904 1743 atque
925 1703 1084 1740 recideret,

351 1755 421 1780 nec,
439 1747 521 1776 sicut
542 1745 692 1782 Lucilius,
711 1745 797 1775 brevi
818 1745 964 1786 temporis
985 1746 1086 1786 spatio

350 1787 468 1818 multos
491 1797 596 1818 versus
622 1794 736 1818 temere
764 1787 947 1821 effunderet,
972 1788 1026 1817 sed
1053 1788 1086 1818 in

350 1839 440 1860 versu
470 1829 613 1860 faciendo
644 1839 725 1871 saepe
761 1835 858 1871 caput
887 1829 1026 1860 scaberet
1055 1836 1087 1860 et

351 1871 438 1901 vivos
452 1882 571 1911 ungues
582 1872 713 1907 roderet,
730 1871 759 1902 h.
769 1882 798 1902 e.
813 1882 964 1902 summam
979 1881 1084 1902 curam

350 1918 382 1943 et
417 1913 611 1953 diligentiam
648 1913 681 1943 in
717 1913 912 1954 expoliendis
947 1914 1086 1944 versibus

349 1961 490 1996 poneret.
536 1959 649 1986 Auctor
677 1956 716 1986 ad
743 1956 852 1986 Satirae
880 1957 1084 1991 inventorem,

352 1997 524 2032 Lucilium,
545 2007 616 2028 cum
643 1997 824 2028 Heindorfio
842 2003 873 2027 et
890 1998 959 2028 aliis
982 1998 1086 2028 referri

351 2039 482 2080 nequit;
507 2049 578 2069 nam
600 2039 696 2070 verba
718 2039 790 2070 inde
812 2049 831 2070 a
851 2041 898 2069 sed
923 2041 974 2070 ille
996 2040 1082 2070 nullo

350 2082 442 2111 modo
466 2080 580 2111 Lucilii
600 2081 726 2122 ingenio
747 2081 956 2112 conveniunt:
978 2089 1083 2112 auctor

346 2122 414 2164 jam
438 2129 486 2153 est
506 2122 656 2164 scriptor3
688 2129 719 2153 et
740 2128 822 2153 totus
844 2133 959 2158 versus,
986 2124 1082 2158 Quam

352 2167 439 2195 rudis
468 2171 496 2196 et
521 2165 634 2195 Graecis
657 2167 766 2195 intacti
794 2167 935 2194 carminis
965 2171 1081 2202 auctor,

348 2207 506 2248 eleganter
528 2206 672 2248 exprimit
692 2206 848 2247 simplices
867 2217 968 2241 voces
993 2218 1080 2246 quum

351 2249 492 2286 Ennius‚·
517 2248 641 2280 Ennius
660 2249 743 2279 enim
762 2255 807 2279 est
826 2249 954 2290 scriptor
969 2250 1079 2279 carmi-

349 2291 399 2322 nis
415 2293 500 2322 radis
516 2291 673 2331 (nondum
687 2290 927 2331 elegantioribus
943 2291 1081 2321 numeris

349 2333 501 2369 adstricti,
514 2333 653 2364 nundum
664 2339 728 2363 arte
741 2332 900 2369 elaborati¹
912 2338 942 2362 et
954 2333 1080 2364 mollius

348 2375 493 2415 fluentis)
522 2382 551 2406 et
583 2375 696 2405 Graecis
730 2377 839 2405 intacta·
872 2375 982 2416 (quale
1020 2385 1080 2406 non

349 2418 540 2460 scripserunt
568 2423 667 2459 poetae
701 2417 817 2454 Graeci,
846 2416 969 2458 scripsit
998 2417 1080 2448 enim

348 2461 472 2491 Ennius
498 2459 637 2490 Annales
662 2459 875 2489 Romanorum
901 2459 960 2489 fide
985 2459 1079 2490 histo-

348 2501 441 2542 rica).
478 2503 538 2533 Pro
550 2504 636 2532 rudis
651 2507 679 2532 et
694 2501 853 2540 ingeniose
866 2502 1006 2532 tentabat
1017 2502 1079 2533 Ca-

348 2545 507 2575 saubonus
529 2544 567 2574 de
591 2544 685 2574 Rom.
707 2544 774 2573 Sat.
793 2554 825 2584 p.
848 2544 923 2580 255,
947 2544 1080 2580 Radius,

346 2592 383 2617 ut
409 2592 536 2617 vocatur
563 2586 685 2616 Ennius
711 2595 730 2615 a
757 2585 910 2616 Cicerone
933 2585 964 2615 in
990 2587 1079 2616 Orat.

346 2638 402 2676 pro
427 2628 523 2659 Arch.
542 2638 571 2660 c.
592 2629 644 2662 10,
664 2637 682 2657 a
701 2627 799 2669 patria
823 2627 944 2664 Rudiis,
966 2628 1080 2670 oppido

345 2681 379 2702 in
396 2671 553 2702 Calabria.
600 2670 694 2705 Vivos,
710 2669 748 2700 ad
765 2669 868 2700 vivum
884 2679 997 2710 usque.

389 2714 526 2744 72—74.
547 2713 627 2751 Sa’pe
641 2714 744 2742 stilum
766 2719 872 2747 vertas,
894 2722 987 2753 saepe,
1005 2723 1075 2753 quae

345 2754 505 2798 scripsisti,
518 2754 622 2785 deleas
636 2754 699 2784 sive
714 2753 876 2784 emendes:
901 2754 965 2784 stili
979 2755 1075 2791 enim,

345 2808 408 2840 quo
429 2797 538 2828 litterae
560 2807 638 2827 cerae
656 2796 922 2837 imprimebantur,
938 2806 1008 2836 pars
1025 2807 1075 2827 su-

387 2840 447 2871 rior
460 2844 526 2870 erat
540 2838 603 2869 lata
618 2838 683 2869 sive
701 2838 808 2880 plana,
823 2838 868 2868 ita
882 2838 1021 2879 quidem,
1042 2845 1077 2869 ut

343 2850 403 2914 §iic
427 2881 535 2912 latiore
557 2879 671 2911 inversi
693 2879 757 2910 stili
780 2886 865 2921 parte
890 2881 984 2910 verba
1007 2881 1075 2912 loco

345 2934 403 2955 suo
413 2923 527 2955 moveri
535 2928 565 2954 et
575 2922 681 2953 induci
693 2927 829 2964 possent.
859 2921 987 2957 Iterum,
1001 2934 1074 2963 quae,

343 2973 418 2999 cett.
435 2971 470 2997 ut
484 2965 523 2997 de
538 2965 658 3006 integro
674 2965 761 2996 lectu·
781 2963 922 3004 digniora
937 2965 1073 2996 scribas:

1131 1367 1242 1408 repetit
1262 1367 1322 1398 hoc
1346 1376 1473 1397 aureum
1500 1370 1690 1408 praeceptum
1716 1367 1866 1398 Horatius

1131 1408 1188 1439 inf.
1203 1409 1302 1451 Epist.
1314 1409 1347 1442 ii.
1357 1410 1389 1446 2,
1407 1410 1467 1439 109
1480 1419 1560 1449 sqq.¹
1577 1410 1619 1439 At
1631 1411 1683 1448 qm·
1696 1410 1863 1450 legitimum

1131 1455 1229 1490 cupiet
1243 1452 1353 1493 secisse
1372 1461 1484 1490 poema,
1507 1451 1583 1480 Cum
1601 1452 1712 1482 tabulis
1728 1453 1863 1482 animum

1133 1494 1267 1524 Censoris
1291 1499 1383 1524 sumet
1407 1493 1518 1523 honesti
1529 1503 1539 1528 ‚⁴
1566 1493 1708 1531 Audebit,
1725 1504 1863 1533 quacun-

1129 1547 1186 1575 que
1211 1547 1319 1574 parum
1347 1536 1510 1574 splendoris
1539 1535 1698 1571 habebunt,
1731 1535 1770 1565 Et
1799 1537 1863 1566 sine

1126 1579 1256 1616 pondere
1277 1583 1378 1613 erunt,
1395 1583 1423 1606 et
1438 1578 1546 1607 honore
1563 1576 1862 1618 indiguisset-entur,

1136 1619 1227 1649 Verba
1256 1630 1368 1650 movere
1398 1619 1469 1655 loco,
1499 1621 1632 1659 quamvis
1661 1621 1757 1650 iuvita
1783 1630 1863 1650 rece-

1129 1662 1217 1692 dant.

1172 1704 1225 1734 75.
1262 1703 1396 1738 Dictari,
1427 1712 1446 1733 a
1481 1701 1702 1742 ludimagistris
1735 1702 1862 1745 proelegi

1128 1745 1177 1776 vel
1194 1744 1326 1780 recitari,
1342 1750 1373 1775 et
1387 1755 1406 1775 a
1422 1745 1524 1786 pueris
1541 1743 1648 1775 edisci.

1171 1788 1225 1818 77.
1267 1788 1390 1827 Explosa
1424 1787 1592 1817 Arbuscula
1606 1799 1616 1816 .·
1652 1785 1794 1819 libertina
1829 1793 1862 1819 et

1128 1829 1233 1864 mima.
1251 1835 1316 1859 tum
1333 1829 1498 1865 admodum
1517 1828 1660 1866 celebris,
1677 1833 1714 1859 ut
1731 1835 1861 1871 apparet

1129 1881 1146 1902 e
1163 1872 1312 1902 Cicerone
1327 1871 1359 1902 in
1373 1871 1472 1912 Epist.
1486 1870 1526 1901 ad
1539 1871 1607 1902 Att.
1618 1870 1661 1907 iv,
1675 1872 1725 1908 15,
1743 1871 1860 1906 Quaeris

1129 1925 1211 1944 nunc
1238 1916 1274 1944 de
1300 1914 1491 1949 Arbuscula5
1524 1913 1612 1943 valde
1635 1914 1771 1952 ptacuie:
1802 1914 1860 1944 ali-

1129 1957 1254 1997 quando
1270 1961 1371 1986 tamen
1387 1965 1405 1985 a
1442 1955 1519 1992 lebe,
1535 1960 1571 1985 ut
1584 1954 1714 1990 videtur,
1730 1965 1767 1986 ex
1791 1955 1859 1987 losa

1128 2004 1197 2035 est;
1225 1997 1308 2028 unde
1334 2007 1366 2028 se
1390 1997 1420 2027 ni
1446 1997 1467 2027 il
1491 2006 1598 2028 curare
1624 1997 1742 2038 plebem
1788 1997 1858 2033 ixit.

1127 2041 1217 2071 modo
1234 2039 1374 2070 homines
1389 2039 1536 2070 cultiores
1551 2049 1590 2070 ex
1603 2038 1710 2070 ordine
1723 2040 1859 2081 equestri

1126 2082 1183 2113 sibi
1201 2081 1434 2124 applauderent.

1169 2125 1306 2155 78-80,
1329 2125 1347 2155 J
1353 2134 1402 2154 am
1421 2122 1570 2154 Horatius
1581 2123 1761 2154 nominatim
1777 2134 1858 2166 qua-

1126 2170 1196 2195 tuor
1218 2165 1419 2200 adversarios,
1444 2164 1628 2200 Pantilium,
1648 2165 1856 2203 Demetrium,

1124 2207 1291 2244 Fannium,
1307 2213 1339 2237 et
1353 2207 1534 2247 Tigellium,
1553 2212 1589 2237 ut
1609 2207 1750 2239 homines
1766 2207 1855 2257 inep-

1123 2254 1170 2279 tos
1193 2255 1223 2279 et
1244 2249 1355 2290 dignos
1377 2259 1455 2289 quos
1480 2254 1668 2287 contemnat,
1698 2250 1854 2291 producit.

1124 2291 1232 2321 Oratio
1247 2291 1280 2321 in
1298 2291 1344 2321 his
1357 2291 1455 2320 tribus
1464 2289 1603 2321 versibus
1619 2296 1666 2321 est
1677 2291 1772 2333 paulo
1786 2302 1853 2325 ver-

1122 2332 1223 2363 bosior
1233 2345 1239 2363 z
1251 2333 1361 2374 junge,
1376 2333 1462 2362 Mene
1471 2339 1594 2368 monem,
1604 2338 1658 2363 aul
1667 2335 1791 2370 cruciet,
1799 2341 1855 2366 aut

1125 2375 1226 2410 laedat,
1247 2378 1322 2415 quod
1344 2377 1436 2405 cimex
1461 2374 1624 2411 Pantilius,
1647 2376 1724 2415 quod
1749 2375 1855 2407 Deme-

1126 2419 1212 2454 trius,
1236 2419 1310 2457 quod
1332 2419 1451 2456 ineptus
1478 2416 1626 2452 Fannius,
1658 2417 1854 2458 Hermogenis

1127 2459 1236 2500 Tigelli
1249 2461 1382 2494 conviva,
1392 2470 1436 2489 me
1445 2460 1589 2489 absentem
1603 2459 1742 2489 vellicet?
1770 2460 1854 2490 Pan-

1123 2503 1210 2532 tilius
1224 2511 1243 2531 a
1257 2503 1369 2536 cimice,
1386 2500 1466 2531 male
1484 2500 1599 2536 olente,
1614 2506 1646 2532 et
1667 2500 1855 2534 dormientes

1145 2544 1278 2585 raecipue
1313 2548 1446 2574 vexante
1483 2547 1576 2583 atque
1613 2543 1782 2581 mordente,
1819 2550 1855 2575 ut

1122 2554 1214 2616 iiomo
1237 2596 1330 2626 quem
1356 2583 1458 2626 quivis
1482 2589 1639 2616 aversetur
1661 2584 1776 2626 dignus
1797 2586 1852 2617 de-

1121 2628 1273 2669 signatur.
1319 2627 1501 2662 Demetrius,
1526 2626 1712 2662 modulator,
1737 2633 1772 2658 ut
1795 2637 1851 2670 ap-

1121 2676 1209 2711 paret
1229 2681 1257 2701 e.
1273 2681 1302 2700 v.
1321 2670 1363 2700 90
1385 2675 1416 2700 et
1429 2669 1468 2700 91
1486 2681 1492 2699 :
1516 2668 1560 2699 cf.
1575 2679 1606 2700 v.
1624 2669 1673 2704 18.
1689 2668 1729 2700 ad
1744 2679 1851 2701 vocem

1118 2714 1230 2743 simius.
1275 2712 1432 2742 Fannius.-
1454 2709 1496 2741 ef.
1512 2720 1547 2740 su
1573 2731 1582 2740 .
1597 2710 1619 2747 i,
1637 2713 1668 2746 4,
1685 2712 1740 2742 21.

1162 2755 1300 2785 81—90.
1337 2755 1410 2786 Jam
1446 2749 1594 2783 notanus
1622 2753 1755 2794 appellat
1783 2762 1849 2789 eos,

1119 2797 1236 2837 quibus
1266 2796 1382 2837 scripta
1407 2804 1464 2825 sua
1490 2793 1612 2835 placere
1638 2794 1737 2842 cupit,
1771 2794 1852 2826 viros

1120 2849 1231 2879 nempe
1244 2838 1404 2869 nobilitate
1413 2845 1540 2879 poeseos
1549 2842 1580 2867 et
1590 2835 1739 2868 doctrmae
1752 2836 1850 2876 gloria

1118 2880 1315 2922 conspicuos.
1361 2880 1497 2910 Plotius.-
1520 2878 1561 2909 cf.
1577 2889 1645 2920 sup.
1659 2877 1699 2909 ad
1714 2878 1735 2915 i,
1750 2879 1782 2916 5,
1798 2880 1850 2910 40.

1123 2923 1249 2953 Varius:
1273 2932 1341 2963 sup.
1358 2921 1397 2952 ad
1414 2921 1476 2952 Od.
1491 2919 1512 2957 ἰ,
1527 2921 1559 2956 6,
1580 2922 1608 2956 l,
1629 2926 1662 2952 et
1683 2921 1748 2951 Sat.
1770 2921 1791 2956 ἱ,
1814 2922 1848 2956 9,

1119 2965 1172 2997 23.
1221 2965 1362 3006 Valgius:
1394 2963 1435 2995 cs.
1456 2973 1526 3004 sup.
1551 2962 1589 2994 ad
1611 2962 1675 2994 Od·
1699 2961 1734 3000 ii,
1758 2963 1790 2999 9,
1816 2964 1849 2994 5.
