1904 3314
371 188 457 228 434

863 185 1390 229 EPI'STOLARUM

490 287 673 329 Nodosa
693 301 849 341 corpus
869 286 976 328 nolis
997 287 1226 341 prohibere
1247 287 1470 340 cheragra.

489 354 575 395 Est
592 354 775 408 quadam
795 354 969 407 prodire
990 361 1129 403 tenus,
1153 355 1187 394 si
1209 368 1291 394 non
1312 354 1439 394 datur
1459 353 1584 394 ultra.

489 421 644 462 Fervet
665 421 839 461 avaritia
859 421 1097 475 miseroque
1119 421 1318 474 cupidine
1340 422 1523 474 pectus?

491 487 602 527 Sunt
622 488 751 527 verba
771 493 814 527 et
834 501 972 536 voces,
994 488 1150 540 quibus
1171 487 1285 528 hunc
1304 486 1436 527 lenire
1458 485 1648 528 dolorem

404 553 459 594 35

491 553 652 601 Possis,
674 559 717 593 et
737 567 931 607 magnam
953 554 1088 593 morbi
1109 554 1324 607 deponere
1345 562 1522 607 partem.

491 619 655 659 Laudis
676 633 816 660 amore
837 626 973 660 tumes
990 621 1006 660 ’ἒ
1040 627 1138 660 sunt
1159 627 1275 660 certa
1295 618 1476 673 piacula,
1498 634 1595 673 quae
1615 625 1657 659 te

490 684 581 725 Ter
602 699 708 738 pure
729 684 839 725 lecto
859 691 1063 738 poterunt
1085 699 1278 726 recreare
1298 685 1455 726 libello.

491 751 681 800 Invidus,
703 751 950 799 iracundus,
973 752 1101 800 iners,
1123 752 1310 800 vinosus,
1333 752 1526 792 amator?

490 817 632 858 Nemo
653 818 760 858 adeo
782 817 897 858 ferus
920 824 1001 865 est,
1022 824 1071 857 ut
1091 832 1175 857 non
1196 818 1418 858 mitescere
1437 817 1588 870 possit,

406 884 463 924 40
493 884 539 924 Si
561 884 688 924 modo
710 883 888 924 culturae
911 884 1141 937 patientem
1162 883 1398 924 commodet
1419 897 1577 924 aurem.

492 950 644 990 Virtus
666 956 731 990 est
751 950 896 990 vitium
917 950 1082 1003 fugere,
1103 957 1146 990 et
1169 950 1374 1003 sapientia
1394 950 1528 1003 prima

494 1015 683 1056 Stultitia
704 1015 904 1056 caruisse.

965 1015 1115 1063 Vides,
1138 1029 1234 1068 quae
1255 1015 1436 1054 maxima
1456 1015 1595 1055 credis

494 1082 605 1122 Esse
627 1080 747 1127 mala,
770 1081 972 1134 exiguum
993 1095 1179 1128 censum,
1203 1087 1457 1133 turpemque
1477 1078 1704 1133 repulsam,

496 1147 671 1193 Quanto
689 1147 851 1187 devites
874 1147 999 1186 animi
1021 1146 1256 1199 capitisque
1275 1145 1446 1186 labore:

408 1215 464 1254 45
495 1213 682 1267 Impiger
703 1220 916 1254 extremos
939 1212 1075 1253 curris
1095 1219 1305 1252 mercator
1326 1211 1381 1252 ad
1402 1211 1547 1260 Indos,

496 1281 581 1322 Per
601 1295 714 1322 mare
735 1280 983 1335 pauperiem
1007 1276 1186 1333 fugiens,
1209 1293 1286 1333 per
1307 1293 1423 1328 saxa,
1445 1293 1523 1333 per
1542 1278 1662 1332 ignes
1679 1293 1689 1319 ε

383 1435 449 1455 rum
467 1430 600 1460 tuorum,
617 1426 721 1457 minus
741 1432 911 1460 acutorum.
932 1436 1037 1457 curam
1057 1426 1112 1455 ab·

380 1467 484 1508 jicies.
531 1469 580 1499 De
596 1470 731 1509 Lynceo,
753 1468 929 1499 acutissima
951 1468 1112 1499 oculorum

385 1509 451 1539 acie
467 1510 719 1546 celebratissimo,
736 1511 801 1541 vid.
823 1521 891 1552 sup.
906 1510 945 1540 ad
963 1511 1028 1540 Sat.
1043 1509 1064 1543 i,
1080 1510 1111 1545 2,

383 1551 437 1581 90.
496 1552 618 1593 Inungi,
643 1563 686 1582 sc.
713 1552 862 1594 collyriis.
914 1553 974 1582 Per
1000 1553 1113 1590 lippum

386 1603 445 1622 non
477 1593 619 1634 intelligo
647 1594 769 1636 proprie
805 1594 849 1624 ita
883 1594 922 1624 ab
953 1593 1113 1624 oculorum

385 1635 491 1664 morbo
516 1635 647 1669 dictum,
672 1636 725 1666 sed
750 1635 852 1665 minus
876 1640 996 1665 tanturn
1025 1640 1115 1665 acute

386 1682 584 1714 cernentem3
621 1678 718 1716 lippus
746 1677 829 1708 enim
856 1676 923 1717 jam
952 1677 1116 1718 opponitur

387 1717 516 1758 Lynceo.
559 1718 688 1749 Scilicet
712 1719 871 1755 Horatius,
896 1725 931 1749 ut
954 1719 1020 1759 jam
1046 1729 1116 1760 sup.

386 1760 423 1790 ad
440 1761 504 1790 Sat.
519 1760 540 1794 i,
559 1762 587 1798 1,
609 1762 679 1795 120,
697 1767 727 1791 et
742 1762 804 1791 Sat.
821 1761 843 1795 i,
861 1762 892 1795 5,
910 1762 950 1791 30
965 1760 1114 1802 suspicati

385 1812 502 1836 sumus,
520 1813 556 1833 ex
573 1803 660 1833 nulla
681 1803 742 1833 alia
759 1813 854 1833 causa
874 1808 935 1832 tam
959 1813 1040 1844 saepe
1057 1804 1115 1842 lip-

384 1855 491 1882 porum
516 1845 702 1875 mentionem
728 1845 836 1876 fecisse
861 1844 993 1879 videtur,
1021 1854 1114 1885 quam

387 1891 419 1915 ut
434 1886 633 1922 adversarios,
651 1886 848 1928 lippitudinis
864 1886 973 1916 vitium
989 1887 1046 1928 ipsi
1062 1897 1116 1917 ex-

386 1928 576 1968 probrantes,
591 1929 629 1959 de
646 1929 702 1960 boc
715 1929 847 1960 absurdo
860 1929 993 1960 convicii
1006 1939 1116 1970 genere

386 1969 509 2000 rideret.

430 2012 483 2041 30.
507 2012 620 2042 Invicti
636 2013 796 2052 Glyconis:
820 2012 940 2042 videtur
957 2012 1055 2051 Glyco
1067 2011 1114 2042 su-

386 2053 445 2083 isse
469 2053 581 2083 nobilis
602 2054 728 2090 athleta,
753 2054 791 2084 ob
814 2055 949 2096 corporis
971 2054 1063 2084 robur
1085 2059 1116 2085 et

387 2095 559 2126 vastitatem
574 2095 719 2125 invictus.

429 2137 482 2167 31.
508 2137 635 2170 Nodnsa,
652 2138 818 2174 tuberosa;
850 2137 894 2167 sic
916 2138 997 2178 apud
1020 2137 1114 2168 Ovid.

389 2179 437 2209 Ex
456 2179 548 2210 Pont.
563 2179 586 2215 i,
603 2180 634 2214 3,
649 2180 702 2214 23,
720 2181 853 2219 podagra
870 2178 983 2210 dicitur
997 2181 1114 2209 nodosa.

431 2222 482 2251 32.
508 2221 559 2251 Est
575 2222 700 2260 quadam
715 2223 844 2259 prodire,
860 2226 934 2251 cett.
956 2220 1028 2250 licet
1043 2222 1113 2261 (est,

386 2262 455 2294 ἔστι
470 2273 535 2304 pro,
559 2262 681 2302 ἔξεστι)
705 2262 743 2292 ad
761 2268 878 2293 certum
898 2272 999 2303 usque
1022 2262 1112 2292 finem

387 2305 538 2346 progredi,
566 2305 593 2335 si
620 2304 751 2335 ulterius
776 2303 916 2346 progredi
941 2313 1001 2334 non
1030 2304 1114 2335 licet.

388 2347 567 2378 Lectionem
582 2349 710 2386 quadam
725 2353 821 2381 tenus,
840 2356 894 2387 pro
910 2346 1031 2387 vulgari
1051 2346 1111 2376 lec-

387 2388 471 2420 tione
500 2391 623 2428 quodam
654 2388 701 2418 vel
727 2390 872 2428 quoddam
907 2395 1002 2424 tenus,
1031 2394 1114 2418 recte

385 2430 526 2462 defendit
542 2430 723 2466 Bentleius;
748 2436 833 2460 tenus
849 2430 943 2465 enim,
963 2429 1017 2460 ubi
1044 2440 1113 2471 pro·

385 2472 562 2503 nominibus
582 2472 736 2513 jungitur,
760 2471 928 2502 ablativum
950 2472 983 2502 in
1005 2481 1115 2512 genere

385 2515 534 2546 feminino
555 2514 663 2555 exigit,
689 2520 723 2544 ut
751 2513 783 2544 iu
810 2515 960 2550 hactenus,
983 2521 1115 2548 eatenus.

385 2564 543 2598 quatenus,
573 2558 785 2597 aliquatenus;
829 2556 868 2586 de
901 2558 1116 2596 quadamtenus

386 2598 475 2630 affert
496 2599 657 2629 Bentleius
679 2597 855 2639 exemplum
884 2598 968 2628 Plin.
991 2597 1057 2633 xiii,
1081 2599 1112 2633 7,

388 2641 472 2671 Huic
481 2642 585 2671 similis
599 2643 825 2681 quadamtenus,
839 2651 902 2680 quae
918 2646 1040 2671 vocatur
1052 2641 1112 2681 Cy-

378 2686 449 2723 pria
457 2684 550 2724 ficus.

426 2726 478 2755 34.
506 2725 598 2755 Verba
626 2731 651 2754 et
679 2734 772 2753 voces.-
807 2722 1008 2764 philosophiae
1036 2734 1112 2764 prae-

383 2771 486 2808 cepta,
503 2766 619 2807 quibus
634 2765 773 2796 homines
784 2765 944 2795 avaritiam
957 2775 993 2795 ex
1008 2765 1112 2795 animo

382 2809 497 2850 pellere
519 2808 680 2850 jubentur,
701 2807 768 2848 jam
794 2813 946 2837 vocantur
968 2808 1055 2837 verba
1084 2816 1112 2837 er

382 2861 473 2886 voces,
496 2856 648 2892 respectu,
674 2855 708 2879 ut
730 2850 892 2880 observant
920 2848 1111 2890 interpretes,

1157 1434 1246 1465 posse
1271 1424 1479 1466 putabantur:
1511 1423 1575 1454 vid.
1606 1423 1806 1459 Lambinum,
1831 1424 1885 1465 qui

1157 1466 1346 1506 comparavit
1371 1475 1496 1506 quoque
1519 1475 1591 1495 cum
1618 1465 1745 1496 Horatio
1776 1466 1886 1508 Eurip.

1158 1507 1289 1548 Hippol.
1306 1509 1380 1543 491,
1399 1506 1493 1538 Εἰσὶν
1510 1506 1535 1538 δ’
1552 1506 1690 1548 ἐπῳδαὶ,
1715 1508 1770 1538 καὶ
1789 1508 1886 1550 λόγοι

1158 1548 1352 1590 θελκτὴριοι·
1377 1549 1569 1588 ‹hausjon-at
1589 1560 1624 1580 τε
1642 1549 1742 1588 τῆσδε
1756 1549 1886 1592 φάρμα-

1158 1603 1218 1622 κον
1234 1603 1345 1622 'VOG'OU-

1200 1634 1252 1664 35.
1278 1633 1388 1667 Morbi,
1405 1631 1558 1670 avaritiae3
1581 1635 1707 1670 morbus,
1723 1638 1757 1664 ut
1776 1633 1886 1672 νόσος,

1158 1674 1197 1705 de
1212 1674 1295 1705 vitiis
1309 1675 1488 1706 hominum:
1513 1674 1554 1706 cf.
1569 1684 1639 1716 sup.
1654 1676 1720 1707 Sat.
1735 1674 1768 1714 ii,
1783 1677 1815 1712 3,
1831 1678 1885 1715 27,

1158 1722 1189 1748 et
1203 1719 1277 1747 254.

1199 1760 1252 1794 36,
1269 1761 1320 1790 37.
1344 1759 1471 1790 Tumes?
1494 1769 1548 1800 pro
1559 1758 1689 1800 vulgari,
1705 1759 1816 1801 plenus
1827 1771 1861 1792 es
1873 1761 1886 1791 ‘2

1157 1800 1304 1840 agitaris!
1329 1807 1359 1832 et
1379 1802 1422 1832 sic
1442 1808 1539 1831 tumor
1557 1801 1596 1832 de
1618 1802 1726 1843 quavis
1745 1801 1884 1842 graviore

1158 1842 1320 1874 affectione
1337 1849 1368 1874 et
1384 1843 1563 1885 cupiditate,
1578 1853 1641 1884 qua
1661 1849 1742 1874 totus
1763 1845 1886 1876 animus

1159 1887 1348 1916 intumescit:
1371 1885 1433 1916 vid.
1458 1885 1621 1916 Bentleius
1643 1884 1699 1915 inf.
1723 1885 1763 1916 ad
1787 1886 1886 1928 Epist.

1159 1926 1197 1956 ad
1224 1927 1286 1957 Pis.
1301 1938 1329 1958 v.
1349 1928 1418 1958 197.
1460 1927 1538 1957 Sunt
1560 1934 1640 1958 certa
1663 1928 1798 1966 piacula,
1821 1939 1884 1969 quae

1159 1975 1197 2004 te,
1213 1975 1287 1999 cett.
1308 1975 1380 2000 sunt
1394 1975 1474 2000 certa
1491 1969 1636 2004 remedia,
1652 1969 1767 2010 quibus
1784 1970 1886 2001 laudis

1158 2010 1370 2051 cupiditatem,
1386 2021 1446 2051 qua
1458 2017 1566 2052 pectus
1577 2017 1665 2041 tuum
1674 2015 1790 2051 turget,
1799 2022 1884 2043 com-

1158 2063 1283 2093 pescere
1298 2059 1329 2083 et
1343 2053 1543 2094 comprimere
1557 2059 1656 2094 poteS.
1669 2053 1786 2094 saepius
1801 2054 1886 2085 scili-

1157 2102 1206 2125 cet
1220 2101 1250 2125 et
1266 2105 1342 2136 puro
1358 2095 1462 2125 animo
1472 2095 1603 2135 legendo
1618 2094 1740 2126 libellos
1750 2094 1885 2136 philoso-

1158 2137 1298 2177 phorum,
1322 2147 1453 2178 quorum
1472 2136 1635 2178 praeceptis
1655 2146 1743 2178 aeque
1761 2147 1798 2168 ac
1817 2137 1885 2180 pia·

1157 2179 1237 2208 culis
1254 2178 1375 2219 purgari
1391 2184 1485 2219 atque
1499 2178 1615 2219 expiari
1630 2185 1727 2220 potes·

1201 2221 1252 2250 38.
1267 2220 1402 2255 Amator,
1413 2220 1466 2260 qui
1482 2220 1626 2252 mulieres
1635 2225 1782 2258 sectatur,
1792 2219 1884 2252 homo

1155 2260 1348 2291 libidinosus.
1861 2285 1882 2292 -

1199 2304 1252 2333 40.
1277 2303 1425 2340 Cultum,
1441 2302 1613 2345 praeceptiS.
1628 2303 1745 2344 quibus
1761 2304 1884 2335 animus

1154 2346 1326 2376 excolatur.

1198 2388 1252 2418 43.
1277 2387 1425 2427 Exiguum
1453 2397 1582 2422 censum,
1602 2386 1747 2428 exiguum
1771 2387 1814 2419 rei
1837 2387 1884 2418 fa-

1157 2428 1436 2459 miliarismodum:
1453 2439 1555 2459 census
1567 2430 1672 2466 brevis,
1686 2439 1756 2471 sup.
1772 2429 1834 2460 Od.
1849 2430 1885 2466 ii,

1162 2473 1212 2505 15.
1233 2472 1271 2501 13
1287 2481 1295 2506 ;
1316 2481 1418 2501 census
1433 2472 1542 2506 tenuis,
1555 2470 1613 2501 inf.
1630 2469 1731 2512 Epist.
1745 2471 1767 2505 i.
1784 2472 1816 2507 7,
1833 2473 1885 2504 56.

1201 2515 1252 2543 44.
1277 2513 1402 2551 Capitis,
1426 2512 1520 2548 vitae;
1550 2513 1624 2543 hinc
1649 2512 1733 2555 apud
1761 2513 1827 2544 Liv.
1849 2514 1885 2551 ii,

1159 2555 1211 2589 12,
1226 2558 1322 2594 capite
1334 2556 1478 2585 dimicare
1497 2564 1562 2596 pro,
1578 2553 1618 2585 de
1634 2554 1697 2585 vita
1715 2554 1883 2587 dimicare:

1157 2598 1266 2632 labore,
1285 2596 1475 2631 discrimine,
1498 2595 1657 2637 periculo;
1679 2602 1711 2628 et
1733 2597 1778 2628 sic
1799 2599 1884 2640 apud

1158 2638 1281 2669 Livium
1305 2638 1420 2680 passim
1443 2639 1553 2668 labores
1578 2643 1609 2668 et
1633 2640 1769 2678 pericula
1790 2639 1883 2680 jungi

1155 2680 1275 2718 solent3
1299 2680 1354 2711 lib.
1371 2680 1412 2715 iv,
1430 2682 1482 2714 35,
1497 2681 1631 2719 pericula
1649 2691 1686 2711 ae
1707 2682 1819 2712 labores
1833 2692 1880 2712 ex-

1156 2724 1301 2758 haurire5
1324 2722 1380 2752 lib.
1400 2721 1482 2758 xxix,
1505 2722 1558 2756 27,
1582 2728 1663 2752 terra
1685 2724 1817 2764 murique
1836 2724 1883 2754 la·

1156 2766 1272 2796 boribus
1285 2765 1483 2804 periculisque
1497 2765 1644 2794 interesse.

1199 2807 1250 2837 46.
1275 2807 1335 2836 Per
1349 2807 1442 2846 ignes,
1461 2815 1512 2847 per
1528 2815 1648 2836 summa
1662 2814 1796 2846 quaeque
1807 2805 1882 2838 vitm

1154 2849 1312 2890 pericula;
1343 2857 1381 2878 ex
1410 2845 1595 2889 proverbiali
1623 2846 1793 2883 locutione,
1819 2857 1883 2889 qua

384 2892 490 2924 habito
508 2893 675 2923 carminum
700 2896 731 2922 et
756 2892 973 2927 contritionum,
997 2891 1112 2932 quibus
1150 2891 1218 2932 jam
1237 2889 1319 2932 apud
1341 2890 1469 2920 Grrecos
1482 2889 1522 2924 is.
1539 2889 1592 2930 qui
1605 2898 1761 2920 summum
1783 2891 1882 2931 quod-

380 2934 481 2966 morbi
502 2944 542 2967 ex
561 2933 740 2975 corporibus
761 2933 846 2974 abigi
863 2939 956 2975 atque
978 2933 1109 2965 emoveri
1152 2943 1213 2974 que
1238 2931 1409 2974 periculum
1433 2932 1535 2963 subire
1557 2931 1663 2969 audet,
1695 2929 1748 2962 διὰ
1775 2933 1883 2973 πυρὸς
