1884 3288
0 67 10 118 -,„.
0 0 28 51 Γῇ..

628 210 856 254 LIBER
888 211 969 264 lv,
1005 213 1070 254 15.

639 467 918 511 CARMEN
951 469 1057 512 XV.

522 609 830 643 AUGUSTI
889 609 1171 641 LAUDES.

366 715 566 757 PHOEBUS
587 714 803 757 volentem
823 714 980 770 proelia
1000 730 1068 757 me
1088 715 1225 770 loqui,

365 783 519 826 Victas
541 789 586 824 et
605 784 754 833 urbes,
777 783 1008 839 increpuit,
1031 783 1137 838 lyra,

379 905 381 907 ι
422 851 496 893 Ne
516 867 650 906 parva
670 850 952 906 Tyrrhenum
972 866 1053 907 per
1074 867 1224 907 aequor

478 918 592 967 Vela
612 919 775 962 darem.
837 919 952 970 Tua,
976 920 1141 971 Caesar,
1163 928 1270 962 aetas

307 987 335 1028 5
364 986 533 1043 Fruges
554 994 598 1030 et
619 988 734 1044 agris
755 986 905 1029 retulit
925 989 1100 1039 uberes,

1204 1022 1214 1043 d

368 1054 430 1096 Et
452 1056 575 1111 signa
593 1063 743 1098 nostro
765 1056 957 1098 restituit
978 1055 1092 1108 Jovi,

303 1167 506 1199 CARMEN
530 1169 606 1200 XV.

124 1208 326 1241 Felicitatem
349 1211 499 1242 Romano
521 1211 655 1254 imperio
678 1221 733 1253 per
757 1210 825 1242 Au-

81 1251 167 1294 gusti
182 1251 330 1285 victorias
349 1260 470 1295 partam
489 1255 705 1286 celebraturus
720 1254 826 1285 suavi-

78 1299 127 1327 ter
149 1300 244 1344 poeta
265 1296 366 1338 fingit,
387 1307 420 1328 se
445 1297 581 1339 primum
601 1297 729 1339 quidem
754 1298 824 1328 Au-

81 1343 165 1380 gusti
187 1338 310 1381 proeliis
329 1345 362 1371 et
383 1339 522 1370 victoriis
540 1339 695 1371 canendis
716 1350 827 1372 vacare

78 1380 230 1418 voluisse,
257 1381 324 1418 sed,
350 1387 518 1424 postquam
544 1383 585 1414 ab
611 1381 765 1425 Apolline
788 1382 828 1414 de

79 1422 141 1456 hoc
158 1424 323 1456 temerario
344 1430 445 1467 poetae
465 1425 570 1457 tenuis
586 1435 668 1456 ausu
690 1424 828 1456 monitus

80 1465 186 1506 fuerit,
208 1477 242 1499 ae
263 1467 339 1500 inde
360 1478 505 1500 aversum
534 1468 575 1499 ad
599 1469 684 1499 bona
709 1468 826 1511 potius,

78 1509 200 1552 quibus,
217 1520 304 1542 nunc
329 1510 482 1548 Romani,
504 1510 597 1542 victis
619 1513 660 1543 ab
681 1512 829 1553 Augusto

80 1552 220 1585 externis
280 1554 377 1597 pulis,
397 1554 554 1592 fruantur,
569 1554 740 1586 advertisse
758 1554 828 1586 ani-

81 1605 182 1628 mum.
257 1597 326 1628 anit
353 1596 460 1638 igitur,
489 1598 606 1639 templo
633 1597 711 1629 Jani
742 1608 828 1629 nunc

81 1638 205 1678 clauso,
233 1645 349 1682 pacata
375 1649 445 1671 esse
475 1641 580 1670 omnia
595 1652 604 1679 ;
634 1651 708 1672 cum
738 1640 829 1672 cultu

82 1691 228 1724 agrorum
265 1682 396 1714 rediisse
432 1682 625 1714 fertilitatem
659 1690 692 1714 et
726 1693 829 1714 rerum

82 1724 330 1765 abundantiam3
362 1725 559 1769 pristinoque
590 1725 715 1767 legibus
739 1726 829 1757 resti-

82 1772 151 1800 tuto
173 1767 292 1800 bonore
316 1768 418 1810 vigere
443 1769 558 1800 iterum
587 1769 724 1810 coepisse
746 1775 830 1800 vete-

81 1819 148 1842 rem
169 1810 258 1843 illam
285 1811 501 1854 disciplinam,
525 1821 590 1854 qua
617 1811 740 1854 imperii
763 1812 830 1843 Ro-

81 1853 171 1886 mani
186 1855 347 1898 majestas,
363 1855 458 1892 fama,
479 1860 511 1886 et
530 1865 644 1886 nomen
660 1865 715 1896 per
730 1861 829 1886 totum

81 1901 236 1928 terrarum
261 1898 369 1930 orbem
399 1897 533 1928 dilatum
564 1903 596 1928 et
622 1903 829 1940 propagatum

82 1938 147 1978 sit;
169 1950 229 1972 nec
251 1940 383 1972 dubium
406 1950 486 1976 esse,
503 1941 595 1982 quin,
612 1943 760 1982 Augusto
781 1951 828 1972 re-

82 1992 153 2014 rum
176 1983 320 2023 custode,
341 1983 427 2015 domi
453 1983 591 2025 forisque
614 1983 646 2014 in
671 1990 829 2026 posterum

83 2025 170 2057 bella
189 2036 371 2069 compressa
390 2032 422 2059 et
440 2027 565 2068 sepulta
583 2026 714 2068 jaceant
724 2039 733 2066 ;
758 2037 828 2068 pro-

82 2066 158 2101 inde
173 2069 356 2111 Augustum
378 2069 509 2111 dignum
533 2079 613 2105 esse,
630 2079 723 2111 quem
740 2070 828 2111 quis-

81 2121 146 2153 que
177 2122 252 2144 cum
274 2123 372 2145 uxore
401 2123 459 2145 sua
486 2118 518 2144 et
546 2112 653 2144 liberis
677 2119 712 2143 ut
734 2113 830 2144 deum

82 2155 250 2187 tutelarem
275 2156 328 2199 pie
355 2156 451 2192 colat,
481 2162 514 2187 et
540 2156 652 2198 quovis
681 2155 733 2187 die
765 2161 830 2187 tam

81 2195 290 2230 libationibus
310 2209 405 2241 quam
427 2199 554 2241 hymnis
576 2198 635 2230 rite
655 2205 830 2230 veneretur.

85 2239 279 2284 comparent
293 2241 408 2274 tirones
425 2241 485 2274 hoc
501 2252 628 2273 carmen
645 2252 716 2273 cum
734 2241 829 2283 hujus

82 2282 155 2315 libri
179 2284 320 2316 carmine
340 2285 462 2327 quinto,
485 2290 518 2316 et
539 2291 638 2327 poetae
665 2284 696 2315 in
719 2285 828 2316 eadem

82 2325 147 2359 fere
177 2327 335 2359 sententia
371 2333 561 2370 pertractata
598 2328 761 2370 ingenium
798 2334 831 2359 et

81 2369 256 2403 ubertatem
271 2376 477 2413 cognoscant.
522 2371 670 2403 Ceterum
685 2371 743 2403 hoc
757 2381 826 2402 car-

83 2421 157 2445 men
181 2414 224 2446 U.
245 2413 286 2446 C.
309 2425 489 2446 »ccxxxiv
510 2414 664 2456 scriptum
684 2425 766 2453 esse,
788 2425 827 2446 ex

85 2465 176 2488 versu
189 2457 211 2488 9
225 2456 334 2500 colligi
350 2463 464 2500 potest,
482 2457 537 2488 ubi
553 2458 616 2488 vid.
633 2462 698 2489 not.

129 2500 223 2532 1—4.
246 2501 374 2532 Phaebus
387 2502 532 2531 volentem
551 2502 658 2540 praelia
672 2512 717 2531 me
732 2502 826 2542 loqui,

82 2546 160 2575 8022.
182 2552 318 2575 nemus:
341 2554 415 2575 cum
435 2543 503 2586 jam
525 2542 559 2574 in
581 2554 620 2575 eo
650 2553 763 2579 essem,
791 2550 828 2575 ut

82 2584 223 2618 amitae
258 2586 442 2619 sublimiore
473 2586 614 2628 Augusti
647 2586 761 2628 proelia
796 2592 828 2618 et

83 2626 231 2661 victorias
248 2639 406 2667 canerem,
430 2640 506 2662 ecee
529 2629 608 2660 mihi
629 2629 748 2671 Apollo
771 2629 826 2660 ad-

27 2718 30 2719 ⁷
47 2698 50 2699 γ
84 2668 156 2710 mit,
171 2677 216 2710 et,
231 2682 272 2704 ne
287 2679 403 2705 temere
423 2683 481 2715 ego
495 2678 590 2715 poeta
612 2672 717 2704 tenuis
737 2672 828 2703 moli-

83 2722 134 2746 nt

223 2715 290 2752 dia,
305 2716 446 2758 graviore
467 2716 542 2758 lyrae
564 2726 641 2746 sono
662 2726 711 2747 me
726 2715 827 2747 incre-

211 2758 252 2790 ab
274 2759 334 2791 boc
357 2765 474 2791 conatu
500 2758 668 2790 revocavit.
718 2758 830 2790 Varias

82 2799 254 2844 uinaque,
281 2812 362 2845 quas
397 2802 527 2838 locutio,
564 2803 634 2843 lyra
663 2804 830 2842 increpuit,

83 2863 86 2871 ι
177 2843 228 2882 lit,
256 2845 486 2888 explicationes
515 2845 585 2876 vide
616 2845 700 2887 apud
730 2845 830 2876 Inter·

140 2891 200 2919 ten.
242 2887 301 2920 Me
323 2888 451 2930 quidem
476 2899 537 2920 non
566 2887 702 2930 poenitet
722 2898 830 2919 eorum

35 2939 36 2942 ’
86 2930 250 2963 autentim
264 2940 345 2968 esse,
361 2931 416 2974 qui
434 2931 619 2974 Apollinem
634 2941 709 2962 cum
720 2932 830 2980 ,χοροῦ

88 2969 279 3016 διδασκάλῳ
304 2979 519 3017 comparatum
544 2984 615 3005 esse
637 2973 831 3005 existimant.

90 3013 363 3064 Qndmodum
386 3018 472 3050 enim
498 3019 604 3060 χοροῦ
630 3016 832 3055 διδάσκαλος

845 3073 865 3092 R

869 1167 1012 1206 chorum,
1037 1177 1131 1210 quem
1159 1166 1198 1198 ad
1224 1165 1325 1208 lyram
1351 1166 1543 1204 moderatur,
1572 1167 1622 1199 vel

869 1217 999 1242 cantum
1029 1211 1168 1253 aliquem
1204 1219 1367 1252 perperam
1402 1209 1620 1252 incipientem,

871 1254 922 1285 vel
946 1264 964 1285 a
987 1259 1099 1285 cantus
1121 1252 1223 1284 modis
1247 1253 1456 1288 aberrantem,
1480 1253 1622 1294 graviore

872 1296 1010 1338 quodam
1033 1297 1109 1338 lyrae
1128 1306 1206 1327 sono
1225 1295 1378 1337 increpat,
1395 1302 1428 1327 et
1444 1295 1489 1326 sic
1505 1296 1622 1327 rectius

871 1340 901 1371 ei
926 1340 1107 1371 canendum
1131 1349 1201 1370 esse
1226 1338 1406 1380 significat3
1435 1338 1480 1369 ita
1502 1339 1622 1380 Apollo

872 1383 1053 1418 Horatium,
1083 1381 1138 1423 qui
1169 1381 1252 1412 male
1282 1391 1421 1417 carmen,
1445 1381 1498 1412 cui
1521 1381 1622 1424 impar

871 1431 968 1461 esset,
994 1435 1107 1456 canere
1132 1424 1297 1472 inciperet,
1321 1423 1462 1465 graviore
1484 1424 1623 1466 quodam

872 1467 947 1509 lyrae
968 1478 1046 1499 sono
1066 1467 1273 1510 increpulsse,
1296 1472 1329 1499 et
1348 1466 1394 1498 sic
1416 1477 1435 1498 a
1456 1467 1623 1499 temerario

874 1520 954 1542 ausu
971 1521 1135 1543 revocasse
1147 1511 1287 1552 fingitur.
1323 1510 1432 1541 Multo
1444 1509 1621 1552 igitur-sua-

873 1553 957 1586 viore
973 1559 1005 1585 et
1020 1554 1167 1597 Apollini
1183 1552 1465 1585 accommodatiore
1483 1553 1622 1595 imagine

872 1597 1028 1639 expressit
1053 1597 1215 1633 Horatius,
1239 1596 1325 1638 quod
1347 1596 1381 1627 in
1404 1607 1437 1627 re
1459 1596 1622 1627 simillima

874 1640 959 1681 apud
983 1640 1073 1681 Virg.
1097 1641 1169 1671 Ecl.
1191 1641 1236 1678 vi,
1260 1641 1293 1676 3,
1316 1639 1355 1670 de
1374 1639 1539 1681 Apolline,
1557 1641 1621 1671 vel-

875 1683 935 1714 lere
960 1694 1049 1714 aures
1074 1683 1208 1714 dicitur:
1244 1683 1347 1717 Quum
1377 1693 1515 1713 canerem
1539 1693 1623 1724 reges

874 1732 902 1755 et
918 1727 1039 1765 praelia,
1059 1726 1211 1766 Cynthius
1231 1736 1338 1755 aurem
1355 1725 1459 1761 Velm,
1475 1732 1503 1756 et
1519 1727 1622 1757 admo-

875 1770 966 1799 nuit.-
1001 1769 1168 1806 Pastorem,
1197 1768 1315 1808 Tityre,
1342 1770 1470 1809 pingues
1496 1768 1623 1799 Pascere

875 1819 990 1851 oportet
1005 1822 1080 1847 oves,
1096 1813 1259 1842 deductum
1275 1812 1374 1841 dicere
1384 1822 1518 1842 carmen.
1552 1812 1583 1842 N
1587 1821 1622 1842 o-

874 1863 944 1884 vam
961 1854 994 1885 in
1012 1855 1069 1886 hoc
1087 1854 1156 1885 loco
1173 1853 1365 1897 explicando
1380 1853 1534 1885 rationem
1550 1854 1624 1886 iniit

875 1897 927 1928 Cl.
950 1897 1235 1929 Mitscherlichius.
1279 1897 1312 1927 Is
1334 1896 1420 1928 enim
1439 1897 1624 1938 fingendum

873 1941 965 1971 nobis
993 1950 1061 1972 esse
1089 1946 1244 1975 autumat,
1280 1939 1477 1981 Apollinem,
1515 1940 1624 1971 audito

873 1983 964 2025 quasi
987 1990 1087 2025 poetae
1114 1988 1211 2014 cantu
1240 1981 1369 2020 bellico,
1394 1982 1498 2013 subito
1520 1989 1622 2024 poetae

874 2025 1045 2062 adstitisse,
1074 2025 1334 2066 audientiamque
1364 2025 1423 2056 sibi
1462 2025 1622 2057 facturum

874 2068 972 2110 lyram
997 2068 1150 2110 tetigisse,
1179 2075 1275 2110 atque
1298 2074 1364 2099 tum
1391 2068 1520 2100 demum
1551 2079 1620 2100 ora-

873 2112 958 2143 tione
974 2111 1254 2143 commonefecisse
1270 2117 1408 2153 poetam.
1454 2111 1517 2142 Sed
1540 2122 1621 2160 pau-

874 2155 932 2191 cis,
970 2161 1058 2198 puto,
1097 2154 1166 2186 baec
1209 2154 1381 2197 explicatio
1425 2154 1621 2196 probabitur.

877 2198 994 2238 [Nunc
1021 2198 1148 2240 quidem
1171 2197 1444 2240 simplicissimum
1471 2198 1548 2228 mihi
1575 2199 1622 2229 vi-

873 2242 974 2278 detur,
998 2241 1024 2272 si
1048 2241 1098 2272 hic
1126 2241 1227 2277 locus,
1251 2240 1455 2272 distinctione
1478 2247 1550 2284 post
1570 2243 1621 2272 in-

873 2287 994 2325 crepuit
1019 2285 1130 2327 posita,
1146 2295 1242 2326 quam
1266 2284 1298 2314 in
1318 2284 1379 2316 hac
1398 2283 1532 2326 repetita
1553 2284 1621 2316 edi-

874 2327 959 2359 tione
984 2327 1164 2370 ponendam
1194 2326 1315 2363 curavi,
1345 2326 1525 2369 explicatur
1553 2327 1619 2359 sic:

873 2371 925 2401 Me
939 2372 1084 2402 volentem
1102 2373 1170 2412 lyra
1187 2372 1268 2412 loqui
1284 2371 1435 2413 (canere)
1453 2372 1576 2411 praelia,
1593 2379 1621 2402 et

871 2416 966 2446 victas
995 2417 1094 2450 urbes,
1127 2414 1256 2446 Phoebus
1283 2415 1439 2454 increpuit
1467 2413 1622 2456 (graviter

872 2457 1067 2496 admonuit),
1082 2468 1120 2488 ne
1133 2468 1241 2497 parva,
1256 2462 1333 2489 cett.
1379 2456 1465 2497 Lyra
1484 2458 1576 2498 loqui,
1587 2464 1623 2488 ut

871 2510 945 2542 sup.
972 2501 1078 2532 Carm.
1102 2500 1146 2536 iv,
1171 2502 1204 2536 9,
1234 2501 1266 2536 4,
1287 2501 1378 2531 verba
1401 2501 1521 2531 chordis
1543 2503 1619 2532 soci-

871 2546 954 2575 anda
984 2543 1092 2585 loqui]
1142 2543 1189 2573 Ne
1214 2555 1312 2583 parva
1345 2543 1538 2584 Tyrrhenum
1568 2555 1623 2584 per·

872 2598 970 2628 aequor
997 2587 1069 2618 Vela
1095 2588 1219 2617 darem.-
1255 2597 1294 2618 ne
1319 2596 1391 2618 cum
1420 2596 1528 2629 parva,
1555 2597 1621 2629 qua

872 2639 931 2672 ego
950 2635 1064 2665 uterer,
1085 2630 1202 2671 cymba
1216 2629 1282 2660 alto
1302 2630 1381 2660 mari
1404 2639 1454 2660 me
1474 2630 1621 2661 commit-

873 2678 982 2709 terem,
1005 2673 1037 2704 h.
1059 2682 1090 2704 e.
1113 2683 1154 2703 ne
1181 2672 1283 2708 tenui,
1306 2672 1391 2714 qnod
1420 2671 1500 2704 milii
1526 2680 1621 2709 esset,

872 2715 999 2757 ingenio
1028 2716 1177 2747 audacter
1205 2721 1371 2753 tentarem,
1401 2726 1474 2764 quae
1505 2726 1622 2758 magna

874 2764 997 2791 tantum
1015 2764 1136 2791 tentare
1157 2764 1292 2801 possunt
1312 2758 1441 2800 ingenia
1453 2771 1462 2798 ;
1485 2759 1563 2796 sive,
1582 2770 1621 2791 ne

874 2807 1038 2840 tentarem,
1061 2801 1114 2834 cui
1141 2801 1243 2844 impar
1267 2811 1381 2837 essem.
1404 2811 1533 2834 carmen
1555 2803 1622 2844 epi-

875 2855 962 2878 cum.
1006 2845 1122 2887 Magni
1151 2845 1274 2876 scilicet
1298 2850 1412 2886 poetae,
1441 2845 1496 2887 qui
1526 2845 1559 2876 in
1588 2856 1622 2876 re

874 2889 962 2929 gravi
978 2893 1009 2920 et
1024 2888 1131 2930 ampla
1146 2894 1321 2924 versantur,
1335 2888 1368 2918 in
1385 2888 1449 2919 alto
1465 2888 1543 2918 mari
1563 2898 1619 2918 na-

876 2931 993 2973 vigare,
1009 2931 1087 2967 sive,
1104 2937 1140 2962 ut
1155 2930 1322 2973 Virgilius,
1341 2931 1421 2962 Geo.
1443 2930 1477 2966 ii,
1500 2932 1539 2960 41
1565 2930 1621 2965 ait,

875 2976 942 3006 vela
955 2976 1074 3016 patenti
1089 2975 1196 3017 pelago
1211 2977 1295 3011 dare,
1316 2973 1499 3015 finguntur;
1523 2979 1555 3003 at
1573 2973 1622 3008 iis,

876 3017 931 3060 qui
958 3029 1008 3050 res
1032 3023 1145 3049 tenues
1169 3023 1319 3053 tractant,
1346 3017 1461 3058 cymba
1486 3020 1622 3052 tantum,
