1884 3288
349 609 1369 677 CARMINUM

641 779 815 818 LIBER
843 778 1071 817 PRIMUS.

688 1106 966 1149 CARMEN
998 1107 1033 1149 1.

620 1231 692 1263 AD
722 1232 1109 1265 MAECENATEM.

371 1312 632 1367 MAECENAS
651 1323 788 1364 atavis
809 1323 927 1364 edite
944 1323 1139 1379 regibus,

370 1397 413 1440 Ο
435 1404 480 1440 et
499 1398 752 1454 praesidium
769 1406 818 1440 et
839 1397 967 1440 dulce
988 1399 1123 1441 decus
1145 1412 1302 1448 meum,

369 1466 483 1508 Sunt
503 1482 615 1522 quos
635 1466 853 1509 curriculo
875 1466 1096 1522 pulverem
1119 1465 1398 1522 Olympicum

371 1533 612 1590 Collegisse
622 1535 768 1591 juvat,
791 1542 994 1591 metaque
1016 1535 1194 1577 fervidis

310 1606 336 1645 5
367 1601 546 1645 Evitata
564 1604 672 1645 rotis
695 1602 924 1659 palmaque
943 1602 1103 1645 nobilis

366 1670 608 1714 Terrarum
627 1672 826 1714 dominos
847 1671 992 1714 evehit
1013 1672 1069 1713 ad
1092 1671 1234 1713 Deos:

370 1738 519 1789 Hunc,
541 1739 578 1780 si
597 1739 817 1782 mobilium
838 1740 970 1781 turba
990 1739 1229 1787 Quiritium

371 1805 524 1849 Certat
546 1807 795 1862 tergeminis
817 1806 970 1849 tollere
990 1806 1256 1849 honoribus:

325 1942 531 1988 CARMEN
562 1942 593 1974 1.

126 1984 279 2019 Carmina
294 1985 306 2017 l
329 1985 394 2018 rica
408 1996 482 2028 quae
503 1992 570 2017 tum
587 1985 627 2017 ad
648 1984 838 2017 umbilicum

81 2029 258 2062 adduxerat
313 2029 443 2067 oratius,
464 2034 496 2059 et
517 2028 658 2071 quidem,
681 2034 837 2071 quantum

80 2082 120 2106 ex
149 2071 265 2104 ultimo
293 2071 433 2104 carmine
462 2071 535 2103 libri
565 2071 647 2104 tertii
672 2078 710 2103 et
737 2071 839 2114 primo

79 2114 155 2148 libri
181 2113 288 2158 quarti
315 2114 471 2163 suspicari
486 2114 583 2149 licet,
609 2115 835 2147 collectionem

18 2158 21 2164 “
82 2168 191 2192 eorum
207 2169 281 2202 quae
301 2157 450 2190 intubus
466 2157 557 2189 libris
581 2158 738 2200 prioribus
758 2168 835 2189 cou-

83 2201 237 2238 tineutur,
254 2206 388 2250 patrono
407 2211 465 2232 suo
484 2201 659 2233 Maecenati
679 2211 744 2232 una
764 2211 837 2232 cum

82 2244 142 2277 hoc
166 2254 308 2277 carmine
337 2243 437 2287 primo
462 2243 552 2275 offert
577 2250 675 2286 atque
700 2243 839 2276 dedicat.

82 2287 249 2332 Expressit
270 2291 377 2319 autem
399 2287 433 2318 in
460 2287 520 2318 hoc
544 2287 685 2318 carmine
708 2293 837 2319 senten-

82 2329 160 2362 tiam
186 2330 252 2363 fere
278 2329 382 2362 haue:
412 2330 559 2362 homines
583 2329 708 2362 diversa
733 2330 838 2362 studia

83 2373 199 2406 sectari
225 2373 352 2411 solent3
383 2373 465 2404 alius
491 2373 619 2405 victoris
647 2373 774 2415 praemio
803 2374 836 2405 in

83 2416 170 2449 ludis
190 2415 382 2460 olympicis,
398 2416 481 2447 alius
500 2416 634 2448 summis
654 2416 839 2454 honoribus,

83 2460 167 2492 alius
210 2459 383 2503 patriorum
428 2469 575 2500 agrorum
627 2460 839 2502 possessione,

83 2503 167 2535 alius
207 2508 396 2538 mercatura.
436 2502 520 2534 alius
558 2502 642 2534 laetis
677 2503 843 2541 conviviis,

84 2546 170 2578 alius
219 2545 346 2582 militia,
391 2545 476 2576 alius
524 2546 694 2578 venatione
737 2546 842 2578 delec-

84 2594 192 2622 tatur:
229 2599 280 2621 me
317 2599 383 2631 prae
417 2589 531 2620 ceteris
569 2588 679 2631 lyricae
715 2599 845 2631 poeseos

83 2631 182 2664 trahit
197 2631 360 2669 studium3
383 2631 417 2662 in
439 2642 503 2673 qno
522 2631 548 2662 si
566 2631 599 2662 id
623 2631 842 2674 impetravero,

11 2715 14 2725 Ι
35 2673 43 2678 “
85 2681 122 2708 ut
142 2674 214 2712 tibi,
232 2675 411 2710 Maeoenas,
428 2673 514 2705 haud
536 2674 688 2716 indignus
705 2675 763 2706 cui
785 2686 842 2707 no-

85 2727 159 2750 men
181 2717 272 2761 lyrici
297 2722 398 2760 poetae
421 2717 590 2754 tribuatur,
610 2718 730 2755 videar,
753 2728 841 2750 sum-

84 2771 172 2793 mum
190 2771 242 2793 me
261 2760 405 2801 attigisse
425 2760 587 2792 felicitatis
605 2760 767 2800 fastigium
784 2772 843 2804 pu-

17 2821 21 2827 ⁴
83 2805 170 2836 tabo'.
217 2805 268 2836 De
283 2803 379 2835 variis
401 2802 566 2834 hominum
583 2804 844 2846 studiiS‚dignus

18 2863 23 2882 ῃ
85 2853 136 2879 est
170 2847 228 2889 qui
261 2857 336 2879 cum
370 2846 430 2877 hoc
469 2847 608 2878 carmine
644 2854 846 2890 comparetur

85 2889 176 2923 loeus
199 2889 357 2922 classicus
385 2888 471 2931 apud
498 2889 589 2931 Vir-g.
610 2890 695 2922 Geo.
725 2889 758 2928 ii,
780 2893 845 2922 502

87 2942 180 2983 sqffi:
213 2932 256 2965 cf.
282 2932 428 2975 inprimis
458 2931 516 2964 inf,
539 2933 599 2964 lib.
624 2933 647 2970 i,
667 2934 736 2964 Sat.
759 2934 782 2970 i,
807 2934 847 2966 ab

89 2982 194 3008 mmo.

878 1947 934 1974 tus
945 1942 1004 1974 fuit
1019 1953 1036 1974 e
1051 1948 1145 1985 gente
1155 1941 1274 1979 cilina,
1286 1941 1381 1984 cujus
1391 1939 1477 1972 atavi
1493 1939 1558 1971 sive
1574 1949 1642 1971 ma-

879 1986 966 2028 jores
982 1985 1054 2017 ideo
1066 1993 1222 2017 vocantur
1238 1996 1334 2027 reges.
1345 1984 1421 2025 quia
1436 1983 1518 2015 inter
1535 1983 1643 2015 Lucu-

883 2039 993 2061 mones
1008 2028 1074 2060 sive
1089 2029 1190 2060 duces
1206 2027 1341 2059 Etruriae
1358 2027 1498 2058 fuerunt.
1545 2026 1645 2058 Dulce

882 2072 962 2103 refer
983 2071 1023 2103 ad
1046 2071 1175 2103 dulcem
1198 2071 1407 2114 voluptatem,
1429 2079 1527 2112 quam
1550 2075 1645 2112 poeta

880 2125 918 2147 ex
934 2114 1253 2147 honorificentissimo
1265 2112 1456 2146 Maecenatis
1468 2112 1574 2145 favore
1588 2123 1643 2145 ca-

881 2158 1002 2202 piebat.

927 2202 1026 2233 3-6.
1051 2201 1230 2238 Curriculo,
1245 2199 1279 2231 h.
1303 2209 1333 2231 e.
1357 2199 1389 2231 in
1405 2198 1518 2232 stadio.
1563 2199 1644 2230 Sunt

881 2247 1100 2286 quos—juvat,
1124 2244 1254 2285 antique
1275 2246 1446 2286 pro,juvet
1469 2247 1542 2285 post
1559 2249 1644 2274 sunt.

883 2288 1039 2331 Exempla
1051 2287 1181 2329 collegit
1194 2286 1361 2318 Heindorf.
1378 2285 1417 2317 ad
1428 2287 1495 2317 Sat.
1508 2285 1530 2324 i,
1543 2286 1575 2321 4,
1589 2286 1645 2317 24.

886 2332 947 2362 Pu!
951 2342 1044 2363 verem
1057 2331 1420 2372 Olympicumqollegisse,
1431 2329 1463 2359 h.
1471 2339 1500 2361 e.
1508 2334 1646 2361 certasse

879 2374 914 2405 in
935 2374 1022 2406 ludis
1044 2373 1247 2416 Olympici53
1271 2378 1430 2404 certantes
1446 2372 1544 2408 enim,
1566 2371 1644 2404 dum

882 2417 1084 2449 velocissimo
1099 2428 1196 2448 eursu
1210 2417 1367 2448 vehuntur
1380 2415 1557 2458 quadrssi&
1570 2416 1645 2456 pul-

881 2471 981 2492 verem
1000 2462 1165 2502 colligunt,
1191 2460 1223 2491 h.
1242 2471 1272 2492 e.
1290 2459 1420 2502 pulvere
1440 2460 1646 2500 obteguntur,

885 2510 1153 2546 consperguntur.
1199 2503 1343 2544 Metaque
1367 2507 1443 2534 cett.
1471 2502 1585 2544 junge,
1617 2508 1647 2533 et

885 2559 956 2588 quos
965 2549 1060 2578 evehit
1071 2553 1149 2578 nuta
1159 2552 1234 2578 cett.
1282 2546 1422 2582 Eritata,
1435 2546 1475 2576 ab
1486 2551 1550 2576 arte
1561 2546 1645 2576 enim

887 2596 1004 2622 metam
1032 2591 1077 2621 ita
1102 2589 1244 2621 evitandi
1271 2599 1365 2620 curru
1390 2588 1554 2620 celerrime
1585 2589 1647 2620 cir-

886 2639 1047 2669 cumacto,
1067 2643 1107 2664 ne
1131 2632 1182 2664 hic
1203 2633 1252 2663 illi
1275 2631 1514 2674 impingeretur,
1530 2631 1648 2674 pende·

886 2677 941 2708 bat
963 2675 1110 2718 inprimis
1133 2675 1279 2707 victoria.
1329 2675 1497 2706 Terrarum
1517 2676 1651 2706 dominos

887 2719 967 2751 refer
983 2720 1023 2750 ad
1039 2721 1118 2753 deos,
1136 2729 1270 2761 quorum
1285 2723 1334 2749 est
1349 2718 1382 2748 in
1395 2723 1493 2750 terras
1504 2717 1650 2749 domina-

888 2763 932 2794 tio
948 2774 963 2793 :-
980 2762 1086 2805 inepte
1101 2762 1232 2804 quidam
1249 2762 1289 2793 de
1306 2761 1474 2797 Romanis,
1491 2761 1546 2803 qui
1571 2759 1651 2792 alias

889 2812 1045 2837 terrarum
1060 2807 1174 2837 domini
1191 2810 1359 2840 vocantur,
1380 2804 1563 2847 explicant:
1588 2814 1652 2835 ser-

888 2859 940 2880 mo
953 2855 1002 2880 est
1018 2848 1058 2880 de
1075 2848 1158 2880 ludis
1174 2847 1368 2890 olympicis.

933 2893 1052 2923 7—10.
1078 2893 1183 2928 Hunc,
1196 2892 1228 2923 h.
1240 2902 1269 2922 e.
1282 2891 1394 2926 alium,
1405 2900 1451 2921 se.
1461 2889 1567 2932 juvat,
1585 2889 1653 2919 Mo-

891 2935 1000 2966 bilium
1012 2935 1092 2966 refer
1103 2935 1143 2965 ad
1155 2934 1266 2978 populi
1278 2934 1542 2969 inconstantiam,
1560 2932 1655 2974 cujus

892 2977 1019 3009 animus
1040 2977 1102 3009 levi
1122 2982 1283 3009 momento
1302 2976 1396 3007 modo
1416 2977 1478 3008 huc
1499 2975 1593 3006 modo
1618 2975 1657 3005 i'-

135 3019 211 3056 1,2.
233 3019 340 3050 mavis
350 3018 431 3049 edile
443 3019 580 3061 megillus.
622 3019 787 3052 Maecenas
797 3031 846 3052 or-
893 3021 946 3053 luc
964 3021 1149 3064 impellitur,
1167 3021 1260 3052 modo
1272 3019 1350 3051 huic
1367 3018 1461 3050 modo
1483 3018 1539 3048 alii
1560 3018 1659 3050 favet.
