1884 3288
639 192 868 237 LIBER
897 192 958 244 11,
988 194 1030 235 9.

1559 195 1616 237 93

363 299 432 341 Te
454 311 578 340 senes
597 297 733 352 parci,
752 296 1009 350 miseraeque
1030 310 1173 351 nuper

362 365 568 421 Virgines
589 371 753 420 nuptae,
775 370 852 405 tua
871 379 926 405 ne
946 364 1143 406 retardet

764 431 891 474 Aura
910 432 1102 474 maritos.

645 588 924 632 CARMEN
957 588 1040 631 IX.

591 732 680 763 AD
734 733 1100 764 VALGIUM.

365 827 478 868 NON
499 841 669 882 semper
689 827 849 868 imbres
870 827 1061 869 nubibus
1082 826 1280 882 hispidos

364 894 552 937 Manant
571 895 615 936 in
636 909 790 951 agros:
824 902 898 936 aut
918 909 1035 936 mare
1058 895 1266 950 Caspium

408 963 602 1006 ‘Vexant
620 962 856 1018 inaequales
877 962 1082 1018 procellae

479 1030 658 1086 Usque;
690 1045 770 1072 nec
791 1029 1011 1072 Armeniis
1033 1031 1077 1071 in
1098 1030 1201 1079 oris,

307 1100 335 1141 5
364 1098 518 1141 Amice
538 1098 686 1154 Valgi,
710 1105 795 1140 stat
815 1098 977 1154 glacies
998 1099 1114 1140 iners

368 1167 549 1209 Menses
569 1181 649 1222 per
670 1180 819 1208 omnes
836 1183 846 1217 3

878 1173 953 1207 aut
974 1164 1270 1220 Aquilonibus

426 1234 651 1282 Querceta
673 1233 872 1289 Gargani
890 1233 1106 1282 laborant,

484 1302 546 1343 Et
567 1301 680 1343 foliis
700 1302 937 1344 viduantur
957 1301 1066 1343 orni.

76 1445 188 1484 clivia,
214 1445 375 1485 emittunt,
399 1452 431 1480 et
452 1446 499 1479 sic
521 1458 624 1480 mares
647 1447 686 1479 ad
709 1446 829 1479 coitum

80 1489 240 1531 alliciunt.
275 1490 554 1528 Quemadmodum
568 1491 666 1532 igitur
678 1490 830 1522 Horatius

78 1533 177 1576 paulo
190 1537 265 1565 ante
284 1533 503 1565 adolescentes
524 1533 699 1576 appellavit
708 1537 828 1574 juven-

72 1579 139 1613 cos,
162 1575 210 1608 ita
230 1586 316 1608 nunc
340 1576 480 1608 Barinen
498 1582 664 1619 comparat
680 1587 754 1608 cum
767 1580 828 1618 Ju-

80 1629 173 1650 venca
191 1618 252 1662 (cf.
266 1629 338 1662 sup.
361 1619 470 1651 Canu.
491 1621 523 1656 5,
548 1631 579 1651 v.
600 1619 651 1659 6).
676 1625 718 1654 et.
743 1619 831 1662 quod

77 1661 227 1704 juvenem
247 1661 408 1705 proprium
426 1667 487 1698 est,
507 1661 536 1694 ei
553 1662 676 1694 tribuit.
723 1664 830 1700 Quam

81 1704 212 1747 quidem
227 1703 451 1737 inhonestioris
466 1704 511 1736 rei
526 1705 696 1745 imaginem
713 1716 776 1736 non
792 1716 831 1737 ex

83 1753 200 1779 nostran
221 1747 326 1779 aetatis
346 1747 476 1789 ingenio
493 1747 734 1790 dijudicandam
749 1758 830 1785 esse,

79 1789 147 1834 jam
163 1801 260 1834 supra
273 1790 299 1822 1.
316 1791 340 1823 1.
354 1790 550 1823 monuimus.

311 1875 516 1908 CARMEN
541 1877 604 1908 IX.

127 1919 171 1951 T.
202 1918 355 1961 Valgium
393 1919 530 1956 Rufum,
567 1919 756 1950 immodicas
793 1919 832 1950 de

87 1961 276 1994 amatissimi
289 1962 350 1994 sibi
362 1963 481 2004 Mystae
493 1967 592 1994 morte
604 1962 750 2004 querelas
765 1961 833 1993 dies

85 2009 260 2047 noctesque
284 2010 487 2048 repetentem,
516 2005 643 2037 duabus
673 2004 834 2047 praecipue

85 2047 272 2085 rationibus,
288 2053 322 2079 ut
337 2049 464 2079 tandem
483 2048 548 2079 illis
566 2047 694 2078 modum
722 2053 832 2090 ponat.

85 2100 268 2134 permovere
294 2090 410 2123 studet.
454 2085 596 2122 Primum
622 2091 708 2122 enim
739 2101 833 2133 repu-

87 2138 155 2166 tare
168 2144 242 2166 eum
256 2144 365 2166 secum
382 2134 486 2176 jubet,
502 2134 662 2176 quomodo
680 2133 713 2164 in
731 2143 836 2165 rerum

86 2181 202 2208 natura
243 2187 350 2219 uoque
370 2187 434 2208 non
453 2187 578 2219 semper
595 2177 681 2208 mala
699 2182 836 2225 tempes-

87 2224 148 2258 tas,
163 2219 214 2252 vel
261 2219 350 2259 ems,
364 2220 413 2252 vel
435 2220 521 2252 venti
544 2220 700 2257 saeviant3
722 2219 839 2251 demde

88 2263 164 2296 ante
179 2263 289 2295 oeulos
304 2263 333 2295 ei
348 2263 440 2306 ponit
453 2264 634 2306 exemplum
648 2262 793 2295 Nestoris
807 2268 841 2294 et

86 2305 221 2346 Priami,
262 2305 308 2342 ui,
328 2305 475 2349 quamvis
494 2307 630 2338 eundem
651 2306 690 2337 de
708 2305 834 2336 carissi-

87 2355 211 2380 morum
233 2349 254 2380 fi
268 2349 368 2380 iorum
390 2355 490 2380 morte
516 2349 655 2381 dolorem
687 2358 836 2391 suscepe-

90 2397 174 2431 rant,
197 2397 305 2424 tamen
327 2402 392 2424 non
419 2402 556 2435 semper,
582 2397 619 2423 ut
641 2392 709 2428 ille,
737 2391 770 2422 in
798 2402 837 2423 eo

89 2434 184 2476 defixi
213 2435 449 2484 permanserint.
507 2436 602 2473 Tum,
638 2442 674 2466 ut
709 2434 836 2471 habeat,

91 2489 156 2521 quo
177 2488 319 2510 animum
341 2488 434 2510 suum
459 2488 531 2510 cum
554 2477 693 2509 maxime
716 2477 837 2509 exhila-

89 2530 160 2553 rare
178 2520 288 2564 possit.
309 2531 408 2553 novas
431 2521 571 2563 Augusti
589 2520 748 2556 victorias,
769 2531 839 2552 car-

91 2563 233 2606 minibus
251 2562 360 2596 secum
378 2564 596 2600 celebrandas,
613 2569 768 2606 tanquam
783 2574 839 2606 op-

93 2606 206 2639 timum
235 2606 373 2638 tristitiae
406 2606 579 2638 remedium
615 2606 645 2638 ei
674 2607 839 2649 proponit;

93 2648 168 2694 ‘quaa
180 2649 310 2693 quidem
323 2649 488 2692 ingeniosa
507 2649 548 2681 ad
571 2649 710 2691 Augusti
731 2649 842 2681 laudes

94 2693 256 2732 canendas
277 2693 440 2726 conversio
462 2692 683 2724 efficacissima
703 2702 780 2724 sane
802 2692 842 2724 ad

93 2734 167 2769 e‘us
181 2736 313 2779 gratiam
327 2735 518 2779 captandam
534 2745 603 2767 esse
622 2734 747 2767 debuit.
791 2736 842 2768 De

96 2747 138 2817 fil.
168 2779 287 2822 Valgio
317 2779 417 2814 Rufo.
447 2784 541 2821 poeta
569 2778 673 2820 epico,
697 2789 762 2820 quo
783 2790 844 2810 non

97 2823 231 2862 altman
254 2828 366 2854 aterno
393 2822 525 2853 Homero
550 2823 719 2862 propiorem
747 2821 844 2853 fuisse

97 2864 248 2898 Tibullus
269 2865 312 2902 iv,
335 2866 366 2902 1,
389 2865 453 2896 180
472 2864 528 2902 ait,
549 2864 677 2907 copiose
695 2864 736 2895 ad
758 2864 844 2896 hunc

97 2907 110 2939 i
147 2917 201 2940 um
231 2907 356 2939 Tibulli
383 2908 491 2939 locum
520 2907 586 2948 egit
617 2907 846 2939 Broukhusius.

138 2957 225 2992 μείονι
246 2955 352 2982 autem
375 2950 485 2992 Valgii
506 2950 606 2982 filium
630 2950 740 2986 fuisse.
760 2950 846 2988 inde,

99 2992 187 3035 quod
197 2993 269 3036 ejus
279 2993 320 3026 de
333 2993 459 3026 ademto
468 2994 578 3036 Myste
588 3004 654 3026 sors
666 3003 738 3025 cum
751 2993 846 3025 simili

875 1447 1022 1478 Nestoris
1035 1451 1066 1478 et
1079 1446 1198 1478 Priami
1213 1452 1295 1478 sorte
1315 1453 1530 1489 comparatur,
1547 1448 1624 1480 satis

873 1490 1078 1532 probabiliter
1092 1490 1200 1531 colligi
1215 1496 1331 1532 potest.

922 1535 1014 1564 1—8.
1040 1534 1110 1564 Non
1123 1544 1254 1572 semper.-
1277 1533 1316 1563 ad
1327 1531 1402 1568 vim,
1415 1543 1510 1574 quam
1524 1535 1623 1576 parti-

874 1576 950 1607 cula
970 1588 1083 1616 semper
1105 1576 1137 1607 in
1165 1576 1223 1607 hoc
1246 1575 1387 1607 carmine
1411 1576 1518 1611 habet,
1543 1588 1623 1619 prae-

874 1619 968 1661 cipue
986 1619 1214 1650 advertendum
1237 1624 1308 1655 est3
1333 1623 1425 1660 poeta
1447 1619 1532 1649 enim
1552 1620 1624 1652 ideo

874 1666 999 1693 tantum
1015 1661 1116 1704 carpit
1128 1663 1157 1692 V
1162 1661 1238 1703 algii
1252 1662 1387 1695 luctum,
1399 1662 1484 1702 quod
1498 1663 1626 1695 assidue

875 1710 907 1735 et
929 1716 1041 1745 semper
1064 1705 1093 1736 ei
1117 1704 1180 1735 huc
1203 1714 1306 1745 usque
1329 1703 1525 1742 indulserat3
1549 1705 1624 1737 hinc

876 1759 936 1778 non
966 1759 1091 1787 semper,
1122 1759 1181 1777 non
1211 1758 1315 1787 usque,
1344 1758 1403 1776 mm
1433 1758 1543 1778 menses
1569 1759 1624 1788 per

875 1802 985 1827 omnes,
1004 1803 1060 1822 nou
1077 1801 1175 1821 omnes
1191 1801 1297 1826 annos,
1319 1794 1351 1820 et
1368 1795 1402 1820 tu
1418 1800 1543 1830 semper,
1564 1791 1625 1822 sibi

875 1833 1079 1875 respondent.
1123 1833 1195 1864 Non
1223 1842 1336 1872 semper
1364 1839 1492 1863 manunt
1520 1835 1627 1864 imbres

876 1878 1019 1912 nubibus,
1039 1886 1107 1919 pro,
1123 1886 1141 1907 e
1160 1875 1322 1914 nubibus;
1346 1874 1379 1905 in
1397 1875 1531 1906 eandem
1552 1886 1626 1907 sen-

876 1919 1008 1950 tentiam
1029 1929 1101 1960 sup.
1122 1918 1144 1954 i,
1169 1919 1202 1954 7,
1232 1918 1283 1954 16,
1311 1918 1419 1949 Notus
1439 1930 1498 1949 non
1518 1920 1627 1950 imbres

875 1968 1033 2002 perpetuos
1067 1963 1226 2002 parturire
1257 1960 1445 1991 dicebatur:
1487 1962 1627 2002 hispidos,

879 2005 910 2036 h.
939 2004 1171 2047 e.,squalidos,
1207 2003 1254 2034 uti
1289 2003 1355 2044 agri
1385 2009 1460 2034 sunt
1489 2010 1628 2046 tempore

878 2047 1041 2090 pluvioso:
1074 2047 1247 2088 inoeqnoles,
1276 2046 1352 2088 quia
1376 2047 1524 2088 procellae
1549 2048 1627 2079 inae-

878 2090 1026 2132 qualiter,
1036 2090 1068 2121 h.
1081 2101 1110 2122 e.
1119 2089 1222 2127 vario,
1233 2088 1371 2124 turbido,
1383 2094 1415 2119 et
1428 2089 1630 2123 inconstante

880 2134 1013 2175 impetu,
1025 2132 1198 2171 deciduut;
1215 2139 1248 2163 at
1261 2132 1314 2164 Cl.
1332 2131 1466 2167 Mitsch,
1481 2135 1630 2173 procellas

880 2176 983 2207 dictas
998 2186 1067 2208 esse
1083 2181 1174 2218 putat
1189 2176 1363 2216 inaequales,
1378 2176 1464 2217 quod
1479 2187 1564 2208 mare
1580 2176 1629 2208 in-

882 2219 1005 2261 aequale
1047 2218 1198 2251 reddunt.
1262 2219 1388 2254 Vexent,
1432 2220 1630 2261 perturbant,

883 2262 1066 2294 concitant:
1094 2262 1191 2293 Ovid.
1206 2262 1284 2293 Her.
1298 2261 1363 2297 xix,
1379 2261 1452 2298 126,
1471 2264 1518 2292 An
1535 2274 1630 2301 mare,

879 2307 916 2336 ab
932 2308 1027 2336 inviso
1039 2307 1190 2347 privignae
1205 2307 1326 2336 nomine
1339 2306 1468 2341 dictum,
1489 2306 1580 2337 Vexat
1594 2308 1627 2337 in

879 2359 1043 2390 aequoreum
1066 2359 1151 2380 versa
1174 2359 1300 2379 noverca
1324 2349 1432 2379 deam?
1478 2349 1632 2381 Armeniis

881 2393 915 2422 in
929 2394 1000 2428 oris,
1015 2391 1095 2422 mari
1111 2391 1176 2423 Cas
1199 2390 1229 2422 io
1243 2390 1377 2422 vicinis:
1402 2393 1494 2428 iners,
1517 2392 1630 2423 immo-

880 2433 968 2470 bilis,
991 2434 1135 2477 apposite
1153 2444 1172 2465 a
1217 2433 1330 2474 glaciei
1354 2439 1499 2465 naturam
1523 2435 1630 2477 desig-

882 2477 1019 2508 nandam
1033 2490 1041 2516 ;
1065 2481 1147 2509 iners
1165 2476 1249 2508 enim
1266 2476 1394 2513 dicitur,
1411 2477 1496 2519 quod
1513 2483 1629 2520 torpet,

882 2520 950 2552 sine
987 2526 1076 2551 motu
1108 2526 1139 2552 et
1170 2525 1244 2551 actu
1270 2519 1382 2561 jacet;
1420 2520 1494 2551 hinc
1524 2523 1633 2552 bruma

882 2573 1011 2605 quoque
1036 2566 1116 2595 iners
1137 2563 1196 2594 inf.
1218 2562 1262 2598 iv,
1289 2563 1320 2598 7,
1352 2564 1414 2601 12;
1444 2570 1528 2594 terra
1553 2566 1633 2596 iners

884 2605 931 2642 iii,
944 2608 975 2643 4,
986 2608 1039 2638 45.
1086 2606 1242 2648 Gargani,
1258 2606 1386 2648 Apuliae
1402 2606 1517 2637 montis
1529 2608 1631 2646 (nunc

888 2650 994 2681 Monte
1010 2650 1039 2680 S.
1061 2651 1178 2692 Angelo
1198 2649 1230 2679 in
1252 2649 1472 2689 capitanata),
1488 2650 1546 2691 qui
1566 2660 1633 2681 cre-

886 2692 951 2723 bris
971 2692 1216 2740 tempestatibus
1229 2691 1372 2723 infestari
1387 2692 1468 2724 solet
1482 2704 1489 2722 :
1514 2693 1557 2724 cf.
1573 2693 1633 2725 inf.

887 2735 993 2777 Epist.
1024 2735 1058 2770 ii,
1086 2737 1114 2772 l,
1137 2736 1214 2766 202.
1256 2736 1456 2776 Aquilonibus
1479 2736 1631 2770 laboraret.

888 2778 934 2809 ita
956 2778 1176 2820 Aquilonibus
1201 2777 1422 2820 impelluntur,
1453 2784 1490 2809 ut
1519 2778 1572 2809 vix
1602 2789 1635 2810 se

888 2826 996 2853 tenere
1012 2821 1135 2864 possint
1147 2833 1154 2852 :
1180 2822 1319 2852 Iubar-are
1333 2821 1494 2862 eleganter
1508 2821 1636 2856 dicitur,

888 2864 944 2906 qui
968 2864 1043 2899 vim,
1066 2864 1233 2906 impetum,
1253 2874 1346 2900 onus,
1369 2869 1446 2895 cett.
1466 2864 1518 2894 vix
1540 2864 1635 2895 susti-

890 2918 964 2939 nere
983 2913 1108 2950 potest;
1132 2907 1178 2938 sic
1197 2917 1268 2949 sup.
1286 2907 1308 2944 i,
1332 2908 1365 2943 9,
1383 2909 1415 2944 3,
1434 2907 1534 2942 Sitcae,
1556 2906 1637 2936 nivis

890 2950 978 2981 oneri
1003 2950 1190 2982 sustinendo
1215 2949 1364 2992 impares,
1393 2952 1562 2980 laborantes
1587 2948 1637 2979 di-

890 2999 1022 3025 cuntur:
1050 2993 1104 3025 ubi
1119 2994 1162 3025 cf.
1179 2998 1245 3024 not.
