<?xml version="1.0" encoding="UTF-8"?>
<!DOCTYPE html PUBLIC "-//W3C//DTD XHTML 1.0 Transitional//EN"
    "http://www.w3.org/TR/xhtml1/DTD/xhtml1-transitional.dtd">
<html xmlns="http://www.w3.org/1999/xhtml" xml:lang="en" lang="en">
 <head>
  <title>
</title>
<meta http-equiv="Content-Type" content="text/html;charset=utf-8" />
  <meta name='ocr-system' content='tesseract 3.04.00' />
  <meta name='ocr-capabilities' content='ocr_page ocr_carea ocr_par ocr_line ocrx_word'/>
</head>
<body>
  <div class='ocr_page' id='page_1' title='image "./operahorac00horauoft_0382.png"; bbox 0 0 1904 3314; ppageno 0'>
   <div class='ocr_carea' id='block_1_1' title="bbox 309 209 394 253">
    <p class='ocr_par' dir='ltr' id='par_1_1' title="bbox 309 209 394 253">
     <span class='ocr_line' id='line_1_1' title="bbox 309 209 394 253; baseline 0.024 -3"><span class='ocrx_word' id='word_1_1' title='bbox 309 209 394 253; x_wconf 74' lang='lat'><strong>342</strong></span> 
     </span>
    </p>
   </div>
   <div class='ocr_carea' id='block_1_2' title="bbox 426 307 872 350">
    <p class='ocr_par' dir='ltr' id='par_1_2' title="bbox 426 307 872 350">
     <span class='ocr_line' id='line_1_2' title="bbox 426 307 872 350; baseline 0.002 -1"><span class='ocrx_word' id='word_1_2' title='bbox 426 307 582 350; x_wconf 81' lang='lat' dir='ltr'><strong>Maluit</strong></span> <span class='ocrx_word' id='word_1_3' title='bbox 601 323 696 350; x_wconf 85' lang='lat' dir='ltr'><strong>esse</strong></span> <span class='ocrx_word' id='word_1_4' title='bbox 717 308 872 350; x_wconf 88' lang='lat' dir='ltr'><strong>Deum.</strong></span> 
     </span>
    </p>
   </div>
   <div class='ocr_carea' id='block_1_3' title="bbox 848 205 1278 251">
    <p class='ocr_par' dir='ltr' id='par_1_3' title="bbox 848 205 1278 251">
     <span class='ocr_line' id='line_1_3' title="bbox 848 205 1278 251; baseline 0 0"><span class='ocrx_word' id='word_1_5' title='bbox 848 205 1278 251; x_wconf 78' lang='lat' dir='ltr'><strong>SATIRARUM</strong></span> 
     </span>
    </p>
   </div>
   <div class='ocr_carea' id='block_1_4' title="bbox 934 306 1703 363">
    <p class='ocr_par' dir='ltr' id='par_1_4' title="bbox 934 306 1703 363">
     <span class='ocr_line' id='line_1_4' title="bbox 934 306 1703 363; baseline -0.004 -13"><span class='ocrx_word' id='word_1_6' title='bbox 934 310 1056 350; x_wconf 89' lang='lat' dir='ltr'><strong>Deus</strong></span> <span class='ocrx_word' id='word_1_7' title='bbox 1078 309 1176 350; x_wconf 86' lang='lat' dir='ltr'><strong>inde</strong></span> <span class='ocrx_word' id='word_1_8' title='bbox 1198 323 1293 363; x_wconf 88' lang='lat' dir='ltr'><strong>ego,</strong></span> <span class='ocrx_word' id='word_1_9' title='bbox 1315 307 1455 348; x_wconf 82' lang='lat' dir='ltr'><strong>furum</strong></span> <span class='ocrx_word' id='word_1_10' title='bbox 1477 306 1703 360; x_wconf 83' lang='lat' dir='ltr'><strong>aviumque</strong></span> 
     </span>
    </p>
   </div>
   <div class='ocr_carea' id='block_1_5' title="bbox 348 375 1610 1287">
    <p class='ocr_par' dir='ltr' id='par_1_5' title="bbox 426 375 1481 426">
     <span class='ocr_line' id='line_1_5' title="bbox 426 375 1481 426; baseline -0.002 -10"><span class='ocrx_word' id='word_1_11' title='bbox 426 375 617 417; x_wconf 84' lang='lat' dir='ltr'><strong>Maxima</strong></span> <span class='ocrx_word' id='word_1_12' title='bbox 637 375 840 426; x_wconf 81' lang='lat' dir='ltr'><strong>formido3</strong></span> <span class='ocrx_word' id='word_1_13' title='bbox 872 391 967 416; x_wconf 85' lang='lat' dir='ltr'><strong>nam</strong></span> <span class='ocrx_word' id='word_1_14' title='bbox 988 376 1103 417; x_wconf 84' lang='lat' dir='ltr'><strong>fures</strong></span> <span class='ocrx_word' id='word_1_15' title='bbox 1125 376 1278 417; x_wconf 87' lang='lat' dir='ltr'><strong>dextra</strong></span> <span class='ocrx_word' id='word_1_16' title='bbox 1299 380 1481 424; x_wconf 87' lang='lat' dir='ltr'><strong>coercet,</strong></span> 
     </span>
    </p>

    <p class='ocr_par' dir='ltr' id='par_1_6' title="bbox 370 439 1549 761">
     <span class='ocr_line' id='line_1_6' title="bbox 370 439 1549 497; baseline -0.002 -15"><span class='ocrx_word' id='word_1_17' title='bbox 370 443 396 482; x_wconf 89' lang='lat'>5</span> <span class='ocrx_word' id='word_1_18' title='bbox 427 442 714 497; x_wconf 89' lang='lat' dir='ltr'><strong>Obscenoque</strong></span> <span class='ocrx_word' id='word_1_19' title='bbox 735 444 864 484; x_wconf 88' lang='lat' dir='ltr'><strong>ruber</strong></span> <span class='ocrx_word' id='word_1_20' title='bbox 884 449 1107 497; x_wconf 84' lang='lat' dir='ltr'><strong>porrectus</strong></span> <span class='ocrx_word' id='word_1_21' title='bbox 1128 443 1182 482; x_wconf 89' lang='lat' dir='ltr'><strong>ab</strong></span> <span class='ocrx_word' id='word_1_22' title='bbox 1202 441 1374 495; x_wconf 88' lang='lat' dir='ltr'><strong>inguine</strong></span> <span class='ocrx_word' id='word_1_23' title='bbox 1395 439 1520 494; x_wconf 85' lang='lat' dir='ltr'><strong>palus</strong></span> <span class='ocrx_word' id='word_1_24' title='bbox 1538 456 1549 490; x_wconf 91' lang='lat'>;</span> 
     </span>
     <span class='ocr_line' id='line_1_7' title="bbox 426 507 1430 563; baseline -0.001 -15"><span class='ocrx_word' id='word_1_25' title='bbox 426 507 510 549; x_wconf 85' lang='lat' dir='ltr'><strong>Ast</strong></span> <span class='ocrx_word' id='word_1_26' title='bbox 529 509 791 563; x_wconf 87' lang='lat' dir='ltr'><strong>importunas</strong></span> <span class='ocrx_word' id='word_1_27' title='bbox 813 507 1004 550; x_wconf 87' lang='lat' dir='ltr'><strong>volucres</strong></span> <span class='ocrx_word' id='word_1_28' title='bbox 1026 509 1067 548; x_wconf 91' lang='lat' dir='ltr'><strong>in</strong></span> <span class='ocrx_word' id='word_1_29' title='bbox 1088 508 1244 549; x_wconf 86' lang='lat' dir='ltr'><strong>vertice</strong></span> <span class='ocrx_word' id='word_1_30' title='bbox 1266 508 1430 548; x_wconf 87' lang='lat' dir='ltr'><strong>arundo</strong></span> 
     </span>
     <span class='ocr_line' id='line_1_8' title="bbox 425 572 1540 629; baseline -0.004 -14"><span class='ocrx_word' id='word_1_31' title='bbox 425 574 582 617; x_wconf 87' lang='lat' dir='ltr'><strong>Terret</strong></span> <span class='ocrx_word' id='word_1_32' title='bbox 600 576 701 625; x_wconf 84' lang='lat' dir='ltr'><strong>fixa,</strong></span> <span class='ocrx_word' id='word_1_33' title='bbox 723 583 922 629; x_wconf 86' lang='lat' dir='ltr'><strong>vetatque</strong></span> <span class='ocrx_word' id='word_1_34' title='bbox 943 575 1061 615; x_wconf 90' lang='lat' dir='ltr'><strong>novis</strong></span> <span class='ocrx_word' id='word_1_35' title='bbox 1083 574 1304 615; x_wconf 89' lang='lat' dir='ltr'><strong>considere</strong></span> <span class='ocrx_word' id='word_1_36' title='bbox 1326 574 1369 613; x_wconf 89' lang='lat' dir='ltr'><strong>in</strong></span> <span class='ocrx_word' id='word_1_37' title='bbox 1389 572 1540 612; x_wconf 85' lang='lat' dir='ltr'><strong>hortis.</strong></span> 
     </span>
     <span class='ocr_line' id='line_1_9' title="bbox 434 638 1409 696; baseline -0.003 -14"><span class='ocrx_word' id='word_1_38' title='bbox 434 641 537 682; x_wconf 87' lang='lat' dir='ltr'><strong>Huc</strong></span> <span class='ocrx_word' id='word_1_39' title='bbox 557 643 676 696; x_wconf 88' lang='lat' dir='ltr'><strong>prius</strong></span> <span class='ocrx_word' id='word_1_40' title='bbox 699 642 890 696; x_wconf 83' lang='lat' dir='ltr'><strong>angustis</strong></span> <span class='ocrx_word' id='word_1_41' title='bbox 911 642 1046 695; x_wconf 87' lang='lat' dir='ltr'><strong>ejecta</strong></span> <span class='ocrx_word' id='word_1_42' title='bbox 1067 640 1273 681; x_wconf 81' lang='lat' dir='ltr'><strong>cadavera</strong></span> <span class='ocrx_word' id='word_1_43' title='bbox 1294 638 1409 680; x_wconf 84' lang='lat' dir='ltr'><strong>cellis</strong></span> 
     </span>
     <span class='ocr_line' id='line_1_10' title="bbox 426 705 1374 761; baseline -0.004 -13"><span class='ocrx_word' id='word_1_44' title='bbox 426 707 667 748; x_wconf 82' lang='lat' dir='ltr'><strong>Conservus</strong></span> <span class='ocrx_word' id='word_1_45' title='bbox 690 707 758 748; x_wconf 91' lang='lat' dir='ltr'><strong>vili</strong></span> <span class='ocrx_word' id='word_1_46' title='bbox 780 707 990 761; x_wconf 80' lang='lat' dir='ltr'><strong>portanda</strong></span> <span class='ocrx_word' id='word_1_47' title='bbox 1008 705 1176 746; x_wconf 87' lang='lat' dir='ltr'><strong>locabat</strong></span> <span class='ocrx_word' id='word_1_48' title='bbox 1200 705 1242 745; x_wconf 90' lang='lat' dir='ltr'><strong>in</strong></span> <span class='ocrx_word' id='word_1_49' title='bbox 1263 719 1374 745; x_wconf 86' lang='lat' dir='ltr'><strong>arca.</strong></span> 
     </span>
    </p>

    <p class='ocr_par' dir='ltr' id='par_1_7' title="bbox 348 769 1610 1091">
     <span class='ocr_line' id='line_1_11' title="bbox 348 769 1524 827; baseline -0.004 -13"><span class='ocrx_word' id='word_1_50' title='bbox 348 774 398 814; x_wconf 90' lang='lat'><strong>10</strong></span> <span class='ocrx_word' id='word_1_51' title='bbox 427 773 524 815; x_wconf 90' lang='lat' dir='ltr'><strong>Hoc</strong></span> <span class='ocrx_word' id='word_1_52' title='bbox 544 775 707 815; x_wconf 74' lang='lat' dir='ltr'><strong>miserae</strong></span> <span class='ocrx_word' id='word_1_53' title='bbox 728 773 843 827; x_wconf 91' lang='lat' dir='ltr'><strong>plebi</strong></span> <span class='ocrx_word' id='word_1_54' title='bbox 865 773 1005 813; x_wconf 83' lang='lat' dir='ltr'><strong>stabat</strong></span> <span class='ocrx_word' id='word_1_55' title='bbox 1027 786 1245 812; x_wconf 86' lang='lat' dir='ltr'><strong>commune</strong></span> <span class='ocrx_word' id='word_1_56' title='bbox 1260 769 1524 824; x_wconf 76' lang='lat' dir='ltr'><strong>sepulcrum,</strong></span> 
     </span>
     <span class='ocr_line' id='line_1_12' title="bbox 429 837 1424 891; baseline -0.005 -10"><span class='ocrx_word' id='word_1_57' title='bbox 429 839 666 881; x_wconf 85' lang='lat' dir='ltr'>Pantolabo</span> <span class='ocrx_word' id='word_1_58' title='bbox 689 854 860 886; x_wconf 83' lang='lat' dir='ltr'><strong>scurrae,</strong></span> <span class='ocrx_word' id='word_1_59' title='bbox 882 838 1239 891; x_wconf 84' lang='lat' dir='ltr'>Nomentanoque</span> <span class='ocrx_word' id='word_1_60' title='bbox 1266 837 1424 890; x_wconf 87' lang='lat' dir='ltr'>nepoti.</span> 
     </span>
     <span class='ocr_line' id='line_1_13' title="bbox 431 902 1584 960; baseline -0.003 -14"><span class='ocrx_word' id='word_1_61' title='bbox 431 905 552 947; x_wconf 88' lang='lat' dir='ltr'><strong>Mille</strong></span> <span class='ocrx_word' id='word_1_62' title='bbox 574 907 707 960; x_wconf 89' lang='lat' dir='ltr'><strong>pedes</strong></span> <span class='ocrx_word' id='word_1_63' title='bbox 729 906 770 945; x_wconf 93' lang='lat' dir='ltr'><strong>in</strong></span> <span class='ocrx_word' id='word_1_64' title='bbox 791 905 945 953; x_wconf 85' lang='lat' dir='ltr'><strong>fronte,</strong></span> <span class='ocrx_word' id='word_1_65' title='bbox 968 911 1179 945; x_wconf 83' lang='lat' dir='ltr'><strong>trecentos</strong></span> <span class='ocrx_word' id='word_1_66' title='bbox 1201 904 1352 957; x_wconf 84' lang='lat' dir='ltr'>cippus</span> <span class='ocrx_word' id='word_1_67' title='bbox 1373 902 1414 942; x_wconf 91' lang='lat' dir='ltr'><strong>in</strong></span> <span class='ocrx_word' id='word_1_68' title='bbox 1435 916 1584 956; x_wconf 86' lang='lat' dir='ltr'><strong>agrum</strong></span> 
     </span>
     <span class='ocr_line' id='line_1_14' title="bbox 431 971 1610 1022; baseline -0.003 -10"><span class='ocrx_word' id='word_1_69' title='bbox 431 971 517 1013; x_wconf 88' lang='lat' dir='ltr'><strong>Hic</strong></span> <span class='ocrx_word' id='word_1_70' title='bbox 538 972 692 1022; x_wconf 81' lang='lat' dir='ltr'><strong>dabat3</strong></span> <span class='ocrx_word' id='word_1_71' title='bbox 723 971 916 1012; x_wconf 84' lang='lat' dir='ltr'><strong>haeredes</strong></span> <span class='ocrx_word' id='word_1_72' title='bbox 937 976 1253 1010; x_wconf 87' lang='lat' dir='ltr'>monumentum</span> <span class='ocrx_word' id='word_1_73' title='bbox 1273 983 1325 1008; x_wconf 90' lang='lat' dir='ltr'><strong>ne</strong></span> <span class='ocrx_word' id='word_1_74' title='bbox 1348 974 1610 1021; x_wconf 87' lang='lat' dir='ltr'><strong>sequeretur.</strong></span> 
     </span>
     <span class='ocr_line' id='line_1_15' title="bbox 429 1034 1557 1091; baseline -0.004 -13"><span class='ocrx_word' id='word_1_75' title='bbox 429 1038 558 1080; x_wconf 89' lang='lat' dir='ltr'><strong>Nunc</strong></span> <span class='ocrx_word' id='word_1_76' title='bbox 578 1038 677 1079; x_wconf 89' lang='lat' dir='ltr'><strong>licet</strong></span> <span class='ocrx_word' id='word_1_77' title='bbox 699 1037 912 1091; x_wconf 84' lang='lat' dir='ltr'><strong>Exquiliis</strong></span> <span class='ocrx_word' id='word_1_78' title='bbox 933 1037 1126 1076; x_wconf 84' lang='lat' dir='ltr'><strong>habitare</strong></span> <span class='ocrx_word' id='word_1_79' title='bbox 1149 1034 1405 1083; x_wconf 81' lang='lat' dir='ltr'><strong>salubribus,</strong></span> <span class='ocrx_word' id='word_1_80' title='bbox 1429 1040 1557 1086; x_wconf 84' lang='lat' dir='ltr'><strong>atque</strong></span> 
     </span>
    </p>

    <p class='ocr_par' dir='ltr' id='par_1_8' title="bbox 355 1100 1592 1287">
     <span class='ocr_line' id='line_1_16' title="bbox 355 1100 1467 1158; baseline -0.005 -13"><span class='ocrx_word' id='word_1_81' title='bbox 355 1105 405 1144; x_wconf 87' lang='lat'><strong>15</strong></span> <span class='ocrx_word' id='word_1_82' title='bbox 435 1103 613 1158; x_wconf 86' lang='lat' dir='ltr'><strong>Aggere</strong></span> <span class='ocrx_word' id='word_1_83' title='bbox 635 1105 676 1144; x_wconf 90' lang='lat' dir='ltr'><strong>in</strong></span> <span class='ocrx_word' id='word_1_84' title='bbox 697 1104 841 1157; x_wconf 85' lang='lat' dir='ltr'><strong>aprico</strong></span> <span class='ocrx_word' id='word_1_85' title='bbox 864 1102 1049 1156; x_wconf 83' lang='lat' dir='ltr'><strong>spatiari,</strong></span> <span class='ocrx_word' id='word_1_86' title='bbox 1071 1116 1153 1154; x_wconf 92' lang='lat' dir='ltr'><strong>qua</strong></span> <span class='ocrx_word' id='word_1_87' title='bbox 1175 1101 1301 1141; x_wconf 84' lang='lat' dir='ltr'><strong>modo</strong></span> <span class='ocrx_word' id='word_1_88' title='bbox 1322 1100 1467 1140; x_wconf 86' lang='lat' dir='ltr'><strong>tristes</strong></span> 
     </span>
     <span class='ocr_line' id='line_1_17' title="bbox 429 1167 1440 1222; baseline -0.005 -12"><span class='ocrx_word' id='word_1_89' title='bbox 429 1169 553 1210; x_wconf 88' lang='lat' dir='ltr'><strong>Albis</strong></span> <span class='ocrx_word' id='word_1_90' title='bbox 575 1170 794 1210; x_wconf 88' lang='lat' dir='ltr'><strong>informem</strong></span> <span class='ocrx_word' id='word_1_91' title='bbox 815 1169 1068 1222; x_wconf 87' lang='lat' dir='ltr'><strong>spectabant</strong></span> <span class='ocrx_word' id='word_1_92' title='bbox 1089 1167 1256 1207; x_wconf 87' lang='lat' dir='ltr'><strong>ossibus</strong></span> <span class='ocrx_word' id='word_1_93' title='bbox 1278 1180 1440 1220; x_wconf 81' lang='lat' dir='ltr'><strong>agrum,</strong></span> 
     </span>
     <span class='ocr_line' id='line_1_18' title="bbox 431 1233 1592 1287; baseline -0.003 -10"><span class='ocrx_word' id='word_1_94' title='bbox 431 1236 577 1282; x_wconf 86' lang='lat' dir='ltr'><strong>Quum</strong></span> <span class='ocrx_word' id='word_1_95' title='bbox 597 1236 698 1276; x_wconf 87' lang='lat' dir='ltr'><strong>mihi</strong></span> <span class='ocrx_word' id='word_1_96' title='bbox 718 1250 803 1276; x_wconf 93' lang='lat' dir='ltr'><strong>non</strong></span> <span class='ocrx_word' id='word_1_97' title='bbox 825 1242 986 1275; x_wconf 85' lang='lat' dir='ltr'><strong>tantum</strong></span> <span class='ocrx_word' id='word_1_98' title='bbox 1008 1234 1209 1287; x_wconf 86' lang='lat' dir='ltr'><strong>furesque</strong></span> <span class='ocrx_word' id='word_1_99' title='bbox 1231 1233 1435 1286; x_wconf 86' lang='lat' dir='ltr'><strong>feraeque,</strong></span> <span class='ocrx_word' id='word_1_100' title='bbox 1458 1238 1592 1274; x_wconf 87' lang='lat' dir='ltr'><strong>suetae</strong></span> 
     </span>
    </p>
   </div>
   <div class='ocr_carea' id='block_1_6' title="bbox 310 1355 1057 2312">
    <p class='ocr_par' dir='ltr' id='par_1_9' title="bbox 319 1355 1046 1429">
     <span class='ocr_line' id='line_1_19' title="bbox 320 1355 1046 1396; baseline -0.004 -9"><span class='ocrx_word' id='word_1_101' title='bbox 320 1356 450 1388; x_wconf 81' lang='lat' dir='ltr'><strong>Graecos</strong></span> <span class='ocrx_word' id='word_1_102' title='bbox 459 1356 551 1387; x_wconf 89' lang='lat' dir='ltr'><strong>homo</strong></span> <span class='ocrx_word' id='word_1_103' title='bbox 564 1356 682 1387; x_wconf 86' lang='lat' dir='ltr'><strong>nullius</strong></span> <span class='ocrx_word' id='word_1_104' title='bbox 693 1355 788 1396; x_wconf 84' lang='lat' dir='ltr'><strong>frugis</strong></span> <span class='ocrx_word' id='word_1_105' title='bbox 797 1355 884 1396; x_wconf 77' lang='grc' dir='ltr'>ἀνὴρ</span> <span class='ocrx_word' id='word_1_106' title='bbox 896 1355 1046 1392; x_wconf 79' lang='grc' dir='ltr'><strong>σύκινος.-</strong></span> 
     </span>
     <span class='ocr_line' id='line_1_20' title="bbox 319 1398 527 1429; baseline 0.005 -1"><span class='ocrx_word' id='word_1_107' title='bbox 319 1398 362 1428; x_wconf 79' lang='lat' dir='ltr'><strong>cf.</strong></span> <span class='ocrx_word' id='word_1_108' title='bbox 381 1399 527 1429; x_wconf 81' lang='lat' dir='ltr'><strong>Lambin.</strong></span> 
     </span>
    </p>

    <p class='ocr_par' dir='ltr' id='par_1_10' title="bbox 310 1437 1055 1939">
     <span class='ocr_line' id='line_1_21' title="bbox 363 1437 1047 1479; baseline -0.003 -9"><span class='ocrx_word' id='word_1_109' title='bbox 363 1441 395 1470; x_wconf 91' lang='lat'><strong>3.</strong></span> <span class='ocrx_word' id='word_1_110' title='bbox 419 1440 537 1470; x_wconf 73' lang='lat' dir='ltr'><strong>Fur-um</strong></span> <span class='ocrx_word' id='word_1_111' title='bbox 565 1442 738 1479; x_wconf 80' lang='lat' dir='ltr'><strong>aviamque:</strong></span> <span class='ocrx_word' id='word_1_112' title='bbox 774 1438 863 1479; x_wconf 86' lang='lat' dir='ltr'><strong>Virg.</strong></span> <span class='ocrx_word' id='word_1_113' title='bbox 894 1438 974 1469; x_wconf 88' lang='lat' dir='ltr'><strong>Geo.</strong></span> <span class='ocrx_word' id='word_1_114' title='bbox 1005 1437 1047 1471; x_wconf 85' lang='lat' dir='ltr'><strong>iv,</strong></span> 
     </span>
     <span class='ocr_line' id='line_1_22' title="bbox 323 1481 1048 1522; baseline -0.004 -10"><span class='ocrx_word' id='word_1_115' title='bbox 323 1483 398 1517; x_wconf 86' lang='lat'><strong>110,</strong></span> <span class='ocrx_word' id='word_1_116' title='bbox 429 1482 469 1512; x_wconf 76' lang='grc' dir='ltr'><strong>Εὶ</strong></span> <span class='ocrx_word' id='word_1_117' title='bbox 493 1489 587 1512; x_wconf 82' lang='lat' dir='ltr'><strong>castas</strong></span> <span class='ocrx_word' id='word_1_118' title='bbox 602 1481 718 1522; x_wconf 65' lang='lat' dir='ltr'><strong>furum</strong></span> <span class='ocrx_word' id='word_1_119' title='bbox 743 1487 831 1521; x_wconf 79' lang='lat' dir='ltr'><strong>arque</strong></span> <span class='ocrx_word' id='word_1_120' title='bbox 853 1482 952 1510; x_wconf 79' lang='lat' dir='ltr'><strong>avium</strong></span> <span class='ocrx_word' id='word_1_121' title='bbox 982 1491 1048 1510; x_wconf 81' lang='lat' dir='ltr'><strong>cum</strong></span> 
     </span>
     <span class='ocr_line' id='line_1_23' title="bbox 310 1523 1051 1565; baseline -0.004 -11"><span class='ocrx_word' id='word_1_122' title='bbox 310 1524 401 1564; x_wconf 83' lang='lat' dir='ltr'><strong>falce</strong></span> <span class='ocrx_word' id='word_1_123' title='bbox 427 1525 547 1565; x_wconf 78' lang='lat' dir='ltr'><strong>saligna</strong></span> <span class='ocrx_word' id='word_1_124' title='bbox 578 1524 811 1562; x_wconf 74' lang='lat' dir='ltr'><strong>Hellespontiaci</strong></span> <span class='ocrx_word' id='word_1_125' title='bbox 837 1529 929 1553; x_wconf 82' lang='lat' dir='ltr'><strong>servet</strong></span> <span class='ocrx_word' id='word_1_126' title='bbox 956 1523 1051 1551; x_wconf 78' lang='lat' dir='ltr'><strong>tutela</strong></span> 
     </span>
     <span class='ocr_line' id='line_1_24' title="bbox 323 1563 1051 1605; baseline -0.003 -11"><span class='ocrx_word' id='word_1_127' title='bbox 323 1565 445 1605; x_wconf 78' lang='lat' dir='ltr'><strong>Priapi.</strong></span> <span class='ocrx_word' id='word_1_128' title='bbox 491 1565 776 1605; x_wconf 70' lang='lat' dir='ltr'><strong>Maaimaformido,</strong></span> <span class='ocrx_word' id='word_1_129' title='bbox 794 1565 961 1604; x_wconf 88' lang='lat' dir='ltr'><strong>quiessem</strong></span> <span class='ocrx_word' id='word_1_130' title='bbox 976 1563 1051 1593; x_wconf 82' lang='lat' dir='ltr'><strong>furi-</strong></span> 
     </span>
     <span class='ocr_line' id='line_1_25' title="bbox 322 1605 1052 1648; baseline -0.004 -11"><span class='ocrx_word' id='word_1_131' title='bbox 322 1607 380 1637; x_wconf 84' lang='lat' dir='ltr'><strong>bus</strong></span> <span class='ocrx_word' id='word_1_132' title='bbox 418 1612 511 1648; x_wconf 79' lang='lat' dir='ltr'><strong>atque</strong></span> <span class='ocrx_word' id='word_1_133' title='bbox 549 1607 657 1637; x_wconf 86' lang='lat' dir='ltr'><strong>avibus</strong></span> <span class='ocrx_word' id='word_1_134' title='bbox 691 1606 834 1636; x_wconf 84' lang='lat' dir='ltr'><strong>maximae</strong></span> <span class='ocrx_word' id='word_1_135' title='bbox 876 1605 1052 1642; x_wconf 79' lang='lat' dir='ltr'><strong>formidini3</strong></span> 
     </span>
     <span class='ocr_line' id='line_1_26' title="bbox 322 1646 1052 1679; baseline -0.003 -1"><span class='ocrx_word' id='word_1_136' title='bbox 322 1648 463 1679; x_wconf 85' lang='lat' dir='ltr'><strong>similiter</strong></span> <span class='ocrx_word' id='word_1_137' title='bbox 485 1648 517 1678; x_wconf 92' lang='lat' dir='ltr'><strong>in</strong></span> <span class='ocrx_word' id='word_1_138' title='bbox 540 1659 570 1679; x_wconf 89' lang='lat' dir='ltr'><strong>re</strong></span> <span class='ocrx_word' id='word_1_139' title='bbox 592 1648 751 1678; x_wconf 79' lang='lat' dir='ltr'><strong>venatoria</strong></span> <span class='ocrx_word' id='word_1_140' title='bbox 775 1649 852 1677; x_wconf 77' lang='lat' dir='ltr'><strong>linea</strong></span> <span class='ocrx_word' id='word_1_141' title='bbox 883 1647 947 1678; x_wconf 85' lang='lat' dir='ltr'><strong>sive</strong></span> <span class='ocrx_word' id='word_1_142' title='bbox 970 1646 1052 1676; x_wconf 85' lang='lat' dir='ltr'><strong>suni-</strong></span> 
     </span>
     <span class='ocr_line' id='line_1_27' title="bbox 322 1689 1052 1730; baseline -0.004 -10"><span class='ocrx_word' id='word_1_143' title='bbox 322 1690 412 1720; x_wconf 83' lang='lat' dir='ltr'><strong>culus</strong></span> <span class='ocrx_word' id='word_1_144' title='bbox 434 1695 582 1721; x_wconf 83' lang='lat' dir='ltr'><strong>extensus</strong></span> <span class='ocrx_word' id='word_1_145' title='bbox 601 1695 631 1720; x_wconf 88' lang='lat' dir='ltr'><strong>et</strong></span> <span class='ocrx_word' id='word_1_146' title='bbox 655 1689 766 1730; x_wconf 83' lang='lat' dir='ltr'><strong>pennis</strong></span> <span class='ocrx_word' id='word_1_147' title='bbox 784 1689 949 1719; x_wconf 83' lang='lat' dir='ltr'><strong>distinctus</strong></span> <span class='ocrx_word' id='word_1_148' title='bbox 965 1690 1052 1728; x_wconf 86' lang='lat' dir='ltr'><strong>(nos,</strong></span> 
     </span>
     <span class='ocr_line' id='line_1_28' title="bbox 324 1730 1051 1771; baseline -0.003 -9"><span class='ocrx_word' id='word_1_149' title='bbox 324 1730 543 1771; x_wconf 77' lang='lat' dir='ltr'><strong>Federlappen)</strong></span> <span class='ocrx_word' id='word_1_150' title='bbox 574 1731 613 1761; x_wconf 90' lang='lat' dir='ltr'><strong>ad</strong></span> <span class='ocrx_word' id='word_1_151' title='bbox 640 1731 835 1761; x_wconf 80' lang='lat' dir='ltr'><strong>formidinem</strong></span> <span class='ocrx_word' id='word_1_152' title='bbox 866 1731 936 1761; x_wconf 82' lang='lat' dir='ltr'><strong>feris</strong></span> <span class='ocrx_word' id='word_1_153' title='bbox 963 1731 1051 1760; x_wconf 90' lang='lat' dir='ltr'><strong>incu-</strong></span> 
     </span>
     <span class='ocr_line' id='line_1_29' title="bbox 321 1772 1054 1815; baseline -0.001 -12"><span class='ocrx_word' id='word_1_154' title='bbox 321 1773 458 1804; x_wconf 86' lang='lat' dir='ltr'><strong>tiendam</strong></span> <span class='ocrx_word' id='word_1_155' title='bbox 481 1772 662 1815; x_wconf 82' lang='lat' dir='ltr'><strong>simpliciter</strong></span> <span class='ocrx_word' id='word_1_156' title='bbox 683 1772 961 1814; x_wconf 64' lang='lat' dir='ltr'><strong>dichurjbrmido:</strong></span> <span class='ocrx_word' id='word_1_157' title='bbox 991 1772 1054 1803; x_wconf 86' lang='lat' dir='ltr'><strong>vid.</strong></span> 
     </span>
     <span class='ocr_line' id='line_1_30' title="bbox 324 1814 1055 1855; baseline -0.003 -9"><span class='ocrx_word' id='word_1_158' title='bbox 324 1814 419 1846; x_wconf 83' lang='lat' dir='ltr'><strong>Ovid.</strong></span> <span class='ocrx_word' id='word_1_159' title='bbox 450 1816 533 1846; x_wconf 81' lang='lat' dir='ltr'><strong>Fast.</strong></span> <span class='ocrx_word' id='word_1_160' title='bbox 559 1826 590 1852; x_wconf 85' lang='lat' dir='ltr'><strong>v,</strong></span> <span class='ocrx_word' id='word_1_161' title='bbox 623 1815 695 1851; x_wconf 81' lang='lat'><strong>173,</strong></span> <span class='ocrx_word' id='word_1_162' title='bbox 728 1816 809 1845; x_wconf 86' lang='lat' dir='ltr'><strong>Dum</strong></span> <span class='ocrx_word' id='word_1_163' title='bbox 841 1827 914 1845; x_wconf 78' lang='lat' dir='ltr'><strong>nova</strong></span> <span class='ocrx_word' id='word_1_164' title='bbox 944 1815 1055 1855; x_wconf 79' lang='lat' dir='ltr'><strong>lanugo</strong></span> 
     </span>
     <span class='ocr_line' id='line_1_31' title="bbox 321 1856 1053 1898; baseline 0 -11"><span class='ocrx_word' id='word_1_165' title='bbox 321 1859 442 1896; x_wconf 81' lang='lat' dir='ltr'><strong>pavidas</strong></span> <span class='ocrx_word' id='word_1_166' title='bbox 453 1858 624 1898; x_wconf 80' lang='lat' dir='ltr'><strong>jbrmidine</strong></span> <span class='ocrx_word' id='word_1_167' title='bbox 645 1867 742 1886; x_wconf 66' lang='lat' dir='ltr'><strong>cervos</strong></span> <span class='ocrx_word' id='word_1_168' title='bbox 762 1863 872 1886; x_wconf 74' lang='lat' dir='ltr'><strong>terret:</strong></span> <span class='ocrx_word' id='word_1_169' title='bbox 897 1856 937 1887; x_wconf 87' lang='lat' dir='ltr'><strong>cf.</strong></span> <span class='ocrx_word' id='word_1_170' title='bbox 961 1857 1053 1887; x_wconf 79' lang='lat' dir='ltr'><strong>Grat-</strong></span> 
     </span>
     <span class='ocr_line' id='line_1_32' title="bbox 324 1898 863 1939; baseline -0.002 -10"><span class='ocrx_word' id='word_1_171' title='bbox 324 1899 447 1939; x_wconf 80' lang='lat' dir='ltr'><strong>Cyneg.</strong></span> <span class='ocrx_word' id='word_1_172' title='bbox 462 1909 493 1929; x_wconf 90' lang='lat' dir='ltr'><strong>v.</strong></span> <span class='ocrx_word' id='word_1_173' title='bbox 510 1900 562 1933; x_wconf 84' lang='lat'><strong>74,</strong></span> <span class='ocrx_word' id='word_1_174' title='bbox 580 1905 612 1930; x_wconf 85' lang='lat' dir='ltr'><strong>et</strong></span> <span class='ocrx_word' id='word_1_175' title='bbox 626 1898 668 1928; x_wconf 89' lang='lat' dir='ltr'><strong>ibi</strong></span> <span class='ocrx_word' id='word_1_176' title='bbox 686 1898 863 1928; x_wconf 79' lang='lat' dir='ltr'><strong>Barthium.</strong></span> 
     </span>
    </p>

    <p class='ocr_par' dir='ltr' id='par_1_11' title="bbox 315 1940 1055 2146">
     <span class='ocr_line' id='line_1_33' title="bbox 367 1940 1052 1981; baseline 0 -11"><span class='ocrx_word' id='word_1_177' title='bbox 367 1941 398 1970; x_wconf 87' lang='lat'><strong>4.</strong></span> <span class='ocrx_word' id='word_1_178' title='bbox 437 1941 564 1975; x_wconf 63' lang='lat' dir='ltr'><strong>Dextra,</strong></span> <span class='ocrx_word' id='word_1_179' title='bbox 587 1950 649 1981; x_wconf 87' lang='lat' dir='ltr'><strong>qua</strong></span> <span class='ocrx_word' id='word_1_180' title='bbox 671 1940 796 1970; x_wconf 84' lang='lat' dir='ltr'><strong>tenebat</strong></span> <span class='ocrx_word' id='word_1_181' title='bbox 825 1940 957 1981; x_wconf 80' lang='lat' dir='ltr'><strong>Priapus</strong></span> <span class='ocrx_word' id='word_1_182' title='bbox 978 1940 1052 1980; x_wconf 82' lang='lat' dir='ltr'><strong>fas·</strong></span> 
     </span>
     <span class='ocr_line' id='line_1_34' title="bbox 325 1981 1053 2021; baseline -0.001 -9"><span class='ocrx_word' id='word_1_183' title='bbox 325 1989 394 2016; x_wconf 78' lang='lat' dir='ltr'><strong>tem,</strong></span> <span class='ocrx_word' id='word_1_184' title='bbox 425 1981 485 2017; x_wconf 85' lang='lat' dir='ltr'><strong>vel,</strong></span> <span class='ocrx_word' id='word_1_185' title='bbox 514 1987 547 2012; x_wconf 84' lang='lat' dir='ltr'><strong>ut</strong></span> <span class='ocrx_word' id='word_1_186' title='bbox 577 1981 609 2011; x_wconf 89' lang='lat' dir='ltr'><strong>in</strong></span> <span class='ocrx_word' id='word_1_187' title='bbox 647 1981 772 2011; x_wconf 85' lang='lat' dir='ltr'><strong>laudato</strong></span> <span class='ocrx_word' id='word_1_188' title='bbox 807 1982 876 2012; x_wconf 86' lang='lat' dir='ltr'><strong>loco</strong></span> <span class='ocrx_word' id='word_1_189' title='bbox 916 1982 1053 2021; x_wconf 80' lang='lat' dir='ltr'><strong>Virgilii,</strong></span> 
     </span>
     <span class='ocr_line' id='line_1_35' title="bbox 315 2023 1055 2065; baseline -0.001 -11"><span class='ocrx_word' id='word_1_190' title='bbox 315 2025 431 2065; x_wconf 68' lang='lat' dir='ltr'><strong>Jirlcem</strong></span> <span class='ocrx_word' id='word_1_191' title='bbox 458 2025 618 2064; x_wconf 77' lang='lat' dir='ltr'><strong>salignam.</strong></span> <span class='ocrx_word' id='word_1_192' title='bbox 664 2023 778 2060; x_wconf 68' lang='lat' dir='ltr'><strong>Rubor,</strong></span> <span class='ocrx_word' id='word_1_193' title='bbox 811 2023 906 2053; x_wconf 84' lang='lat' dir='ltr'><strong>minio</strong></span> <span class='ocrx_word' id='word_1_194' title='bbox 941 2023 1055 2054; x_wconf 85' lang='lat' dir='ltr'><strong>oblitus</strong></span> 
     </span>
     <span class='ocr_line' id='line_1_36' title="bbox 324 2064 1055 2100; baseline 0.001 -5"><span class='ocrx_word' id='word_1_195' title='bbox 324 2071 355 2096; x_wconf 82' lang='lat' dir='ltr'><strong>et</strong></span> <span class='ocrx_word' id='word_1_196' title='bbox 382 2065 583 2096; x_wconf 79' lang='lat' dir='ltr'><strong>rubefactus:</strong></span> <span class='ocrx_word' id='word_1_197' title='bbox 620 2064 714 2095; x_wconf 90' lang='lat' dir='ltr'><strong>Ovid.</strong></span> <span class='ocrx_word' id='word_1_198' title='bbox 746 2065 830 2095; x_wconf 82' lang='lat' dir='ltr'><strong>Fast.</strong></span> <span class='ocrx_word' id='word_1_199' title='bbox 854 2065 875 2100; x_wconf 85' lang='lat' dir='ltr'><strong>i,</strong></span> <span class='ocrx_word' id='word_1_200' title='bbox 908 2066 983 2100; x_wconf 85' lang='lat'><strong>415,</strong></span> <span class='ocrx_word' id='word_1_201' title='bbox 1014 2067 1055 2096; x_wconf 79' lang='lat' dir='ltr'><strong>At</strong></span> 
     </span>
     <span class='ocr_line' id='line_1_37' title="bbox 324 2108 993 2146; baseline 0 -9"><span class='ocrx_word' id='word_1_202' title='bbox 324 2109 415 2137; x_wconf 84' lang='lat' dir='ltr'><strong>ruber</strong></span> <span class='ocrx_word' id='word_1_203' title='bbox 431 2108 579 2137; x_wconf 80' lang='lat' dir='ltr'><strong>hortorum</strong></span> <span class='ocrx_word' id='word_1_204' title='bbox 597 2108 666 2136; x_wconf 64' lang='lat' dir='ltr'><strong>(leus</strong></span> <span class='ocrx_word' id='word_1_205' title='bbox 680 2113 707 2136; x_wconf 79' lang='lat' dir='ltr'><strong>et</strong></span> <span class='ocrx_word' id='word_1_206' title='bbox 726 2108 832 2141; x_wconf 77' lang='lat' dir='ltr'><strong>tutela,</strong></span> <span class='ocrx_word' id='word_1_207' title='bbox 853 2108 993 2146; x_wconf 78' lang='lat' dir='ltr'><strong>Priapus.</strong></span> 
     </span>
    </p>

    <p class='ocr_par' dir='ltr' id='par_1_12' title="bbox 324 2147 1054 2273">
     <span class='ocr_line' id='line_1_38' title="bbox 366 2147 1054 2187; baseline -0.003 -8"><span class='ocrx_word' id='word_1_208' title='bbox 366 2149 397 2179; x_wconf 90' lang='lat'><strong>6.</strong></span> <span class='ocrx_word' id='word_1_209' title='bbox 420 2147 710 2187; x_wconf 82' lang='lat' dir='ltr'><strong>Aruuda,intelligo</strong></span> <span class='ocrx_word' id='word_1_210' title='bbox 731 2158 875 2178; x_wconf 90' lang='lat' dir='ltr'><strong>coronam</strong></span> <span class='ocrx_word' id='word_1_211' title='bbox 898 2157 935 2178; x_wconf 83' lang='lat' dir='ltr'><strong>ex</strong></span> <span class='ocrx_word' id='word_1_212' title='bbox 962 2158 1054 2178; x_wconf 85' lang='lat' dir='ltr'><strong>arun-</strong></span> 
     </span>
     <span class='ocr_line' id='line_1_39' title="bbox 324 2189 1054 2231; baseline 0 -11"><span class='ocrx_word' id='word_1_213' title='bbox 324 2190 410 2225; x_wconf 82' lang='lat' dir='ltr'><strong>dine,</strong></span> <span class='ocrx_word' id='word_1_214' title='bbox 443 2190 625 2221; x_wconf 83' lang='lat' dir='ltr'><strong>fasciculum</strong></span> <span class='ocrx_word' id='word_1_215' title='bbox 658 2189 828 2225; x_wconf 75' lang='lat' dir='ltr'><strong>arundinis,</strong></span> <span class='ocrx_word' id='word_1_216' title='bbox 863 2199 933 2231; x_wconf 84' lang='lat' dir='ltr'><strong>quae</strong></span> <span class='ocrx_word' id='word_1_217' title='bbox 963 2196 1054 2221; x_wconf 85' lang='lat' dir='ltr'><strong>vento</strong></span> 
     </span>
     <span class='ocr_line' id='line_1_40' title="bbox 326 2231 755 2273; baseline 0 -11"><span class='ocrx_word' id='word_1_218' title='bbox 326 2232 442 2273; x_wconf 86' lang='lat' dir='ltr'><strong>agitata</strong></span> <span class='ocrx_word' id='word_1_219' title='bbox 456 2238 559 2273; x_wconf 82' lang='lat' dir='ltr'><strong>crepat</strong></span> <span class='ocrx_word' id='word_1_220' title='bbox 574 2231 755 2272; x_wconf 80' lang='lat' dir='ltr'><strong>strepitque.</strong></span> 
     </span>
    </p>

    <p class='ocr_par' dir='ltr' id='par_1_13' title="bbox 369 2272 1057 2312">
     <span class='ocr_line' id='line_1_41' title="bbox 369 2272 1057 2312; baseline -0.003 -8"><span class='ocrx_word' id='word_1_221' title='bbox 369 2275 402 2304; x_wconf 89' lang='grc'><strong>7.</strong></span> <span class='ocrx_word' id='word_1_222' title='bbox 427 2274 518 2304; x_wconf 73' lang='lat' dir='ltr'><strong>Novis</strong></span> <span class='ocrx_word' id='word_1_223' title='bbox 534 2276 563 2303; x_wconf 79' lang='lat' dir='ltr'><strong>in</strong></span> <span class='ocrx_word' id='word_1_224' title='bbox 580 2275 688 2303; x_wconf 73' lang='lat' dir='ltr'><strong>hortis.-</strong></span> <span class='ocrx_word' id='word_1_225' title='bbox 711 2272 819 2303; x_wconf 86' lang='lat' dir='ltr'><strong>Schol.</strong></span> <span class='ocrx_word' id='word_1_226' title='bbox 835 2273 944 2312; x_wconf 87' lang='lat' dir='ltr'><strong>Cruq.,</strong></span> <span class='ocrx_word' id='word_1_227' title='bbox 962 2283 1057 2311; x_wconf 80' lang='lat' dir='ltr'><strong>nuper</strong></span> 
     </span>
    </p>
   </div>
   <div class='ocr_carea' id='block_1_7' title="bbox 1092 1352 1826 1770">
    <p class='ocr_par' dir='ltr' id='par_1_14' title="bbox 1092 1352 1826 1598">
     <span class='ocr_line' id='line_1_42' title="bbox 1136 1352 1823 1395; baseline 0.003 -11"><span class='ocrx_word' id='word_1_228' title='bbox 1136 1355 1186 1384; x_wconf 87' lang='lat'><strong>10.</strong></span> <span class='ocrx_word' id='word_1_229' title='bbox 1218 1354 1334 1390; x_wconf 78' lang='lat' dir='ltr'><strong>Stabat,</strong></span> <span class='ocrx_word' id='word_1_230' title='bbox 1364 1352 1550 1384; x_wconf 79' lang='lat' dir='ltr'><strong>destinatum</strong></span> <span class='ocrx_word' id='word_1_231' title='bbox 1580 1356 1656 1390; x_wconf 82' lang='lat' dir='ltr'><strong>erat,</strong></span> <span class='ocrx_word' id='word_1_232' title='bbox 1684 1353 1823 1395; x_wconf 80' lang='lat' dir='ltr'><strong>patebat.</strong></span> 
     </span>
     <span class='ocr_line' id='line_1_43' title="bbox 1094 1394 1823 1434; baseline 0 -8"><span class='ocrx_word' id='word_1_233' title='bbox 1094 1397 1252 1426; x_wconf 74' lang='lat' dir='ltr'><strong>Commune</strong></span> <span class='ocrx_word' id='word_1_234' title='bbox 1267 1397 1447 1434; x_wconf 77' lang='lat' dir='ltr'><strong>sepulcrum,</strong></span> <span class='ocrx_word' id='word_1_235' title='bbox 1465 1395 1565 1430; x_wconf 85' lang='lat' dir='ltr'><strong>locus,</strong></span> <span class='ocrx_word' id='word_1_236' title='bbox 1581 1394 1636 1426; x_wconf 88' lang='lat' dir='ltr'><strong>ubi</strong></span> <span class='ocrx_word' id='word_1_237' title='bbox 1655 1395 1752 1426; x_wconf 84' lang='lat' dir='ltr'><strong>infimi</strong></span> <span class='ocrx_word' id='word_1_238' title='bbox 1773 1406 1823 1426; x_wconf 87' lang='lat' dir='ltr'><strong>or-</strong></span> 
     </span>
     <span class='ocr_line' id='line_1_44' title="bbox 1092 1436 1824 1478; baseline 0 -10"><span class='ocrx_word' id='word_1_239' title='bbox 1092 1437 1173 1468; x_wconf 84' lang='lat' dir='ltr'><strong>dinis</strong></span> <span class='ocrx_word' id='word_1_240' title='bbox 1201 1438 1341 1468; x_wconf 87' lang='lat' dir='ltr'><strong>homines</strong></span> <span class='ocrx_word' id='word_1_241' title='bbox 1361 1436 1566 1467; x_wconf 80' lang='lat' dir='ltr'><strong>communiter</strong></span> <span class='ocrx_word' id='word_1_242' title='bbox 1585 1437 1824 1478; x_wconf 79' lang='lat' dir='ltr'><strong>sepeliebantur,</strong></span> 
     </span>
     <span class='ocr_line' id='line_1_45' title="bbox 1092 1478 1826 1520; baseline 0 -10"><span class='ocrx_word' id='word_1_243' title='bbox 1092 1480 1314 1520; x_wconf 83' lang='lat' dir='ltr'><strong>sepulcretum.</strong></span> <span class='ocrx_word' id='word_1_244' title='bbox 1380 1479 1525 1510; x_wconf 75' lang='lat' dir='ltr'><strong>Catullus</strong></span> <span class='ocrx_word' id='word_1_245' title='bbox 1571 1478 1689 1518; x_wconf 75' lang='lat' dir='ltr'><strong>Trqy‘am</strong></span> <span class='ocrx_word' id='word_1_246' title='bbox 1733 1486 1826 1510; x_wconf 83' lang='lat' dir='ltr'><strong>vocat</strong></span> 
     </span>
     <span class='ocr_line' id='line_1_46' title="bbox 1095 1521 1823 1561; baseline 0.001 -10"><span class='ocrx_word' id='word_1_247' title='bbox 1095 1523 1170 1551; x_wconf 77' lang='lat' dir='ltr'><strong>Asiae</strong></span> <span class='ocrx_word' id='word_1_248' title='bbox 1223 1522 1410 1561; x_wconf 74' lang='lat' dir='ltr'><strong>Europaeque.</strong></span> <span class='ocrx_word' id='word_1_249' title='bbox 1450 1531 1600 1551; x_wconf 77' lang='lat' dir='ltr'><strong>commune</strong></span> <span class='ocrx_word' id='word_1_250' title='bbox 1643 1521 1823 1560; x_wconf 62' lang='lat' dir='ltr'><strong>sepulcrum,</strong></span> 
     </span>
     <span class='ocr_line' id='line_1_47' title="bbox 1095 1563 1262 1598; baseline -0.006 -4"><span class='ocrx_word' id='word_1_251' title='bbox 1095 1563 1194 1598; x_wconf 84' lang='lat' dir='ltr'><strong>lxviii,</strong></span> <span class='ocrx_word' id='word_1_252' title='bbox 1210 1565 1262 1593; x_wconf 86' lang='lat'><strong>89.</strong></span> 
     </span>
    </p>

    <p class='ocr_par' dir='ltr' id='par_1_15' title="bbox 1094 1603 1826 1770">
     <span class='ocr_line' id='line_1_48' title="bbox 1142 1603 1825 1645; baseline 0 -11"><span class='ocrx_word' id='word_1_253' title='bbox 1142 1606 1173 1634; x_wconf 92' lang='lat' dir='ltr'><strong>ll</strong></span> <span class='ocrx_word' id='word_1_254' title='bbox 1185 1627 1192 1634; x_wconf 91' lang='lat'><strong>.</strong></span> <span class='ocrx_word' id='word_1_255' title='bbox 1214 1605 1376 1634; x_wconf 74' lang='lat' dir='ltr'><strong>Pantolabo</strong></span> <span class='ocrx_word' id='word_1_256' title='bbox 1387 1614 1507 1639; x_wconf 78' lang='lat' dir='ltr'><strong>scurrae,</strong></span> <span class='ocrx_word' id='word_1_257' title='bbox 1525 1603 1763 1645; x_wconf 73' lang='lat' dir='ltr'><strong>Nomentanoque</strong></span> <span class='ocrx_word' id='word_1_258' title='bbox 1774 1614 1825 1634; x_wconf 81' lang='lat' dir='ltr'><strong>ne-</strong></span> 
     </span>
     <span class='ocr_line' id='line_1_49' title="bbox 1096 1645 1824 1687; baseline 0 -11"><span class='ocrx_word' id='word_1_259' title='bbox 1096 1648 1168 1686; x_wconf 76' lang='lat' dir='ltr'><strong>poti,</strong></span> <span class='ocrx_word' id='word_1_260' title='bbox 1179 1646 1228 1676; x_wconf 86' lang='lat' dir='ltr'><strong>vel</strong></span> <span class='ocrx_word' id='word_1_261' title='bbox 1243 1645 1430 1680; x_wconf 85' lang='lat' dir='ltr'><strong>hominibus,</strong></span> <span class='ocrx_word' id='word_1_262' title='bbox 1443 1645 1545 1687; x_wconf 83' lang='lat' dir='ltr'><strong>qualis</strong></span> <span class='ocrx_word' id='word_1_263' title='bbox 1561 1651 1607 1676; x_wconf 84' lang='lat' dir='ltr'><strong>est</strong></span> <span class='ocrx_word' id='word_1_264' title='bbox 1621 1655 1726 1676; x_wconf 79' lang='lat' dir='ltr'><strong>scurra</strong></span> <span class='ocrx_word' id='word_1_265' title='bbox 1743 1647 1824 1676; x_wconf 82' lang='lat' dir='ltr'><strong>Pan·</strong></span> 
     </span>
     <span class='ocr_line' id='line_1_50' title="bbox 1094 1688 1826 1729; baseline 0 -10"><span class='ocrx_word' id='word_1_266' title='bbox 1094 1688 1217 1719; x_wconf 85' lang='lat' dir='ltr'><strong>tolabus</strong></span> <span class='ocrx_word' id='word_1_267' title='bbox 1245 1693 1275 1719; x_wconf 87' lang='lat' dir='ltr'><strong>et</strong></span> <span class='ocrx_word' id='word_1_268' title='bbox 1304 1689 1522 1718; x_wconf 77' lang='lat' dir='ltr'><strong>Nomentanus</strong></span> <span class='ocrx_word' id='word_1_269' title='bbox 1551 1697 1664 1729; x_wconf 77' lang='lat' dir='ltr'><strong>nepos3</strong></span> <span class='ocrx_word' id='word_1_270' title='bbox 1697 1693 1826 1729; x_wconf 82' lang='lat' dir='ltr'><strong>uterque</strong></span> 
     </span>
     <span class='ocr_line' id='line_1_51' title="bbox 1095 1729 1825 1770; baseline -0.001 -9"><span class='ocrx_word' id='word_1_271' title='bbox 1095 1730 1177 1761; x_wconf 88' lang='lat' dir='ltr'><strong>enim</strong></span> <span class='ocrx_word' id='word_1_272' title='bbox 1202 1735 1267 1760; x_wconf 82' lang='lat' dir='ltr'><strong>tum</strong></span> <span class='ocrx_word' id='word_1_273' title='bbox 1297 1730 1399 1760; x_wconf 87' lang='lat' dir='ltr'><strong>adhuc</strong></span> <span class='ocrx_word' id='word_1_274' title='bbox 1424 1729 1558 1764; x_wconf 82' lang='lat' dir='ltr'><strong>vivebat,</strong></span> <span class='ocrx_word' id='word_1_275' title='bbox 1581 1735 1618 1759; x_wconf 82' lang='lat' dir='ltr'><strong>ut</strong></span> <span class='ocrx_word' id='word_1_276' title='bbox 1638 1734 1765 1770; x_wconf 77' lang='lat' dir='ltr'><strong>apparet</strong></span> <span class='ocrx_word' id='word_1_277' title='bbox 1785 1739 1825 1760; x_wconf 84' lang='lat' dir='ltr'><strong>ex</strong></span> 
     </span>
    </p>
   </div>
   <div class='ocr_carea' id='block_1_8' title="bbox 1098 1770 1904 1808">
    <p class='ocr_par' dir='ltr' id='par_1_16' title="bbox 1098 1770 1904 1808">
     <span class='ocr_line' id='line_1_52' title="bbox 1098 1770 1904 1808; baseline 0 -6"><span class='ocrx_word' id='word_1_278' title='bbox 1098 1773 1161 1802; x_wconf 83' lang='lat' dir='ltr'><strong>Sat.</strong></span> <span class='ocrx_word' id='word_1_279' title='bbox 1179 1770 1213 1806; x_wconf 88' lang='lat' dir='ltr'><strong>ii,</strong></span> <span class='ocrx_word' id='word_1_280' title='bbox 1237 1773 1264 1808; x_wconf 87' lang='lat'><strong>1,</strong></span> <span class='ocrx_word' id='word_1_281' title='bbox 1286 1773 1334 1802; x_wconf 88' lang='grc'><strong>19.</strong></span> <span class='ocrx_word' id='word_1_282' title='bbox 1379 1772 1429 1802; x_wconf 84' lang='lat' dir='ltr'><strong>De</strong></span> <span class='ocrx_word' id='word_1_283' title='bbox 1447 1771 1612 1801; x_wconf 76' lang='lat' dir='ltr'><strong>Pantolabo</strong></span> <span class='ocrx_word' id='word_1_284' title='bbox 1625 1771 1732 1802; x_wconf 85' lang='lat' dir='ltr'><strong>Schol.</strong></span> <span class='ocrx_word' id='word_1_285' title='bbox 1750 1771 1825 1802; x_wconf 83' lang='lat' dir='ltr'><strong>Aer.</strong></span> <span class='ocrx_word' id='word_1_286' title='bbox 1846 1802 1852 1806; x_wconf 67' lang='grc'><strong>,</strong></span> <span class='ocrx_word' id='word_1_287' title='bbox 1900 1796 1904 1802; x_wconf 97' lang='grc'><strong>.</strong></span> 
     </span>
    </p>
   </div>
   <div class='ocr_carea' id='block_1_9' title="bbox 1097 1813 1828 2314">
    <p class='ocr_par' dir='ltr' id='par_1_17' title="bbox 1097 1813 1828 2314">
     <span class='ocr_line' id='line_1_53' title="bbox 1097 1813 1823 1855; baseline -0.001 -11"><span class='ocrx_word' id='word_1_288' title='bbox 1097 1820 1128 1844; x_wconf 90' lang='lat' dir='ltr'><strong>et</strong></span> <span class='ocrx_word' id='word_1_289' title='bbox 1150 1814 1276 1855; x_wconf 81' lang='lat' dir='ltr'><strong>Porph.,</strong></span> <span class='ocrx_word' id='word_1_290' title='bbox 1300 1814 1371 1843; x_wconf 81' lang='lat' dir='ltr'><strong>Fuit</strong></span> <span class='ocrx_word' id='word_1_291' title='bbox 1395 1813 1524 1844; x_wconf 80' lang='lat' dir='ltr'><strong>Mallius</strong></span> <span class='ocrx_word' id='word_1_292' title='bbox 1546 1813 1642 1843; x_wconf 81' lang='lat' dir='ltr'><strong>Verna</strong></span> <span class='ocrx_word' id='word_1_293' title='bbox 1662 1818 1747 1844; x_wconf 78' lang='lat' dir='ltr'><strong>trans</strong></span> <span class='ocrx_word' id='word_1_294' title='bbox 1771 1813 1823 1843; x_wconf 81' lang='grc' dir='ltr'><strong>Τι’-</strong></span> 
     </span>
     <span class='ocr_line' id='line_1_54' title="bbox 1098 1857 1826 1897; baseline 0 -11"><span class='ocrx_word' id='word_1_295' title='bbox 1098 1857 1187 1886; x_wconf 80' lang='lat' dir='ltr'><strong>berim</strong></span> <span class='ocrx_word' id='word_1_296' title='bbox 1209 1857 1345 1897; x_wconf 79' lang='lat' dir='ltr'><strong>ingenuis</strong></span> <span class='ocrx_word' id='word_1_297' title='bbox 1359 1857 1530 1894; x_wconf 77' lang='lat' dir='ltr'><strong>parentibus</strong></span> <span class='ocrx_word' id='word_1_298' title='bbox 1552 1861 1652 1891; x_wconf 75' lang='lat' dir='ltr'><strong>natas,</strong></span> <span class='ocrx_word' id='word_1_299' title='bbox 1670 1858 1733 1895; x_wconf 79' lang='lat' dir='ltr'><strong>qui,</strong></span> <span class='ocrx_word' id='word_1_300' title='bbox 1754 1857 1826 1895; x_wconf 78' lang='lat' dir='ltr'><strong>quia</strong></span> 
     </span>
     <span class='ocr_line' id='line_1_55' title="bbox 1097 1897 1824 1937; baseline -0.001 -9"><span class='ocrx_word' id='word_1_301' title='bbox 1097 1911 1115 1928; x_wconf 86' lang='lat' dir='ltr'><strong>a</strong></span> <span class='ocrx_word' id='word_1_302' title='bbox 1139 1900 1240 1928; x_wconf 78' lang='lat' dir='ltr'><strong>multis</strong></span> <span class='ocrx_word' id='word_1_303' title='bbox 1261 1899 1416 1937; x_wconf 78' lang='lat' dir='ltr'><strong>pecaniam</strong></span> <span class='ocrx_word' id='word_1_304' title='bbox 1439 1903 1575 1927; x_wconf 74' lang='lat' dir='ltr'><strong>mutuam</strong></span> <span class='ocrx_word' id='word_1_305' title='bbox 1587 1897 1724 1937; x_wconf 74' lang='lat' dir='ltr'><strong>rogabat,</strong></span> <span class='ocrx_word' id='word_1_306' title='bbox 1739 1897 1824 1928; x_wconf 82' lang='lat' dir='ltr'><strong>Pan-</strong></span> 
     </span>
     <span class='ocr_line' id='line_1_56' title="bbox 1098 1938 1826 1980; baseline -0.001 -10"><span class='ocrx_word' id='word_1_307' title='bbox 1098 1941 1210 1970; x_wconf 68' lang='lat' dir='ltr'><strong>sclabus</strong></span> <span class='ocrx_word' id='word_1_308' title='bbox 1241 1946 1281 1970; x_wconf 80' lang='lat' dir='ltr'><strong>est</strong></span> <span class='ocrx_word' id='word_1_309' title='bbox 1314 1941 1545 1980; x_wconf 80' lang='lat' dir='ltr'><strong>cognominatus.</strong></span> <span class='ocrx_word' id='word_1_310' title='bbox 1605 1938 1826 1970; x_wconf 73' lang='lat' dir='ltr'><strong>Nomentanum</strong></span> 
     </span>
     <span class='ocr_line' id='line_1_57' title="bbox 1098 1979 1825 2022; baseline -0.001 -10"><span class='ocrx_word' id='word_1_311' title='bbox 1098 1982 1246 2012; x_wconf 84' lang='lat' dir='ltr'><strong>Horatius</strong></span> <span class='ocrx_word' id='word_1_312' title='bbox 1262 1981 1328 2022; x_wconf 85' lang='lat' dir='ltr'><strong>jaru</strong></span> <span class='ocrx_word' id='word_1_313' title='bbox 1350 1991 1422 2022; x_wconf 86' lang='lat' dir='ltr'><strong>sup.</strong></span> <span class='ocrx_word' id='word_1_314' title='bbox 1440 1981 1504 2011; x_wconf 85' lang='lat' dir='ltr'><strong>Sat.</strong></span> <span class='ocrx_word' id='word_1_315' title='bbox 1519 1979 1541 2015; x_wconf 86' lang='lat' dir='ltr'><strong>i,</strong></span> <span class='ocrx_word' id='word_1_316' title='bbox 1559 1981 1589 2015; x_wconf 88' lang='lat'><strong>1,</strong></span> <span class='ocrx_word' id='word_1_317' title='bbox 1609 1980 1680 2016; x_wconf 82' lang='lat'><strong>105,</strong></span> <span class='ocrx_word' id='word_1_318' title='bbox 1699 1990 1825 2020; x_wconf 80' lang='lat' dir='ltr'><strong>vappam</strong></span> 
     </span>
     <span class='ocr_line' id='line_1_58' title="bbox 1098 2021 1826 2064; baseline -0.001 -10"><span class='ocrx_word' id='word_1_319' title='bbox 1098 2031 1125 2054; x_wconf 75' lang='lat' dir='ltr'><strong>et</strong></span> <span class='ocrx_word' id='word_1_320' title='bbox 1142 2025 1314 2054; x_wconf 76' lang='lat' dir='ltr'><strong>nebulonem</strong></span> <span class='ocrx_word' id='word_1_321' title='bbox 1335 2021 1522 2064; x_wconf 77' lang='lat' dir='ltr'><strong>appellavit3</strong></span> <span class='ocrx_word' id='word_1_322' title='bbox 1547 2028 1673 2062; x_wconf 78' lang='lat' dir='ltr'><strong>nepotem</strong></span> <span class='ocrx_word' id='word_1_323' title='bbox 1692 2022 1826 2054; x_wconf 80' lang='lat' dir='ltr'><strong>eundem</strong></span> 
     </span>
     <span class='ocr_line' id='line_1_59' title="bbox 1098 2063 1777 2102; baseline 0.001 -7"><span class='ocrx_word' id='word_1_324' title='bbox 1098 2071 1188 2095; x_wconf 85' lang='lat' dir='ltr'><strong>vocat</strong></span> <span class='ocrx_word' id='word_1_325' title='bbox 1203 2065 1260 2095; x_wconf 88' lang='lat' dir='ltr'><strong>inf.</strong></span> <span class='ocrx_word' id='word_1_326' title='bbox 1278 2067 1343 2095; x_wconf 86' lang='lat' dir='ltr'><strong>Sat.</strong></span> <span class='ocrx_word' id='word_1_327' title='bbox 1360 2065 1393 2100; x_wconf 92' lang='lat' dir='ltr'><strong>ii,</strong></span> <span class='ocrx_word' id='word_1_328' title='bbox 1412 2066 1440 2102; x_wconf 90' lang='lat'><strong>1,</strong></span> <span class='ocrx_word' id='word_1_329' title='bbox 1455 2065 1508 2099; x_wconf 79' lang='lat'><strong>22,</strong></span> <span class='ocrx_word' id='word_1_330' title='bbox 1522 2065 1587 2094; x_wconf 86' lang='lat' dir='ltr'><strong>Sat.</strong></span> <span class='ocrx_word' id='word_1_331' title='bbox 1602 2063 1636 2099; x_wconf 86' lang='lat' dir='ltr'><strong>ii,</strong></span> <span class='ocrx_word' id='word_1_332' title='bbox 1655 2065 1686 2100; x_wconf 85' lang='lat'><strong>3,</strong></span> <span class='ocrx_word' id='word_1_333' title='bbox 1701 2065 1777 2096; x_wconf 80' lang='lat'><strong>224.</strong></span> 
     </span>
     <span class='ocr_line' id='line_1_60' title="bbox 1146 2105 1826 2145; baseline 0.001 -9"><span class='ocrx_word' id='word_1_334' title='bbox 1146 2108 1194 2143; x_wconf 84' lang='lat'><strong>12,</strong></span> <span class='ocrx_word' id='word_1_335' title='bbox 1210 2108 1259 2138; x_wconf 89' lang='lat'><strong>13.</strong></span> <span class='ocrx_word' id='word_1_336' title='bbox 1283 2108 1421 2137; x_wconf 76' lang='lat' dir='ltr'><strong>Sensus:</strong></span> <span class='ocrx_word' id='word_1_337' title='bbox 1454 2106 1514 2136; x_wconf 82' lang='lat' dir='ltr'><strong>Hic</strong></span> <span class='ocrx_word' id='word_1_338' title='bbox 1537 2105 1586 2145; x_wconf 92' lang='lat' dir='ltr'><strong>(in</strong></span> <span class='ocrx_word' id='word_1_339' title='bbox 1609 2105 1667 2137; x_wconf 85' lang='lat' dir='ltr'><strong>hoc</strong></span> <span class='ocrx_word' id='word_1_340' title='bbox 1689 2105 1770 2142; x_wconf 88' lang='lat' dir='ltr'><strong>loco,</strong></span> <span class='ocrx_word' id='word_1_341' title='bbox 1793 2105 1826 2137; x_wconf 87' lang='lat' dir='ltr'><strong>in</strong></span> 
     </span>
     <span class='ocr_line' id='line_1_61' title="bbox 1099 2146 1827 2189; baseline 0 -11"><span class='ocrx_word' id='word_1_342' title='bbox 1099 2148 1266 2189; x_wconf 87' lang='lat' dir='ltr'><strong>Esquiliis)</strong></span> <span class='ocrx_word' id='word_1_343' title='bbox 1282 2150 1384 2188; x_wconf 69' lang='lat' dir='ltr'><strong>cilpus</strong></span> <span class='ocrx_word' id='word_1_344' title='bbox 1399 2146 1602 2189; x_wconf 85' lang='lat' dir='ltr'><strong>(columella)</strong></span> <span class='ocrx_word' id='word_1_345' title='bbox 1622 2148 1713 2179; x_wconf 81' lang='lat' dir='ltr'><strong>dabat</strong></span> <span class='ocrx_word' id='word_1_346' title='bbox 1734 2153 1827 2187; x_wconf 87' lang='lat' dir='ltr'><strong>(con-</strong></span> 
     </span>
     <span class='ocr_line' id='line_1_62' title="bbox 1097 2189 1827 2230; baseline 0 -10"><span class='ocrx_word' id='word_1_347' title='bbox 1097 2190 1236 2225; x_wconf 82' lang='lat' dir='ltr'><strong>cedebat,</strong></span> <span class='ocrx_word' id='word_1_348' title='bbox 1273 2189 1456 2230; x_wconf 81' lang='lat' dir='ltr'><strong>designabat</strong></span> <span class='ocrx_word' id='word_1_349' title='bbox 1492 2189 1624 2230; x_wconf 85' lang='lat' dir='ltr'><strong>spatium</strong></span> <span class='ocrx_word' id='word_1_350' title='bbox 1658 2189 1736 2229; x_wconf 82' lang='lat' dir='ltr'><strong>agri,</strong></span> <span class='ocrx_word' id='word_1_351' title='bbox 1771 2189 1827 2230; x_wconf 90' lang='lat' dir='ltr'><strong>qui</strong></span> 
     </span>
     <span class='ocr_line' id='line_1_63' title="bbox 1098 2230 1826 2272; baseline 0.001 -11"><span class='ocrx_word' id='word_1_352' title='bbox 1098 2241 1186 2261; x_wconf 86' lang='lat' dir='ltr'><strong>sacer</strong></span> <span class='ocrx_word' id='word_1_353' title='bbox 1203 2237 1284 2262; x_wconf 84' lang='lat' dir='ltr'><strong>esset</strong></span> <span class='ocrx_word' id='word_1_354' title='bbox 1305 2230 1461 2261; x_wconf 89' lang='lat' dir='ltr'><strong>communi</strong></span> <span class='ocrx_word' id='word_1_355' title='bbox 1484 2230 1666 2271; x_wconf 86' lang='lat' dir='ltr'><strong>sepulcreto,</strong></span> <span class='ocrx_word' id='word_1_356' title='bbox 1689 2230 1732 2262; x_wconf 85' lang='lat' dir='ltr'><strong>ita</strong></span> <span class='ocrx_word' id='word_1_357' title='bbox 1755 2232 1826 2272; x_wconf 89' lang='lat' dir='ltr'><strong>qui-</strong></span> 
     </span>
     <span class='ocr_line' id='line_1_64' title="bbox 1098 2272 1828 2314; baseline 0.001 -11"><span class='ocrx_word' id='word_1_358' title='bbox 1098 2272 1180 2307; x_wconf 87' lang='lat' dir='ltr'><strong>dem,</strong></span> <span class='ocrx_word' id='word_1_359' title='bbox 1199 2278 1232 2303; x_wconf 85' lang='lat' dir='ltr'><strong>ut</strong></span> <span class='ocrx_word' id='word_1_360' title='bbox 1246 2272 1322 2303; x_wconf 89' lang='lat' dir='ltr'><strong>illud</strong></span> <span class='ocrx_word' id='word_1_361' title='bbox 1338 2272 1470 2314; x_wconf 80' lang='lat' dir='ltr'><strong>spatium</strong></span> <span class='ocrx_word' id='word_1_362' title='bbox 1485 2272 1524 2302; x_wconf 89' lang='lat' dir='ltr'><strong>ab</strong></span> <span class='ocrx_word' id='word_1_363' title='bbox 1539 2277 1665 2303; x_wconf 81' lang='lat' dir='ltr'><strong>externa</strong></span> <span class='ocrx_word' id='word_1_364' title='bbox 1678 2274 1780 2313; x_wconf 86' lang='lat' dir='ltr'><strong>parte)</strong></span> <span class='ocrx_word' id='word_1_365' title='bbox 1793 2274 1828 2304; x_wconf 70' lang='lat' dir='ltr'><strong>in</strong></span> 
     </span>
    </p>
   </div>
   <div class='ocr_carea' id='block_1_10' title="bbox 325 2314 1825 2356">
    <p class='ocr_par' dir='ltr' id='par_1_18' title="bbox 325 2314 1825 2356">
     <span class='ocr_line' id='line_1_65' title="bbox 325 2314 1825 2356; baseline -0.001 -10"><span class='ocrx_word' id='word_1_366' title='bbox 325 2328 344 2346; x_wconf 83' lang='lat' dir='ltr'><strong>a</strong></span> <span class='ocrx_word' id='word_1_367' title='bbox 374 2316 536 2346; x_wconf 68' lang='lat' dir='ltr'><strong>Maecenate</strong></span> <span class='ocrx_word' id='word_1_368' title='bbox 565 2316 725 2345; x_wconf 76' lang='lat' dir='ltr'><strong>institutis.</strong></span> <span class='ocrx_word' id='word_1_369' title='bbox 770 2316 867 2344; x_wconf 80' lang='lat' dir='ltr'><strong>Antea</strong></span> <span class='ocrx_word' id='word_1_370' title='bbox 898 2315 1058 2354; x_wconf 74' lang='lat' dir='ltr'><strong>Esquilina</strong></span> <span class='ocrx_word' id='word_1_371' title='bbox 1089 2315 1198 2356; x_wconf 78' lang='lat' dir='ltr'><strong>fronte</strong></span> <span class='ocrx_word' id='word_1_372' title='bbox 1228 2316 1313 2356; x_wconf 88' lang='lat' dir='ltr'><strong>(nos,</strong></span> <span class='ocrx_word' id='word_1_373' title='bbox 1342 2316 1373 2344; x_wconf 83' lang='lat' dir='ltr'><strong>in</strong></span> <span class='ocrx_word' id='word_1_374' title='bbox 1398 2316 1450 2344; x_wconf 78' lang='lat' dir='ltr'><strong>der</strong></span> <span class='ocrx_word' id='word_1_375' title='bbox 1478 2314 1596 2353; x_wconf 74' lang='lat' dir='ltr'><strong>Breite)</strong></span> <span class='ocrx_word' id='word_1_376' title='bbox 1621 2315 1704 2344; x_wconf 78' lang='lat' dir='ltr'><strong>mille</strong></span> <span class='ocrx_word' id='word_1_377' title='bbox 1726 2317 1825 2354; x_wconf 81' lang='lat' dir='ltr'><strong>pedes,</strong></span> 
     </span>
    </p>
   </div>
   <div class='ocr_carea' id='block_1_11' title="bbox 324 2358 1056 2986">
    <p class='ocr_par' dir='ltr' id='par_1_19' title="bbox 325 2358 1056 2515">
     <span class='ocr_line' id='line_1_66' title="bbox 325 2358 1054 2399; baseline -0.003 -11"><span class='ocrx_word' id='word_1_378' title='bbox 325 2360 408 2399; x_wconf 82' lang='lat' dir='ltr'><strong>regio</strong></span> <span class='ocrx_word' id='word_1_379' title='bbox 420 2358 563 2398; x_wconf 77' lang='lat' dir='ltr'><strong>sepulcris</strong></span> <span class='ocrx_word' id='word_1_380' title='bbox 585 2368 733 2387; x_wconf 71' lang='lat' dir='ltr'><strong>serrorum</strong></span> <span class='ocrx_word' id='word_1_381' title='bbox 753 2363 780 2387; x_wconf 83' lang='lat' dir='ltr'><strong>et</strong></span> <span class='ocrx_word' id='word_1_382' title='bbox 801 2359 971 2387; x_wconf 63' lang='lat' dir='ltr'><strong>miserorum</strong></span> <span class='ocrx_word' id='word_1_383' title='bbox 990 2363 1054 2386; x_wconf 77' lang='lat' dir='ltr'><strong>erat</strong></span> 
     </span>
     <span class='ocr_line' id='line_1_67' title="bbox 325 2399 1056 2436; baseline -0.001 -6"><span class='ocrx_word' id='word_1_384' title='bbox 325 2401 485 2436; x_wconf 75' lang='lat' dir='ltr'><strong>dedicata5</strong></span> <span class='ocrx_word' id='word_1_385' title='bbox 532 2399 678 2429; x_wconf 66' lang='lat' dir='ltr'><strong>Maecenas</strong></span> <span class='ocrx_word' id='word_1_386' title='bbox 721 2404 831 2433; x_wconf 79' lang='lat' dir='ltr'><strong>autem,</strong></span> <span class='ocrx_word' id='word_1_387' title='bbox 869 2400 1056 2429; x_wconf 78' lang='lat' dir='ltr'><strong>considerans</strong></span> 
     </span>
     <span class='ocr_line' id='line_1_68' title="bbox 325 2441 1054 2478; baseline -0.004 -6"><span class='ocrx_word' id='word_1_388' title='bbox 325 2444 402 2472; x_wconf 62' lang='lat' dir='ltr'><strong>aevis</strong></span> <span class='ocrx_word' id='word_1_389' title='bbox 427 2442 643 2478; x_wconf 80' lang='lat' dir='ltr'><strong>salubritatem,</strong></span> <span class='ocrx_word' id='word_1_390' title='bbox 674 2441 770 2470; x_wconf 74' lang='lat' dir='ltr'><strong>hortos</strong></span> <span class='ocrx_word' id='word_1_391' title='bbox 798 2451 828 2470; x_wconf 89' lang='lat' dir='ltr'><strong>eo</strong></span> <span class='ocrx_word' id='word_1_392' title='bbox 860 2441 920 2470; x_wconf 82' lang='lat' dir='ltr'><strong>laco</strong></span> <span class='ocrx_word' id='word_1_393' title='bbox 944 2442 1054 2470; x_wconf 78' lang='lat' dir='ltr'><strong>consti-</strong></span> 
     </span>
     <span class='ocr_line' id='line_1_69' title="bbox 328 2485 402 2515; baseline 0.014 -1"><span class='ocrx_word' id='word_1_394' title='bbox 328 2485 402 2515; x_wconf 72' lang='lat' dir='ltr'><strong>ruit.</strong></span> 
     </span>
    </p>

    <p class='ocr_par' dir='ltr' id='par_1_20' title="bbox 326 2522 1055 2766">
     <span class='ocr_line' id='line_1_70' title="bbox 368 2522 1055 2563; baseline -0.003 -8"><span class='ocrx_word' id='word_1_395' title='bbox 368 2527 400 2556; x_wconf 90' lang='lat'><strong>8.</strong></span> <span class='ocrx_word' id='word_1_396' title='bbox 431 2525 535 2559; x_wconf 83' lang='lat' dir='ltr'><strong>Prius,</strong></span> <span class='ocrx_word' id='word_1_397' title='bbox 563 2523 649 2559; x_wconf 88' lang='lat' dir='ltr'><strong>olim,</strong></span> <span class='ocrx_word' id='word_1_398' title='bbox 685 2528 852 2563; x_wconf 86' lang='lat' dir='ltr'><strong>antequam</strong></span> <span class='ocrx_word' id='word_1_399' title='bbox 880 2522 983 2553; x_wconf 84' lang='lat' dir='ltr'><strong>hortos</strong></span> <span class='ocrx_word' id='word_1_400' title='bbox 1013 2522 1055 2553; x_wconf 91' lang='lat' dir='ltr'><strong>ibi</strong></span> 
     </span>
     <span class='ocr_line' id='line_1_71' title="bbox 326 2564 1055 2605; baseline -0.005 -7"><span class='ocrx_word' id='word_1_401' title='bbox 326 2566 527 2598; x_wconf 83' lang='lat' dir='ltr'><strong>adornaverat</strong></span> <span class='ocrx_word' id='word_1_402' title='bbox 542 2566 723 2602; x_wconf 88' lang='lat' dir='ltr'><strong>Maecenas;</strong></span> <span class='ocrx_word' id='word_1_403' title='bbox 748 2567 851 2605; x_wconf 57' lang='lat' dir='ltr'><strong>effecta,</strong></span> <span class='ocrx_word' id='word_1_404' title='bbox 869 2564 1000 2605; x_wconf 79' lang='lat' dir='ltr'><strong>graviter</strong></span> <span class='ocrx_word' id='word_1_405' title='bbox 1016 2565 1055 2595; x_wconf 89' lang='lat' dir='ltr'><strong>ad</strong></span> 
     </span>
     <span class='ocr_line' id='line_1_72' title="bbox 327 2606 1054 2647; baseline -0.004 -8"><span class='ocrx_word' id='word_1_406' title='bbox 327 2609 470 2640; x_wconf 85' lang='lat' dir='ltr'><strong>miseram</strong></span> <span class='ocrx_word' id='word_1_407' title='bbox 495 2613 606 2638; x_wconf 84' lang='lat' dir='ltr'><strong>sortem</strong></span> <span class='ocrx_word' id='word_1_408' title='bbox 629 2606 866 2647; x_wconf 84' lang='lat' dir='ltr'><strong>designandam,</strong></span> <span class='ocrx_word' id='word_1_409' title='bbox 889 2616 952 2647; x_wconf 86' lang='lat' dir='ltr'><strong>qua</strong></span> <span class='ocrx_word' id='word_1_410' title='bbox 973 2612 1054 2637; x_wconf 85' lang='lat' dir='ltr'><strong>trac-</strong></span> 
     </span>
     <span class='ocr_line' id='line_1_73' title="bbox 326 2649 1055 2690; baseline -0.004 -9"><span class='ocrx_word' id='word_1_411' title='bbox 326 2651 470 2681; x_wconf 82' lang='lat' dir='ltr'><strong>tabantur</strong></span> <span class='ocrx_word' id='word_1_412' title='bbox 504 2649 582 2680; x_wconf 86' lang='lat' dir='ltr'><strong>servi</strong></span> <span class='ocrx_word' id='word_1_413' title='bbox 619 2649 668 2679; x_wconf 86' lang='lat' dir='ltr'><strong>vel</strong></span> <span class='ocrx_word' id='word_1_414' title='bbox 709 2659 861 2679; x_wconf 87' lang='lat' dir='ltr'><strong>servorum</strong></span> <span class='ocrx_word' id='word_1_415' title='bbox 908 2658 1055 2690; x_wconf 87' lang='lat' dir='ltr'><strong>corpora;</strong></span> 
     </span>
     <span class='ocr_line' id='line_1_74' title="bbox 326 2690 1055 2728; baseline -0.001 -5"><span class='ocrx_word' id='word_1_416' title='bbox 326 2693 421 2728; x_wconf 74' lang='lat' dir='ltr'><strong>cellis,</strong></span> <span class='ocrx_word' id='word_1_417' title='bbox 449 2693 489 2723; x_wconf 87' lang='lat' dir='ltr'><strong>de</strong></span> <span class='ocrx_word' id='word_1_418' title='bbox 521 2691 589 2722; x_wconf 88' lang='lat' dir='ltr'><strong>loco</strong></span> <span class='ocrx_word' id='word_1_419' title='bbox 618 2690 757 2726; x_wconf 86' lang='lat' dir='ltr'><strong>arctiore,</strong></span> <span class='ocrx_word' id='word_1_420' title='bbox 786 2690 839 2721; x_wconf 89' lang='lat' dir='ltr'><strong>ubi</strong></span> <span class='ocrx_word' id='word_1_421' title='bbox 870 2695 966 2721; x_wconf 82' lang='lat' dir='ltr'><strong>strata</strong></span> <span class='ocrx_word' id='word_1_422' title='bbox 998 2701 1055 2722; x_wconf 84' lang='lat' dir='ltr'><strong>sua</strong></span> 
     </span>
     <span class='ocr_line' id='line_1_75' title="bbox 326 2733 586 2766; baseline 0 -2"><span class='ocrx_word' id='word_1_423' title='bbox 326 2734 484 2766; x_wconf 81' lang='lat' dir='ltr'><strong>habebant</strong></span> <span class='ocrx_word' id='word_1_424' title='bbox 495 2733 586 2764; x_wconf 86' lang='lat' dir='ltr'><strong>servi.</strong></span> 
     </span>
    </p>

    <p class='ocr_par' dir='ltr' id='par_1_21' title="bbox 324 2773 1053 2986">
     <span class='ocr_line' id='line_1_76' title="bbox 368 2773 888 2808; baseline -0.008 -1"><span class='ocrx_word' id='word_1_425' title='bbox 368 2778 401 2808; x_wconf 87' lang='lat'><strong>9.</strong></span> <span class='ocrx_word' id='word_1_426' title='bbox 432 2776 611 2806; x_wconf 77' lang='lat' dir='ltr'><strong>conservas.-</strong></span> <span class='ocrx_word' id='word_1_427' title='bbox 656 2773 761 2804; x_wconf 79' lang='lat' dir='ltr'><strong>schol.</strong></span> <span class='ocrx_word' id='word_1_428' title='bbox 801 2773 888 2808; x_wconf 71' lang='lat' dir='ltr'><strong>Aer„</strong></span> 
     </span>
     <span class='ocr_line' id='line_1_77' title="bbox 328 2817 946 2856; baseline -0.008 -7"><span class='ocrx_word' id='word_1_429' title='bbox 328 2820 463 2850; x_wconf 80' lang='lat' dir='ltr'><strong>locabant</strong></span> <span class='ocrx_word' id='word_1_430' title='bbox 489 2824 516 2848; x_wconf 78' lang='lat' dir='ltr'><strong>et</strong></span> <span class='ocrx_word' id='word_1_431' title='bbox 540 2818 716 2856; x_wconf 75' lang='lat' dir='ltr'><strong>sepeliebant</strong></span> <span class='ocrx_word' id='word_1_432' title='bbox 744 2817 817 2846; x_wconf 84' lang='lat' dir='ltr'><strong>alios</strong></span> <span class='ocrx_word' id='word_1_433' title='bbox 842 2826 946 2845; x_wconf 74' lang='lat' dir='ltr'><strong>servos.</strong></span> 
     </span>
     <span class='ocr_line' id='line_1_78' title="bbox 325 2856 1053 2896; baseline -0.007 -5"><span class='ocrx_word' id='word_1_434' title='bbox 325 2871 409 2896; x_wconf 83' lang='lat' dir='ltr'><strong>arca,</strong></span> <span class='ocrx_word' id='word_1_435' title='bbox 444 2859 535 2894; x_wconf 84' lang='lat' dir='ltr'><strong>cista,</strong></span> <span class='ocrx_word' id='word_1_436' title='bbox 571 2868 610 2889; x_wconf 85' lang='lat' dir='ltr'><strong>ex</strong></span> <span class='ocrx_word' id='word_1_437' title='bbox 648 2857 808 2889; x_wconf 84' lang='lat' dir='ltr'><strong>nonnullis</strong></span> <span class='ocrx_word' id='word_1_438' title='bbox 837 2856 951 2887; x_wconf 88' lang='lat' dir='ltr'><strong>tabulis</strong></span> <span class='ocrx_word' id='word_1_439' title='bbox 980 2867 1053 2887; x_wconf 90' lang='lat' dir='ltr'><strong>con-</strong></span> 
     </span>
     <span class='ocr_line' id='line_1_79' title="bbox 324 2899 1053 2942; baseline -0.003 -10"><span class='ocrx_word' id='word_1_440' title='bbox 324 2907 455 2937; x_wconf 81' lang='lat' dir='ltr'><strong>structa,</strong></span> <span class='ocrx_word' id='word_1_441' title='bbox 475 2900 647 2942; x_wconf 79' lang='lat' dir='ltr'><strong>sandapila,</strong></span> <span class='ocrx_word' id='word_1_442' title='bbox 667 2910 729 2941; x_wconf 88' lang='lat' dir='ltr'><strong>qua</strong></span> <span class='ocrx_word' id='word_1_443' title='bbox 751 2899 956 2931; x_wconf 83' lang='lat' dir='ltr'><strong>efferebantur</strong></span> <span class='ocrx_word' id='word_1_444' title='bbox 977 2909 1053 2940; x_wconf 88' lang='lat' dir='ltr'><strong>pau·</strong></span> 
     </span>
     <span class='ocr_line' id='line_1_80' title="bbox 325 2954 765 2986; baseline 0 -11"><span class='ocrx_word' id='word_1_445' title='bbox 325 2954 469 2986; x_wconf 73' lang='lat' dir='ltr'><strong>periotes.</strong></span> <span class='ocrx_word' id='word_1_446' title='bbox 760 2965 765 2967; x_wconf 97' lang='lat'>-</span> 
     </span>
    </p>
   </div>
   <div class='ocr_carea' id='block_1_12' title="bbox 927 2775 1056 2846">
    <p class='ocr_par' dir='ltr' id='par_1_22' title="bbox 927 2775 1056 2846">
     <span class='ocr_line' id='line_1_81' title="bbox 927 2775 1056 2804; baseline 0 -1"><span class='ocrx_word' id='word_1_447' title='bbox 927 2775 1056 2804; x_wconf 81' lang='lat' dir='ltr'><strong>conservi</strong></span> 
     </span>
     <span class='ocr_line' id='line_1_82' title="bbox 995 2816 1056 2846; baseline 0.016 -2"><span class='ocrx_word' id='word_1_448' title='bbox 995 2816 1021 2844; x_wconf 81' lang='lat' dir='ltr'><em>V</em></span> <span class='ocrx_word' id='word_1_449' title='bbox 1021 2817 1056 2846; x_wconf 81' lang='lat' dir='ltr'><strong>ili</strong></span> 
     </span>
    </p>
   </div>
   <div class='ocr_carea' id='block_1_13' title="bbox 1097 2357 1830 2984">
    <p class='ocr_par' dir='ltr' id='par_1_23' title="bbox 1097 2357 1830 2764">
     <span class='ocr_line' id='line_1_83' title="bbox 1098 2357 1826 2398; baseline 0.001 -11"><span class='ocrx_word' id='word_1_450' title='bbox 1098 2357 1180 2397; x_wconf 90' lang='lat' dir='ltr'><strong>quod</strong></span> <span class='ocrx_word' id='word_1_451' title='bbox 1196 2367 1266 2387; x_wconf 88' lang='lat' dir='ltr'><strong>vero</strong></span> <span class='ocrx_word' id='word_1_452' title='bbox 1286 2360 1476 2398; x_wconf 83' lang='lat' dir='ltr'><strong>procurreret</strong></span> <span class='ocrx_word' id='word_1_453' title='bbox 1497 2357 1531 2386; x_wconf 81' lang='lat' dir='ltr'><strong>in</strong></span> <span class='ocrx_word' id='word_1_454' title='bbox 1552 2367 1661 2397; x_wconf 82' lang='lat' dir='ltr'><strong>agrum</strong></span> <span class='ocrx_word' id='word_1_455' title='bbox 1684 2357 1770 2396; x_wconf 88' lang='lat' dir='ltr'><strong>(nos,</strong></span> <span class='ocrx_word' id='word_1_456' title='bbox 1794 2359 1826 2388; x_wconf 78' lang='lat' dir='ltr'><strong>in</strong></span> 
     </span>
     <span class='ocr_line' id='line_1_84' title="bbox 1097 2397 1826 2440; baseline 0.001 -12"><span class='ocrx_word' id='word_1_457' title='bbox 1097 2400 1150 2428; x_wconf 84' lang='lat' dir='ltr'><strong>der</strong></span> <span class='ocrx_word' id='word_1_458' title='bbox 1174 2398 1272 2440; x_wconf 65' lang='lat' dir='ltr'><strong>Tiqs&#39;e)</strong></span> <span class='ocrx_word' id='word_1_459' title='bbox 1296 2403 1437 2429; x_wconf 75' lang='lat' dir='ltr'><strong>trecentos</strong></span> <span class='ocrx_word' id='word_1_460' title='bbox 1458 2399 1541 2437; x_wconf 77' lang='lat' dir='ltr'><strong>pedes</strong></span> <span class='ocrx_word' id='word_1_461' title='bbox 1562 2397 1744 2432; x_wconf 80' lang='lat' dir='ltr'><strong>contineret,</strong></span> <span class='ocrx_word' id='word_1_462' title='bbox 1767 2398 1826 2430; x_wconf 85' lang='lat' dir='ltr'><strong>hac</strong></span> 
     </span>
     <span class='ocr_line' id='line_1_85' title="bbox 1100 2439 1827 2482; baseline 0 -11"><span class='ocrx_word' id='word_1_463' title='bbox 1100 2440 1222 2482; x_wconf 82' lang='lat' dir='ltr'><strong>adjecta</strong></span> <span class='ocrx_word' id='word_1_464' title='bbox 1243 2439 1431 2475; x_wconf 84' lang='lat' dir='ltr'><strong>conditione,</strong></span> <span class='ocrx_word' id='word_1_465' title='bbox 1455 2441 1580 2470; x_wconf 64' lang='lat' dir='ltr'><strong>heredes</strong></span> <span class='ocrx_word' id='word_1_466' title='bbox 1607 2446 1827 2471; x_wconf 76' lang='lat' dir='ltr'><strong>montcmenlam</strong></span> 
     </span>
     <span class='ocr_line' id='line_1_86' title="bbox 1101 2481 1826 2523; baseline 0 -11"><span class='ocrx_word' id='word_1_467' title='bbox 1101 2493 1136 2512; x_wconf 84' lang='lat' dir='ltr'><strong>ne</strong></span> <span class='ocrx_word' id='word_1_468' title='bbox 1173 2489 1354 2523; x_wconf 77' lang='lat' dir='ltr'><strong>sequeretur,</strong></span> <span class='ocrx_word' id='word_1_469' title='bbox 1385 2482 1417 2512; x_wconf 88' lang='lat' dir='ltr'><strong>h.</strong></span> <span class='ocrx_word' id='word_1_470' title='bbox 1446 2491 1474 2512; x_wconf 91' lang='lat' dir='ltr'><strong>e.</strong></span> <span class='ocrx_word' id='word_1_471' title='bbox 1505 2491 1543 2512; x_wconf 90' lang='lat' dir='ltr'><strong>ne</strong></span> <span class='ocrx_word' id='word_1_472' title='bbox 1575 2481 1634 2512; x_wconf 85' lang='lat' dir='ltr'><strong>hoc</strong></span> <span class='ocrx_word' id='word_1_473' title='bbox 1668 2486 1826 2512; x_wconf 83' lang='lat' dir='ltr'><strong>sacratum</strong></span> 
     </span>
     <span class='ocr_line' id='line_1_87' title="bbox 1098 2522 1828 2564; baseline 0.001 -10"><span class='ocrx_word' id='word_1_474' title='bbox 1098 2530 1331 2555; x_wconf 88' lang='lat' dir='ltr'><strong>monumentum</strong></span> <span class='ocrx_word' id='word_1_475' title='bbox 1349 2523 1387 2553; x_wconf 81' lang='lat' dir='ltr'><strong>ad</strong></span> <span class='ocrx_word' id='word_1_476' title='bbox 1409 2523 1547 2554; x_wconf 79' lang='lat' dir='ltr'><strong>haeredes</strong></span> <span class='ocrx_word' id='word_1_477' title='bbox 1566 2522 1748 2564; x_wconf 78' lang='lat' dir='ltr'><strong>perveniret,</strong></span> <span class='ocrx_word' id='word_1_478' title='bbox 1763 2523 1828 2555; x_wconf 84' lang='lat' dir='ltr'><strong>sive</strong></span> 
     </span>
     <span class='ocr_line' id='line_1_88' title="bbox 1099 2565 1830 2607; baseline 0.001 -11"><span class='ocrx_word' id='word_1_479' title='bbox 1099 2576 1138 2597; x_wconf 87' lang='lat' dir='ltr'><strong>ne</strong></span> <span class='ocrx_word' id='word_1_480' title='bbox 1153 2565 1229 2607; x_wconf 88' lang='lat' dir='ltr'><strong>quid</strong></span> <span class='ocrx_word' id='word_1_481' title='bbox 1243 2566 1321 2607; x_wconf 87' lang='lat' dir='ltr'><strong>juris</strong></span> <span class='ocrx_word' id='word_1_482' title='bbox 1333 2565 1363 2596; x_wconf 88' lang='lat' dir='ltr'><strong>in</strong></span> <span class='ocrx_word' id='word_1_483' title='bbox 1378 2565 1434 2596; x_wconf 86' lang='lat' dir='ltr'><strong>hoc</strong></span> <span class='ocrx_word' id='word_1_484' title='bbox 1448 2570 1679 2596; x_wconf 84' lang='lat' dir='ltr'><strong>monumentum</strong></span> <span class='ocrx_word' id='word_1_485' title='bbox 1691 2565 1830 2597; x_wconf 78' lang='lat' dir='ltr'><strong>haeredes</strong></span> 
     </span>
     <span class='ocr_line' id='line_1_89' title="bbox 1099 2606 1829 2648; baseline 0 -10"><span class='ocrx_word' id='word_1_486' title='bbox 1099 2608 1257 2639; x_wconf 83' lang='lat' dir='ltr'><strong>haberent.</strong></span> <span class='ocrx_word' id='word_1_487' title='bbox 1303 2609 1415 2647; x_wconf 80' lang='lat' dir='ltr'><strong>Cippas</strong></span> <span class='ocrx_word' id='word_1_488' title='bbox 1440 2606 1506 2648; x_wconf 84' lang='lat' dir='ltr'><strong>jam</strong></span> <span class='ocrx_word' id='word_1_489' title='bbox 1528 2613 1575 2638; x_wconf 76' lang='lat' dir='ltr'><strong>est</strong></span> <span class='ocrx_word' id='word_1_490' title='bbox 1595 2606 1772 2643; x_wconf 81' lang='lat' dir='ltr'><strong>columella,</strong></span> <span class='ocrx_word' id='word_1_491' title='bbox 1794 2607 1829 2638; x_wconf 86' lang='lat' dir='ltr'><strong>in</strong></span> 
     </span>
     <span class='ocr_line' id='line_1_90' title="bbox 1099 2647 1829 2691; baseline 0 -11"><span class='ocrx_word' id='word_1_492' title='bbox 1099 2660 1161 2691; x_wconf 82' lang='lat' dir='ltr'><strong>qua</strong></span> <span class='ocrx_word' id='word_1_493' title='bbox 1197 2651 1274 2681; x_wconf 81' lang='lat' dir='ltr'><strong>fines</strong></span> <span class='ocrx_word' id='word_1_494' title='bbox 1311 2650 1358 2680; x_wconf 88' lang='lat' dir='ltr'><strong>vel</strong></span> <span class='ocrx_word' id='word_1_495' title='bbox 1394 2647 1516 2679; x_wconf 86' lang='lat' dir='ltr'><strong>termini</strong></span> <span class='ocrx_word' id='word_1_496' title='bbox 1557 2648 1633 2688; x_wconf 82' lang='lat' dir='ltr'><strong>agri,</strong></span> <span class='ocrx_word' id='word_1_497' title='bbox 1670 2649 1829 2680; x_wconf 86' lang='lat' dir='ltr'><strong>communi</strong></span> 
     </span>
     <span class='ocr_line' id='line_1_91' title="bbox 1098 2689 1828 2764; baseline 0 -42"><span class='ocrx_word' id='word_1_498' title='bbox 1098 2692 1268 2764; x_wconf 57' lang='lat' dir='ltr'><strong>{epuler-eto</strong></span> <span class='ocrx_word' id='word_1_499' title='bbox 1301 2691 1409 2763; x_wconf 76' lang='lat' dir='ltr'><strong>dicadti,</strong></span> <span class='ocrx_word' id='word_1_500' title='bbox 1440 2689 1656 2762; x_wconf 45' lang='lat' dir='ltr'><strong>descliilthiPel}t</strong></span> <span class='ocrx_word' id='word_1_501' title='bbox 1675 2690 1828 2763; x_wconf 48' lang='lat' dir='ltr'><strong>(11³esigp3i</strong></span> 
     </span>
    </p>

    <p class='ocr_par' dir='ltr' id='par_1_24' title="bbox 1098 2739 1827 2984">
     <span class='ocr_line' id='line_1_92' title="bbox 1232 2739 1827 2767; baseline 0 -4"><span class='ocrx_word' id='word_1_502' title='bbox 1232 2746 1239 2751; x_wconf 93' lang='lat'>·</span> <span class='ocrx_word' id='word_1_503' title='bbox 1282 2739 1293 2763; x_wconf 90' lang='lat' dir='ltr'><strong>t</strong></span> <span class='ocrx_word' id='word_1_504' title='bbox 1328 2743 1359 2763; x_wconf 81' lang='lat' dir='ltr'><strong>ul</strong></span> <span class='ocrx_word' id='word_1_505' title='bbox 1383 2743 1431 2763; x_wconf 90' lang='lat' dir='ltr'><strong>em</strong></span> <span class='ocrx_word' id='word_1_506' title='bbox 1447 2741 1503 2767; x_wconf 76' lang='lat' dir='ltr'><strong>stc,</strong></span> <span class='ocrx_word' id='word_1_507' title='bbox 1575 2754 1582 2762; x_wconf 87' lang='lat'><strong>.</strong></span> <span class='ocrx_word' id='word_1_508' title='bbox 1658 2753 1665 2760; x_wconf 90' lang='lat'><strong>.</strong></span> <span class='ocrx_word' id='word_1_509' title='bbox 1709 2749 1762 2763; x_wconf 84' lang='lat'><strong>.·—</strong></span> <span class='ocrx_word' id='word_1_510' title='bbox 1818 2754 1827 2763; x_wconf 92' lang='lat'><strong>.</strong></span> 
     </span>
     <span class='ocr_line' id='line_1_93' title="bbox 1101 2739 1826 2816; baseline -0.003 -10"><span class='ocrx_word' id='word_1_511' title='bbox 1101 2739 1242 2806; x_wconf 54' lang='lat' dir='ltr'><strong>Kgunlt),</strong></span> <span class='ocrx_word' id='word_1_512' title='bbox 1261 2743 1326 2816; x_wconf 54' lang='lat'>{1:¹1</span> <span class='ocrx_word' id='word_1_513' title='bbox 1347 2775 1459 2805; x_wconf 84' lang='lat' dir='ltr'><strong>Fronte</strong></span> <span class='ocrx_word' id='word_1_514' title='bbox 1481 2772 1684 2804; x_wconf 84' lang='lat' dir='ltr'><strong>Pedum—Iu</strong></span> <span class='ocrx_word' id='word_1_515' title='bbox 1705 2773 1826 2814; x_wconf 80' lang='lat' dir='ltr'><strong>Agrum</strong></span> 
     </span>
     <span class='ocr_line' id='line_1_94' title="bbox 1100 2814 1827 2857; baseline -0.001 -9"><span class='ocrx_word' id='word_1_516' title='bbox 1100 2817 1281 2857; x_wconf 83' lang='lat' dir='ltr'><strong>Pedum—)</strong></span> <span class='ocrx_word' id='word_1_517' title='bbox 1310 2815 1423 2847; x_wconf 82' lang='lat' dir='ltr'><strong>additis</strong></span> <span class='ocrx_word' id='word_1_518' title='bbox 1459 2825 1498 2846; x_wconf 80' lang='lat' dir='ltr'><strong>ex</strong></span> <span class='ocrx_word' id='word_1_519' title='bbox 1532 2814 1663 2845; x_wconf 80' lang='lat' dir='ltr'><strong>formula</strong></span> <span class='ocrx_word' id='word_1_520' title='bbox 1695 2815 1827 2847; x_wconf 84' lang='lat' dir='ltr'><strong>solemni</strong></span> 
     </span>
     <span class='ocr_line' id='line_1_95' title="bbox 1099 2856 1827 2890; baseline 0 -1"><span class='ocrx_word' id='word_1_521' title='bbox 1099 2858 1210 2890; x_wconf 83' lang='lat' dir='ltr'><strong>litteris</strong></span> <span class='ocrx_word' id='word_1_522' title='bbox 1237 2859 1304 2890; x_wconf 85' lang='lat' dir='ltr'><strong>his:</strong></span> <span class='ocrx_word' id='word_1_523' title='bbox 1336 2859 1380 2889; x_wconf 79' lang='lat' dir='ltr'><strong>H.</strong></span> <span class='ocrx_word' id='word_1_524' title='bbox 1410 2857 1460 2888; x_wconf 92' lang='lat' dir='ltr'><strong>M.</strong></span> <span class='ocrx_word' id='word_1_525' title='bbox 1489 2856 1534 2886; x_wconf 82' lang='lat' dir='ltr'><strong>H.</strong></span> <span class='ocrx_word' id='word_1_526' title='bbox 1563 2856 1635 2887; x_wconf 87' lang='lat' dir='ltr'><strong>EX.</strong></span> <span class='ocrx_word' id='word_1_527' title='bbox 1659 2857 1699 2887; x_wconf 91' lang='lat' dir='ltr'><strong>T.</strong></span> <span class='ocrx_word' id='word_1_528' title='bbox 1727 2857 1770 2888; x_wconf 92' lang='lat' dir='ltr'><strong>N.</strong></span> <span class='ocrx_word' id='word_1_529' title='bbox 1793 2858 1827 2889; x_wconf 90' lang='lat' dir='ltr'><strong>S.</strong></span> 
     </span>
     <span class='ocr_line' id='line_1_96' title="bbox 1098 2898 1825 2942; baseline -0.001 -11"><span class='ocrx_word' id='word_1_530' title='bbox 1098 2902 1188 2942; x_wconf 86' lang='lat' dir='ltr'><strong>(Hoc</strong></span> <span class='ocrx_word' id='word_1_531' title='bbox 1216 2902 1454 2931; x_wconf 78' lang='lat' dir='ltr'><strong>Monumentum</strong></span> <span class='ocrx_word' id='word_1_532' title='bbox 1481 2898 1624 2928; x_wconf 65' lang='lat' dir='ltr'><strong>Haeredes</strong></span> <span class='ocrx_word' id='word_1_533' title='bbox 1647 2898 1696 2929; x_wconf 84' lang='lat' dir='ltr'><strong>Ex</strong></span> <span class='ocrx_word' id='word_1_534' title='bbox 1716 2899 1825 2931; x_wconf 77' lang='lat' dir='ltr'><strong>Testa-</strong></span> 
     </span>
     <span class='ocr_line' id='line_1_97' title="bbox 1098 2939 1698 2984; baseline -0.007 -10"><span class='ocrx_word' id='word_1_535' title='bbox 1098 2948 1201 2974; x_wconf 84' lang='lat' dir='ltr'><strong>mento</strong></span> <span class='ocrx_word' id='word_1_536' title='bbox 1219 2943 1269 2974; x_wconf 88' lang='lat' dir='ltr'><strong>Ne</strong></span> <span class='ocrx_word' id='word_1_537' title='bbox 1285 2942 1475 2984; x_wconf 82' lang='lat' dir='ltr'><strong>Sequatur):</strong></span> <span class='ocrx_word' id='word_1_538' title='bbox 1499 2939 1540 2971; x_wconf 82' lang='lat' dir='ltr'><strong>cf.</strong></span> <span class='ocrx_word' id='word_1_539' title='bbox 1556 2939 1698 2971; x_wconf 76' lang='lat' dir='ltr'><strong>Lambin.</strong></span> 
     </span>
    </p>
   </div>
  </div>
 </body>
</html>
