1904 3314
350 208 406 249 74

857 205 1288 249 SATIRARUM

331 305 410 345 130
438 304 535 347 Nec
555 319 635 355 me,
656 319 734 346 nec
755 319 1008 359 quemquam
1029 305 1201 346 statuit:
1232 319 1309 345 nos
1330 303 1496 358 expulit
1515 303 1584 345 ille
1602 321 1612 354 ;

437 370 561 412 Illum
581 377 655 411 aut
674 371 898 425 nequities,
921 379 994 412 aut
1013 371 1118 412 vafri
1138 371 1303 411 inscitia
1318 370 1443 424 juris,

438 436 661 478 Postremo
681 436 868 491 expellet
889 445 1004 479 certe
1027 438 1208 478 vivacior
1229 437 1383 477 haeres.

435 503 566 544 Nunc
587 517 688 557 ager
710 503 918 544 Umbreni
939 505 1020 544 sub
1040 504 1220 552 nomine,
1242 517 1379 557 nuper
1400 501 1532 543 Ofelli

435 569 591 610 Dictus
612 577 717 618 erat,
738 569 842 610 nulli
866 570 1077 623 proprius,
1101 569 1178 610 sed
1199 569 1312 610 cedit
1332 569 1373 608 in
1396 582 1521 608 usum

326 636 404 677 135
433 634 564 676 Nunc
583 635 698 683 mihi,
719 650 832 676 nunc
853 636 935 676 alii.

996 635 1211 681 Quocirca
1230 636 1357 675 vivite
1378 634 1526 683 fortes,

433 701 665 756 Fortiaque
686 702 875 743 adversis
896 702 1099 756 opponite
1119 709 1295 756 pectora
1316 701 1459 742 rebus.

896 900 1129 943 SATIRA
1160 900 1242 941 III.

432 1035 508 1075 Slc
529 1049 625 1075 raro
647 1035 810 1084 scribis,
830 1040 878 1074 ut
900 1041 991 1074 toto
1012 1048 1095 1073 non
1117 1039 1269 1086 quater
1289 1047 1399 1072 anno

430 1101 726 1141 Membranam
746 1115 912 1154 poscas,
935 1100 1190 1153 scriptorum
1210 1112 1390 1152 quaeque
1411 1103 1624 1146 retexens,

429 1167 570 1208 Iratus
592 1168 683 1217 tibi,
705 1167 820 1221 quod
843 1167 927 1206 vini
949 1166 1167 1219 somnique
1188 1166 1400 1218 benignus

428 1233 504 1273 Nil
526 1234 700 1288 dignum
723 1247 916 1274 sermone
938 1247 1078 1273 canas.

370 1301 396 1339 5
428 1299 726 1340 Saturnalibus
749 1300 832 1340 huc
854 1299 1026 1352 fugisti!

1141 1231 1260 1278 Quid
1280 1230 1356 1271 fiet
1375 1232 1391 1271 ἲ

1089 1298 1269 1338 Sobrius
1290 1311 1394 1350 ergo

1450 1228 1510 1270 At
1531 1229 1633 1284 ipsis

427 1366 512 1407 Dic
533 1367 690 1420 aliquid
714 1367 887 1420 (lignum
909 1365 1149 1419 promissis:
1182 1364 1346 1417 incipe3
1379 1362 1436 1403 nil
1457 1364 1548 1403 est!

313 1524 345 1550 et
358 1524 507 1561 perpetua
522 1520 610 1560 quasi
627 1520 801 1561 possessio;
827 1520 898 1550 hinc
919 1530 950 1550 v.
973 1520 1044 1554 134,

314 1572 387 1602 ager
403 1563 483 1592 nulli
497 1564 646 1602 proprius.

361 1604 431 1633 131.
457 1604 626 1644 Nequities:
651 1604 714 1633 vita
740 1603 856 1634 nefaria
879 1609 910 1633 et
933 1601 1045 1641 flagiti-

314 1654 380 1679 osa,
408 1655 471 1685 qua
499 1646 570 1686 quis
600 1646 683 1676 bona
707 1656 761 1675 sua
785 1644 894 1691 perdit
944 1644 1045 1684 Vafri‚

312 1686 389 1717 refer
404 1688 441 1717 ad
459 1687 609 1718 vafritiem
626 1688 771 1722 hominis,
788 1698 840 1728 qui
860 1697 914 1727 jus
934 1686 1048 1716 callida

313 1727 566 1775 interpretatione
598 1729 628 1759 in
659 1739 720 1759 rem
749 1739 834 1759 suam
861 1729 1046 1769 detorquet,

313 1769 386 1801 hinc
413 1781 480 1812 sup.
511 1772 577 1802 Sat.
602 1771 676 1808 i,3‚
704 1772 774 1807 130,
802 1770 1046 1812 jurisconsultus

314 1812 450 1844 Alfenus
465 1813 580 1844 dicitur
596 1813 693 1854 vafer.

359 1855 606 1891 132.V1·1.2ac1·0r‚
638 1854 760 1894 longius
790 1855 886 1885 altero
914 1853 1040 1885 vivens:

313 1906 384 1937 sup,
402 1897 468 1927 Sat.
484 1897 517 1931 ii,
535 1899 562 1931 1
577 1899 630 1933 35,
648 1900 733 1927 vivax
749 1903 854 1926 mater.

358 1938 429 1969 135.
467 1939 581 1974 Fortes,
611 1945 645 1969 ut
675 1938 730 1969 viri
758 1939 811 1980 qui
841 1938 909 1969 forti
939 1938 1043 1968 animo

312 1980 458 2010 Fortunae
495 1980 688 2027 iniquitatem
729 1987 760 2010 et
795 1979 1042 2010 vicissitudinem

313 2021 486 2071 perferunt.
512 2033 582 2063 sup.
599 2023 660 2053 od.
678 2033 699 2056 1,
713 2023 744 2058 7,
762 2023 815 2055 30,
834 2022 977 2064 Ofaertes,
992 2033 1041 2061 pe-

301 2065 432 2104 joraque
452 2066 530 2102 passi
554 2065 671 2095 Mecum
690 2075 760 2104 sape
783 2066 854 2099 mi,
875 2075 957 2094 nunc
976 2067 1044 2094 vino

311 2108 414 2144 pellite
429 2116 527 2136 curas.

551 2189 716 2220 SATIRA
740 2189 806 2219 111.

354 2231 504 2262 Horatius
518 2231 695 2272 loquentem
711 2241 813 2261 secum
832 2229 952 2260 inducit
972 2231 1039 2260 Da-

310 2273 498 2315 masippum,
527 2274 581 2315 qui
611 2284 648 2304 ex
681 2278 860 2305 mercatore.
891 2273 1038 2302 bonorum

311 2315 507 2356 naufragium
524 2325 625 2356 passo,
650 2315 749 2345 factus
769 2320 815 2345 est
837 2313 1039 2355 philosophus

311 2357 586 2388 circumforaneus.
647 2357 707 2387 Hic
737 2356 840 2396 igitur,
872 2363 1038 2398 praecepta,

310 2409 380 2440 quae
396 2409 431 2430 ex
449 2410 500 2430 oie
515 2399 652 2430 Stertinii
672 2399 786 2429 imbibi
790 2404 846 2432 rat,
869 2408 1038 2439 exponens,

310 2450 380 2471 cum
396 2441 525 2472 Horatio
542 2442 580 2471 de
600 2442 752 2472 sententia
771 2439 955 2477 Stoicorum,
975 2452 1034 2470 om-

308 2493 358 2513 nes
373 2484 512 2518 homines,
534 2490 562 2514 et
581 2485 654 2523 ipsas
675 2484 784 2514 Stoicos
807 2484 949 2517 insanire,
972 2482 1036 2512 dis-

308 2529 408 2566 putat.

354 2568 446 2598 1—3.
468 2567 516 2598 Sic
544 2579 624 2603 rara,
655 2577 733 2603 raro,
763 2571 794 2596 et
822 2566 945 2614 quidem
976 2571 1037 2596 tam

307 2619 396 2648 raro,
419 2616 465 2646 ut,
476 2614 547 2640 cett.
559 2611 672 2644 3ειίΙιὶ3,
683 2619 728 2640 sc.
740 2609 889 2639 carmina.
933 2609 999 2639 Sc1
990 2620 1033 2648 ip

309 2658 406 2682 torum
420 2663 537 2692 qnoeque
550 2658 698 2682 retexens:
725 2651 830 2681 omnia
847 2661 918 2692 quae
939 2651 1034 2692 scrip-

305 2693 374 2724 sisti
402 2699 585 2729 retractans,
611 2693 791 2730 emendans,
813 2693 986 2734 expolienS,
1007 2699 1037 2724 et

306 2746 377 2784 quae
395 2735 598 2777 displicuerit,
613 2745 816 2782 expungens,
843 2735 926 2776 quod
944 2735 1037 2765 fiebat

304 2777 337 2809 in
355 2777 572 2826 palimpsesto,
595 2788 660 2808 sive
683 2777 791 2807 tabula
813 2782 927 2812 cerata,
953 2778 1036 2808 unde

305 2819 419 2862 scripta
439 2818 670 2851 refeiebantur
663 2829 695 2849 m
712 2820 921 2849 membranam.
967 2821 1032 2850 Re·

303 2862 429 2893 texebat
442 2860 535 2902 igitur
551 2861 697 2892 Horatius
709 2860 823 2902 scripta
835 2871 890 2891 sua
904 2862 942 2891 ad
953 2861 1030 2891 illud

301 2903 423 2946 abipso
437 2904 544 2934 datum
561 2909 747 2946 praeccptum
765 2903 883 2944 (Epist.
900 2903 936 2934 ad
961 2903 1028 2935 Pis.

301 2957 332 2979 v.
364 2947 445 2989 388)
477 2957 640 2987 nouumque
665 2952 821 2987 prematur
847 2947 878 2976 in
902 2957 1027 2977 annum.

1090 1518 1251 1549 Retexere:
1267 1518 1449 1548 translatum
1466 1527 1541 1548 sane
1556 1523 1604 1548 est
1617 1527 1634 1548 a
1647 1517 1708 1549 tela
1723 1522 1818 1554 texta,

1089 1570 1160 1600 quae
1182 1560 1363 1597 resolvitur;
1387 1570 1462 1590 num
1478 1570 1547 1590 vero
1583 1567 1652 1591 oeta
1666 1560 1703 1590 de
1720 1560 1818 1591 Pene-

1090 1601 1158 1642 lope
1169 1601 1361 1642 cogitaverit,
1372 1601 1467 1632 nolim
1480 1571 1623 1642 equidem
1632 1602 1819 1633 contendere

1090 1654 1159 1674 cum
1178 1644 1405 1691 interpretibus,
1454 1645 1524 1674 Vini
1545 1646 1692 1684 somnique
1715 1645 1818 1691 benig-

1091 1697 1166 1716 nus:
1187 1686 1222 1716 ad
1241 1685 1386 1726 largiores
1401 1685 1465 1716 vini
1481 1686 1610 1716 haustus
1623 1691 1654 1717 et
1667 1686 1706 1716 ad
1721 1686 1815 1716 vitam

1089 1726 1227 1758 desidem
1242 1738 1424 1770 propensus.
1467 1727 1622 1769 Benignus
1637 1738 1708 1758 cum
1730 1727 1816 1768 geni-

1089 1770 1163 1805 tivo,
1187 1775 1222 1800 ut
1246 1771 1351 1809 largus
1377 1771 1567 1801 laer-immam
1595 1769 1679 1812 apud
1711 1770 1816 1802 Plaut.

1087 1811 1177 1842 Asin.
1195 1811 1239 1846 iii.
1258 1813 1287 1847 1,
1304 1813 1356 1843 30.

1128 1856 1159 1884 4.
1185 1854 1321 1895 Dignum
1336 1864 1476 1891 sermone,
1499 1859 1668 1884 memoratu
1685 1852 1815 1894 dignum

1087 1895 1207 1937 (λόγου
1235 1895 1359 1935 ἄξιον).
1404 1897 1486 1930 Quia
1502 1897 1585 1937 fiet?
1615 1895 1691 1936 quid
1721 1895 1815 1937 igitur

1086 1938 1203 1968 faciest
1225 1938 1381 1969 scribesne
1397 1938 1533 1972 tandem,
1550 1938 1671 1968 necne?

1129 1983 1158 2013 5.
1168 1981 1198 2011 6.
1215 1984 1255 2011 At
1268 1982 1337 2019 ipsis
1347 1981 1559 2010 Saturnalibus
1569 1979 1761 2022 hucfugisti.
1758 1981 1767 2002 Ι
1781 1986 1815 2012 at

1085 2021 1198 2053 videris
1209 2030 1292 2053 certe
1307 2022 1347 2052 ad
1363 2023 1560 2052 scribendum
1575 2022 1731 2064 appulisse
1746 2023 1813 2053 ani-

1086 2075 1183 2099 mum,
1205 2064 1280 2105 quia
1302 2066 1373 2104 ipsis
1392 2065 1606 2095 Saturnalibus
1625 2073 1664 2095 ex
1684 2065 1814 2112 strepitu

1085 2106 1183 2141 urbis,
1205 2107 1259 2136 ubi
1282 2117 1366 2137 nunc
1390 2116 1497 2137 omnes
1521 2105 1637 2136 laetitiae
1659 2106 1814 2148 genioque

1085 2157 1142 2177 suo
1176 2130 1352 2188 indulgent,
1383 2148 1477 2188 (huc)
1507 2148 1539 2178 in
1567 2147 1695 2179 otiosam
1727 2154 1812 2179 tuam

1084 2189 1190 2219 villam
1207 2189 1352 2220 Sabinam
1368 2195 1397 2219 te
1410 2189 1565 2237 recepisti.
1595 2190 1645 2220 De
1661 2191 1811 2221 Satur-na

1085 2232 1172 2265 libus,
1189 2242 1260 2272 quae
1275 2231 1307 2260 in
1323 2230 1499 2261 memoriam
1514 2242 1614 2262 aureae
1629 2232 1741 2268 aetatis,
1759 2232 1812 2263 ubi

1082 2273 1141 2303 sub
1156 2273 1303 2314 ausplciis
1319 2273 1444 2303 Saturni
1458 2272 1616 2303 communi
1631 2272 1770 2305 libertate
1781 2280 1813 2305 et

1083 2315 1260 2356 aequalitate
1274 2315 1454 2345 fruebantur
1467 2314 1617 2350 homines.
1629 2325 1682 2356 per
1693 2315 1814 2357 aliquot

1082 2356 1148 2387 dies
1163 2357 1235 2387 inde
1257 2367 1274 2387 a
1289 2356 1322 2387 d.
1346 2357 1392 2387 xiv
1410 2356 1543 2387 Calend.
1563 2357 1696 2388 Januar.
1713 2357 1811 2389 licen-

1083 2399 1145 2429 tius
1161 2399 1222 2430 fere
1243 2406 1274 2429 et
1290 2398 1437 2429 luxui-ios
1415 2409 1478 2428 sius
1494 2399 1642 2430 celebrari
1657 2399 1810 2437 solebant,

1081 2447 1154 2471 nota
1177 2446 1248 2470 sunt
1271 2440 1387 2471 omnia.
1433 2442 1554 2471 Sobrius
1575 2452 1664 2488 etgo:
1688 2452 1760 2482 ergo
1775 2442 1809 2474 in

1080 2482 1156 2513 villa
1177 2489 1239 2518 tua.
1262 2482 1315 2513 ubi
1338 2483 1376 2513 ab
1399 2483 1515 2513 urbana
1534 2482 1654 2514 luxuria
1675 2490 1810 2515 remotus

1082 2534 1166 2555 nunc
1182 2525 1282 2555 sobrie
1299 2524 1386 2560 vivis,
1403 2527 1451 2555 dic
1470 2526 1584 2565 aliquid
1599 2527 1724 2566 dignum
1737 2538 1808 2566 pra—

1082 2569 1187 2602 missis,
1202 2577 1280 2598 cane
1295 2577 1430 2603 carmen,
1446 2567 1531 2607 quod
1552 2567 1734 2608 respondeat
1754 2578 1807 2599 ex-

1078 2610 1182 2640 citata»,
1212 2609 1419 2651 expectationi
1434 2620 1442 2646 3
1477 2619 1547 2639 nam
1585 2609 1745 2646 Horatius,
1775 2621 1808 2642 se

1079 2651 1197 2692 aliquid
1215 2651 1346 2682 scribere
1360 2652 1450 2685 velle,
1466 2653 1490 2681 si
1505 2653 1557 2690 (ut
1571 2661 1601 2680 v.
1622 2652 1660 2682 10
1675 2651 1807 2692 dicitur)

1079 2705 1132 2724 vm.
1137 2705 1206 2723 uum
1221 2695 1319 2733 tepido
1333 2696 1452 2733 cepisset
1465 2693 1574 2723 villula
1589 2698 1674 2728 tecto,
1691 2694 1806 2734 promi-

1079 2735 1153 2766 sisse
1167 2735 1256 2776 quasi
1273 2735 1401 2770 videtur,
1418 2740 1499 2765 certe
1520 2735 1639 2765 vultum
1658 2737 1755 2766 multa
1777 2742 1807 2767 et

1075 2779 1223 2816 praeclara
1251 2779 1394 2808 minantis
1424 2776 1460 2806 in
1487 2775 1562 2806 villa
1589 2785 1646 2806 sua
1680 2787 1743 2818 prae
1773 2788 1807 2809 se

1077 2820 1204 2851 ferebat.

1119 2864 1148 2893 6.
1172 2862 1293 2901 Incipe.-
1316 2866 1347 2891 et
1369 2871 1451 2898 mox,
1478 2858 1568 2907 quasi
1599 2858 1804 2901 aliquamdiu,

1072 2905 1126 2934 sed
1142 2905 1248 2934 frustra
1266 2908 1469 2944 expectasset,
1487 2901 1583 2939 addit,
1598 2903 1641 2933 nil
1658 2910 1710 2939 est,
1725 2903 1802 2934 nihil

1071 2946 1102 2977 in
1118 2945 1251 2978 medium
1269 2944 1395 2988 profers.
