1904 3314
641 198 872 244 LIBER
913 198 949 249 I,
982 199 1021 240 7.
1523 196 1611 237 339

641 363 880 407 SATIRA
912 362 1018 404 VII.

172 503 450 546 Paoscmpn
472 501 610 556 Regis
634 500 789 556 Rupili
808 515 891 555 pus
913 506 1045 554 atque
1068 511 1294 547 venenum,

177 571 384 628 Hybrida
402 584 490 625 quo
509 577 640 624 pacto
662 569 717 610 sit
740 568 920 610 Persius
942 566 1076 616 ultus,
1100 566 1256 621 opinor

173 638 393 681 Omnibus
415 643 460 678 et
481 635 614 691 lippis
636 629 788 678 notum
809 642 853 677 et
873 634 1123 677 tonsoribus
1146 647 1257 675 esse.

172 705 352 748 Persius
373 704 443 747 hic
465 719 701 760 permagna
722 704 898 760 negotia
913 704 1034 745 dives
1056 702 1251 744 habebat.

114 774 142 816 5
172 773 454 824 Clazomenis,
477 773 606 815 etiam
626 773 724 814 lites
747 786 844 814 cum
867 771 995 826 Rege
1015 770 1242 819 molestas;

173 841 327 885 Durus
347 840 493 891 homo,
513 848 644 895 atque
666 839 767 881 odio
783 840 858 895 qui
878 846 1029 894 posset
1043 838 1216 880 vincere
1238 836 1423 892 Regem,

174 908 415 951 confidens
438 908 731 963 tumidusque,
750 908 860 949 adeo
880 908 1095 949 sermonis
1114 906 1260 955 amari,

174 975 395 1027 sisennas,
417 975 582 1017 Barros
600 983 647 1017 ut
667 977 791 1031 equis
812 982 1103 1031 praecurreret
1122 974 1246 1016 albis.

173 1043 249 1087 Ad
270 1043 442 1099 Regem
462 1044 597 1085 redeo
614 1060 624 1085 ι
656 1051 891 1099 postquam
913 1042 973 1084 nil
993 1044 1107 1084 inter
1127 1049 1363 1096 utrumque

93 1113 146 1154 10
176 1112 390 1154 Convenit
407 1111 508 1166 (hoc
529 1113 688 1154 etenim
712 1120 813 1154 sunt
834 1126 982 1154 omnes
999 1112 1102 1166 jure
1123 1110 1309 1159 molesti,

177 1179 281 1228 Quo
303 1179 453 1231 fortes,
474 1181 634 1237 quibus
656 1180 890 1223 adversum
911 1179 1073 1221 bellum
1096 1179 1271 1229 incidit3
1304 1178 1418 1218 inter

299 1302 472 1334 SATIRA
502 1305 531 1335 V
537 1304 584 1335 11.

107 1345 260 1379 Horatius
282 1345 406 1388 Regem
430 1346 596 1388 Rupilium
619 1351 652 1377 et
675 1345 818 1377 Persium

63 1388 238 1432 quendam,
284 1388 415 1420 divitem
459 1388 697 1430 negotiatorem,
743 1388 819 1419 dum

63 1442 174 1466 eorum
186 1430 261 1466 lites
280 1437 314 1464 et
333 1431 491 1468 convicia,
509 1432 548 1462 ab
567 1431 665 1463 altero
684 1431 716 1462 in
739 1431 818 1463 alte-

65 1485 136 1508 rum
158 1474 317 1518 conjecta,
339 1480 477 1512 enarrat,
499 1480 535 1506 ut
552 1474 696 1506 homines
715 1474 818 1506 insul-

67 1527 120 1551 sos
134 1517 266 1550 deridet.

113 1562 209 1593 1—3.
226 1561 395 1602 Proscripti
413 1561 503 1603 Regis
518 1559 644 1601 Rupili,
658 1564 733 1592 cett.
747 1570 819 1592 sen-

67 1614 142 1636 sus:
167 1603 202 1635 in
220 1603 337 1645 vulgus
353 1609 462 1635 notum
484 1609 545 1639 est,
559 1615 617 1644 quo
636 1610 723 1643 pacto
738 1604 821 1644 (quo

68 1646 200 1680 dicterio
221 1646 348 1678 inficeto
371 1646 428 1678 inf.
446 1657 478 1678 v.
503 1645 650 1686 33—35)
671 1656 816 1677 remune-

70 1695 160 1722 ratus
177 1690 219 1722 sit
235 1689 367 1721 Persius
387 1688 552 1732 proscripti
574 1688 675 1730 Regis
695 1687 819 1731 Rupilii

68 1732 228 1770 convicia,
239 1732 353 1764 veneni
369 1739 400 1764 et
416 1732 499 1764 fellis
511 1732 617 1775 plena.
650 1732 820 1771 Proscripti

71 1776 167 1819 Regis
190 1776 319 1817 Rupili.-
341 1775 439 1808 Schol
463 1776 574 1817 Cruq„
598 1775 728 1806 Publius
751 1774 819 1805 Ru-

69 1821 178 1860 pilius,
197 1819 262 1850 Rex
285 1819 504 1855 Praenestinus,
520 1825 676 1859 postquam
695 1830 713 1848 a
739 1817 821 1848 Pra’-

72 1864 199 1894 'testinis
220 1863 254 1893 in
276 1863 401 1894 erilium
423 1863 529 1892 missus
551 1867 635 1895 esset,
660 1863 692 1891 in
716 1862 821 1891 Attica

72 1906 221 1937 militavit
235 1907 290 1935 nib
303 1906 388 1936 Attio
406 1904 502 1934 Varo:
527 1905 636 1934 deiude
651 1915 716 1934 cum
740 1903 821 1934 Prte—

73 1955 178 1980 turam
198 1955 330 1989 gereret,
352 1949 386 1978 in
415 1949 618 1978 triumviratu
638 1948 826 1987 proscriptus

75 1993 113 2023 ab
131 1992 274 2032 Augusto
291 1991 434 2034 confugit
451 1992 491 2021 ad
512 1990 661 2024 Brutum.
682 1991 715 2019 in
734 1991 822 2030 cujus

77 2035 184 2066 castris
207 2044 277 2064 cum
302 2034 430 2064 Horatio
451 2034 612 2064 commilito
633 2043 712 2074 oegre
735 2034 822 2067 tulit,

75 2078 236 2109 tribunum
258 2087 325 2107 eum
347 2087 406 2108 esse
427 2077 572 2112 militnm,
594 2077 715 2118 generis
738 2077 824 2116 igrio—

78 2121 228 2152 mitatem
243 2121 271 2150 ei
285 2121 393 2160 saepius
403 2121 594 2160 exprobrans.
641 2119 745 2153 Quare
764 2118 825 2148 Ho-

77 2165 192 2197 ratius.
211 2169 248 2194 ut
269 2172 298 2193 se
315 2163 528 2197 ulcisceretur,
549 2163 690 2193 describit
711 2161 826 2203 injace-

80 2213 146 2239 tum
175 2211 205 2236 et
233 2216 380 2247 arrogans
410 2207 476 2246 ejus
509 2207 543 2236 in
564 2206 730 2245 jurgando
761 2215 829 2234 cum

81 2249 189 2281 Persio
217 2249 387 2290 ingenium.
452 2248 515 2278 Pus
541 2255 632 2289 atque
660 2258 829 2278 venenum.-

79 2290 223 2332 intellige
245 2290 401 2328 convicia,
425 2290 522 2333 plena
539 2290 631 2332 quasi
655 2289 741 2332 puris
764 2289 827 2331 (rei

79 2345 97 2367 ι
119 2331 222 2373 urcoe)
245 2339 277 2366 et
299 2344 420 2366 veneno
443 2333 566 2370 tincta3
595 2334 641 2364 sic
666 2333 828 2368 Catullus,

81 2345 160 2414 ιῗίν,
185 2377 237 2415 12,
258 2377 430 2409 orationem
453 2375 606 2408 conviciis
629 2376 828 2417 inquinatam

80 2425 174 2454 vocat
198 2421 320 2460 plenam
342 2422 448 2451 veneni
469 2426 498 2450 et
520 2419 711 2459 pestilentia.
761 2419 828 2460 Hy-

82 2465 192 2496 brida:
222 2462 343 2500 Schol„
374 2463 470 2494 Mitti
497 2465 618 2504 generis
648 2473 681 2492 επ
708 2464 833 2493 diversis

82 2508 218 2540 παίων-ἦε.
261 2506 411 2548 Hybrida:
431 2508 553 2546 proprie
575 2507 725 2536 dicuntur
746 2515 835 2535 eones

83 2552 138 2593 qui
158 2561 193 2581 ea·
213 2551 380 2589 imparibus
396 2551 464 2580 uati
486 2555 570 2582 sunt.
589 2554 624 2578 ut
647 2559 681 2578 ex
699 2550 836 2579 venatico

85 2599 116 2626 et
134 2594 292 2636 gregario.
336 2592 387 2623 Sic
414 2593 535 2622 Persius
558 2592 691 2632 hybrida
713 2592 833 2622 semiro-

83 2647 207 2673 πωπω,
231 2647 266 2667 επ
290 2642 377 2675 patre
404 2635 510 2666 Graeco
535 2641 564 2664 et
589 2645 623 2664 ex
650 2640 747 2665 vnaire
773 2634 835 2664 Ro-

86 2690 190 2711 mana.
238 2678 279 2710 Et
296 2680 404 2718 lippis:
429 2677 535 2720 plures
549 2676 736 2718 interpretes
751 2675 836 2707 acci·

88 2722 180 2765 pium
198 2721 239 2754 de
256 2719 438 2753 hominibus
456 2720 524 2762 qui,
543 2719 618 2750 dum
638 2719 839 2761 lippitudinis

88 2764 238 2796 curanda
252 2773 352 2796 causa
368 2763 402 2794 in
417 2761 558 2794 tabernis
580 2762 772 2793 medicorum
790 2772 838 2792 se-

90 2806 180 2844 dent,
194 2807 250 2838 otii
270 2805 392 2838 terendi
413 2805 511 2848 gratia
533 2806 572 2837 de
590 2805 685 2835 rebus
706 2804 794 2836 novis
810 2811 842 2835 et

91 2849 180 2882 urbis
209 2849 328 2881 fabulis
357 2859 518 2880 sermones
549 2849 725 2879 conferant.
779 2847 842 2878 Sed

90 2892 146 2924 vix
157 2898 236 2935 puto
250 2891 473 2936 lippitudinem
492 2902 560 2923 esse
576 2892 730 2924 morbum.
745 2889 841 2932 cujus

94 2935 226 2966 curandi
243 2945 340 2967 causa
360 2935 504 2966 homines
527 2934 560 2965 in
580 2934 771 2965 medicorum
796 2939 841 2964 ta-

93 2977 202 3010 bernis
229 2988 346 3019 magna
374 2977 468 3020 copia
492 2977 711 3009 confluxerint.
758 2977 843 3007 Nam

95 3019 130 3051 in
147 3019 219 3052 loco
238 3019 344 3052 Plauti
365 3020 522 3062 Amphitr.
546 3020 588 3057 iv,
613 3021 652 3051 13
676 3021 789 3063 (quem
813 3019 844 3050 in

844 3063 897 3093 22

863 1302 946 1334 hanc
970 1313 1034 1334 rem
1059 1300 1167 1333 attulit
1191 1298 1389 1338 Bentleius),
1413 1299 1522 1330 Omnes
1542 1300 1612 1338 pla-

863 1351 925 1375 teas
955 1347 1142 1385 perreptarz',
1169 1345 1331 1386 gymnasia
1360 1349 1389 1373 et
1419 1343 1611 1383 myropolia:

862 1389 946 1428 apud
965 1389 1131 1428 emporium
1148 1394 1239 1428 atque
1257 1389 1290 1417 in
1311 1386 1447 1420 macella,
1464 1387 1497 1415 in
1517 1386 1611 1424 pala·-

862 1437 926 1462 stra
940 1437 1029 1472 atque
1044 1429 1176 1472 insoro:
1201 1431 1234 1460 in
1253 1430 1421 1464 medicinis,
1438 1430 1471 1458 in
1488 1429 1612 1458 tonstri-

862 1475 920 1509 m‘s,
942 1475 1026 1514 apud
1048 1484 1145 1504 omnes
1166 1474 1240 1504 aedes
1257 1483 1377 1503 sacras:
1400 1482 1466 1501 sum
1481 1471 1613 1512 defessus

862 1517 1072 1558 quaesitando,·
1097 1527 1245 1556 nusquam
1266 1517 1387 1546 invenio
1410 1514 1613 1550 Naucratem,

864 1566 940 1591 cett.
974 1559 1063 1590 nulla
1096 1559 1254 1602 lipporum
1286 1558 1372 1589 facta
1403 1562 1451 1588 est
1481 1554 1620 1588 mentio.

866 1602 1058 1644 Cogitabam
1078 1602 1213 1644 primum
1229 1601 1268 1632 de
1287 1599 1423 1631 aniculis
1441 1610 1532 1642 quas,
1550 1611 1615 1631 non

863 1655 932 1676 raro
964 1645 1146 1687 lippientes,
1178 1643 1331 1675 Horatius
1355 1653 1451 1685 supra
1475 1653 1615 1685 quoque,

865 1689 932 1719 Sat.
952 1688 976 1724 i,
996 1690 1028 1723 4,
1050 1689 1103 1723 38,
1128 1688 1168 1718 ad
1191 1697 1246 1718 eos
1263 1686 1369 1721 refert,
1394 1696 1413 1716 a
1430 1686 1550 1727 quibus
1568 1697 1617 1717 res

863 1741 955 1762 novae
974 1730 1023 1761 vel
1043 1730 1180 1761 maxime
1196 1728 1316 1771 captari
1335 1734 1366 1760 et
1387 1728 1544 1759 diffamari
1563 1739 1615 1759 so-

865 1775 944 1805 lent.
993 1773 1055 1804 Sed
1077 1783 1162 1804 nunc
1184 1773 1275 1803 aliter
1295 1771 1408 1802 sentio.
1454 1771 1617 1809 Horatius,

866 1816 923 1858 qui
950 1816 1042 1847 homo
1071 1816 1131 1846 fuit
1160 1817 1274 1855 lippus,
1304 1820 1339 1845 ut
1364 1814 1433 1857 ipse
1456 1814 1618 1855 profitetur

867 1861 934 1890 Sat.
955 1859 976 1895 i,
992 1861 1023 1892 5.
1040 1860 1093 1893 30,
1112 1859 1152 1889 ab
1174 1857 1372 1895 adversariis,
1387 1864 1423 1888 ut
1440 1858 1619 1889 observavi-

867 1912 939 1933 mus
968 1912 1040 1944 sup.
1066 1901 1105 1932 ad
1138 1902 1206 1931 Sat.
1231 1900 1252 1938 i,
1278 1900 1301 1935 1,
1332 1901 1404 1934 120,
1431 1901 1617 1931 contemtim

870 1947 971 1985 lippus
994 1945 1175 1975 nominatus
1197 1953 1267 1974 esse
1292 1943 1429 1974 videtur.
1475 1943 1620 1976 Fortasse

866 1988 962 2030 igitur
991 1998 1011 2019 a
1039 1988 1130 2028 Rege
1158 1986 1293 2028 Rupilio
1318 1996 1457 2027 quoque,
1488 1986 1555 2027 qui,
1583 1993 1620 2017 ut

868 2030 976 2062 scribit
1007 2031 1082 2062 Vet.
1115 2030 1235 2062 Schol..
1266 2039 1349 2070 aegre
1383 2029 1505 2059 ferebat
1534 2031 1619 2070 qirod

872 2073 1034 2109 Horatius,
1045 2074 1138 2104 homo
1147 2071 1311 2114 ignobiliS,
1324 2072 1470 2102 tribunus
1480 2071 1619 2103 militum

870 2116 903 2148 in
928 2116 1041 2148 castris
1070 2116 1161 2147 Bruti
1185 2122 1281 2151 esset,
1311 2115 1495 2146 contemtim
1520 2117 1622 2155 lippus

870 2160 1051 2202 appellatus
1086 2165 1155 2198 est;
1195 2158 1281 2200 quod
1315 2158 1444 2199 quidem
1478 2158 1621 2200 ineptum

871 2202 1010 2234 convicii
1039 2213 1153 2243 genus,
1184 2212 1203 2233 a
1232 2201 1370 2244 corporis
1401 2201 1478 2232 vitio
1503 2201 1623 2244 quippe

874 2246 1021 2288 petitum,
1043 2245 1174 2276 ridendo
1199 2245 1346 2275 Horatius
1366 2244 1442 2275 data
1460 2254 1554 2287 opera
1574 2255 1622 2276 re·

871 2296 977 2332 petere
1000 2288 1133 2320 videtur.
1182 2288 1381 2318 Tamen-ibus.-
1407 2298 1470 2319 non
1494 2288 1622 2325 mirum,

871 2331 897 2363 si
930 2338 1070 2363 tonsores
1098 2331 1175 2362 olim
1202 2342 1331 2373 quoque
1361 2341 1401 2362 ex
1425 2341 1477 2362 ore
1503 2341 1623 2368 eorum,

872 2385 953 2417 quos
985 2375 1171 2409 tondebant.
1203 2385 1252 2405 res
1283 2384 1383 2405 novas
1413 2373 1624 2417 accipiebant,

873 2428 991 2460 easque
1009 2418 1240 2460 propagabant.

919 2464 1016 2492 4—8.
1043 2462 1186 2501 Negotia,
1205 2461 1244 2491 de
1259 2466 1397 2502 quaestu,
1414 2460 1471 2502 qui
1492 2460 1572 2492 redit
1588 2472 1627 2492 ex

876 2504 1008 2535 soenore.
1055 2503 1165 2535 Schol.
1187 2505 1301 2545 Cruq..
1318 2506 1478 2534 eratenim
1497 2505 1628 2535 Persius

877 2549 1047 2588 negotiator
1066 2548 1149 2586 apud
1167 2547 1371 2577 Clazomenas,
1417 2547 1468 2577 De
1490 2550 1629 2588 negotia-

881 2592 996 2621 toribus
1030 2591 1173 2620 Romanis
1203 2589 1326 2631 copiose
1351 2595 1384 2620 et.
1412 2589 1536 2622 erudite
1566 2591 1631 2632 egit

882 2633 1047 2664 Ernestius
1062 2632 1095 2662 in
1111 2632 1265 2674 peculiari
1284 2632 1519 2668 dissertatione,
1536 2644 1632 2674 quam

882 2675 914 2706 in
932 2675 1155 2718 compendium
1172 2675 1292 2716 redegit
1308 2675 1340 2706 in
1357 2677 1450 2707 Clav.
1467 2677 1539 2707 Cic.
1556 2686 1582 2706 s.
1603 2688 1633 2707 v.

885 2719 1077 2760 Negotiator.
1123 2718 1232 2749 Durus
1248 2720 1343 2749 meo.
1358 2718 1493 2750 durioris
1514 2719 1633 2760 ingenii

884 2761 990 2799 homo,
1008 2771 1110 2804 asper,
1126 2762 1285 2803 pervicax,
1299 2761 1451 2797 difficilis,
1466 2762 1636 2804 opponitur

884 2803 1003 2835 homini
1028 2804 1108 2840 miti,
1125 2804 1220 2841 comi,
1238 2803 1336 2835 facili.
1382 2806 1482 2845 Atque
1503 2807 1569 2835 odio
1585 2807 1638 2845 qui

884 2854 979 2888 posset
992 2850 1111 2879 vincere
1128 2848 1252 2889 Regem,
1270 2853 1301 2878 et
1322 2847 1510 2878 insolentior
1527 2849 1615 2888 Rege
1629 2861 1635 2878 z

885 2892 987 2921 odium
1009 2891 1049 2922 de
1068 2891 1236 2922 insolentia
1257 2895 1290 2921 et
1308 2890 1544 2932 importunitate
1567 2891 1638 2922 Cic.

886 2943 942 2974 pro
965 2933 1094 2965 Cluent.
1119 2935 1150 2971 3,
1173 2935 1250 2974 (pind
1273 2940 1340 2963 erat
1359 2935 1476 2968 adium,
1501 2933 1557 2962 Dii
1579 2934 1637 2962 im-

884 2978 1039 3014 mortales,
1056 2988 1118 3017 quoe
1135 2978 1290 3016 snperbia.
1319 2976 1483 3006 Ernestius
1495 2974 1527 3005 in
1545 2974 1638 3005 Clav.

890 3018 963 3051 Cic.
990 3030 1015 3050 s.
1043 3030 1071 3051 v.
1097 3020 1212 3050 Odium
1239 3019 1347 3049 laudat
1373 3019 1497 3049 Terent.
1525 3017 1643 3059 Hecyr.
