1884 3288
300 216 378 255 122

850 212 1244 256 CARMINUM

639 310 838 361 Fastidit,
860 314 1152 355 umbrosamve
1173 313 1322 367 ripam,

696 378 798 419 Non
820 379 1035 433 Zephyris
1056 381 1216 433 agitata
1235 379 1416 433 Tempe.

494 443 549 483 25
582 442 912 485 Desiderantem
931 446 1048 498 quod
1071 446 1172 486 satis
1191 453 1272 494 est,
1294 459 1434 499 neque

581 509 914 552 Tumultuosum
935 510 1135 552 sollicitat
1155 526 1284 560 mare,

639 576 736 618 Nec
757 592 894 618 saevus
917 576 1094 618 Arcturi
1115 578 1306 618 cadentis

695 643 901 697 Impetus,
923 650 997 684 aut
1018 643 1191 684 orientis
1213 643 1370 684 Haedi:

581 707 684 750 Non
703 710 939 750 verberatae
960 709 1167 764 grandine
1187 709 1336 758 vineae,

496 776 552 816 30
581 775 812 816 Fundusve
833 777 1031 825 mendax,
1054 776 1207 816 arbore
1228 789 1341 816 nunc
1361 789 1493 829 aquas

639 841 867 895 Culpante,
890 856 1002 882 nunc
1025 841 1229 882 torrentia
1249 856 1375 896 agros

695 908 861 957 Sidera,
883 922 996 949 nunc
1016 907 1176 948 hiemes
1198 907 1380 961 iniquas.

580 974 812 1015 Contracta
831 974 971 1028 pisces
992 988 1166 1027 aequora
1187 975 1375 1015 sentiunt

579 1040 715 1081 Jactis
737 1041 780 1081 in
802 1041 933 1081 altum
954 1040 1160 1089 molibus3
1192 1041 1278 1082 huc
1300 1040 1502 1094 frequens

496 1109 553 1149 35

639 1107 857 1148 Caementa
878 1107 1063 1148 demittit
1083 1108 1299 1147 redemtor

694 1173 803 1214 Cum
823 1171 1004 1223 famulis,
1027 1173 1311 1228 dominusque
1333 1180 1459 1215 terrae

296 1339 399 1363 curas,
418 1338 527 1370 parum
542 1327 703 1359 suavitatis
714 1338 731 1358 e
746 1327 818 1358 vitae
834 1338 898 1358 suae
910 1327 1030 1359 deliciis

298 1370 486 1412 percipiunt,
504 1370 565 1401 imo
585 1381 623 1400 ne
644 1371 785 1410 quietum
804 1369 929 1410 quidem
948 1379 1029 1399 som-

297 1423 371 1443 num
399 1412 537 1454 capiunt.
582 1413 750 1442 Desit-ictus
773 1414 848 1442 ensis
871 1413 920 1442 cui
943 1422 1031 1451 super

296 1457 388 1495 impia
400 1455 518 1485 Cervice
526 1456 633 1494 pendet
642 1466 649 1484 :
665 1453 825 1494 vulgarem
834 1453 1031 1490 sententiam,

295 1501 318 1514 ‘'
333 1497 388 1538 qui
408 1506 527 1538 semper
549 1497 587 1526 de
610 1495 791 1526 imminente
814 1495 873 1525 sibi
897 1494 1032 1536 periculo

296 1538 438 1580 trepidat.
453 1538 516 1572 ei‚’'
530 1543 604 1569 cett.
623 1536 773 1578 expressit
794 1537 928 1577 imagine
953 1537 1028 1567 nudi

294 1581 390 1615 ensis,
421 1579 534 1611 cervici
564 1579 700 1620 alicujus
729 1578 958 1620 impendentis;
991 1578 1029 1609 de

292 1632 358 1662 qua
379 1632 411 1652 re
434 1627 507 1652 nota
523 1627 571 1652 est
593 1620 721 1651 historia
743 1620 916 1656 Damoclis,
934 1630 1028 1661 quam

295 1669 400 1694 narrat
420 1664 531 1695 Cicero
552 1664 674 1699 Quaest.
693 1663 790 1692 Tusc.
814 1673 844 1697 v,
865 1663 919 1692 21.
968 1662 1028 1693 De-

294 1708 418 1736 strictus
428 1707 504 1735 ensis
517 1717 525 1734 .·
549 1704 603 1734 inf.
619 1706 683 1735 Sat.
698 1704 731 1741 ii,
745 1706 774 1738 1,
789 1706 841 1740 41,
859 1715 942 1744 quem
956 1705 1027 1750 (en-

295 1746 379 1787 sem)
416 1758 473 1777 cur
500 1748 684 1786 destringere
710 1747 820 1776 coner?
855 1745 910 1776 ubi
944 1746 1026 1782 vide,

293 1798 366 1829 quae
381 1789 420 1820 de
434 1789 607 1819 differentia
623 1789 784 1819 verborum
799 1789 984 1828 destringere
999 1794 1030 1819 et

293 1833 473 1871 distringere
495 1831 684 1862 notavimus.
728 1831 836 1860 Sicula:
855 1832 955 1869 dapes,
975 1839 1028 1860 ex-

293 1872 517 1914 quisitissimae‚
534 1871 682 1913 qualibus
697 1881 729 1902 se
745 1871 875 1902 invitare
891 1872 1032 1902 solebant

295 1914 419 1956 tyranni
449 1914 548 1944 Siculi
565 1925 574 1951 ;
610 1913 682 1944 hinc
710 1914 811 1954 epulae
848 1913 1028 1944 lautissimae

289 1956 477 1998 ,proverbiali
510 1955 666 1986 locutione
696 1954 790 1985 dictae
822 1960 896 1985 sunt
921 1956 1030 1986 Siculre

292 2008 348 2029 seu
378 1999 592 2038 Syrocusunae:
627 1997 692 2028 vid.
722 1997 853 2027 Mitsch.
899 1997 1027 2027 Dulcem

289 2041 485 2070 elaborabunt
498 2050 641 2078 saporem,
658 2039 702 2069 ita
717 2038 786 2078 ejus
805 2038 946 2080 palatum
961 2039 1026 2069 affi-

292 2091 363 2113 cere
373 2081 534 2117 valebunt,
545 2087 580 2111 ut
589 2090 695 2111 earum
708 2080 894 2110 suavitatem
905 2080 1005 2122 sapiat
1019 2092 1026 2110 ι

293 2133 386 2164 quam
406 2123 536 2164 pulchre
557 2128 588 2154 et
604 2122 815 2162 significanter
832 2123 1027 2153 elaborabunt

294 2175 362 2206 pro,
391 2165 556 2207 parabunt,
585 2164 778 2200 excitabunt,
809 2163 943 2205 positum
975 2163 1025 2199 sit,

291 2217 367 2238 suus
397 2216 553 2248 quemque
576 2216 685 2237 sensus
709 2205 845 2236 docebit.
887 2207 1028 2236 Somnum

292 2251 447 2284 reducent,
464 2249 585 2279 efficere
604 2253 762 2290 poterunt,
783 2253 819 2278 ut
839 2248 973 2278 Somnus
994 2247 1026 2278 in

291 2291 400 2322 domos
408 2291 627 2332 potentiorum,
639 2290 721 2320 unde
730 2289 902 2325 recesserit,
912 2290 1027 2327 redeat,

292 2333 342 2364 vel
357 2333 389 2363 in
404 2343 457 2363 eas
472 2343 504 2363 se
518 2332 622 2363 reduci
640 2331 786 2372 patiatur.
815 2330 1027 2371 Cogitandum

291 2375 374 2406 euim
397 2380 443 2405 est
464 2374 502 2404 de
525 2374 583 2404 deo
605 2375 734 2404 Somno.
777 2374 899 2404 Somnus
925 2384 1025 2414 agres-

293 2420 381 2452 tium,
405 2422 478 2447 cett.
497 2416 617 2457 junge:
643 2416 734 2446 Lenis
757 2415 880 2446 Somnus
903 2416 1040 2446 humiles*

291 2461 387 2490 domos
401 2463 533 2489 virorum
551 2459 712 2498 agrestium
738 2457 787 2498 (h.
804 2467 834 2487 e.
850 2467 939 2487 casas
959 2468 1024 2488 rus-

292 2499 388 2541 ticas)
405 2511 462 2530 non
470 2500 611 2542 fastidit,
629 2510 690 2530 non
707 2498 828 2536 transit,
844 2499 898 2529 sed
910 2499 1023 2530 intrat:

292 2554 358 2578 nos,
382 2543 564 2572 verschmiiht
586 2543 669 2572 nicht
693 2543 742 2572 die
766 2543 904 2571 niederen
938 2541 1025 2572 Woh-

291 2595 416 2624 nungen
445 2586 493 2614 des
524 2584 728 2614 Landmonns.
772 2583 810 2613 In
841 2583 1026 2614 sententiam

291 2627 342 2659 Cl.
365 2625 497 2656 Mitsch.
519 2631 678 2667 comparat
700 2627 810 2656 Senec.
834 2625 930 2655 Herc.
956 2626 1023 2656 OEt.

290 2668 480 2706 644-6473
505 2667 605 2709 Epist.
626 2668 688 2705 903
713 2672 743 2698 et
767 2667 918 2698 Menand.
942 2667 1025 2709 apud

289 2712 380 2743 Stob.
395 2709 539 2749 Florileg.
555 2710 647 2740 Grot.
663 2719 693 2750 p.
709 2710 783 2739 391.

331 2753 473 2784 25-32,
498 2752 562 2788 Qui
585 2762 647 2782 non
670 2751 770 2792 plum,
792 2759 886 2790 quam
909 2751 1024 2791 quibus

287 2796 329 2828 ad
343 2795 438 2826 vitam
454 2793 687 2824 sustentandam
697 2802 776 2834 opus
787 2798 846 2827 est,
860 2792 1023 2831 desiderat,

289 2838 316 2869 is
337 2835 483 2868 omnibus
504 2835 568 2865 illis
587 2834 671 2865 curis
692 2835 808 2875 quibus
826 2833 947 2871 divites,
968 2846 1022 2866 ex-

288 2879 384 2922 empli
400 2877 499 2918 gratia
516 2882 679 2912 mercator,
694 2877 735 2907 ob
755 2882 974 2916 tempestatum
990 2877 1022 2908 in

289 2921 366 2952 mari
380 2919 532 2962 pericula,
548 2925 579 2950 et
597 2919 795 2949 arbustorum
810 2917 966 2953 dominus,
984 2919 1023 2950 ob

286 2963 428 3006 iniquam
462 2960 541 2994 aeris
576 2959 766 3002 temperiem,
801 2959 1021 2999 sollicitantur,

1073 1326 1151 1358 liber
1166 1331 1259 1367 atque
1275 1336 1392 1358 vacuus
1407 1331 1464 1358 est.
1498 1326 1561 1357 Nec
1574 1336 1664 1357 saevus
1679 1326 1807 1357 Arcturi

1072 1370 1205 1400 cudentis
1228 1370 1370 1408 Impetus,
1393 1374 1461 1404 aut,
1484 1373 1558 1399 cett.
1581 1378 1639 1399 nec
1662 1367 1807 1409 impetus,

1074 1411 1105 1440 h.
1130 1421 1159 1442 e.
1181 1410 1227 1440 vis
1251 1410 1460 1442 vehementior
1486 1419 1575 1441 saevae
1602 1409 1807 1452 tempestatis,

1075 1463 1146 1494 quae
1175 1462 1320 1483 occasum
1349 1452 1476 1483 Arcturi
1503 1458 1558 1482 aut
1585 1457 1688 1483 ortum
1716 1451 1808 1483 Haedi

1077 1496 1161 1535 (pro,
1186 1493 1373 1535 Haedorum)
1398 1493 1485 1535 sequi
1510 1493 1600 1524 solet.
1644 1495 1808 1531 Arcturus,

1072 1536 1164 1567 stella
1193 1536 1225 1566 in
1255 1536 1356 1567 cauda
1385 1536 1506 1571 Bootae,
1533 1545 1604 1576 quae
1633 1535 1807 1566 secundum

1074 1578 1217 1618 vulgares
1246 1577 1382 1608 rationes
1414 1577 1638 1608 astronomicas
1671 1577 1702 1608 iv
1735 1577 1808 1609 Cal.

1074 1621 1156 1650 Nov.
1175 1619 1314 1658 occidit3
1338 1620 1439 1655 Haedi,
1459 1620 1531 1650 duae
1552 1619 1651 1650 stelloe
1674 1617 1708 1650 in
1727 1619 1807 1651 laevo

1074 1661 1201 1692 brachio
1225 1661 1429 1696 Erichthonii,
1451 1661 1541 1703 cujus
1562 1666 1648 1692 ortus
1668 1661 1700 1692 in
1723 1660 1806 1703 prid.

1074 1704 1160 1734 Non.
1190 1704 1321 1734 Octobr.
1347 1702 1468 1734 incidit.
1513 1705 1641 1736 Fundus
1668 1705 1807 1740 mendax,

1071 1745 1163 1776 fidem
1182 1745 1308 1782 fallens,
1326 1755 1387 1776 non
1408 1745 1540 1776 reddens
1558 1745 1644 1786 quod
1657 1745 1686 1776 ei
1705 1745 1806 1776 eredi-

1073 1793 1138 1817 tum
1167 1794 1234 1824 est;
1265 1787 1406 1818 similiter
1429 1786 1485 1818 inf.
1511 1786 1613 1828 Epist.
1640 1786 1662 1823 i,
1693 1787 1725 1822 7,
1754 1787 1806 1826 78,

1074 1840 1150 1869 spem
1173 1831 1297 1860 mentita
1319 1839 1396 1876 seges
1408 1840 1418 1865 ,·
1442 1828 1494 1859 cni
1515 1828 1683 1870 opponitur
1701 1831 1808 1870 segetis

1074 1878 1153 1902 certa
1159 1872 1240 1912 fides
1251 1871 1308 1902 inf.
1324 1871 1368 1906 iit,
1386 1872 1435 1904 16,
1450 1871 1512 1908 30;
1534 1870 1574 1902 de
1587 1881 1647 1912 quo
1657 1870 1807 1912 loquendi

1073 1924 1183 1954 genere
1210 1923 1228 1943 e
1257 1923 1287 1943 re
1312 1912 1494 1954 pecuniaria
1519 1912 1559 1943 ad
1583 1912 1805 1954 agriculturam

1073 1956 1222 1985 translato
1237 1955 1298 1985 vid.
1318 1957 1397 1986 Stat.
1414 1961 1446 1986 et
1465 1954 1603 1986 Broukh.
1623 1953 1663 1985 ad
1683 1954 1806 1987 Tibull.

1069 1996 1102 2034 ii,
1118 1999 1148 2034 6,
1162 1998 1202 2027 21
1218 2008 1226 2034 3
1248 2002 1278 2027 et
1298 1997 1408 2028 Heius.
1428 1997 1467 2027 ad
1493 1996 1566 2028 Val.
1589 1996 1695 2028 Flacc.
1711 1996 1733 2034 i,
1750 1997 1805 2029 69.

1071 2040 1184 2069 Arbore
1207 2050 1288 2069 nunc
1317 2050 1408 2079 aquas
1438 2038 1600 2078 Culparum,
1627 2043 1701 2070 cett.
1728 2038 1804 2070 dum

1070 2082 1159 2111 arbor
1190 2079 1350 2121 (intellige
1373 2079 1516 2122 inprimis
1542 2079 1654 2115 oleam.
1683 2079 1725 2110 cf.
1748 2080 1808 2113 inf.

1072 2123 1174 2164 Epist.
1187 2123 1209 2159 i,
1226 2123 1258 2158 8,
1274 2123 1325 2162 5),
1341 2133 1411 2163 quae
1425 2121 1527 2163 lepide
1535 2121 1603 2162 jam
1614 2121 1804 2154 insimulata

1070 2164 1204 2205 perfidiae
1226 2174 1350 2195 causam
1374 2163 1457 2206 apud
1478 2163 1639 2194 dominum
1662 2173 1803 2205 perorare

1069 2206 1206 2247 fingitur,
1222 2206 1394 2236 sterilitatis
1404 2205 1527 2247 culpam
1543 2204 1634 2236 modo
1645 2205 1679 2236 in
1693 2205 1805 2238 nimias

1070 2248 1204 2289 pluvias,
1218 2247 1311 2278 modo
1326 2247 1360 2278 in
1377 2247 1506 2278 nimium
1522 2253 1646 2282 aestum,
1661 2247 1752 2278 modo
1771 2247 1805 2280 in

1071 2290 1157 2321 verni
1182 2289 1303 2329 frigoris
1329 2289 1522 2331 iniquitatem
1552 2289 1682 2321 confert.
1715 2289 1803 2330 >Tor·-

1072 2334 1168 2363 rentiu
1182 2334 1294 2367 sidera,
1309 2331 1450 2372 intellige
1465 2330 1537 2362 Sirii
1551 2330 1694 2372 inprimis
1706 2330 1806 2370 sidus,

1070 2375 1130 2404 sub
1156 2373 1248 2415 eujus
1270 2379 1339 2404 ortu
1368 2374 1492 2404 arbores
1515 2372 1611 2404 nimio
1631 2372 1707 2404 solis
1725 2378 1804 2406 aestu

1070 2415 1175 2446 torreri
1203 2416 1324 2455 solent;
1358 2415 1432 2446 hinc
1466 2414 1589 2450 vitium,
1619 2413 1704 2456 quod
1731 2413 1805 2447 inde

1069 2458 1198 2488 trahunt
1226 2459 1362 2493 arbores,
1386 2458 1528 2488 sideratio
1559 2456 1804 2498 (ἀστροβολία)

1070 2499 1205 2530 dicitur:
1229 2500 1314 2531 Plin.
1337 2499 1412 2536 xvii,
1434 2500 1487 2536 24,
1508 2499 1670 2538 Proprium
1689 2501 1803 2530 sidera-

1070 2544 1158 2572 tionis
1179 2548 1232 2576 est,
1255 2543 1308 2572 sub
1327 2548 1394 2572 ortu
1414 2542 1496 2572 canis
1514 2542 1684 2571 siccitatum
1701 2551 1803 2580 vapor,

1069 2595 1138 2614 cum
1161 2586 1255 2615 insitae
1277 2596 1312 2615 ac
1335 2584 1456 2614 novellae
1478 2584 1597 2614 arbom
1618 2584 1804 2616 moriuntur.

1069 2627 1260 2667 Comparant
1274 2636 1346 2656 cum
1370 2624 1500 2656 Horatio
1518 2623 1696 2655 Philemon.
1717 2635 1736 2655 a
1758 2626 1803 2656 ud

1069 2669 1156 2699 Stob.
1172 2667 1320 2709 Florileg.
1342 2668 1430 2699 Grot.
1452 2677 1484 2708 p.
1505 2667 1580 2702 403,
1595 2665 1689 2698 πάνυ
1705 2678 1729 2708 μ
1749 2668 1803 2705 λις

1068 2710 1181 2751 ὥσπερ
1191 2710 1228 2741 τὸ
1237 2710 1323 2741 κατὰ
1334 2708 1432 2751 χρέος
1439 2708 1628 2750 κεφάλαιον,
1637 2708 1732 2740 ieci-iet
1739 2710 1802 2751 (sc.

1066 2751 1086 2789 ἡ
1110 2752 1171 2793 γῆ)
1195 2753 1231 2783 τὸ
1253 2751 1397 2793 σπέρμα,
1418 2751 1497 2788 τοὺς
1519 2750 1648 2787 τόκους,
1670 2749 1804 2792 ἀνευρί-

1068 2794 1178 2825 σκουσ’
1199 2794 1250 2825 ἀεὶ
1274 2793 1445 2836 πρόφασίν
1465 2791 1527 2824 τιν’
1548 2792 1683 2834 αὐχμὸν
1700 2793 1720 2832 ἣ
1735 2793 1801 2824 πά-

1067 2849 1170 2877 χνην,
1182 2835 1227 2868 ‘t'v'
1242 2836 1426 2878 ἁποστερῇ.

1109 2879 1248 2909 33—40.
1283 2877 1405 2909 Divites
1431 2875 1570 2918 quidem,
1598 2881 1635 2906 ut
1667 2874 1801 2907 habeant

1067 2930 1129 2960 quo
1146 2931 1178 2951 se
1194 2925 1344 2955 recreent,
1361 2917 1526 2959 magnifica
1539 2918 1573 2948 in
1587 2916 1681 2948 maris
1699 2916 1800 2955 litore,

1066 2961 1141 2993 dum
1154 2962 1250 2994 vastis
1264 2961 1296 2993 in
1308 2961 1406 2993 altum
1422 2959 1566 2993 demissis
1580 2958 1712 2991 molibus
1729 2959 1799 2991 sun-
