1904 3314
682 205 906 251 LIBER
939 208 975 260 Ι,
1013 210 1048 253 1.

1553 212 1638 253 435

207 306 282 349 Ne
303 322 428 350 cures
449 321 500 348 ea
520 320 621 361 quae
642 304 772 347 stulte
794 304 962 346 miraris
983 311 1028 346 et
1050 311 1192 360 optas,

206 374 392 417 Discere
411 382 456 417 et
475 374 627 416 audire
647 379 692 414 et
712 372 878 414 meliori
898 373 1080 414 credere
1101 388 1188 415 non
1210 375 1272 415 vis
1289 375 1306 415 ’ἒ

205 442 334 494 Quis,
356 443 516 484 circum
537 455 673 496 pagos
693 447 738 482 et
758 441 920 482 circum
941 441 1131 495 compita
1150 456 1346 496 pugnax,

117 510 175 551 50
205 510 370 566 Magna
390 509 587 552 coronari
608 515 855 550 contemnat
876 507 1094 563 Olympia,
1118 509 1188 550 cui
1210 524 1327 564 spes,

205 577 288 620 Cui
309 579 364 620 sit
382 577 572 620 conditio
593 575 732 618 dulcis
755 576 846 617 sine
868 575 1047 631 pulvere
1070 575 1223 631 palmae
1243 579 1260 618 ?

203 646 348 688 Vilius
369 652 597 701 argentum
617 651 684 687 est
705 659 825 695 aur0,
848 645 1082 686 virtutibus
1104 659 1271 686 aurum.

204 714 248 756 Ο
269 715 398 763 cives,
420 714 555 755 cives!
588 713 826 768 quaerenda
847 713 1033 768 pecunia
1053 713 1239 768 primum
1261 719 1343 761 est,

203 780 356 823 Virtus
375 787 476 836 post
497 782 720 822 nummos!
753 780 849 822 haec
870 779 1011 821 Janus
1034 795 1227 822 summus
1249 781 1305 821 ab
1328 780 1414 821 imo

114 849 172 891 55
202 848 444 891 Prodocet:
475 848 571 891 haec
593 849 793 890 recinunt
808 848 995 903 juvenes
1018 849 1182 890 dictata
1205 862 1434 902 senesque,

203 917 339 959 Laevo
361 919 562 973 suspensi
581 916 746 959 loculos
768 916 1047 971 tabulamque
1067 915 1248 957 lacerto.

201 986 249 1028 Si
269 986 598 1042 quadringentis
621 1000 700 1027 sex
722 993 890 1040 septem
911 984 1041 1026 millia
1061 985 1236 1033 desunt,

201 1055 286 1097 Est
306 1056 471 1096 animus
493 1054 587 1104 tibi,
611 1061 712 1095 sunt
733 1068 890 1103 moreS‚
913 1060 957 1094 et
978 1053 1128 1108 lingua
1147 1052 1364 1106 fidesque,

201 1122 336 1169 Plebs
356 1123 455 1166 eris.

113 1193 173 1234 60
202 1192 250 1233 Si
269 1198 388 1234 recte
409 1190 555 1232 facies.

516 1122 578 1163 At
599 1122 726 1177 pueri
746 1121 963 1171 ludentes,
987 1121 1089 1162 Rex
1110 1121 1211 1170 eris,
1235 1121 1370 1170 aiunt,

618 1189 705 1231 Hic
726 1203 876 1230 murus
894 1188 1088 1230 aheneus
1110 1196 1222 1237 esto,

201 1259 280 1301 Nil
299 1259 495 1302 conscire
518 1259 615 1307 sibi,
639 1256 757 1299 nulla
776 1256 1016 1312 pallescere
1038 1256 1181 1311 culpa.

201 1326 364 1369 Roscia
384 1326 471 1380 (dic
493 1326 642 1379 sodes)
665 1324 815 1366 melior
834 1324 921 1374 lex,
945 1340 999 1366 an
1021 1339 1255 1379 puerorum
1278 1330 1346 1365 est

85 1471 224 1514 βαίνειν
235 1470 373 1504 dicitur:
397 1470 439 1502 cf.
462 1479 534 1512 sup.
560 1469 601 1500 ad
627 1468 694 1501 Od.
714 1469 757 1508 iv,
782 1470 835 1507 14,

88 1517 144 1551 24.
160 1521 193 1548 et
207 1515 247 1546 ad
259 1516 327 1546 Sat.
341 1514 365 1550 i,
384 1515 414 1550 l,
430 1514 484 1545 38.

134 1559 189 1590 ⁴7.
213 1558 262 1589 Ne
274 1567 363 1590 eures
376 1567 422 1595 ea,
439 1560 517 1588 cett.
536 1561 572 1587 ut
591 1561 777 1587 contemnas
798 1565 837 1586 ea

88 1611 162 1644 quae
177 1601 275 1632 stulte
289 1599 396 1641 magni
411 1600 503 1633 sacis,
517 1604 549 1630 et
559 1599 717 1640 possidere
731 1598 834 1640 cupis,

71 1655 75 1662 ·
89 1643 122 1675 id
138 1649 173 1676 tu
187 1654 250 1676 non
265 1643 324 1679 vis,
340 1642 389 1674 vel
406 1642 662 1685 philosophorum
678 1641 775 1672 libros
791 1642 837 1671 le-

90 1687 206 1730 gendo,
221 1686 271 1719 vel
286 1685 490 1729 philosophos
507 1685 658 1716 docentes
676 1683 837 1715 audiendo

89 1730 211 1762 discere
225 1734 257 1762 et
279 1729 434 1770 (meliori)
455 1727 651 1770 prudentiori
671 1727 763 1758 fidem
783 1726 839 1757 ha-

90 1773 188 1805 hem!
248 1773 372 1808 Melior,
402 1770 536 1807 doctior,
565 1769 767 1812 prudentior:
807 1769 840 1800 in

91 1816 196 1860 Epist.
211 1826 262 1858 sq.
280 1826 309 1847 v.
320 1816 375 1851 68,
395 1814 490 1845 Nunc
505 1815 610 1844 adhibe
624 1824 702 1853 puro
717 1813 841 1843 Pectore

93 1861 181 1892 verba
196 1870 285 1900 puer,
302 1869 387 1889 nunc
402 1864 430 1888 te
444 1858 617 1888 melioribus
633 1855 719 1898 offer,

137 1904 278 1934 ⁴9-5l.
303 1902 380 1937 Quis
390 1903 503 1932 circum
516 1910 619 1941 pagos,
635 1905 710 1932 cett.
757 1898 840 1937 Quis

91 1950 141 1977 est
177 1944 233 1988 qui
270 1955 333 1976 non
371 1943 462 1974 malit
505 1943 646 1974 coronari
687 1941 720 1972 in
757 1942 839 1972 ludis

94 1988 136 2020 01
159 1988 285 2030 mpiciS‚
308 1987 481 2030 praecipue,
505 1985 532 2025 si
557 1986 694 2028 palmam
719 1984 751 2015 in
776 1985 840 2016 illis

93 1999 179 2063 lutlis
199 2033 282 2073 (sine
302 2030 445 2072 putrere)
469 2029 537 2077 sine
559 2039 665 2071 pugna
689 2027 840 2076 consequi

43 2088 46 2090 ·
92 2074 204 2118 possit,
228 2084 324 2116 quam
349 2073 477 2105 athletae
500 2071 739 2103 circumfer-anei
757 2081 841 2102 more

93 2117 215 2149 circum
232 2127 330 2160 pagos
347 2123 380 2148 et
402 2116 539 2158 compita
563 2115 727 2158 pugnare!
774 2115 839 2144 Ex-

91 2160 207 2209 pressit
234 2166 339 2192 autem
371 2159 523 2190 Horatius
558 2158 618 2189 hac
653 2157 838 2189 adumbrata

92 2203 231 2245 imagine
253 2202 440 2234 sententiam
470 2202 570 2232 hanc:
610 2200 682 2243 quis
711 2207 758 2231 est
782 2199 838 2241 qui

94 2245 237 2284 humilia,
247 2245 358 2288 qualia
367 2250 443 2276 sunt
452 2244 632 2275 divitiarum
643 2250 675 2275 et
683 2243 837 2274 honorum

93 2288 213 2326 studia,
227 2298 325 2332 quam
339 2287 497 2324 virtutem,
513 2297 585 2328 quae
601 2288 668 2318 sine
686 2287 757 2317 vitae
773 2285 836 2316 dis-

91 2331 235 2370 crimine,
262 2331 331 2363 sine
353 2330 437 2362 curis
461 2336 491 2367 et
517 2329 677 2361 laboribus
699 2329 838 2360 exerceri

52 2406 54 2410 ,
94 2379 209 2418 potest,
225 2385 335 2406 curare
350 2373 460 2405 maliti

137 2418 191 2450 60.
214 2418 334 2461 Magna
364 2418 505 2449 coronari
537 2417 692 2457 Olympia,
725 2415 839 2447 Graeca

45 2461 66 2478 *⁸⁵
91 2461 328 2493 constructione
355 2460 626 2503 (στεφανοῦσθαι
647 2457 839 2501 Ὀλύμπια)

62 2508 70 2539 ζ
150 2526 161 2541 ,
183 2504 325 2536 coronari
348 2504 381 2534 in
403 2506 523 2544 magnis
542 2501 837 2544 (celebratissimis)

58 2512 266 2589 *gamain
292 2546 326 2578 in
349 2546 434 2578 hunc
465 2545 616 2587 loquendi
644 2547 771 2575 modum
797 2545 838 2575 ab

59 2585 322 2633 '2‘R‘ephaestione
351 2590 508 2632 profertur
531 2587 704 2619 Simonidis
733 2597 838 2618 versus

67 2631 75 2658 ἓ
93 2628 167 2665 Re:
183 2631 333 2677 Ἴσθμια,
359 2632 410 2670 δὶς
432 2632 556 2674 Νέμεα,
586 2630 638 2668 δὶς
665 2629 838 2672 Ὀλύμπια

50 2687 59 2710 ;-’
78 2674 345 2720 4ἶῡτέφανειίθην.
391 2675 444 2707 Sic
466 2677 584 2706 vincere
606 2675 749 2714 Olympia
773 2683 840 2716 pro,

47 2715 220 2758 ‹jhc-*em
246 2719 280 2751 in
303 2718 473 2761 Olympiis,
497 2717 579 2748 dixit
604 2716 728 2747 Ennius
755 2715 840 2758 apud

72 2759 167 2803 ³250·
181 2762 222 2794 de
234 2763 360 2794 Senect.
371 2763 402 2794 5.
418 2761 610 2801 Sicutsortis
623 2770 728 2800 εᾳαιιε,
744 2762 842 2800 spatio

86 2804 149 2849 W
161 2815 236 2847 sepe
249 2816 386 2846 supremo
401 2804 481 2834 Vicit
496 2804 652 2844 Olympia,
666 2813 749 2833 nunc
761 2804 843 2833 senio

43 2847 245 2890 ’ῥεῖα-ω’
261 2849 406 2890 quiescit.-
431 2846 495 2878 vid.
516 2844 698 2878 Hemsterh.
715 2845 754 2875 ad
773 2846 839 2876 Lu-

46 2905 54 2910 *
146 2890 259 2923 .Τ.ἰ
313 2914 322 2923 .
338 2891 413 2922 338.

58 2937 111 2985 εἰ
138 2932 194 2967 δί.
216 2913 277 2965 Cui
289 2901 337 2966 ¹:1⁶2
357 2935 490 2966 conditio
507 2933 627 2973 palmet,
645 2930 698 2962 cui
713 2930 753 2961 sit
769 2941 840 2972 pro-

75 2975 91 3012 s„
108 2996 110 3000 ν
127 2993 129 2996 ·
151 2977 231 3008 'mm
247 2976 342 3009 dulce
357 2977 472 3020 palmae
488 2974 664 3018 premium,
683 2976 746 3004 sine
768 2975 840 3014 pnl-

880 1475 1008 1504 tactum,
1031 1469 1108 1510 quod
1127 1475 1234 1500 vocant
1255 1468 1398 1500 ἀκονιτί·
1434 1467 1520 1500 Gell.
1546 1478 1575 1504 ν,
1599 1467 1631 1503 6,

878 1514 942 1543 sine
968 1514 1106 1552 pulvere,
1137 1518 1172 1542 ut
1202 1514 1265 1542 dica·
1294 1513 1379 1549 solet,
1411 1514 1633 1552 incruentaque

880 1557 1042 1592 victoria),
1059 1555 1092 1586 h.
1109 1565 1137 1586 e.
1152 1554 1219 1586 sine
1237 1564 1343 1597 pugna
1358 1566 1367 1593 ;
1383 1565 1402 1586 a
1413 1554 1633 1597 pugnantibus

880 1598 965 1630 enim
992 1598 1201 1639 colligebatur
1222 1598 1381 1630 excitatus
1403 1597 1525 1640 pulvis;
1558 1597 1632 1628 hinc

880 1651 952 1683 sup.
969 1641 1032 1672 Od.
1053 1641 1075 1677 i,
1100 1642 1128 1678 l,
1140 1642 1172 1677 3,
1187 1643 1343 1681 puluerem
1360 1642 1554 1682 Olympicum
1569 1642 1631 1671 col-

884 1685 990 1725 ligere.
1035 1683 1118 1715 Fieri
1133 1689 1237 1714 autem
1254 1689 1387 1726 poterat,
1405 1690 1440 1715 ut
1464 1683 1581 1725 aliquis
1597 1683 1631 1714 in

883 1726 968 1757 ludis
995 1725 1173 1768 Olympicis
1203 1726 1302 1758 victor
1330 1731 1532 1757 coronaretur
1562 1726 1633 1758 sine

885 1769 1024 1811 pulvere,
1040 1769 1109 1800 sine
1131 1779 1251 1811 pugna,
1271 1768 1298 1799 si
1320 1779 1412 1800 nemo
1430 1769 1554 1800 adesset
1575 1768 1630 1810 qui

884 1822 956 1843 cum
994 1822 1032 1843 eo
1065 1818 1225 1843 certamen
1260 1811 1339 1843 inire
1375 1812 1516 1844 auderet.
1561 1812 1632 1843 Hoc

885 1856 1016 1886 transfer
1031 1856 1071 1886 ad
1090 1866 1270 1897 expressam
1294 1855 1483 1886 sententiam
1501 1867 1507 1884 :
1533 1854 1632 1886 virtu-

885 1903 946 1928 tern
973 1897 1132 1930 exercenti
1154 1909 1229 1934 non,
1253 1904 1288 1928 ut
1307 1897 1490 1929 divitiarum
1513 1908 1632 1938 conge-

885 1941 1052 1972 rendarum
1078 1941 1207 1983 cupido,
1235 1940 1443 1983 pugnandum
1466 1951 1535 1972 esse
1558 1951 1632 1972 cum

884 1984 1044 2015 laboribus
1059 1990 1091 2015 et
1107 1984 1267 2026 periculis:

926 2028 981 2058 52.
1010 2028 1108 2058 silius
1123 2034 1299 2069 argentum,
1312 2032 1387 2058 cett.
1397 2026 1422 2056 si
1438 2025 1537 2057 viliori
1551 2037 1631 2068 prae-

885 2070 1047 2102 serendum
1065 2077 1113 2102 est
1131 2070 1256 2107 melius,
1276 2080 1353 2101 auro
1368 2075 1400 2101 et
1414 2069 1534 2100 divitiis
1550 2081 1630 2112 prae-

885 2113 956 2144 ferri
971 2113 1063 2144 debet
1081 2114 1194 2144 virtus.

926 2158 1068 2188 53-56.
1096 2157 1221 2193 Orives,
1233 2156 1332 2187 cives!
1347 2161 1424 2187 cett.
1465 2155 1511 2186 At
1524 2162 1632 2187 nostra

883 2205 975 2231 aetate
990 2210 1111 2230 morum
1127 2198 1267 2241 magistri
1278 2199 1419 2230 clamant
1435 2204 1468 2230 et
1484 2198 1630 2241 praecipi-

883 2250 952 2279 unt,
977 2244 1006 2274 O
1025 2242 1123 2277 cives,
1141 2242 1236 2280 cives,
1251 2247 1324 2274 ante
1339 2241 1447 2272 omnia
1461 2242 1632 2284 quaerenda

882 2291 931 2315 est
951 2286 1102 2328 pecunia,
1124 2292 1156 2317 et
1176 2291 1247 2327 post
1270 2286 1436 2327 quaesitam
1461 2285 1631 2328 pecuniam

881 2329 1009 2360 demum
1026 2329 1146 2367 virtus3
1169 2329 1237 2360 liaec
1253 2331 1408 2371 (dictata)
1425 2335 1582 2371 praecepta
1598 2328 1632 2359 in

882 2372 967 2403 Jano
985 2382 1110 2403 summo
1128 2378 1161 2403 et
1184 2372 1258 2408 imo,
1283 2371 1337 2403 ubi
1361 2372 1565 2403 foeneratores
1580 2382 1630 2403 se-

882 2415 969 2451 dent,
998 2415 1128 2458 publice
1153 2414 1324 2454 docenter3
1357 2414 1467 2446 eadem
1496 2414 1632 2456 juvenes

883 2467 1039 2500 senesque
1068 2463 1225 2500 repetunt,
1255 2459 1343 2494 dum,
1373 2458 1458 2488 sicut
1481 2458 1570 2500 pueri
1598 2458 1631 2489 in

883 2501 1025 2532 scholam
1041 2508 1164 2539 euntes,
1180 2501 1323 2533 tabulam
1338 2507 1370 2532 et
1385 2501 1506 2532 loculos
1523 2511 1631 2532 secum

883 2550 1019 2586 portant.
1065 2545 1116 2576 De
1131 2545 1212 2576 Jano
1226 2556 1338 2576 summo
1360 2551 1388 2574 et
1410 2547 1466 2574 imo
1482 2543 1544 2576 vid.
1560 2555 1632 2587 sup.

882 2587 922 2618 ad
947 2588 1014 2618 Sat.
1037 2587 1072 2623 ii,
1097 2588 1130 2623 3,
1159 2589 1207 2619 19.
1262 2589 1301 2619 In
1325 2587 1460 2619 lectione
1485 2588 1633 2619 Prodocet

884 2630 1006 2664 variant
1021 2636 1098 2662 vett.
1116 2630 1194 2662 libb.
1207 2631 1261 2661 alii
1276 2633 1427 2671 perdocet,
1444 2630 1498 2661 alii
1510 2633 1629 2671 praedo-

883 2680 940 2704 cet.
1003 2673 1065 2705 Sed
1096 2679 1179 2705 recte
1212 2674 1364 2705 Lambin.
1396 2674 1495 2716 Cruq.
1523 2674 1634 2705 Benti.

886 2716 982 2746 Baxt.
1016 2717 1117 2748 Gesn.
1140 2722 1171 2747 et
1199 2717 1263 2749 Fea
1286 2717 1463 2749 defendunt
1486 2717 1632 2748 prodocet

886 2758 1116 2800 (ἐκδιδάσκει),
1135 2759 1165 2790 h.
1184 2769 1214 2790 e.
1236 2760 1377 2802 publice,
1398 2760 1505 2802 palam
1527 2760 1630 2796 docet,

886 2812 959 2832 nam
976 2802 1131 2844 particula
1145 2813 1200 2843 pro
1215 2802 1247 2834 in
1260 2803 1444 2845 compositis
1456 2808 1546 2834 notat
1557 2803 1632 2840 sete,

884 2844 1003 2887 palam,
1022 2845 1108 2882 foris,
1122 2845 1263 2888 publice,
1277 2853 1394 2888 aperte,
1408 2852 1443 2876 ut
1457 2847 1634 2886 producere,

881 2888 1034 2930 prqfer⁷·e,
1049 2891 1183 2928 prodire,
1200 2895 1275 2920 cett.

928 2932 982 2963 56.
995 2932 1398 2973 Laevosuspemi—lacerto:
1412 2930 1499 2962 hunc
1511 2941 1633 2962 versum

884 2973 1169 3016 elegantissimum,
1199 2985 1264 3017 quo
1287 2985 1359 3017 sup.
1391 2976 1458 3005 Sat.
1488 2973 1511 3008 i,
1538 2973 1569 3010 6,
1593 2973 1634 3003 47

70 3022 107 3057 'f
166 3040 176 3056 ,
191 3019 298 3062 (Plio.
314 3021 356 3052 Η.
372 3020 416 3051 N.
432 3029 526 3055 xxxv,
548 3020 598 3056 ll,
613 3019 693 3050 citra
709 3018 844 3057 pulveris
887 3027 997 3058 pueros
1013 3029 1086 3049 cum
1104 3017 1212 3049 tabula
1233 3023 1264 3049 et
1285 3017 1399 3048 loculis
1422 3017 1454 3046 in
1479 3016 1634 3051 scholam,

825 3061 907 3092 rs2
1029 3070 1038 3085 ο
