1884 3288
573 506 1037 566 CARM

1109 505 1570 565 INUM

825 669 993 706 LIBER
1023 667 1322 704 SECUNDUS.

907 1064 1177 1108 CARMEN
1210 1066 1244 1106 Ι.

717 1203 786 1233 AD
822 1203 1054 1234 ASINIUM
1090 1201 1432 1232 POLLIONEM.

604 1284 798 1336 Momm
819 1311 874 1337 ex
896 1295 1075 1338 Metello
1097 1297 1270 1338 consule
1292 1298 1483 1345 civicum,

604 1365 802 1420 Bellique
823 1380 986 1415 causas,
1010 1372 1052 1406 et
1073 1367 1186 1415 vitia,
1208 1373 1251 1407 et
1270 1366 1435 1415 modos,

561 1465 759 1496 CARMEN
784 1466 812 1495 I.

363 1507 400 1537 In
429 1506 537 1543 nullis,
562 1513 715 1549 quantum
742 1506 886 1548 equidem
910 1506 1054 1537 animad-

320 1549 408 1584 verti,
423 1549 543 1580 Horatii
558 1549 745 1580 carminibus
756 1549 856 1588 magis
872 1549 1056 1579 hallucinati

321 1597 396 1622 sunt
410 1591 600 1632 interpretes,
616 1602 710 1632 quam
726 1591 758 1621 in
774 1590 988 1631 dijudicandis
1007 1590 1056 1627 iis,

320 1632 375 1663 ubi
400 1633 571 1665 excelsiore
600 1634 709 1675 spiritu
735 1639 826 1675 poeta
848 1632 998 1672 exsurgit,
1024 1638 1055 1663 et

321 1673 421 1715 lyrica
429 1681 505 1711 arte,
517 1675 549 1705 h.
558 1686 588 1707 e.
599 1675 740 1706 liberiore
749 1675 874 1705 vinculo
886 1673 1055 1704 sententias

320 1715 401 1747 inter
426 1727 459 1748 se
481 1717 657 1758 conjunxit.
701 1717 816 1758 Itaque
840 1726 933 1757 super
959 1715 1056 1756 hujus

319 1768 446 1799 quoque
460 1759 618 1795 carminis,
634 1759 826 1790 sublimitate
845 1768 902 1788 sua
916 1757 1055 1789 eminen-

321 1799 374 1836 tis,
397 1801 528 1832 consilio
549 1801 636 1832 mirae
686 1801 793 1831 rolatae
816 1805 890 1831 sunt
913 1799 1054 1840 argutiae,

320 1852 399 1883 quas
419 1849 553 1885 repetere
575 1849 607 1874 et
624 1853 656 1874 re
670 1843 763 1874 ellere
787 1853 858 1873 cum
880 1842 1054 1878 molestum,

320 1889 387 1914 tum
410 1885 451 1915 ab
471 1884 614 1916 instituto
629 1890 733 1915 nostro
756 1884 894 1915 alienum
913 1889 970 1915 est.
1016 1885 1055 1915 C.

320 1925 453 1957 Asinius
468 1926 584 1963 Pollio,
600 1926 647 1957 vir
665 1926 853 1961 consularis,
871 1937 962 1967 quern
979 1925 1055 1956 belli

319 1967 470 2009 pacisque
488 1968 605 2000 artibus
624 1968 748 2011 pariter,
769 1979 806 1999 ae
831 1968 988 1998 literarum
1006 1967 1054 1997 in-

319 2010 475 2051 geniique,
512 2021 575 2052 quo
611 2012 797 2052 praeclarum
832 2010 1054 2050 tragoediarum

319 2051 500 2094 scriptorem
517 2063 549 2083 se
562 2053 716 2094 praestitit,
730 2052 828 2094 gloria
840 2052 920 2082 inter
934 2053 1052 2082 Rorna-

321 2104 377 2124 nos
393 2094 577 2126 excelluisse
599 2095 675 2126 satis
701 2100 836 2129 constat,
852 2104 923 2124 cum
938 2093 1002 2134 jam
1019 2104 1055 2124 eo

318 2135 501 2167 contulisset
521 2136 625 2168 studia
646 2147 714 2172 sua,
730 2142 765 2167 ut
778 2136 854 2167 belli
871 2135 971 2166 civilis
990 2135 1054 2165 his-

319 2178 430 2209 toriam
442 2178 608 2217 scriberet;
626 2178 775 2209 Horatius
786 2188 858 2209 eum
871 2178 903 2208 in
917 2178 974 2208 boc
987 2187 1055 2208 car-

320 2220 405 2252 mine
428 2220 467 2251 ad
489 2221 567 2252 illud
589 2231 667 2263 opus
688 2226 812 2252 strenue
834 2219 1054 2261 perficiendum

319 2272 383 2293 non
411 2262 478 2294 sine
509 2273 622 2304 magna
651 2263 721 2304 ejus
750 2262 845 2293 laude
875 2261 1056 2293 adhortatur

321 2309 417 2346 atque
449 2305 576 2336 excitat.
621 2305 850 2336 Sententiarum
881 2314 978 2334 nexus
1008 2309 1056 2335 est

321 2346 383 2378 sere
406 2346 475 2377 hic:
499 2347 651 2378 bellorum
675 2346 814 2378 civilium
833 2345 996 2387 originem,
1015 2347 1055 2377 ab

319 2398 357 2419 eo
373 2388 445 2420 inde
461 2395 596 2431 tempore
612 2400 674 2430 quo
690 2389 841 2420 Metellus
860 2388 967 2419 consul
984 2388 1054 2424 suit,

320 2430 530 2472 repetendam,
558 2437 589 2462 et
613 2431 775 2467 rationem,
800 2441 862 2472 qua
877 2431 945 2470 ,illa
970 2435 1057 2471 gesta

321 2479 407 2508 sunt,
425 2483 567 2504 enarrare
590 2483 753 2514 aggressus
775 2483 818 2509 es,
838 2472 953 2504 Pollio.
998 2474 1057 2503 Est

319 2524 395 2546 sane
412 2515 501 2552 tanti,
518 2520 553 2545 ut
571 2516 700 2552 tamdiu,
717 2515 818 2547 donec
834 2515 974 2546 ultimam
989 2525 1054 2545 ma-

320 2567 396 2587 num
419 2563 563 2598 suscepto
587 2557 671 2599 operi
697 2557 890 2599 imposueris,
916 2557 1055 2587 animum

318 2599 476 2642 paulisper
487 2610 505 2630 a
514 2599 735 2640 tragoediarum
748 2599 978 2631 scribendarum
991 2604 1056 2630 stu-

319 2641 372 2672 dio
387 2647 519 2673 avertas.
565 2643 667 2679 Quam
684 2642 762 2672 vivis
783 2641 938 2673 coloribus
953 2641 1058 2672 onmia

319 2682 352 2714 in
368 2683 425 2714 illa
439 2683 592 2715 bellorum
615 2683 754 2715 civilium
771 2684 981 2726 descriptione
1000 2694 1054 2714 ex-

320 2735 426 2767 pressa
436 2726 544 2757 erunt!
569 2727 589 2757 J
595 2736 644 2756 am
658 2736 738 2757 nunc
751 2725 828 2768 ipsis
841 2725 965 2768 pugnis,
977 2735 1056 2765 quas

319 2767 528 2810 descripturus
542 2778 587 2804 es,
599 2767 746 2799 interesse
763 2767 839 2798 mihi
854 2767 974 2798 videor!
989 2767 1056 2808 jam

319 2820 403 2842 nunc
440 2809 622 2841 adumbrata
662 2810 898 2841 fortissimorum
938 2809 1055 2839 ducum

319 2851 422 2894 imago
441 2852 546 2883 animo
568 2862 636 2883 meo
659 2852 857 2883 obversatur!
879 2852 946 2893 jam
970 2861 1053 2882 nunc

318 2900 421 2926 mente
443 2893 593 2936 percipio,
617 2894 772 2935 quomodo
797 2899 880 2925 totus
906 2899 1054 2924 terrarum

318 2937 401 2968 orbis
416 2941 524 2979 praeter
535 2941 670 2968 atrocem
685 2935 823 2967 animum
837 2935 966 2968 Catonis
981 2936 1054 2966 sub-

1097 1471 1197 1498 actus,
1220 1470 1251 1496 et
1273 1470 1391 1505 quanta
1415 1469 1533 1504 strages
1557 1463 1589 1494 in
1612 1463 1717 1495 Africa
1745 1461 1830 1494 edita

1098 1507 1155 1538 sit!
1183 1507 1264 1544 Quis
1279 1517 1409 1549 campus
1423 1507 1506 1538 enim
1525 1506 1737 1537 Romanorum
1752 1505 1830 1536 civi-

1098 1560 1151 1579 um
1167 1549 1320 1589 sanguine
1335 1559 1396 1579 non
1414 1549 1552 1590 pollutus
1567 1548 1637 1579 est'!
1681 1547 1720 1578 In
1735 1556 1828 1589 quam

1098 1596 1209 1622 terram
1233 1592 1316 1621 sama
1330 1592 1368 1622 de
1384 1591 1535 1621 bellorum
1549 1589 1686 1621 civilium
1701 1589 1829 1620 calami-

1097 1638 1159 1663 tate
1170 1643 1232 1663 non
1242 1633 1433 1675 penetravit‘l
1452 1633 1552 1670 Quem
1564 1630 1830 1673 gurgitem‚quem

1097 1675 1240 1710 fluvium,
1257 1675 1341 1716 quod
1357 1685 1440 1706 mare
1454 1685 1516 1705 non
1531 1673 1772 1706 commaculavit
1785 1673 1831 1705 ci-

1097 1716 1182 1747 vium
1206 1717 1329 1748 caedesi
1374 1717 1435 1748 Sed
1455 1726 1519 1758 quo
1541 1726 1591 1747 me
1613 1714 1713 1758 abripi
1733 1714 1833 1758 patior

1099 1769 1167 1799 ego,
1182 1759 1236 1800 qui
1253 1769 1315 1789 non
1330 1758 1488 1800 gravioris,
1503 1757 1558 1790 sed
1572 1757 1694 1789 levioris
1709 1762 1831 1788 tantum

1099 1801 1274 1841 argumenti
1292 1801 1433 1832 carmina
1451 1811 1563 1832 canere
1577 1799 1722 1842 possum!
1770 1799 1832 1831 Ce-

1099 1849 1198 1874 terum
1221 1854 1294 1874 cum
1308 1843 1460 1874 bellorum
1480 1842 1620 1874 civilium
1636 1841 1783 1878 historiae,
1798 1841 1831 1872 iu

1100 1885 1162 1916 xvii
1186 1886 1274 1916 libris
1295 1896 1314 1916 a
1336 1885 1480 1916 Pollione
1501 1883 1661 1927 expositae,
1678 1883 1732 1914 alii
1753 1894 1831 1925 quo·

1099 1938 1160 1968 que
1183 1928 1347 1969 scriptores
1368 1930 1416 1965 (e.
1440 1938 1470 1967 g.
1483 1926 1584 1958 Tacit.
1598 1926 1686 1958 Anu.
1707 1926 1751 1961 iv,
1766 1927 1830 1964 345

1099 1970 1229 2000 Sueton.
1247 1970 1331 2000 Caes.
1355 1970 1408 2007 30,
1421 1975 1453 2000 et
1474 1969 1513 2000 de
1536 1969 1587 2000 Cl.
1606 1968 1750 2000 Gramm.
1767 1968 1829 2006 10;

1098 2010 1235 2052 Appian.
1256 2011 1295 2042 de
1313 2012 1354 2041 B.
1373 2011 1412 2042 C.
1437 2021 1467 2052 p.
1489 2011 1582 2051 479),
1599 2015 1662 2041 tam
1687 2009 1832 2041 honorifi-

1098 2063 1166 2084 cam
1187 2053 1372 2084 mentionem
1395 2053 1582 2094 injecerint3
1604 2051 1741 2094 profecto
1762 2062 1832 2084 eam

1098 2106 1159 2126 non
1177 2101 1299 2126 aetatem
1316 2095 1426 2126 tulisse
1442 2094 1574 2126 maxime
1588 2094 1757 2125 dolendum
1772 2099 1832 2125 est.

1098 2137 1251 2168 Pollionis
1266 2143 1369 2168 autem
1386 2137 1494 2168 laudes
1510 2137 1652 2178 inprimis
1675 2135 1832 2178 complec-

1099 2184 1206 2210 tuntur
1228 2185 1340 2221 quarta
1364 2185 1396 2211 et
1418 2185 1529 2210 octava
1554 2178 1672 2219 Eeloga
1696 2177 1835 2219 Virgilii,

1099 2222 1153 2263 qui
1170 2220 1218 2252 illi
1234 2232 1323 2262 aeque
1338 2227 1433 2263 atque
1454 2220 1583 2252 Horatio
1598 2220 1718 2252 amicus
1732 2226 1763 2252 et
1778 2230 1834 2263 pa-

1098 2269 1207 2294 tronus
1221 2263 1335 2294 extitit.

1145 2307 1236 2336 1—8.
1259 2306 1377 2336 Motum
1387 2316 1421 2335 ex
1435 2305 1556 2336 Metello
1567 2304 1686 2336 consule
1695 2305 1833 2335 civicum.

1099 2347 1202 2378 Pollio
1218 2358 1340 2390 nempe,
1355 2358 1427 2378 cum
1447 2357 1466 2378 a
1485 2346 1632 2378 societate
1655 2345 1722 2382 illa.
1737 2355 1832 2387 quarn

1100 2391 1192 2422 U.C.
1210 2401 1347 2426 ncxcw,
1363 2391 1405 2427 Q.
1418 2389 1548 2421 Caecilio
1562 2388 1695 2420 Metello
1711 2388 1832 2423 Celere,

1100 2432 1200 2464 Lucio
1225 2432 1357 2463 Afranio
1381 2433 1474 2463 Coss.
1497 2437 1560 2462 tres
1582 2429 1642 2462 viri
1666 2429 1833 2472 principes,

1100 2474 1218 2510 Caesar,
1231 2473 1414 2522 Pompeius
1427 2479 1459 2505 et
1474 2474 1619 2508 Crassus,
1629 2477 1739 2503 contra.
1753 2482 1832 2503 rem-

1123 2517 1257 2547 ublicam
1278 2516 1424 2552 imerunt,
1440 2516 1571 2558 primam
1586 2514 1737 2546 bellorum
1758 2513 1832 2545 civi-

1098 2527 1177 2590 lium
1213 2558 1362 2599 originem
1399 2562 1566 2600 repeteret;
1601 2556 1675 2588 inde
1707 2565 1835 2598 quoque

1099 2611 1206 2632 eorum
1242 2600 1401 2632 historiam
1437 2601 1579 2631 detexere
1613 2608 1740 2630 exorsus
1775 2603 1834 2629 est.

1103 2644 1205 2674 Motus
1232 2644 1356 2678 civicus,
1383 2641 1506 2678 seditio,
1538 2651 1610 2682 quae
1638 2639 1720 2671 inter
1748 2640 1834 2671 cives

1099 2691 1249 2719 movetur.
1261 2685 1328 2726 jam
1344 2694 1399 2726 pro
1415 2683 1504 2715 initio
1517 2683 1592 2714 belli
1608 2681 1723 2714 civilis.
1760 2682 1832 2713 Bel-

1099 2729 1180 2768 liqne
1199 2738 1314 2763 causus,
1330 2731 1421 2769 poeta
1442 2726 1508 2768 ipse
1530 2735 1583 2757 eas
1601 2735 1630 2756 v.
1651 2725 1671 2756 4
1691 2723 1832 2766 subjicit,

1096 2780 1202 2810 graves
1217 2769 1338 2800 scilicet
1351 2770 1523 2808 principum
1537 2768 1696 2798 amicitias.
1737 2767 1831 2803 Vitia,

1099 2817 1223 2848 temere,
1237 2821 1256 2841 a
1271 2810 1468 2852 Pompeianis
1482 2808 1635 2851 inprimis,
1650 2813 1743 2856 capta
1757 2818 1832 2840 con-

1097 2853 1180 2884 silia.
1224 2853 1328 2883 Modus
1353 2851 1431 2883 refer
1457 2850 1498 2882 ad
1524 2861 1647 2882 omnem
1670 2856 1832 2888 rationem,
1873 2855 1877 2859 '

1097 2906 1159 2936 qua
1172 2895 1290 2926 bellum
1307 2905 1361 2936 pro
1376 2893 1531 2935 cujusque
1547 2892 1644 2935 partis
1657 2892 1788 2924 consilio
1801 2897 1834 2924 et

1098 2936 1216 2968 viribus
1239 2941 1360 2978 gestum
1382 2942 1440 2967 est.
1485 2935 1662 2976 Ludumque
1677 2935 1831 2970 Furtum,
