1884 3288
314 219 395 264 114'

598 327 675 369 Me
695 327 816 381 petit.

601 460 811 515 Largiora
829 459 992 514 flagito,

656 527 768 567 Satis
788 527 940 567 beatus
962 525 1095 566 unicis
1117 524 1300 565 Sabinis.

517 595 568 634 15
597 593 810 634 Truditur
830 592 921 632 dies
944 591 1030 639 die,

652 659 876 711 Novaeque
897 663 1085 711 pergunt
1105 656 1278 697 interire
1301 655 1460 696 Lunae:

596 725 669 766 Tu
690 725 872 766 secanda
892 737 1102 764 marmora

655 791 796 831 Locas
819 791 898 830 sub
918 790 1059 843 ipsum
1079 787 1233 838 funus3
1264 794 1322 836 et,
1345 786 1529 842 sepulcri

598 857 835 905 Immemor,
859 856 986 896 struis
1009 855 1179 904 domos3

657 923 880 976 Marisque
902 922 1018 962 Baiis
1040 921 1328 975 obstrepentis
1350 934 1478 975 urges

515 924 571 964 20

599 990 861 1031 Submovere
880 989 1018 1038 litora,

655 1055 815 1096 Parum
834 1053 1024 1109 locuples
1046 1054 1288 1095 continente
1309 1053 1414 1106 ripa.

601 1121 751 1168 Quid?
780 1121 898 1175 quod
918 1135 1055 1174 usque
1076 1120 1291 1174 proximos

658 1186 848 1229 Revellis
870 1186 963 1240 agri
983 1186 1199 1232 terminos,
1221 1191 1264 1226 et
1283 1184 1396 1226 ultra

512 1256 567 1296 25
599 1254 776 1295 Limites
796 1253 1010 1294 clientium

656 1320 766 1360 Salis
786 1334 936 1360 avarus
953 1337 962 1368 ;
994 1318 1167 1372 pellitur
1186 1325 1389 1372 paternos

599 1387 650 1428 In
671 1387 765 1427 sinu
787 1386 927 1427 ferens
953 1385 1073 1426 Deos

660 1453 721 1493 Et
742 1467 867 1499 uxor,
889 1459 931 1492 et
953 1452 1027 1500 vir,
1051 1451 1334 1504 sordidosque
1353 1460 1489 1493 natos.

598 1519 732 1561 Nulla
753 1519 908 1560 certior
929 1526 1068 1559 tamen

659 1586 847 1640 Rapacis
870 1584 975 1625 Orci
993 1583 1079 1624 fine
1101 1583 1314 1624 destinata

514 1586 572 1626 30

316 1697 427 1735 Supra,
445 1702 601 1738 praeterea,
615 1696 754 1728 ulterius.
799 1697 952 1726 Potentem
974 1696 1049 1725 ami-

318 1750 397 1774 cum,
413 1738 552 1779 intellige
567 1740 788 1770 Maecenatem.

365 1781 499 1811 15—22.
522 1782 632 1812 Nexus
665 1780 888 1812 sententiarum
912 1784 958 1810 est
989 1778 1051 1810 sere

318 1821 385 1853 hic:
410 1822 484 1853 dum
505 1823 587 1854 enim
613 1823 785 1857 considero.
807 1822 961 1862 quomodo
984 1822 1052 1852 dies

319 1863 370 1895 die
386 1864 536 1902 trudatur,
552 1871 583 1895 et
598 1875 684 1896 novae
700 1875 821 1906 semper
836 1864 933 1894 Lunae
955 1863 1049 1894 inter-

319 1912 404 1942 eant,
422 1906 500 1936 nihil
518 1907 551 1936 in
575 1907 685 1937 futurae
709 1906 782 1937 vitae
806 1915 896 1936 usum
921 1905 1050 1943 molior;

318 1947 395 1983 sive,
411 1954 558 1989 reputans
579 1948 660 1979 enirn
686 1958 808 1979 mecum
833 1957 957 1977 cursum
979 1947 1051 1978 vitae

318 1989 466 2020 humanae
485 1990 690 2027 celerrimum,
715 2000 821 2032 parum
845 1989 990 2029 equidem
1012 1989 1051 2020 de

319 2031 384 2062 vita
409 2032 514 2062 sutura
537 2042 606 2074 sum
631 2031 797 2062 sollicitus.
843 2031 896 2062 CI.
921 2030 1050 2061 Mitsch.

319 2079 478 2114 comparat
488 2074 650 2104 Ammian.
659 2074 741 2108 xxvi.
754 2075 804 2108 12,
814 2072 1052 2103 Anfflthraec.

320 2116 358 2146 Τ.
368 2115 412 2150 iii,
424 2127 455 2157 p.
464 2117 516 2150 98.
532 2115 618 2152 Ἠὼς
634 2116 668 2151 ἐξ
680 2116 760 2154 ἠοῦς
773 2114 1052 2156 παραπέμπεται,

322 2157 389 2194 εἶτ’,
408 2157 626 2200 ἀμελούντων
641 2157 768 2206 Ἡμῶν.
785 2158 943 2198 ἐξαίφνης
959 2157 1054 2195 ἣξειὸ

320 2200 518 2242 πορφύρεος·
538 2200 580 2231 cf.
603 2200 657 2230 inf.
681 2211 722 2235 iv,
747 2201 778 2236 7,
793 2201 812 2230 9
828 2210 898 2240 sqq.
943 2199 1048 2235 Locas,

318 2251 362 2272 sc.
379 2242 614 2273 redemtoribus.
659 2243 812 2281 Mar-isque
834 2241 919 2272 Baiis
941 2241 1049 2271 obstre-

315 2287 414 2324 pemis-
439 2295 528 2324 urges
563 2285 735 2314 Submnvere
772 2285 874 2318 litora,
911 2289 984 2313 cett.
1021 2288 1053 2313 et

320 2326 411 2367 quasi
436 2325 492 2356 tibi
519 2336 579 2356 non
605 2326 760 2357 sufficiant
786 2325 992 2367 possessiones
1020 2324 1052 2355 in

319 2373 400 2398 terra
413 2367 604 2402 continente,
630 2368 709 2399 litori
732 2367 809 2399 adeo
833 2367 935 2404 maris,
958 2367 1051 2397 Baias

261 2448 263 2450 Ι
320 2409 477 2444 αΙΙιιειηίε,
502 2410 630 2440 ulterius
656 2409 862 2451 promovendo
886 2409 978 2439 unice
1002 2409 1049 2439 in-

320 2456 427 2483 tentus
440 2462 484 2486 es,
501 2451 534 2483 h.
548 2462 577 2482 e.
593 2451 626 2482 in
641 2451 729 2483 litore
744 2452 830 2482 sinus
846 2450 957 2482 Baiani
969 2461 1051 2482 mare

321 2493 397 2524 adeo
411 2503 532 2524 summo
548 2504 618 2524 cum
631 2494 733 2525 studio
745 2493 885 2524 aedificiis
900 2503 1051 2534 occupas;

321 2547 410 2576 urges
431 2537 608 2571 submovere,
628 2546 694 2577 pro,
716 2546 838 2567 summo
861 2546 932 2566 cum
949 2535 1051 2566 studio

320 2578 493 2609 submoves.
518 2578 632 2608 Parum
643 2579 770 2617 locuples
780 2580 948 2608 continente
964 2579 1030 2617 ripa
1043 2591 1050 2607 :

322 2619 463 2650 similiter
479 2620 541 2651 fere
558 2620 613 2650 inf.
628 2619 672 2655 iii,
691 2621 720 2655 l,
738 2620 791 2654 36,
808 2622 943 2650 dominus
968 2626 1053 2650 terrae

310 2662 515 2704 fastidiosus‚·
540 2666 625 2692 notat
641 2667 756 2698 autem,
772 2667 808 2692 ut
830 2661 944 2703 passim
967 2661 1053 2697 alibi,

321 2703 444 2745 insigne
466 2703 545 2734 illud
562 2704 654 2734 luxus
678 2714 788 2744 genus,
807 2714 868 2744 quo
893 2703 1052 2734 Romano·

321 2756 389 2776 rum
404 2745 560 2782 ditissimi,
577 2751 639 2776 tam
650 2746 818 2787 voluptatis
827 2755 922 2786 quam
934 2755 1053 2786 posses-

320 2788 443 2819 sionum
459 2798 584 2818 suarum
601 2787 887 2829 amplificandarum
903 2792 933 2817 et
952 2787 1051 2829 prola·

321 2829 486 2861 tandarum
523 2839 630 2867 causa,
664 2829 886 2878 pretiosissima
917 2829 948 2859 in
985 2829 1052 2870 ipso

321 2872 414 2902 maris
437 2871 525 2902 litore
545 2872 638 2913 jactis
663 2882 696 2902 1n
721 2872 817 2902 altum
842 2870 977 2901 molibus
1000 2882 1052 2902 ex—

317 2919 470 2946 struerent
485 2914 616 2945 aedificia
631 2913 694 2944 sive
710 2913 862 2955 praetoria,
879 2923 1008 2954 quorum
1020 2913 1051 2944 in

317 2957 385 2998 ipso
400 2956 470 2987 sinu
488 2956 608 2987 Baiano
622 2961 847 2988 exstructorum
864 2955 1049 2987 mentionem

854 223 1248 265 CARMINUM

876 326 998 368 Nihil
1020 342 1149 382 supra

653 394 774 435 Deos
795 393 982 434 lacesso:
1014 407 1092 435 nec
1112 399 1331 447 potentem
1352 392 1531 433 amicum

1093 1704 1217 1735 quoque
1233 1693 1308 1724 facit
1324 1693 1414 1734 Virg.
1438 1695 1518 1725 AEn.
1539 1693 1584 1728 ix,
1601 1695 1664 1725 710
1684 1705 1754 1738 sqq.
1769 1695 1823 1726 ubi

1093 1736 1134 1767 cf.
1160 1736 1263 1767 Cerda
1286 1741 1317 1766 et
1342 1735 1502 1778 Heynius3
1531 1735 1593 1767 huc
1617 1736 1696 1769 refer
1716 1747 1823 1769 eorum
1862 1750 1879 1780 ,j

1094 1778 1231 1820 piscinas
1245 1778 1294 1809 vel
1307 1778 1435 1814 vivaria,
1451 1778 1490 1809 de
1505 1778 1619 1819 quibus
1634 1789 1704 1822 sup.
1719 1779 1754 1816 ii,
1769 1781 1821 1816 15,
1860 1782 1884 1818 'j

1094 1822 1126 1857 3,
1142 1819 1198 1851 inf.
1212 1820 1257 1856 iii,
1273 1821 1302 1855 l,
1320 1821 1361 1851 33
1372 1831 1440 1862 sqq.
1863 1846 1869 1857 .-

1136 1863 1274 1893 23-28.
1306 1863 1410 1894 Locus
1435 1873 1568 1904 sequens
1591 1862 1670 1901 mira
1697 1868 1761 1894 arte
1783 1863 1822 1895 ad
1864 1876 1877 1897 ’,ἰ

1093 1903 1340 1944 indignationem
1369 1910 1476 1936 contra
1509 1905 1664 1946 improbas
1690 1904 1822 1937 divitum

1094 1946 1278 1988 cupiditates
1288 1947 1486 1978 excitandam
1503 1947 1680 1978 adornatus.
1719 1948 1824 1982 Quid?
1859 1943 1875 1991 s

1093 1991 1182 2028 quod,
1196 1999 1249 2030 pro
1266 1988 1396 2029 vulgari,
1420 1989 1492 2020 imo.
1538 1989 1687 2021 Proximos
1707 1990 1826 2021 revellis

1093 2033 1162 2071 agri
1181 2033 1328 2066 terminos,
1346 2031 1492 2062 terminos
1512 2030 1686 2062 revellendo
1700 2036 1732 2063 et
1744 2032 1823 2063 ulte·
1869 2062 1874 2068 Q

1095 2072 1158 2102 rius
1174 2073 1380 2113 promovendo
1399 2079 1510 2115 praeter
1528 2073 1582 2114 jus
1601 2078 1634 2104 et
1655 2073 1702 2104 fas
1727 2073 1824 2105 vicini
1863 2095 1871 2114 ι,

1096 2114 1160 2153 agri
1186 2121 1302 2155 partem
1328 2115 1383 2145 tibi
1409 2115 1560 2151 vindicas,
1585 2115 1668 2156 quod
1692 2115 1832 2164 proprie,
1860 2139 1869 2147 ,.

1097 2167 1208 2186 movere
1224 2159 1362 2187 terminos
1377 2157 1559 2188 dicebatur:
1584 2158 1752 2193 clientium,
1774 2168 1823 2188 ιιι-

1093 2197 1222 2237 dignum
1249 2208 1324 2229 sane
1351 2198 1482 2234 facinus,
1509 2199 1534 2229 si
1558 2206 1717 2241 patronus,
1744 2209 1824 2242 quos
1859 2209 1864 2224 2

1094 2239 1258 2270 defendere
1269 2246 1376 2271 contra
1384 2241 1530 2282 injuriam
1540 2240 1756 2283 debebat,ipse
1767 2242 1824 2272 fal·
1862 2258 1866 2259 ν

1094 2281 1151 2319 lit;
1175 2282 1247 2313 hinc
1261 2282 1327 2323 jam
1342 2283 1375 2313 in
1390 2284 1486 2324 Legg.
1499 2283 1554 2318 xii,
1565 2283 1667 2314 'rabb.
1677 2283 1710 2314 Si
1723 2290 1823 2324 patro·

1095 2334 1151 2354 nus
1167 2325 1271 2355 clienti
1278 2325 1425 2366 fraudem
1434 2327 1534 2367 j'axit,
1546 2336 1628 2357 sacer
1637 2332 1705 2356 esto.
1735 2326 1826 2361 Salis.

1094 2365 1247 2406 pudendae
1264 2367 1404 2398 audaciae
1419 2373 1450 2398 et.
1471 2367 1645 2398 insolentie
1667 2367 1825 2399 notionem
1864 2386 1866 2389 ν

1096 2409 1199 2438 habet.
1244 2410 1380 2440 Pellitur
1391 2418 1539 2449 paternos,
1551 2415 1625 2440 cett.
1641 2409 1744 2451 imago
1754 2410 1824 2451 pul·
1863 2408 1867 2447 '2

1096 2460 1138 2480 sae
1153 2449 1283 2480 divitum
1302 2451 1328 2480 vi
1347 2452 1384 2481 ab
1397 2451 1499 2493 agello
1510 2461 1567 2482 suo
1581 2452 1727 2493 pauperis
1736 2451 1824 2482 fami·
1856 2463 1866 2494 ζ

1096 2492 1157 2528 liae,
1175 2492 1248 2523 deos
1263 2493 1376 2534 patrios
1392 2499 1424 2524 et
1437 2493 1575 2524 sordidos
1590 2499 1678 2524 natos
1699 2493 1733 2524 in
1755 2493 1824 2524 sinu

1094 2534 1255 2574 gestantiS,
1272 2535 1392 2576 egregie
1407 2536 1446 2566 ad
1462 2535 1688 2567 miserationem
1699 2545 1825 2567 moven-
1859 2543 1865 2555 ’-

1093 2577 1166 2606 dam
1197 2576 1392 2608 adumbrata.
1436 2578 1601 2608 Horatium
1625 2583 1699 2609 ante
1720 2578 1826 2608 oculos

1094 2618 1206 2649 habuit
1232 2619 1468 2655 Quinctilianus
1493 2620 1587 2651 Decl.
1603 2619 1669 2656 xiii,
1683 2621 1716 2654 2,
1739 2620 1825 2651 Post-

1095 2672 1183 2700 quam
1197 2663 1340 2700 proximos
1356 2673 1481 2702 quosque
1498 2663 1664 2692 revellendo
1687 2663 1839 2693 terminos—

1096 2714 1168 2743 ager
1192 2704 1346 2742 locupletis
1375 2705 1466 2734 latius
1493 2705 1675 2734 inundavit:
1705 2710 1825 2744 aequatoe

1095 2746 1153 2774 solo
1177 2745 1268 2780 villae,
1294 2753 1322 2775 et
1345 2748 1440 2777 excisa
1463 2747 1564 2786 patria
1586 2757 1684 2782 sacra,
1706 2752 1735 2777 et
1758 2756 1825 2776 cum

1095 2788 1270 2828 conjugibus
1301 2792 1457 2828 parvisque
1484 2788 1595 2822 liberis,
1631 2793 1826 2828 respectantes

1092 2830 1227 2868 patrium
1243 2829 1346 2864 larem,
1363 2832 1570 2870 migraverunt
1591 2836 1700 2862 veteres
1720 2830 1826 2860 coloni.
1854 2860 1855 2863 ,

1096 2871 1245 2907 Sordidus,
1260 2871 1430 2912 squalidos,
1446 2871 1555 2912 quales
1569 2872 1631 2902 sere
1653 2877 1726 2903 sunt
1747 2881 1825 2913 quo-

1096 2923 1164 2943 rum
1179 2918 1322 2954 parentes
1336 2924 1407 2944 cum
1422 2913 1527 2954 inopia
1543 2913 1771 2944 conflictamur.

1137 2955 1276 2986 29-32.
1325 2956 1421 2986 Nulla
1461 2958 1569 2987 certior
1606 2962 1716 2992 tamen,
1753 2960 1827 2987 cett.
