1884 3288
481 591 817 655 METRA
866 586 1276 680 HoRATn
1322 552 1691 650 LYRICA.

879 956 1300 994 PROOEMIUM.

342 1138 530 1191 ΜΕΤΒΑ,
549 1148 685 1198 quibus
717 1147 899 1185 Horatius
926 1147 966 1184 in
986 1147 1066 1184 odis
1084 1159 1175 1184 usus
1199 1152 1269 1190 est,
1289 1145 1504 1183 exhibituro
1521 1144 1615 1182 mihi
1633 1144 1754 1183 visum
1773 1151 1842 1190 est,

340 1212 573 1262 quorundam
614 1212 661 1249 ad
701 1225 780 1249 rem
823 1213 1017 1250 metricam
1061 1210 1334 1261 pertinentium
1375 1209 1639 1248 vocabulorum
1678 1210 1844 1247 tironum

339 1274 502 1310 maxime
529 1286 638 1310 causa
665 1273 894 1321 praemittere
920 1273 1071 1310 brevem
1099 1271 1401 1320 explicationem,
1426 1271 1570 1309 omissis
1593 1283 1676 1321 quae
1702 1272 1846 1309 notiora

339 1347 419 1372 esse
437 1336 570 1371 solent.
625 1333 668 1370 In
686 1334 785 1383 quod
803 1333 971 1371 studium
990 1333 1021 1370 si
1040 1333 1100 1370 cui
1119 1332 1233 1369 altius
1251 1339 1448 1381 penetrare
1466 1333 1508 1370 in
1525 1333 1648 1370 animo
1665 1333 1729 1375 sit.
1749 1333 1845 1371 duce

339 1402 470 1433 utatur
489 1395 715 1444 peritissimo
734 1394 947 1432 Godofredo
967 1394 1183 1431 Hermanno
1198 1391 1249 1428 V.
1266 1393 1325 1430 Cl.
1347 1393 1582 1442 (Handbuch
1597 1393 1663 1431 der
1682 1394 1847 1431 Meu-ik.

342 1456 469 1506 Leipz.
491 1456 623 1500 1799.)

393 1517 533 1554 Versus
557 1516 733 1554 iambicos
754 1523 793 1554 et
816 1517 1018 1554 trochaicos
1042 1515 1289 1553 Grammatiei
1314 1515 1537 1566 plerumque
1562 1516 1722 1566 dipodiis
1741 1519 1847 1566 (διπο-

341 1578 455 1623 ὃίαις),
475 1579 513 1615 h.
536 1593 570 1617 e.
590 1578 761 1615 binorum
780 1577 920 1627 pedum
940 1577 1107 1614 seriebus
1126 1574 1236 1630 (”““““
1255 1584 1322 1614 aut
1335 1577 1449 1624 ““““)
1468 1577 1692 1622 metiuntur,
1711 1583 1749 1616 et
1766 1591 1850 1616 ver-

341 1657 425 1681 sum
451 1643 608 1680 duarum
633 1642 868 1692 dipodiarum
895 1655 924 1678 s.
944 1654 991 1678 ex
1010 1648 1170 1690 quatuor
1195 1643 1355 1693 pedibus
1381 1649 1616 1680 constantem
1637 1642 1836 1680 dimetrum

341 1704 461 1741 tribus
488 1704 648 1753 dipodiis
675 1716 704 1740 s.
733 1715 798 1739 sex
822 1702 981 1751 pedibus
1008 1709 1264 1741 constructum
1285 1705 1492 1740 trimetrum
1511 1710 1656 1741 vocant.
1709 1703 1851 1742 Versus

342 1765 444 1803 enim
471 1764 620 1802 iambici
647 1777 732 1801 cum
759 1763 800 1799 in
826 1762 915 1799 locis
941 1762 1148 1811 imparibus
1169 1763 1320 1814 (primo,
1339 1765 1464 1809 tertio,
1485 1766 1590 1812 cett.)
1611 1780 1653 1804 ac
1675 1767 1852 1804 trochaici

341 1826 382 1863 in
399 1826 552 1876 paribus
571 1824 765 1872 (secundo,
785 1823 935 1873 quarto)
954 1823 1163 1873 spondeum
1181 1827 1319 1865 habere
1348 1828 1504 1878 possint,
1526 1827 1737 1876 rhythmus}
1750 1827 1851 1864 idem

341 1897 426 1938 post
451 1887 616 1937 singulas
643 1886 795 1924 demum
817 1883 984 1934 dipodias
1002 1884 1113 1922 redit.
1168 1886 1237 1924 Sin
1255 1901 1343 1925 vero
1369 1888 1416 1926 de
1443 1887 1649 1938 dactylicis,
1669 1888 1848 1926 choriam-

341 1949 435 1987 bicis
453 1955 736 1997 ceterorumque
753 1958 934 1996 generum
953 1946 1124 1984 versibus
1143 1949 1331 1998 (exceptis
1349 1956 1476 1987 tamen
1494 1949 1739 1999 anapaesticis,
1757 1961 1850 1998 quo.

343 2023 428 2048 rum
446 2017 566 2048 metra
590 2009 703 2047 etiam
729 2011 823 2045 κατὰ
846 2010 990 2044 διποδίαν
1009 2008 1293 2059 dispescuntur)
1313 2023 1433 2048 sermo
1450 2017 1521 2055 est,
1540 2010 1697 2047 dimeter
1718 2011 1848 2062 appel-

344 2071 444 2109 latur
461 2071 527 2121 qui
545 2071 703 2117 duobus,
726 2071 890 2106 trimeter
908 2069 973 2118 qui
992 2069 1114 2107 tribus
1133 2072 1346 2110 continetur
1364 2072 1522 2122 pedibus
1540 2071 1785 2121 simplicibus.

396 2133 538 2170 Versus
568 2133 777 2169 catalectus
803 2131 940 2180 (στίχος
967 2133 1200 2179 κατάληκτος)
1220 2140 1278 2171 est
1304 2134 1412 2184 cujus
1435 2132 1522 2182 pedi
1544 2132 1679 2171 ultimo
1706 2133 1848 2185 syllaba

343 2194 460 2232 deest.
515 2194 557 2230 Si
575 2193 662 2244 pedi
680 2200 746 2231 aut
763 2193 958 2242 trisyllabo
976 2200 1042 2231 aut
1061 2194 1303 2244 tetrasyllabo
1322 2194 1405 2231 duae
1425 2194 1577 2244 syllabae
1594 2194 1745 2240 desunt,
1765 2209 1849 2234 ver-

344 2268 406 2292 sus
425 2255 555 2292 existit
573 2254 790 2298 catalectus,
809 2260 875 2291 aut
894 2254 933 2290 in
953 2254 1133 2304 syllabam
1152 2261 1218 2292 aut
1236 2256 1275 2292 in
1295 2255 1533 2305 disyllabum.

395 2317 535 2353 Versus
555 2316 911 2365 brachycatalectus
929 2323 985 2354 est
1013 2316 1074 2353 cui
1091 2329 1157 2366 pes
1182 2317 1330 2366 integer
1348 2316 1454 2355 deest
1470 2331 1479 2355 :
1508 2331 1584 2356 non
1601 2318 1673 2356 nisi
1699 2319 1851 2367 iambici

343 2384 383 2415 et
401 2377 576 2414 trochaici
595 2390 722 2414 versus
739 2376 1052 2427 brachycatalecti
1072 2385 1175 2416 sunt.

396 2438 536 2476 Versus
559 2439 794 2475 acatalectus
813 2446 870 2477 est
895 2440 935 2476 in
962 2441 1068 2490 cujus
1087 2440 1222 2478 ultimo
1248 2447 1368 2479 metro
1395 2441 1492 2478 nihil
1517 2441 1566 2480 ad
1591 2441 1849 2492 integritatem

345 2500 463 2543 deest,
482 2512 604 2549 neque
622 2499 826 2550 quidquam
846 2501 1025 2539 abundat.

396 2561 537 2598 Versus
557 2562 899 2610 hypercatalectus,
919 2564 959 2600 in
978 2577 1050 2614 quo
1070 2577 1144 2602 una
1162 2565 1210 2610 in¹
1222 2564 1296 2602 fine
1314 2564 1456 2614 syllaba
1474 2564 1652 2602 abundat.

397 2621 515 2658 Basis
533 2629 590 2659 est
609 2635 673 2671 pes
692 2622 850 2660 duarum
870 2631 936 2662 aut
955 2626 1069 2662 trium
1096 2626 1339 2675 syllabarum,
1359 2640 1380 2663 a
1398 2626 1533 2676 quibus
1550 2638 1678 2664 versus
1696 2625 1850 2675 quidam

344 2683 551 2727 exorditur,
570 2692 774 2733 antequam
794 2686 908 2723 series
926 2687 1064 2736 pedum
1084 2688 1210 2725 versui
1229 2687 1286 2724 illi
1304 2688 1535 2737 propriorum
1554 2685 1699 2736 incipit.

395 2744 547 2782 Horatii
573 2744 652 2782 odae
679 2758 745 2794 per
763 2759 892 2784 versus
910 2747 973 2784 vel
1001 2747 1171 2798 ejusdem
1194 2761 1327 2798 usque,
1347 2747 1409 2785 vel
1430 2746 1590 2798 duplicis
1607 2746 1667 2784 vel
1691 2746 1853 2797 triplicis

342 2805 491 2855 generis
517 2805 734 2843 decurrunt.
791 2808 890 2845 Sunt
918 2809 1036 2858 igitur
1061 2811 1249 2858 ποιήματα,
1270 2809 1331 2847 vel
1348 2810 1532 2858 μονόκωλα,
1551 2807 1612 2846 vel
1633 2809 1770 2854 ὂίκωλα,
1791 2807 1851 2845 vel

343 2870 502 2916 τρίκωλα.
558 2867 698 2905 Versus
725 2875 852 2906 autem
881 2868 1018 2908 diversi
1044 2872 1203 2919 generis,
1224 2883 1271 2909 ex
1298 2878 1399 2908 certo
1422 2871 1550 2909 ordine
1577 2882 1722 2920 semper
1743 2869 1850 2908 rede-
