1884 3288
657 237 882 283 LIBER
912 237 997 290 111,
1027 241 1070 282 2.

1554 237 1637 279 125

382 343 529 386 Tactu
547 341 730 393 leonem,
753 356 883 397 quem
903 348 1088 383 cruenta

439 410 528 452 Per
546 410 710 451 medias
731 410 846 464 rapit
867 409 932 451 ira
954 409 1114 451 caedes.
1328 437 1341 499 ἲ

277 462 292 539 l
326 477 470 520 Dulce
491 485 535 520 et
555 478 763 520 decorum
783 484 850 519 est
870 492 952 532 pro
971 477 1114 532 patria
1134 477 1266 519 mori:

327 545 454 588 Mors
475 552 520 588 et
540 545 741 601 fugacem
761 545 1043 601 persequitur
1064 545 1218 595 virum,

243 614 296 656 15

357 630 364 639 ·
382 613 482 655 Nec
503 614 643 669 parcit
663 612 847 654 imbellis
863 613 1056 667 juventae

440 681 689 737 Poplitibus
710 681 917 722 timidove
938 687 1079 736 tergo.

325 747 495 799 Virtus,
517 748 705 804 repulsae
725 749 873 790 nescia
895 749 1101 798 sordidae,

325 815 596 858 Intaminatis
617 816 756 872 fulget
776 817 1018 859 honoribus
1037 834 1045 858 :

381 883 481 926 Nec
503 885 632 926 sumit
653 892 729 926 aut
750 885 874 939 ponit
896 899 1071 926 secures

238 953 296 994 20

440 951 641 994 Arbitrio
661 952 886 1008 popularis
908 967 1041 994 aurae.

325 1020 497 1071 Virtus,
519 1020 750 1063 recludens
772 1021 996 1063 immeritis
1018 1022 1126 1062 mori

326 1088 512 1140 Ocelum,
533 1097 693 1145 negata
712 1096 853 1131 tentat
873 1090 956 1132 iter
976 1090 1068 1131 via:

387 1156 629 1212 Coetusque
651 1157 851 1213 vulgares
873 1165 917 1199 et
938 1157 1069 1199 udam

443 1225 622 1281 Spernit
642 1225 822 1268 humum
842 1225 1038 1281 fugiente
1060 1240 1219 1281 penna.

236 1291 295 1334 25
325 1291 412 1334 Est
432 1300 476 1335 et
496 1293 617 1336 fideli
639 1301 734 1336 tuta
755 1293 930 1336 silentio

48 1430 52 1434 <
93 1396 359 1471 aeaeae}
467 1395 840 1470 aeinarsizfarfzsa

363 1462 371 1471 .
444 1451 456 1470 s
512 1451 564 1470 um
618 1452 634 1469 ι]
670 1451 689 1470 u
747 1451 763 1469 0
834 1463 842 1475 ‚

95 1449 280 1514 Romanuprg
294 1482 380 1514 leoni
401 1451 533 1514 accssgu
549 1481 671 1513 difficili
687 1481 719 1512 in
735 1491 844 1524 pugna

63 1563 66 1566 ἢ
93 1523 313 1562 simillimum:
336 1525 396 1557 viri
418 1525 505 1558 sortis
527 1531 633 1557 autem
657 1535 729 1556 cum
752 1525 844 1556 leone

93 1568 290 1610 comparatio
303 1568 578 1611 frequentissima3
600 1569 647 1599 sic
663 1568 749 1610 apud
762 1567 843 1599 Dio-

93 1609 207 1643 timum
233 1611 295 1654 Ep.
317 1611 363 1647 ix,
383 1611 418 1642 in
431 1612 566 1644 Anthol.
582 1612 690 1643 Graec.
711 1612 748 1642 T.
771 1610 794 1647 i,
813 1622 846 1653 p.

97 1653 174 1690 186,
190 1653 273 1686 Οὐδὲ
287 1653 374 1686 λέων
393 1654 437 1692 ὡς
456 1654 565 1693 δεινὸς
585 1655 622 1687 ἐν
638 1653 784 1696 οὔρεσιν,
801 1654 846 1692 ὡς

92 1694 112 1729 ὁ
130 1697 289 1735 Μίκωνος
305 1703 381 1730 cett.
425 1698 477 1730 Cl.
499 1697 634 1729 Mitsch.
653 1697 764 1728 laudat
783 1696 846 1728 Sil-

93 1739 172 1773 Ital.
202 1739 257 1776 vii.
286 1741 363 1777 401,
394 1740 450 1772 ubi
479 1740 520 1772 de
551 1740 747 1775 Hannibale,
775 1740 846 1771 Jam

96 1794 199 1816 cernes
211 1783 359 1825 Libycum
370 1784 452 1815 hunc
464 1785 545 1815 vallo
554 1784 711 1815 adsultare
723 1784 846 1814 leonem.

98 1826 236 1858 &uentu
251 1829 312 1865 ira,
328 1836 432 1858 saevus
446 1828 604 1870 impetus3
628 1828 676 1857 ira
693 1825 733 1857 de
748 1826 847 1864 rabie,

97 1879 165 1912 qua
185 1869 296 1901 furunt
309 1870 430 1906 leones,
447 1870 586 1913 passim:
609 1868 652 1901 cf.
668 1879 739 1911 sup.
754 1869 776 1906 i,
795 1870 846 1906 16,

98 1913 152 1948 15,
167 1917 200 1944 et
215 1913 346 1944 Luci-et.
359 1911 407 1950 iii,
424 1915 501 1945 297.

143 1956 283 1988 13-16,
304 1957 409 1988 Necte
431 1954 604 1988 sententias
620 1955 684 1986 sere
704 1954 771 1986 sic:
798 1965 848 1986 sa-

98 1997 221 2041 pienter
246 2004 354 2030 autem
383 1998 518 2036 faciunt,
547 1998 603 2041 qui
637 1998 708 2029 forti
742 1998 848 2029 animo

97 2041 172 2074 vitm
193 2041 369 2085 periculum
393 2053 450 2085 pro
470 2041 571 2085 patria
594 2042 752 2080 subeunt;
775 2042 846 2072 dul-

97 2084 144 2117 cis
172 2085 259 2116 enim
285 2090 318 2117 et
345 2085 459 2117 decora
482 2092 531 2120 est
553 2094 636 2116 mors
660 2095 716 2127 pro
745 2085 846 2127 patria

87 2134 257 2171 *suscepta
300 2127 496 2170 Comparant
532 2127 730 2159 notissimum
765 2127 847 2159 illud

95 2169 236 2212 Tyrtaei:
256 2170 468 2214 Τεθνάμεναι
484 2172 549 2214 γὰρ
565 2171 672 2202 καλὸν
688 2171 744 2202 ἐπὶ
762 2183 845 2213 προ-

95 2213 240 2257 μάχοισι
263 2214 416 2247 πεσόντα
429 2213 547 2257 Ἀνδρ’
567 2213 702 2256 ἀγαθὸν
727 2215 802 2256 περὶ
825 2213 847 2257 ᾖ

97 2257 239 2300 πατρίδι
262 2258 498 2300 μαρνάμενον.
544 2257 628 2288 Mors
650 2263 679 2287 et
694 2257 846 2305 fugacem

93 2302 289 2342 persequitur
306 2303 419 2336 virum,
440 2302 481 2332 ad
498 2300 579 2332 illud
604 2299 788 2338 Simonidis,
811 2299 846 2331 Ὁ

97 2341 126 2376 δ’
141 2343 182 2376 αὖ
197 2343 354 2382 θάνατος
367 2344 457 2386 ἔκιχε
473 2345 529 2376 καὶ
546 2345 608 2376 τὸν
627 2343 848 2386 ψυγόμαχον.

98 2386 166 2420 Nec
177 2389 279 2428 parcit
292 2389 479 2428 pwlstibuu
499 2387 598 2419 hostis
611 2387 709 2422 enim,
723 2386 847 2428 fugien-

27 2459 30 2461 Α
97 2435 163 2462 tem
178 2429 298 2462 hostem
310 2436 505 2473 persecutus,
518 2430 589 2473 ejus
605 2429 781 2473 poplitibus
795 2429 845 2461 in-

97 2472 210 2517 primis
231 2473 394 2506 caedendis
417 2474 557 2506 intentus
579 2473 660 2513 fuit3
683 2473 758 2504 hinc
774 2474 846 2504 Nu-

25 2517 36 2541 5
97 2515 194 2548 mido
205 2516 292 2559 apud
303 2516 431 2548 Livium
445 2517 523 2553 xxii,
538 2517 592 2552 43,
606 2523 691 2559 terga
694 2517 848 2559 ferientes

29 2559 46 2599 ’ῆς
97 2565 128 2592 ct
138 2561 264 2600 poplites
275 2561 419 2592 cedentes
433 2566 565 2602 stragem
576 2561 730 2602 ingentem
735 2559 849 2601 fecisse

13 2612 20 2621 ¹
62 2620 66 2625 =
97 2601 271 2635 dicuntur:
296 2602 388 2645 Virg.
413 2604 494 2635 AEn.
517 2603 561 2639 ix,
586 2604 662 2639 762,
688 2603 848 2643 Principio

11 2669 14 2671 Α
46 2653 57 2678 ἴ.
98 2645 269 2686 Phalerim,
279 2653 308 2678 et
317 2649 431 2678 succiso
442 2648 557 2688 poplite
568 2646 692 2688 Gygen,
704 2645 826 2687 Excipit
839 2658 847 2677 :

46 2699 62 2724 ’,
99 2689 143 2721 ef.
158 2690 240 2722 AEn.
253 2700 286 2726 x,
299 2689 376 2722 699.

145 2733 284 2771 17-20.
306 2733 427 2765 Praeter
450 2733 599 2764 virtutem
625 2730 775 2764 bellicam
801 2738 851 2765 est

57 2806 59 2811 ,
100 2773 175 2815 din,
189 2785 256 2818 qua
275 2774 441 2807 imbuendi
463 2781 539 2807 sunt
554 2774 655 2818 pueri,
670 2785 710 2807 ea
725 2785 850 2818 nempe,

51 2828 84 2858 ⁴1⁸*
100 2827 174 2862 que
184 2820 312 2860 repulso
322 2821 422 2851 nescia
433 2820 560 2850 sordidae
571 2818 849 2861 Intaminatissul-

51 2871 62 2903 'f
80 2867 152 2905 „gd
178 2862 363 2900 honoribus5
391 2861 432 2893 ad
458 2862 542 2894 hanc
569 2861 728 2897 virtutem,
755 2872 850 2904 quam

38 2923 47 2928 >
59 2904 220 2938 mom
239 2905 368 2942 dixeris,
383 2905 464 2937 refer
478 2905 551 2937 vitae
577 2905 786 2941 honestatem,
799 2905 850 2936 in-

101 2947 292 2991 hgritatem,
307 2947 521 2992 prudentiam,
541 2947 743 2991 sapientiam,
757 2953 790 2979 et
805 2959 852 2979 re-

52 2999 54 3012 ³
67 3004 70 3006 ’
100 2990 323 3024 mcivssium
332 2990 654 3023 administrandarum
666 2990 832 3022 scientiam
843 3004 852 3031 ;

887 1394 1032 1437 spectior,
1049 1395 1076 1426 is
1095 1404 1258 1437 nunquam
1285 1393 1318 1426 in
1343 1394 1489 1437 petendis
1512 1394 1641 1427 honori·

887 1437 946 1468 bus
970 1435 1233 1469 contumeliosam
1259 1438 1419 1480 repulsam
1445 1437 1525 1477 sert3
1545 1439 1579 1470 in
1602 1439 1642 1470 iis

887 1480 1058 1522 fungendis
1082 1487 1187 1513 autem
1206 1491 1329 1523 semper
1343 1480 1528 1523 dignitatem
1550 1491 1641 1513 suam

887 1528 994 1555 tuetur
1008 1526 1219 1566 (intaminatis
1228 1525 1339 1568 jidget
1355 1524 1547 1563 hovam-ibus),
1565 1525 1643 1567 quia

889 1567 1075 1609 neutiquam
1106 1578 1192 1599 aurae
1223 1567 1385 1610 popularis
1411 1566 1550 1604 arbitrio,
1582 1567 1639 1599 sed

888 1609 1013 1641 virtutis
1038 1621 1104 1641 suae
1128 1610 1275 1653 praesidio
1298 1611 1394 1641 nixus
1415 1616 1479 1642 tam
1506 1610 1642 1653 suscipit

889 1663 986 1695 quam
1002 1654 1042 1685 de
1066 1653 1132 1684 onit
1147 1654 1361 1696 magistratus.
1406 1653 1460 1685 Sic
1477 1653 1555 1685 mihi
1571 1654 1644 1696 qui-

889 1697 960 1727 dem
978 1696 1030 1728 hic
1060 1707 1151 1733 ocus,
1166 1697 1199 1728 in
1218 1697 1312 1739 cujus
1329 1706 1425 1728 sensu
1440 1697 1642 1739 explanando

891 1739 970 1770 adeo
982 1739 1160 1771 laboratum
1172 1745 1230 1776 est,
1242 1739 1318 1770 satis
1330 1739 1495 1781 expeditus
1507 1739 1642 1771 videtur.

891 1782 1045 1813 Sordidae:
1071 1782 1111 1813 ad
1134 1782 1198 1813 vim
1222 1782 1320 1824 hujus
1343 1781 1476 1824 epitheti
1502 1781 1641 1814 maxime

891 1825 1012 1856 adverti
1025 1825 1139 1864 debet;
1163 1831 1267 1868 potest
1278 1823 1362 1856 enim
1379 1824 1412 1855 iu
1424 1824 1570 1867 petendis
1585 1824 1644 1856 ho·

892 1869 1021 1900 noribus
1036 1868 1085 1899 vir
1103 1869 1206 1899 bonus
1221 1878 1349 1910 quoque
1367 1867 1528 1910 repulsam
1550 1868 1642 1904 ferre,

892 1911 947 1942 sed
964 1922 1028 1942 nou
1039 1913 1193 1943 sordidam
1208 1918 1240 1943 et
1254 1910 1530 1946 contumeliosam.
1544 1921 1642 1953 quam

892 1953 915 1984 ii
947 1960 1069 1986 tantum
1096 1954 1211 1990 ferunt,
1243 1954 1299 1995 qui
1326 1952 1420 1984 malis
1449 1953 1570 1985 artibus
1601 1954 1642 1986 ad

891 2007 1031 2032 summos
1045 1998 1179 2029 honores
1195 1996 1380 2035 enituntur;
1399 1998 1522 2028 sordida
1535 1996 1644 2038 igitur,

891 2041 1030 2083 exempli
1045 2051 1156 2076 causa,
1173 2039 1233 2071 suit
1248 2039 1387 2083 repulsa,
1402 2049 1498 2081 quam
1516 2039 1549 2071 in
1566 2050 1644 2073 con-

890 2084 1016 2114 sulatus
1047 2084 1169 2115 ambitu
1195 2083 1270 2114 tulit
1293 2082 1340 2114 vir
1369 2082 1498 2124 pessimi
1524 2082 1645 2124 ingenii

892 2126 1044 2163 Catilina,
1062 2139 1122 2158 nou
1135 2128 1270 2164 sordida,
1285 2136 1383 2167 quam
1399 2125 1493 2162 Cato,
1509 2125 1557 2156 vir
1571 2126 1644 2168 jus-

890 2169 1044 2205 tissimus,
1067 2175 1132 2200 tam
1155 2169 1187 2200 in
1211 2176 1355 2211 praeturae
1378 2178 1472 2211 quam
1495 2169 1644 2200 consula-

891 2217 942 2244 tus
972 2212 1126 2255 petitione
1153 2218 1301 2254 expertus
1330 2219 1390 2243 est.
1435 2212 1559 2243 Secures
1586 2223 1644 2255 pro

880 2255 997 2297 fasces,
1015 2262 1046 2287 et
1063 2256 1121 2287 hoc
1137 2266 1192 2298 pro
1207 2266 1330 2286 summo
1345 2253 1545 2296 magistratu.

933 2300 1076 2330 21—24.
1108 2299 1169 2330 Est
1185 2299 1255 2330 haec
1277 2297 1335 2329 illa
1350 2297 1463 2335 virtus,
1478 2309 1551 2340 quae
1575 2298 1644 2330 cul-

890 2346 973 2374 tores
997 2352 1070 2373 suos
1091 2353 1110 2373 a
1129 2347 1211 2373 terra
1233 2341 1267 2372 iu
1289 2341 1408 2373 coelum
1433 2347 1559 2372 evectos
1583 2341 1643 2372 im-

891 2385 1092 2416 mortalitatis
1108 2383 1239 2427 praemio
1255 2384 1362 2416 afficit.
1407 2384 1530 2427 Negata
1546 2391 1646 2416 tentat

891 2429 951 2459 iter
977 2431 1039 2466 via,
1062 2427 1189 2471 plenius
1216 2438 1286 2470 pro.
1309 2432 1458 2468 negatam
1483 2427 1567 2459 viam
1593 2427 1644 2459 vel

891 2478 1042 2513 negatum
1064 2472 1122 2503 iter
1141 2476 1254 2507 tentat,
1270 2470 1302 2501 h.
1321 2481 1350 2502 e.
1367 2470 1428 2506 via,
1445 2470 1559 2502 ceteris
1573 2471 1644 2502 vul-

892 2515 976 2555 garis
994 2514 1186 2546 conditionis
1201 2513 1384 2545 hominibus
1402 2513 1489 2544 haud
1505 2519 1645 2556 patente,

893 2558 932 2589 ad
950 2558 1070 2590 coelum
1086 2557 1237 2589 enititur:
1263 2557 1305 2588 cf.
1322 2557 1413 2598 Virg.
1427 2557 1506 2588 AEn.
1517 2557 1560 2593 vi,
1574 2558 1647 2589 130.

894 2601 1051 2642 Coetusque
1073 2602 1227 2643 vulgares,
1248 2598 1447 2642 ignobilioris
1464 2600 1555 2640 vulgi
1578 2605 1646 2631 tur-

891 2643 984 2675 bam:
1011 2644 1084 2676 Cic.
1110 2644 1148 2675 de
1179 2644 1306 2675 Senect.
1335 2644 1391 2678 23,
1417 2643 1444 2673 O
1464 2645 1647 2683 praeclarum

892 2689 982 2724 diem,
997 2699 1066 2718 cum
1081 2688 1122 2718 ad
1137 2687 1219 2718 illud
1234 2688 1374 2718 divinum
1388 2687 1560 2717 animorum
1575 2697 1648 2717 con-

893 2731 998 2768 cilium
1014 2737 1181 2771 coetumque
1193 2731 1383 2771 preficiscar,
1399 2740 1525 2769 cumque
1540 2740 1575 2760 ex
1590 2730 1647 2759 hac

897 2775 989 2805 turba
1011 2781 1041 2805 et
1065 2775 1234 2805 colluvione
1248 2774 1411 2804 discedam.
1459 2772 1572 2808 Udam,
1587 2772 1646 2803 bu-

895 2816 1037 2848 moribus
1052 2817 1277 2858 squallentem,
1294 2816 1345 2847 vel
1360 2815 1433 2846 udis
1448 2815 1575 2847 nebulis
1589 2815 1646 2845 ob-

895 2859 1044 2891 ductam:
1070 2860 1145 2892 hinc
1176 2859 1263 2902 apud
1293 2858 1370 2890 Val.
1403 2858 1511 2890 Flacc.
1538 2858 1561 2894 i,
1595 2858 1647 2895 10,

898 2903 992 2943 Eripe
1014 2914 1059 2934 me
1081 2903 1202 2944 populis
1226 2909 1255 2934 et
1274 2903 1395 2932 habenti
1416 2903 1523 2931 nubila
1548 2908 1648 2932 terret.

898 2946 1052 2988 Fugiente
1066 2957 1178 2986 penna,
1194 2947 1271 2977 dum
1287 2945 1380 2977 celeri
1399 2944 1506 2975 volatu
1522 2943 1562 2974 ad
1577 2954 1646 2974 coe-

898 2989 963 3021 lum
981 2990 1094 3021 tendit.

39 3031 66 3067 ,ἐῖ’
86 3030 270 3077 'inquibus
284 3034 433 3067 omnibus
453 3035 480 3067 si
495 3035 568 3077 quis
588 3034 693 3066 sactus
708 3038 757 3067 est
776 3045 853 3066 con·
940 3034 1084 3064 25m20.
1129 3030 1243 3064 Pueris
1271 3030 1409 3072 denique
1439 3028 1554 3061 nostris
1584 3034 1648 3059 tam

12 2983 49 3013 :gfff

13 3020 43 3065 2ss

14 3062 43 3094 ἢ

49 3159 59 3171 ’,
