1904 3314
0 2084 36 2117 'e'

647 186 876 231 LIBER
908 187 968 238 II,
1005 188 1043 229 1.

188 293 401 336 Crescere
421 307 492 336 res
513 296 679 348 posset,
700 288 835 331 minui
856 288 1067 330 damnosa
1087 286 1239 330 libido.

188 360 381 403 Mutavit
401 367 589 403 mentem
607 356 800 414 populus
820 355 943 406 levis,
966 362 1012 398 et
1032 354 1145 398 calet
1167 371 1256 398 uno

191 427 425 471 Scribendi
445 427 613 470 studio:
646 425 860 481 puerique
882 430 1118 479 patresque
1141 424 1282 466 severi

77 494 160 537 110
188 494 366 541 Fronde
386 509 530 538 comas
551 493 686 535 vincti
706 499 896 543 coenant,
919 499 965 534 et
985 492 1176 534 earmina
1197 491 1380 534 dictant.

190 563 293 620 Ipse
314 578 412 620 ego,
434 562 511 618 qui
530 560 672 604 nullos
694 575 762 602 me
783 559 950 602 affirmo
972 560 1165 602 scribere
1187 574 1355 610 versus,

191 631 394 674 Invenior
414 629 591 672 Parthis
613 628 888 680 mendacior3
921 635 966 670 et
987 629 1112 684 prius
1135 635 1233 670 orto

192 697 310 750 Sole,
331 697 434 754 vigil
455 697 667 740 calamum
687 704 732 739 et
753 696 928 739 chartas
950 703 994 738 et
1016 697 1174 738 scrinia
1193 711 1345 751 posco.

193 766 366 809 Navem
385 781 517 822 agere
538 767 716 822 ignarus
739 765 860 807 navis
882 765 1031 816 timet3
1063 765 1325 806 abrotonum
1347 779 1468 820 aegro

81 836 162 879 115
192 834 299 877 Non
317 834 465 885 audet,
488 834 570 875 nisi
591 834 668 889 qui
688 834 855 883 didicit,
878 833 1007 874 dare:
1041 832 1162 888 quod
1182 834 1451 875 medicorum
1472 841 1555 883 est,

197 903 467 946 Promittunt
486 902 644 945 medici
661 920 671 954 ;
703 908 893 944 tractant
914 900 1086 943 fabrilia
1106 901 1242 943 fabri:

195 971 436 1015 Scribimus
457 971 624 1014 indocti
644 971 853 1026 doctique
873 977 1076 1025 poemata
1097 970 1273 1026 passim.

131 1063 134 1066 ⁴
197 1039 286 1082 Hic
307 1053 431 1082 error
452 1046 596 1082 tamen
616 1046 662 1082 et
680 1038 787 1081 levis
808 1038 905 1080 haec
926 1038 1108 1088 insania,
1131 1045 1318 1093 quantas

205 1106 408 1151 Virtutes
427 1106 606 1157 habeat,
629 1107 690 1149 sic
712 1105 894 1162 collige:
929 1106 1037 1147 vatis
1059 1121 1216 1148 avarus

85 1177 169 1221 120
196 1175 304 1218 Non
322 1181 484 1218 temere
505 1180 574 1216 est
594 1175 784 1225 animus3
817 1189 969 1216 versus
992 1181 1121 1224 amat,
1143 1174 1229 1216 hoc
1252 1173 1402 1216 studet
1423 1187 1581 1224 unum3

199 1244 492 1294 Detrimenta,
514 1242 642 1299 sugas
665 1257 904 1292 servorum,
926 1243 1129 1285 incendia
1149 1242 1291 1293 ridet3

85 1370 224 1404 seniores
239 1381 332 1414 aeque
347 1380 386 1402 ac
398 1369 543 1412 juniores
559 1369 687 1401 corollis
702 1369 838 1401 redimiti

86 1414 234 1447 convivia
246 1418 408 1446 sectantur
423 1418 456 1446 et
469 1413 594 1445 dictant
608 1411 763 1444 carmina.

135 1458 209 1490 103.
229 1458 334 1490 ,Dulce
345 1457 432 1499 fuit,
451 1461 529 1488 cett.
552 1455 607 1488 ubi
629 1455 716 1488 enim
737 1454 839 1487 homi-

89 1510 146 1533 nes
164 1500 221 1538 ita,
244 1505 282 1532 ut
302 1499 338 1532 h.
357 1500 380 1531 1.
401 1499 639 1536 describuntur,
659 1504 773 1542 agunt,
796 1498 839 1529 ibi

88 1543 231 1575 suaviter
243 1547 277 1575 et
287 1542 431 1585 jucunde
445 1541 574 1574 vivitur.

136 1587 212 1618 104.
247 1585 363 1624 Mane‚·
395 1584 472 1617 hinc
494 1595 566 1627 sup.
591 1585 660 1616 Sat.
682 1584 704 1621 i,
731 1586 761 1622 1,
787 1585 839 1622 10,

89 1629 155 1662 Sub
167 1630 387 1671 gallicantum
401 1628 555 1660 consultor
568 1628 623 1659 ubi
635 1629 711 1659 ostia
725 1629 840 1668 pulsat.

136 1673 212 1704 105.
236 1672 349 1703 Cautus
371 1672 543 1704 nominibus
564 1672 657 1702 rectis
677 1672 842 1710 eapendere

90 1725 237 1748 nummos.
288 1715 417 1746 Nummi
438 1715 529 1746 rectis
550 1714 722 1745 nominibus
743 1716 842 1751 cauti,

91 1763 167 1791 sunt
191 1757 316 1790 nummi
335 1757 454 1800 quibus
476 1761 563 1788 certa
583 1756 766 1804 syngrapha
788 1756 844 1789 de-

90 1800 202 1835 bituris
215 1805 248 1834 et
262 1798 392 1833 testium
414 1799 600 1832 nominibus
620 1804 810 1841 consrgnata
825 1810 844 1831 a

91 1843 203 1877 fraude
219 1849 351 1876 cautum
370 1848 432 1876 est.
478 1841 637 1885 Respexit
654 1847 760 1874 autern
776 1843 843 1874 Ho-

90 1886 192 1919 ratius
208 1886 312 1919 aetatis
327 1897 394 1918 sum
410 1885 554 1918 homines
569 1895 691 1921 avaros,
707 1885 763 1927 qui
779 1896 842 1917 non

91 1930 186 1963 modo
199 1930 335 1962 honesto
350 1935 383 1962 et
397 1928 553 1971 legitimo,
568 1933 604 1959 ut
617 1927 707 1964 olim,
723 1929 778 1960 sed
794 1928 844 1960 in·

92 1972 226 2006 honesto
240 1978 273 2006 et
285 1971 454 2015 illegitimo
467 1971 650 2004 enormibus
666 1971 772 2003 usuris
787 1982 842 2014 pe-

93 2015 223 2048 cuniam
254 2015 370 2048 foenori
401 2015 535 2047 dabant.
597 2014 708 2046 Lectio
739 2021 844 2046 cautos

94 2058 218 2092 doctior
230 2063 281 2092 est
292 2058 431 2091 lectione
444 2060 583 2099 scriptos,
597 2067 692 2099 qaam
704 2057 848 2089 defendit

97 2102 230 2143 Bentl.;
261 2112 330 2152 pro,
357 2103 451 2134 rectis
476 2100 580 2143 magis
608 2101 715 2143 piacet
743 2103 845 2138 certis,

97 2145 185 2194 quod
199 2150 296 2178 estin
311 2143 458 2187 plurimis
473 2143 565 2176 editt.
579 2148 655 2175 vett.
669 2155 679 2182 ς
701 2142 740 2175 de
757 2143 846 2176 locu-

95 2193 184 2221 tione
205 2199 243 2220 α
261 2188 399 2219 alienum
422 2189 528 2218 debere
549 2188 641 2218 certis
663 2188 846 2224 nominibus,

97 2230 192 2274 plura
204 2229 353 2273 exempla
366 2229 477 2262 attulit
492 2230 602 2262 Bentl-

145 2274 222 2306 107.
246 2273 403 2305 Damnosa
427 2274 532 2311 libido,
554 2279 592 2304 ut
612 2282 684 2314 sup.
703 2271 806 2314 Epist.
825 2271 848 2309 i,

102 2317 156 2354 18,
170 2317 228 2354 21,
241 2317 386 2348 damnosa
405 2316 516 2348 Venus.
561 2316 642 2358 Sup.
658 2314 763 2357 Epist.
778 2315 801 2352 i,
817 2316 850 2352 3,

101 2361 156 2398 55,
185 2359 300 2401 speum
326 2360 508 2401 voluptates,
532 2365 618 2390 nocet
646 2364 726 2390 emta
748 2360 851 2390 dolore

99 2403 171 2435 volu
192 2409 251 2435 tas.

107 2469 111 2474 ·
147 2413 221 2483 138,
243 2445 318 2478 109.
344 2445 432 2477 calet
456 2455 519 2476 uno
543 2443 703 2475 scribendi
727 2445 849 2475 studio.-

99 2488 240 2532 respexit
256 2487 457 2520 indoctorum
479 2487 540 2529 (cf.
559 2486 619 2518 ins.
633 2497 664 2518 v.
682 2487 775 2528 117),
796 2487 852 2529 qui

101 2537 168 2564 tum
198 2535 296 2574 caput
320 2530 505 2567 efferebant,
526 2534 690 2572 poetarum
713 2540 851 2571 gregem.

103 2575 271 2616 Pan-esque
283 2575 391 2611 εσυετί,
406 2583 471 2604 non
486 2571 573 2615 quod
594 2571 725 2604 fuerunt
747 2578 854 2615 patres

102 2617 151 2650 illi
171 2618 278 2655 semri,
302 2616 359 2648 sed
382 2615 472 2659 quod
489 2625 545 2659 pro
566 2619 661 2647 aetate
681 2624 740 2647 sua
759 2617 855 2647 severi

101 2669 171 2693 esse
184 2658 372 2693 debuerant.

148 2703 225 2735 110.
249 2702 396 2740 Dictum,
425 2699 544 2744 pueris,
574 2699 688 2732 scribis
714 2700 856 2743 privatis,

103 2750 140 2778 ut
153 2755 192 2778 su
216 2768 226 2778 .
241 2745 346 2789 Epist.
359 2744 384 2782 i,
405 2745 456 2782 10,
470 2744 525 2776 49.

150 2789 188 2821 ll
215 2811 224 2821 .
247 2788 374 2821 Parthis
393 2788 580 2823 mendacior,
602 2785 716 2818 Parthi
737 2785 854 2818 ‹licun-

105 2835 158 2864 tur
170 2832 338 2870 mendaces,
350 2829 428 2874 quia
441 2829 525 2862 falsa
539 2828 657 2872 specie,
672 2839 770 2871 quam
790 2840 855 2872 prae

105 2884 141 2906 se
162 2873 318 2912 ferebant,
335 2874 416 2906 alios
435 2872 582 2915 decipere
603 2871 759 2903 solebant.
803 2873 856 2904 Sic

106 2916 221 2949 Puthi
241 2917 351 2959 fugam
371 2916 569 2954 simulantes,
593 2925 658 2947 non
676 2925 746 2946 raro
763 2914 858 2952 hosti,

105 2958 184 2992 dum
213 2959 264 2993 vel
292 2970 394 3003 equos
422 2964 551 3002 repente
586 2958 860 2999 circumagebant,

24 3011 27 3013 ’
44 2995 59 3038 ᾗ
106 3001 157 3035 vel
171 3002 238 3037 tela
250 3002 368 3038 aversis
388 3002 430 3035 ab
448 3001 537 3036 hoste
559 3001 653 3045 equis
671 3001 774 3034 multa
795 3007 861 3036 arte

884 1375 965 1401 retro
988 1369 1164 1411 jaciebant,
1191 1369 1362 1401 admodum
1392 1370 1498 1402 infesti
1526 1371 1637 1403 suere:

885 1411 949 1442 vid.
965 1423 1038 1454 sup.
1057 1413 1122 1444 Od.
1139 1412 1161 1448 i,
1182 1414 1233 1450 19,
1252 1414 1306 1444 11.

934 1456 1004 1486 113.
1028 1455 1163 1486 Scrinia.
1206 1456 1375 1492 Scrinium,
1398 1465 1497 1499 capsa
1512 1456 1563 1488 vel
1586 1466 1638 1487 ar·

884 1497 970 1534 cula,
986 1498 1020 1529 in
1033 1508 1099 1540 qua
1114 1498 1237 1535 charta,
1255 1498 1382 1534 litterae,
1398 1505 1431 1531 et
1443 1509 1492 1531 res
1505 1499 1543 1530 ad
1561 1499 1638 1531 scri-

884 1540 1024 1572 bendum
1051 1540 1235 1573 necessariae
1258 1547 1444 1581 servantum
1468 1541 1542 1573 binc
1563 1553 1636 1585 sup.

883 1584 951 1615 Sat.
967 1583 990 1620 i,
1013 1586 1040 1622 1,
1061 1585 1133 1619 120,
1151 1586 1267 1616 scrinia
1281 1586 1455 1625 compilare,
1471 1595 1538 1627 pro,
1564 1595 1636 1616 car-

884 1627 985 1663 mina,
1010 1638 1083 1669 quae
1108 1627 1142 1658 in
1166 1627 1290 1671 scrinio·
1313 1634 1490 1663 servantur.
1516 1627 1638 1670 compi-

886 1669 975 1708 lare3
998 1671 1147 1701 scrinium
1172 1669 1271 1711 igitur
1296 1670 1361 1702 fere
1386 1676 1447 1709 est,
1470 1670 1557 1712 quod
1581 1680 1639 1702 nos

886 1712 1036 1750 dicimus,
1051 1713 1348 1753 Schreib-Apparat.

934 1756 1004 1786 114.
1050 1756 1187 1798 Ignarus
1216 1758 1315 1792 navis,
1347 1765 1392 1786 sc.
1423 1754 1569 1795 agendae,
1595 1755 1640 1787 rei

887 1798 1025 1830 nauticae
1053 1797 1232 1840 imperitus.
1287 1799 1478 1829 Abrotonum
1507 1797 1640 1839 (rarius,

887 1840 1068 1881 abrotonus)
1100 1847 1150 1873 est
1178 1841 1283 1872 frutex
1314 1839 1492 1872 suavissimi
1523 1840 1640 1878 odoris,

887 1883 990 1926 quiin
1002 1883 1261 1916 meridionalibus
1275 1884 1412 1926 Europae
1425 1882 1516 1914 terris
1527 1889 1642 1926 sponte

888 1927 1041 1963 nascitur,
1061 1933 1094 1959 et
1110 1927 1144 1958 in
1163 1926 1278 1958 nostris
1295 1936 1424 1969 quoque
1445 1925 1545 1957 hortis
1567 1936 1641 1968 pas-

886 1969 945 2001 sim
955 1970 1162 2013 conspicitur,
1178 1975 1221 2008 et,
1237 1975 1408 2011 antequam
1422 1969 1640 2007 Chamomiuae,

887 2023 967 2055 quas
987 2015 1083 2055 vulgo
1103 2012 1226 2051 dicunt,
1248 2012 1281 2043 in
1299 2023 1393 2044 usum
1409 2018 1575 2050 venerunt,
1592 2012 1643 2043 in-

891 2062 938 2088 ter
959 2056 1153 2088 medicorum
1177 2055 1318 2087 remedia
1340 2066 1403 2086 non
1424 2055 1574 2086 ultimum
1595 2056 1644 2086 lo·

891 2110 964 2131 cum
989 2100 1127 2137 tenebat,
1149 2098 1236 2141 quod
1257 2098 1326 2140 jam
1348 2098 1503 2130 discimus
1519 2109 1538 2129 e
1560 2098 1646 2130 Plin.

893 2143 938 2173 H.
954 2142 1002 2173 N.
1018 2142 1083 2180 xxi,
1100 2142 1152 2174 10.
1199 2141 1322 2173 Vinum
1338 2143 1481 2172 abrotono
1496 2140 1645 2180 mixtum,

893 2186 988 2223 οἶνος
1011 2184 1253 2228 ἀβροτονίτης,
1277 2184 1415 2216 salutare
1437 2184 1642 2216 credebatur:

893 2230 1049 2260 artemisia
1067 2229 1260 2265 abrotonum,
1284 2227 1385 2259 Liuu.
1408 2227 1579 2266 Stobwurz,
1601 2228 1645 2258 Ε-

893 2273 1049 2308 baronte,
1068 2271 1220 2303 Eberreis.

941 2315 1016 2346 116.
1052 2314 1257 2350 Promittant,
1310 2314 1492 2346 rofitentur:
1532 2313 1648 2345 medici

895 2357 1021 2389 faciunt
1044 2357 1131 2400 quod
1154 2367 1204 2388 ars
1229 2367 1280 2388 me
1304 2357 1354 2388 ica
1379 2367 1434 2389 eos
1464 2357 1568 2388 facere
1590 2357 1648 2388 do-

895 2400 974 2432 cuit.
1027 2399 1168 2433 Bentleii
1196 2399 1388 2437 emendatio,
1420 2401 1499 2442 quod
1528 2401 1648 2431 melico-

895 2455 966 2475 rum
988 2451 1043 2480 est,
1063 2444 1258 2475 Promittant
1279 2444 1392 2482 melici,
1415 2442 1538 2486 paucis,
1559 2448 1650 2486 puto,

898 2486 1094 2530 probabitur.

943 2530 1018 2560 117.
1042 2530 1210 2561 Scribimus
1234 2530 1364 2565 indocti,
1386 2533 1462 2560 cett.
1485 2528 1572 2570 quod
1594 2539 1653 2559 au·

896 2578 960 2604 tem
981 2571 1022 2604 ad
1040 2582 1098 2604 nos
1116 2571 1242 2608 attinet,
1265 2581 1331 2603 non
1353 2571 1438 2604 docti
1462 2572 1578 2608 solum,
1594 2571 1650 2603 sed

896 2615 991 2647 etiam
1007 2614 1130 2646 indocti
1151 2614 1326 2646 scribendis
1348 2614 1544 2646 carminibus
1558 2624 1652 2646 vaca-

899 2668 992 2697 mus3
1015 2669 1125 2689 sumus
1147 2657 1245 2700 igitur
1266 2657 1318 2694 iis,
1340 2658 1397 2700 qui
1419 2662 1559 2689 tractant
1582 2664 1653 2689 tan-

900 2706 967 2732 tum
983 2712 1056 2743 quae
1070 2700 1261 2737 didicerunt,
1279 2700 1464 2732 dissimiles.
1510 2701 1655 2732 Observa

899 2749 1018 2782 autem,
1041 2749 1180 2786 poetam,
1203 2743 1281 2774 dum
1306 2743 1388 2775 ridet
1409 2743 1554 2775 indoctos
1579 2753 1654 2785 poe-

899 2792 960 2824 tas,
975 2787 1082 2830 lepide
1097 2797 1131 2819 se
1145 2796 1274 2829 quoque
1294 2796 1403 2819 eorum
1424 2786 1511 2828 gregi
1534 2785 1654 2817 immis-

900 2840 984 2862 cere.

946 2873 1020 2910 118,
1046 2873 1120 2904 119.
1152 2873 1215 2904 Hic
1244 2883 1330 2904 error
1361 2879 1482 2904 tamen.-
1516 2875 1655 2902 attamen

901 2914 970 2947 haec
993 2915 1092 2952 srauS,
1114 2925 1180 2957 qua
1202 2916 1324 2947 indocti
1347 2916 1387 2947 ad
1415 2914 1557 2946 carmina
1579 2912 1656 2943 scri-

902 2958 1008 2990 benda
1036 2968 1070 2990 se
1105 2958 1215 2990 induci
1254 2959 1439 3001 patiuntur;
1478 2955 1534 2998 qui
1571 2954 1657 2985 mala

904 3001 1046 3034 carmina
1065 3002 1222 3041 scribunt,
1246 3001 1330 3034 infra
1350 3008 1479 3043 quoque
1497 2997 1601 3041 Epist.
1616 2996 1657 3028 ad
