1904 3314
663 147 887 191 LIBER
918 143 1050 198 11,'3.

198 250 437 308 Undique?
469 252 559 296 tun’
581 266 711 294 sanus
730 254 747 294 2

1545 150 1631 192 383

806 250 1027 306 Populum
1051 251 1087 292 si
1108 250 1279 292 caedere
1302 251 1419 292 saxis

198 318 404 375 Incipias,
427 334 641 370 servosve,
664 325 740 361 tuo
761 334 871 374 quos
894 333 980 360 aere
1001 318 1186 374 pararis,

85 385 168 428 130
198 386 403 429 Insanum
425 395 467 430 te
489 402 635 429 omnes
656 388 783 442 pueri
803 386 1078 441 clamentque
1100 386 1259 444 puellae
1279 403 1288 428 z

199 454 347 503 Quum
368 455 524 510 laqueo
545 469 726 496 uxorem
749 455 974 505 interimis,
999 460 1267 509 matremque
1290 470 1471 503 veneno,

198 522 409 566 Incolumi
428 523 569 578 capite
586 537 632 564 es
649 525 666 564 2
696 523 819 571 Quid
835 523 976 565 enim?
1008 522 1170 577 Neque
1191 531 1236 564 tu
1254 523 1337 564 hoc
1355 523 1459 565 facis
1477 522 1626 578 Argis,

197 589 297 633 Nec
317 590 450 641 ferro,
471 598 521 632 ut
542 591 720 633 demens
742 591 998 647 genitricem
1019 591 1180 633 occidit
1203 591 1402 634 Orestes.

197 657 271 700 An
293 665 342 700 tu
362 659 470 700 reris
492 674 592 702 eum
614 659 758 701 occisa
778 659 990 701 insanisse
1011 667 1209 714 parente,

86 725 168 768 135
198 725 266 770 Ac
287 742 373 770 non
395 735 495 770 ante
515 727 637 769 malis
661 728 903 770 dementem
928 735 1072 770 actum
1093 727 1253 778 Furiis,
1278 742 1407 782 quam

198 794 251 837 In
271 796 419 837 matris
435 796 592 852 jugulo
614 796 776 838 ferrum
798 796 1005 852 tepefecit
1027 803 1202 837 acutum
1220 797 1236 837 ’ἒ

199 862 320 911 Quin
340 878 396 905 ex
416 879 504 919 quo
526 863 702 907 habitus
725 864 835 906 male
857 871 964 906 tutae
986 864 1141 906 mentis
1166 864 1368 913 Orestes,

197 929 277 973 Nil
297 947 401 974 sane
423 932 539 982 fecit,
562 933 682 988 quod
704 940 752 974 tu
774 932 1040 988 reprendere
1062 932 1229 988 possis;

198 997 306 1041 Non
327 1000 525 1056 Pyladen
546 1001 663 1043 ferro
684 1001 845 1043 violare
867 1016 1054 1043 aususve
1077 1015 1270 1042 sororem

89 1066 170 1109 140
201 1067 447 1120 Electram3
481 1076 650 1112 tantum
670 1070 888 1112 maledicit
911 1070 1101 1124 utrique,
1123 1069 1321 1111 vocando

201 1135 331 1178 Hanc
350 1136 541 1188 Furiam,
563 1137 680 1180 hunc
702 1138 834 1188 aliud,
851 1139 985 1194 jussit
1007 1139 1126 1194 quod
1149 1137 1380 1193 splendida
1402 1138 1513 1180 bilis.

201 1203 378 1259 Pauper
399 1205 602 1260 Opimius
624 1207 792 1262 argenti
813 1207 945 1261 positi
967 1207 1083 1248 intus
1106 1213 1150 1248 et
1172 1207 1280 1256 auri,

201 1271 292 1319 Qui
313 1271 607 1314 Veientanum
629 1274 751 1315 festis
775 1282 928 1329 potare
951 1275 1107 1316 diebus

200 1338 421 1397 Campana
443 1341 595 1383 solitus
619 1341 762 1391 trulla,
786 1357 1060 1397 vappamque
1083 1342 1306 1398 profestis,

87 1407 168 1450 145
200 1407 435 1456 Quondam
455 1409 656 1465 lethargo
676 1410 832 1466 grandi
854 1417 921 1452 est
943 1425 1196 1465 oppressuS,
1220 1418 1268 1452 ut
1295 1411 1438 1453 haeres

200 1475 300 1518 Jam
321 1477 482 1519 circum
503 1477 668 1520 loculos
690 1485 733 1520 et
756 1477 898 1520 claves
920 1477 1046 1520 laetus
1069 1494 1293 1534 ovansque

110 1574 127 1584 t
202 1545 426 1587 Curreret.

490 1546 623 1588 Hunc
645 1547 838 1588 medicus
862 1547 1042 1588 multum
1064 1547 1179 1589 celer
1201 1556 1332 1603 atque
1354 1547 1496 1590 fidelis

202 1613 382 1655 Excitat
402 1613 488 1655 hoc
509 1621 638 1669 pacto
656 1631 664 1655 :
697 1629 889 1656 mensam
911 1615 1014 1669 poni
1030 1615 1160 1669 jubet
1180 1623 1312 1670 atque

204 1681 390 1723 Effundi
412 1696 560 1723 saccos
584 1697 881 1732 nummorum3
915 1683 1124 1724 accedere
1146 1683 1295 1738 plures

91 1750 172 1792 150
202 1747 277 1791 Ad
299 1750 614 1791 numerandum
634 1766 642 1791 z
676 1750 892 1792 hominem
915 1750 974 1792 sic
996 1751 1122 1804 erigit
1140 1768 1148 1792 :
1182 1751 1307 1792 addit
1329 1758 1373 1792 et
1393 1750 1496 1791 illud
1515 1767 1523 1790 :

202 1817 267 1860 Ni
287 1826 362 1861 tua
384 1820 594 1869 custodis,
618 1819 772 1861 avidus
789 1820 879 1874 jam
901 1819 995 1860 haec
1019 1819 1187 1860 auferet
1210 1818 1366 1860 haeres.

87 1931 215 1964 modica
245 1933 286 1965 ad
315 1933 413 1965 vitam
444 1934 683 1965 sustentandam
709 1933 837 1965 sufficit.

91 1975 252 2017 Pevjuras,
277 1979 419 2017 surripis,
449 1978 572 2020 aufhrs:
601 1988 640 2008 en
671 1977 756 2008 avari
781 1977 837 2008 de-

87 2019 290 2061 scriptionem
316 2020 501 2062 gravissime
526 2020 627 2051 tribus
653 2020 756 2052 verbis
783 2030 837 2051 ex-

89 2062 248 2104 pressam!

136 2105 209 2136 130.
233 2106 341 2137 Omnes
355 2107 443 2146 pueri
458 2113 487 2137 et
500 2107 622 2146 puelle.
640 2117 708 2148 pro,
732 2116 840 2137 omnes

88 2151 122 2179 et
133 2147 264 2191 singuli,
283 2149 323 2180 ad
337 2160 436 2180 unum
454 2159 575 2186 omnes,
591 2154 625 2180 ut
641 2160 713 2192 sup.
732 2151 800 2181 Sat.
815 2149 838 2186 i,

92 2191 122 2226 l,
140 2191 194 2222 85.

138 2234 209 2266 131.
235 2235 425 2276 Matremque
443 2246 573 2267 veneno:
598 2234 774 2277 respexisse
790 2234 837 2266 vi-

88 2275 180 2308 detur
200 2277 353 2309 Horatius
372 2279 527 2315 Scaevam,
543 2278 599 2321 qui
620 2289 691 2320 sup.
713 2279 781 2309 Sat.
804 2277 837 2314 ii,

91 2319 122 2355 l,
149 2321 205 2356 53,
235 2326 272 2352 ut
300 2320 394 2353 homo
424 2331 561 2363 nequam
592 2327 623 2353 et
655 2321 838 2353 luxuriosus

90 2362 215 2405 (nepos)
244 2370 374 2396 matrem
407 2364 546 2396 vivacem
574 2375 696 2396 veneno
722 2364 838 2396 intere-

90 2404 187 2438 misse
221 2406 348 2439 dicitur.
405 2408 468 2439 Pro
501 2415 684 2450 matremque
716 2407 838 2444 malim,

88 2455 262 2488 matremve,
283 2456 318 2482 ut
339 2450 433 2481 modo
456 2461 487 2481 v.
514 2452 589 2485 129,
615 2452 759 2492 populum
777 2462 839 2482 ser-

88 2502 192 2531 voavae;
217 2503 281 2525 non
299 2493 384 2525 enim
403 2493 521 2525 dixisse
536 2494 660 2525 videtur
684 2494 838 2525 Horatius

89 2546 212 2567 uxorem
234 2541 266 2568 et
287 2536 380 2568 simul
404 2543 541 2573 matrem,
563 2537 619 2568 sed
643 2548 764 2568 uxorem
788 2537 838 2569 vel

3 2583 34 2623 {4
91 2585 240 2611 matrem:
264 2580 308 2611 cf.
330 2579 370 2611 ad
395 2580 463 2611 Sat.
486 2580 623 2622 praeced.
647 2591 678 2611 v.
703 2581 758 2616 84,
784 2581 839 2612 ubi

4 2623 30 2657 ²1.
91 2631 149 2665 pro
163 2623 275 2664 ubique
287 2622 459 2665 legendum
476 2630 523 2654 est
537 2625 635 2655 ubive.

140 2665 213 2697 132.
237 2666 321 2701 Quid
336 2668 438 2697 enim?
461 2676 517 2698 cur
538 2666 622 2697 enim
647 2676 711 2697 non
731 2665 775 2697 sis
792 2665 842 2696 in-

26 2715 32 2727 ³
91 2707 211 2740 columi
227 2708 331 2758 capite
346 2710 395 2740 vel
411 2719 490 2740 sana
504 2710 632 2741 mente?
673 2709 842 2740 Stertinius

23 2780 29 2784 ⁷
90 2750 216 2783 seilicet
255 2752 396 2789 simulat,
433 2763 468 2783 se
502 2762 631 2784 causam
667 2752 841 2784 matricidae

93 2802 187 2836 agere
201 2795 294 2831 velle,
316 2801 349 2827 et
369 2796 414 2827 sic
433 2806 505 2827 cum
530 2795 671 2827 irrisione
692 2806 747 2838 per
769 2797 842 2836 quid

93 2838 195 2868 enim?
215 2839 371 2874 concedit,
384 2839 470 2881 quod
488 2849 544 2882 pro
566 2839 704 2870 maximo
725 2840 842 2870 scelere

97 2877 203 2912 babet.
257 2881 331 2918 Pro,
360 2882 444 2917 Quid
461 2885 541 2913 enim
565 2881 653 2913 dedit
676 2881 843 2913 Bentleius

885 1932 969 1966 Quid
983 1934 1063 1963 enim
1083 1931 1260 1963 habuerim.
1306 1934 1412 1973 Argis,
1428 1930 1481 1962 ubi
1505 1931 1635 1962 Orestes

883 1975 922 2006 ad
945 1975 1042 2017 patris
1069 1975 1318 2016 Agamemnonis
1336 1975 1455 2007 caedeni
1475 1973 1634 2005 ulciscen-

882 2018 955 2049 dam
987 2024 1118 2050 matrem
1149 2029 1241 2050 suam
1269 2019 1544 2060 Clytaemnestram
1578 2028 1634 2049 oc-

883 2061 973 2093 cidit.

933 2106 1002 2136 133.
1027 2105 1090 2135 Pro
1115 2106 1226 2136 occidit
1253 2103 1308 2135 alii
1336 2106 1466 2136 occidis.-
1500 2109 1636 2144 utraque

884 2148 979 2180 lectio
996 2149 1106 2180 eodem
1124 2147 1215 2179 redit.

929 2192 1002 2222 134.
1026 2193 1131 2223 Occisa
1151 2192 1298 2222 insanisse
1316 2196 1451 2229 parente,
1473 2189 1560 2220 caede
1580 2190 1634 2221 de·

883 2245 970 2265 mum
1001 2241 1140 2277 peracta,
1173 2240 1209 2265 ut
1236 2243 1284 2265 est
1313 2234 1347 2264 in
1377 2233 1506 2269 fabulis,
1533 2235 1636 2265 furore

884 2284 1062 2320 correptum
1077 2278 1165 2309 esse?

928 2322 1003 2352 136.
1030 2321 1192 2363 Tequecit,
1222 2320 1313 2362 epica
1343 2319 1539 2350 sublimitate
1566 2330 1633 2361 pro,

882 2363 1009 2403 defixit3
1032 2364 1077 2396 sie
1101 2365 1191 2395 hasta
1208 2365 1358 2405 tepefacta
1375 2365 1502 2403 trqjectn
1516 2365 1635 2393 cerebro

884 2409 994 2439 ἤιεν-ονε
1010 2407 1127 2439 dicitur
1141 2408 1227 2449 apud
1247 2407 1336 2448 Virg.
1355 2407 1436 2437 AEn.
1451 2406 1496 2442 ix,
1515 2408 1591 2437 419.

932 2451 1005 2482 137.
1030 2451 1115 2486 Quin
1134 2462 1167 2481 ex
1187 2462 1255 2491 quo,
1280 2449 1358 2491 quin
1383 2450 1511 2481 Orestes
1535 2450 1575 2480 ab
1598 2460 1635 2480 eo

882 2493 956 2525 inde
987 2499 1137 2536 tempore,
1170 2504 1245 2535 quo,
1279 2493 1367 2524 caede
1400 2498 1584 2534 perpetrata,
1616 2502 1635 2523 a

887 2537 991 2568 Furiis
1008 2538 1147 2578 agitatus
1158 2547 1223 2568 esse
1238 2536 1366 2567 dicitur.
1413 2535 1460 2566 Ex
1474 2539 1532 2576 qus)
1549 2537 1636 2566 habt-

883 2581 1116 2621 tus‚-neg1ecta
1143 2579 1286 2616 elisione,
1312 2586 1348 2610 ut
1376 2589 1447 2618 sup.
1474 2579 1495 2614 i,
1523 2580 1556 2615 9,
1583 2580 1637 2610 38.

886 2623 970 2655 Male
987 2630 1071 2658 tutte,
1085 2623 1168 2654 male
1182 2633 1268 2654 sanae
1282 2635 1290 2653 ε
1315 2623 1378 2653 vid.
1395 2622 1502 2654 Bentl.

931 2668 1005 2698 139.
1047 2667 1198 2708 Pyladen.
1226 2665 1377 2701 amicitia,
1406 2676 1478 2707 quae
1503 2665 1532 2696 ei
1561 2676 1635 2696 cum

886 2710 998 2741 Oreste
1014 2709 1243 2746 intercedebat,
1260 2709 1505 2740 nobilissimum.

934 2755 1007 2784 141.
1026 2753 1117 2784 Hanc
1132 2753 1281 2784 Furiam:
1299 2752 1339 2783 cf.
1356 2752 1468 2792 Eurip.
1488 2752 1593 2782 Orest.
1608 2760 1638 2782 v.

885 2797 962 2829 259.
1011 2796 1106 2827 Hunc
1134 2797 1234 2833 aliud,
1251 2797 1349 2836 jussit
1374 2796 1452 2836 qvand
1476 2795 1637 2833 splendida

887 2841 968 2876 bilis,
987 2839 1072 2871 hunc
1090 2839 1233 2871 vocando
1252 2838 1341 2869 aliud
1366 2837 1542 2880 quidpiam,
1561 2837 1592 2866 li.
1608 2847 1638 2867 e.

886 2882 919 2913 in
953 2883 1038 2914 hunc
1066 2882 1216 2925 jaciendo
1246 2881 1333 2913 aliud
1364 2880 1500 2912 convicii
1525 2889 1638 2920 genus,

97 2931 138 2954 ex
153 2923 376 2956 nonnullorum
394 2925 695 2957 Codd.auctoritate
708 2926 846 2960 Quidni?
890 2926 974 2968 quod
996 2925 1212 2968 suppeditavit
1235 2924 1394 2956 honestior
1411 2924 1458 2954 vel
1480 2920 1639 2962 generosi-

99 2964 156 2997 sed
172 2966 254 2998 hanc
269 2967 436 3000 lectionem
449 2979 504 3011 pro
521 2967 777 3011 interpretatione
788 2970 847 3001 τοῦ
892 2969 955 3000 oris
969 2968 1068 3001 animi
1084 2969 1182 3000 furor.
1229 2969 1281 2999 Sic
1306 2968 1369 2998 sere
1389 2966 1543 3006 splendide
1559 2975 1642 2994 men-
