1884 3288
325 220 402 260 138

875 218 1267 261 CARMINUM

657 318 898 374 Augustus,
921 322 1098 376 adjectis
1121 323 1337 363 Britannis

714 387 912 441 Imperio,
935 390 1223 443 gravibusque
1246 389 1405 430 Persis.

543 454 569 494 5
599 453 782 495 Milesne
804 451 949 495 Crassi
970 457 1150 509 conjuge
1172 457 1355 496 barbara

598 519 761 574 Turpis
780 521 954 561 maritus
976 522 1111 562 vixit?
1135 529 1177 562 et
1198 521 1443 562 hostium—

654 587 741 627 Pro
763 587 906 635 Curia,
930 588 1168 640 inversique
1189 602 1327 628 mores
1345 590 1410 628 2-

709 653 946 693 Consenuit
967 667 1210 693 socerorum
1230 653 1273 693 in
1294 654 1418 702 arvis,

600 719 692 759 Sub
713 734 813 772 rege
835 719 983 764 Medo,
1008 719 1182 758 Marsus
1203 726 1245 759 et
1266 717 1467 772 Appulus

519 785 570 825 lO
598 784 863 825 Anciliorum
884 793 927 825 et
947 785 1125 825 nominis
1147 792 1190 825 et
1212 792 1324 839 togae

659 850 848 899 Oblitus,
871 858 1126 904 aeternaeque
1148 851 1311 900 Vestae,

713 916 919 958 Incolumi
940 917 1062 967 Jove,
1085 925 1128 958 et
1149 919 1255 959 urbe
1277 918 1448 959 Roma?

317 1073 406 1110 taria‚
434 1072 488 1103 sed
517 1072 665 1120 conjugio
698 1072 775 1103 adeo
805 1073 836 1103 in
870 1072 1049 1120 captivitate

316 1116 400 1157 apud
412 1115 543 1145 Parthos
555 1114 772 1155 sejunxissent
783 1125 855 1144 cum
867 1114 1049 1146 mulieribus

317 1157 467 1192 barbaris,
480 1157 618 1198 carpenti
630 1162 660 1187 et
677 1156 866 1187 abominanti
878 1163 986 1197 sponte
1000 1168 1047 1194 ea,

315 1209 387 1239 quae
403 1199 547 1239 Regulus
558 1199 631 1228 olim
646 1198 683 1229 de
700 1198 1048 1240 captivisjudicaveiat,

316 1251 496 1272 succurrere
510 1241 674 1272 debebant
703 1241 815 1282 Itaque
832 1247 865 1271 ut
880 1241 996 1281 Reguli
1013 1242 1051 1272 de

315 1283 446 1330 captivis
472 1283 627 1329 judicium
651 1293 687 1313 eo
711 1283 860 1313 attentius
889 1294 927 1313 ex
952 1283 1051 1325 ipsius

317 1335 408 1366 quast
428 1335 479 1355 ore
501 1324 655 1360 audiatur,
673 1325 753 1355 sistit
774 1336 845 1355 eum
865 1324 898 1354 in
921 1326 1051 1356 consilio

318 1368 452 1397 Senatus
473 1366 609 1397 Romani
632 1372 827 1408 praesentem,
852 1372 884 1396 et
908 1377 945 1397 ea
969 1367 1047 1408 ipsa,

318 1419 390 1450 quae
415 1408 529 1439 missus
559 1419 577 1439 a
605 1408 917 1448 Carthaginiensibus
943 1416 1051 1439 contra

317 1461 370 1482 eos
383 1451 517 1481 suasisse
529 1450 654 1486 dicitur,
667 1451 767 1480 verbis
780 1450 970 1490 gravissimis
982 1461 1048 1492 pro-

316 1493 540 1532 nunciantem3
563 1503 624 1533 quo
640 1493 718 1522 nihil
740 1492 779 1522 ad
802 1493 921 1522 animos
939 1493 1049 1533 priscae

317 1535 440 1565 virtutis
475 1541 506 1565 et
539 1534 645 1576 patriae
678 1544 781 1564 amore
814 1533 1050 1565 inflammandos

319 1577 393 1617 fingi
418 1582 449 1607 et
475 1577 612 1607 adhiberi
636 1577 675 1606 ab
702 1577 832 1607 Horatio
860 1576 962 1617 potuit
986 1578 1049 1607 effi-

317 1618 436 1649 canius.

363 1661 455 1690 1-4.
501 1661 580 1691 Coelo
615 1666 775 1696 tonantem,
810 1665 884 1691 cett.
919 1670 1047 1690 sensus·

317 1702 576 1743 quemadmodum
607 1702 731 1733 credere
759 1702 908 1737 solemus,
938 1703 1050 1733 Jovem

316 1754 446 1784 regnare
466 1745 498 1774 in
518 1744 611 1779 coelo,
628 1743 711 1784 quod
731 1743 775 1774 ibi
789 1750 890 1775 movet
904 1744 1050 1780 tonitrua,

316 1786 361 1816 ita
390 1797 473 1816 nunc
503 1786 677 1826 Augustus,
707 1785 791 1827 quod
825 1787 962 1827 potentia
995 1796 1052 1816 sua

316 1828 487 1859 Britannos
508 1834 539 1859 et
554 1829 667 1859 Persas
687 1828 903 1858 Romanorum
924 1828 1050 1870 imperio

318 1870 446 1918 adjecit,
471 1875 620 1911 tanquam
650 1880 787 1911 praesens
815 1869 893 1900 deus
921 1881 1048 1911 regnum

318 1923 408 1943 suum
435 1913 468 1942 in
490 1912 577 1942 terris
600 1912 712 1942 habere
736 1912 889 1943 credetur.
932 1913 980 1943 De
1002 1922 1050 1947 e0,

317 1954 402 1995 quod
425 1953 575 1984 Horatius
595 1954 634 1984 ad
652 1954 786 1994 Augusti
806 1954 999 1995 majestatem
1021 1959 1053 1984 et

317 1995 490 2043 potentiam
507 1995 670 2043 magnifice
695 1996 904 2026 extollendam
926 1996 1051 2037 biparti—

319 2043 384 2068 tum
402 2037 493 2085 quasi
508 2037 536 2068 ei
554 2047 625 2068 cum
642 2038 722 2085 Jove
738 2048 876 2078 regnum,
891 2038 963 2068 huic
979 2038 1050 2079 qui-

318 2079 389 2110 dem
418 2079 450 2110 in
479 2079 572 2114 coelo,
595 2079 674 2110 illi
667 2091 699 2110 m
723 2079 810 2109 terris
835 2079 982 2120 assignat,
1006 2081 1047 2111 cf.

318 2133 389 2163 sup.
407 2122 428 2158 i,
450 2123 498 2156 12,
516 2122 555 2152 57
570 2127 600 2152 et
619 2123 672 2158 58,
687 2127 718 2152 et
739 2121 781 2151 ibi
798 2127 863 2151 not.
909 2123 1047 2152 Credidi-

318 2175 394 2201 mus,
406 2164 581 2205 ἀορίστως,
597 2174 662 2210 pro,
677 2163 800 2194 credere
814 2164 962 2194 solemus.
992 2164 1047 2194 Το-

316 2212 448 2242 nantem,
468 2216 521 2248 per
542 2205 678 2236 tonitrua
700 2205 782 2236 enim
807 2215 934 2244 regnum
959 2216 1049 2236 suum

317 2247 475 2279 declarare
504 2248 672 2289 putabatur
699 2247 842 2288 Jupiter,
874 2247 946 2278 hine
981 2258 1050 2289 sup.

319 2291 397 2320 Hor.
413 2289 435 2320 l.
453 2290 475 2320 l.
519 2289 565 2320 Tu
585 2291 675 2331 gravi
698 2300 793 2319 curru
810 2292 925 2329 quaties
946 2290 1049 2330 Olym-

315 2343 400 2371 pum,
426 2343 478 2373 pro
504 2331 635 2372 vulgari,
661 2338 694 2362 tu
719 2331 865 2370 regnabis
893 2332 925 2362 in
955 2332 1052 2363 coelo.

320 2374 451 2405 Praesens
465 2375 572 2408 Divus,
586 2373 640 2421 qui
655 2383 688 2404 se
703 2373 955 2414 conspiciendum
972 2384 1050 2415 prae-

317 2417 372 2446 bet
393 2415 426 2446 in
444 2416 542 2451 terris,
561 2415 615 2457 qui
640 2415 805 2456 praesentia
827 2426 883 2446 sua
907 2415 938 2446 in
965 2416 1051 2447 terris

319 2468 435 2489 numen
463 2468 555 2489 suum
584 2457 743 2495 declarat,
773 2458 940 2499 opponitur
967 2458 1050 2488 enim

319 2500 387 2530 Jovi
407 2502 440 2531 in
459 2501 529 2531 coelo
543 2502 694 2540 regnanti.
735 2481 870 2539 ‚Ad-jectis
892 2500 1052 2531 Britannis

319 2542 459 2581 Imperio,
470 2543 670 2582 gravibusque
685 2542 801 2572 Persis:
822 2552 885 2573 rem
901 2547 1003 2581 auget,
1019 2548 1052 2573 ut

318 2589 428 2626 poeta3
452 2584 513 2614 vid.
537 2594 657 2624 argum.
681 2594 753 2614 nam
776 2594 875 2624 neque
896 2585 1050 2622 Britanni,

318 2635 420 2666 neque
434 2636 541 2666 graves
558 2627 662 2656 Persae
679 2626 729 2666 (h.
745 2636 772 2656 e.
794 2626 914 2662 Parthi,
932 2626 1050 2657 Roma-

319 2679 359 2699 no
378 2668 495 2699 nomini
518 2667 721 2702 infestissimi,
740 2668 785 2698 cf
811 2679 880 2710 sup.
905 2668 925 2706 i,
940 2669 972 2704 2,
989 2668 1049 2708 22)

319 2716 386 2741 tum
401 2721 470 2742 vere
484 2715 515 2740 et
527 2709 642 2782 pllane'
635 2720 668 2740 m
684 2710 899 2741 Romanorum
914 2716 1047 2751 potesta-

318 2758 378 2784 tem
395 2751 512 2783 redacti
562 2757 659 2782 erant.

363 2795 460 2826 5—7.
505 2793 569 2825 Vix
598 2804 662 2824 rem
688 2794 727 2824 de
757 2794 890 2824 remissis
919 2804 1002 2824 nunc
1032 2804 1051 2824 a

320 2837 456 2868 Phraate
473 2835 569 2876 signis
586 2836 799 2867 Romanorum
816 2836 1003 2866 militaribus
1021 2842 1052 2867 et

319 2878 449 2927 captivis
473 2884 598 2919 tangere
619 2883 749 2926 poterat
759 2883 858 2926 poeta,
880 2878 955 2918 quin
980 2878 1048 2919 ejus

319 2922 457 2952 animum
472 2920 563 2951 simul
579 2921 617 2951 de
636 2919 806 2960 ignominia
821 2920 880 2950 ista
898 2921 1049 2951 Romanae

306 2962 424 3004 *gloriae
452 2962 558 2995 inusta
583 2963 700 2995 subiret
728 2961 914 3004 indignatio.
965 2963 1049 2994 Huic

1092 1073 1186 1114 igitur
1210 1074 1342 1116 primum
1357 1085 1472 1105 morem
1494 1073 1591 1122 gerit3
1613 1079 1644 1105 et
1661 1079 1825 1122 postquam

1092 1116 1216 1156 gravius
1232 1117 1264 1146 in
1281 1127 1345 1152 eos,
1361 1127 1492 1163 quorum
1509 1116 1634 1157 ignavia
1649 1122 1712 1147 tam
1727 1115 1825 1158 turpi-

1093 1162 1138 1187 ter
1150 1158 1362 1189 contaminata
1377 1158 1417 1188 sit
1430 1165 1518 1189 vetus
1531 1159 1744 1189 Romanorum
1759 1159 1827 1199 glo·
1882 1181 1884 1183 -

1093 1199 1148 1234 ria,
1165 1199 1307 1231 invectus
1329 1207 1386 1236 est,
1408 1206 1580 1242 opportune
1599 1200 1634 1230 in
1652 1210 1715 1231 rem
1737 1210 1826 1231 suam

1093 1241 1212 1272 illustre
1238 1242 1356 1283 Reguli
1379 1242 1553 1284 exemplum
1579 1247 1703 1274 tractat.
1746 1243 1827 1274 Haec

1093 1284 1197 1314 omnia
1212 1290 1315 1314 autem
1332 1295 1393 1325 quo
1408 1285 1506 1325 magis
1521 1284 1560 1315 ad
1576 1285 1713 1325 antiquae
1727 1284 1826 1315 virtu-

1094 1326 1133 1355 tis
1156 1326 1291 1356 studium
1308 1327 1507 1357 excitandum
1528 1332 1682 1368 spectant,
1696 1336 1733 1357 eo
1753 1336 1826 1357 sua-

1093 1367 1160 1398 vius
1177 1369 1365 1408 Augustum,
1378 1368 1470 1416 cujus
1486 1369 1615 1409 gratiam
1630 1368 1707 1399 satis
1721 1374 1827 1409 aperte

1093 1415 1183 1450 poeta
1199 1409 1229 1439 in
1248 1410 1306 1440 hoc
1321 1411 1458 1441 carmine
1476 1416 1592 1453 captat,
1603 1410 1757 1441 delectare
1771 1410 1826 1442 de-

1093 1452 1220 1482 bebant.
1266 1453 1391 1482 Milesne
1417 1453 1516 1483 Crassi
1540 1455 1668 1493 conjuge
1696 1453 1826 1500 barbara

1094 1493 1205 1533 Tmpis
1220 1496 1349 1524 maritus
1363 1496 1457 1524 vi11't?
1491 1494 1631 1525 Hoccine
1647 1504 1666 1524 a
1679 1504 1712 1525 se
1727 1493 1826 1542 impe-

1093 1540 1172 1566 trare
1186 1541 1352 1577 potnerunt
1366 1535 1481 1566 milites
1496 1535 1613 1571 Crassi,
1629 1541 1663 1566 ut
1677 1535 1710 1566 in
1725 1535 1826 1577 capti-

1094 1577 1187 1607 vitate
1206 1579 1288 1618 apud
1308 1578 1438 1607 Parthos
1452 1578 1560 1620 patriae
1580 1588 1645 1609 suae
1659 1577 1753 1620 plane
1769 1579 1825 1609 ob-

1094 1618 1140 1648 liti
1165 1619 1407 1659 ignominiosum
1438 1630 1508 1650 cum
1537 1619 1660 1650 feminis
1687 1620 1827 1652 barbaris

1092 1660 1207 1691 inirent
1221 1661 1403 1702 conjugium
1419 1663 1431 1691 'l
1475 1662 1660 1704 Interpretes
1676 1661 1827 1703 jungunt,

1094 1705 1221 1733 marnas
1251 1705 1379 1734 barbara
1413 1706 1564 1751 οωψιμς
1595 1709 1627 1735 et
1654 1703 1824 1746 explicant,

1094 1744 1223 1775 maritus
1241 1746 1380 1776 barbarae
1402 1745 1558 1786 conjugis,
1574 1746 1620 1776 vel
1642 1745 1681 1776 ad
1697 1747 1826 1777 barbara

1094 1789 1218 1828 conjuge
1246 1788 1405 1835 supplent,
1434 1788 1540 1819 ducta.

1093 1829 1267 1859 Latinitas:
1289 1830 1399 1870 junge,
1420 1830 1532 1869 Turpis
1545 1833 1671 1870 conjuge
1684 1831 1825 1867 barbara,

1095 1871 1126 1901 11.
1142 1882 1170 1901 e.
1188 1871 1311 1902 infamis
1323 1878 1354 1902 et
1368 1871 1539 1912 ignominia
1552 1871 1682 1903 affectus
1694 1872 1826 1903 barbara

1094 1913 1250 1954 conjuge3
1281 1914 1325 1944 sic
1355 1924 1423 1960 sup.
1453 1914 1475 1949 i,
1505 1914 1558 1950 37,
1588 1915 1636 1950 10,
1661 1913 1718 1944 viri
1742 1913 1826 1946 soedo

1095 1958 1201 1985 morbo
1218 1955 1350 1986 infames
1367 1955 1514 1986 dicuntur
1528 1958 1588 1987 vivi
1602 1957 1699 1986 morbo
1714 1960 1826 1996 turpes.

1099 1997 1189 2034 Vixit,
1205 1998 1335 2028 observa
1354 1997 1419 2039 huj·
1415 2008 1449 2028 is
1463 1998 1547 2028 verbi
1563 1998 1624 2029 vim
1643 2007 1710 2039 pro,
1725 1997 1827 2030 vivere

1091 2040 1208 2087 potuit,
1225 2050 1281 2070 nec
1301 2046 1428 2070 mortem
1452 2040 1560 2081 potius
1581 2039 1735 2081 ejusmodi
1748 2039 1825 2072 vitae

1090 2080 1305 2130 ignominiosae
1321 2081 1480 2123 praetulit‘!
1526 2082 1587 2112 Pro
1603 2082 1711 2119 Curia,
1726 2083 1826 2113 inrer-

1090 2125 1172 2163 sique
1194 2125 1306 2154 mores!
1349 2124 1402 2154 Ah
1425 2134 1519 2164 quam
1544 2123 1673 2165 turpiter
1695 2123 1827 2172 antiqua

1092 2165 1225 2195 Senatus
1253 2165 1390 2196 Romani
1421 2165 1589 2196 auctoritas
1616 2171 1647 2196 et
1678 2165 1827 2207 antiquus

1095 2207 1248 2237 Romanae
1265 2207 1386 2238 virtutis
1401 2207 1498 2238 honor
1512 2207 1648 2249 pollutus
1662 2207 1725 2239 est!
1763 2208 1827 2239 Cui

1094 2258 1155 2279 non
1180 2249 1212 2278 in
1233 2255 1364 2280 mentem
1383 2249 1467 2280 venit
1489 2249 1567 2280 illud
1590 2249 1773 2281 Ciceronis:
1799 2250 1826 2281 0

1094 2297 1234 2330 tempora.
1252 2304 1267 2322 ο
1281 2292 1394 2322 mores!

1136 2333 1436 2364 8—12.C0nseuuit
1448 2344 1613 2364 socerorum
1628 2335 1659 2364 iu
1671 2335 1770 2364 arvis:
1785 2343 1826 2365 en

1093 2374 1230 2406 dedecus
1260 2375 1368 2405 militis
1402 2375 1553 2411 Romani,
1586 2376 1670 2418 apud
1702 2381 1826 2416 gentem

1093 2417 1255 2447 barbaram
1279 2417 1310 2447 in
1329 2417 1410 2447 bono
1429 2417 1492 2447 otio
1514 2427 1654 2458 agrorum
1672 2417 1827 2449 dotalium

1094 2459 1206 2495 cultui,
1221 2465 1257 2489 ut
1271 2469 1394 2490 omnem
1409 2459 1502 2490 vitam
1523 2459 1567 2490 ibi
1588 2465 1762 2496 consumat,
1777 2459 1826 2490 in-
1880 2500 1884 2501 ⁷

1094 2501 1191 2531 tenti!
1231 2502 1331 2536 Medo,
1349 2501 1507 2533 Parthico.
1545 2501 1665 2532 Marsus
1679 2507 1707 2532 et
1722 2503 1828 2541 Appu-

1095 2544 1152 2578 lus,
1175 2553 1246 2583 ergo
1270 2542 1292 2573 ii
1316 2543 1394 2574 adeo
1415 2543 1531 2574 milites
1551 2553 1680 2583 quorum
1701 2543 1826 2574 fortitu-

1093 2585 1176 2615 dinis
1187 2584 1256 2616 laus
1271 2585 1352 2626 apud
1368 2585 1537 2616 exercitum
1554 2586 1734 2616 Romanum
1749 2585 1827 2617 alias

1095 2627 1153 2657 suit
1169 2627 1322 2657 maxima:
1347 2627 1406 2658 hoc
1423 2627 1547 2658 nomine
1569 2637 1638 2675 sup.
1652 2627 1687 2662 ii,
1703 2628 1756 2663 20,
1773 2628 1825 2663 18,

1094 2669 1239 2700 laudatur
1263 2669 1366 2700 Marsa
1387 2670 1507 2706 cohors,
1531 2674 1562 2700 et
1579 2670 1670 2721 Virg.
1687 2669 1769 2700 Geo.
1791 2668 1825 2706 ii,

1097 2712 1154 2742 167
1192 2712 1317 2742 Marsos
1354 2722 1450 2759 genus
1485 2722 1554 2742 acre
1589 2711 1688 2742 virum
1723 2716 1826 2742 vocat.

1093 2755 1295 2788 Anciliorum,
1323 2753 1354 2784 h.
1383 2763 1413 2784 e.
1443 2752 1576 2795 imperii,
1603 2753 1686 2794 quod
1711 2754 1827 2784 ancilia

1093 2794 1273 2826 aeternitatis
1288 2806 1352 2826 suae
1368 2794 1496 2842 pignora
1512 2795 1656 2831 haberet;
1675 2805 1693 2826 e
1707 2794 1824 2826 duode-

1094 2837 1154 2868 cim
1171 2844 1272 2868 autem
1289 2837 1353 2867 illis
1375 2836 1483 2870 scutis.
1498 2838 1568 2877 quae
1589 2847 1608 2868 a
1624 2818 1736 2868 G'raeca
1751 2846 1826 2868 voce

1092 2879 1252 2920 ἀγκύλος,
1260 2879 1300 2909 ob
1310 2878 1503 2910 incurvatam
1513 2884 1545 2910 et
1554 2879 1709 2910 sinuatam
1718 2889 1825 2910 eorum

1092 2922 1220 2952 formam
1232 2921 1318 2951 dicta
1331 2926 1403 2951 sunt
1415 2922 1550 2961 ancylia,
1563 2931 1660 2952 unum
1675 2920 1829 2962 inprimis,

1092 2964 1174 3005 quod
1199 2964 1306 2995 Numa
1329 2963 1368 2994 ab
1389 2963 1504 3004 Egeria
1526 2963 1586 2994 sibi
1609 2962 1738 2994 missum
1756 2972 1826 2995 esse

1585 1789 1740 1819 Neutrum
1770 1788 1828 1820 sert
1880 1803 1884 1807 ·
