1904 3314
86 2758 126 2833 ἶ,
152 2792 208 2828 20,
233 2792 290 2828 21,
316 2792 503 2835 Herbasque,
530 2806 603 2835 quas
630 2795 724 2827 Iolcos
751 2803 842 2836 atque

93 2833 329 2909 &gymnii'
342 2844 520 2868 venetorum
526 2838 643 2880 J'ercu:
666 2838 707 2870 cf.
724 2837 841 2871 ibidem

678 193 906 237 LIBER
937 193 974 245 1,
1006 194 1046 236 8.

1548 193 1634 235 343

199 301 333 347 Hunc
354 315 513 344 vexare
533 299 690 350 locum,
712 314 830 342 curae
852 305 954 340 sunt
975 304 1108 352 atque
1128 297 1284 347 labori,

199 370 440 421 Quantum,
461 368 723 412 carminibus
745 382 844 422 quae
865 373 1041 409 versant
1063 373 1196 420 atque
1215 365 1392 407 venenis

108 436 168 479 20
198 437 428 481 Humanos
450 438 612 479 animos
630 453 639 487 3
677 435 757 477 has
778 434 897 477 nullo
918 435 1105 490 perdere
1127 448 1307 488 possum

198 506 297 550 Nec
316 506 551 562 prohibere
572 504 716 554 modo,
740 503 919 546 simulac
940 518 1050 558 vaga
1073 501 1201 543 Luna
1220 501 1427 543 decorum

195 573 386 616 Protulit
405 588 470 623 οε,
492 573 598 628 quin
618 587 720 615 ossa
740 571 902 628 legant,
926 571 1174 626 herbasque
1195 577 1418 612 nocentes.

195 641 305 685 Vidi
323 648 496 698 egomet
516 641 640 696 nigra
662 640 924 682 succinctam
945 640 1104 681 vadere
1125 637 1241 694 palla

195 707 433 757 Canidiam,
454 707 643 762 pedibus
664 707 810 757 nudis,
832 721 1054 762 passoque
1076 704 1245 761 capillo,

107 775 165 818 25
194 774 307 818 Cum
325 775 499 832 Sagana
518 777 680 830 majore
700 775 938 817 ululantem
959 773 1116 830 (pallor
1138 781 1346 828 utrasque

194 843 378 887 Fecerat
397 844 640 887 horrendas
662 843 878 899 aspectu),
902 842 1097 898 scalpere
1119 850 1279 884 terram

194 911 444 969 Unguibus,
466 920 512 955 et
530 911 692 968 pullam
714 911 920 954 divellere
942 911 1162 954 mordicus
1184 925 1340 966 agnam

196 979 465 1036 Coeperunt:
498 995 628 1022 cruor
649 981 692 1021 in
713 979 875 1022 fossam
895 979 1121 1028 confusus,
1143 985 1192 1020 ut
1212 978 1316 1020 inde

195 1047 354 1090 Manes
374 1047 596 1098 elicerent,
619 1048 781 1090 animas
803 1062 1016 1102 responsa
1037 1047 1231 1089 daturas.

110 1116 169 1158 30
199 1115 351 1159 Lanea
370 1123 415 1159 et
437 1116 602 1172 effigies
624 1123 734 1166 erat,
756 1115 891 1158 altera
911 1130 1064 1167 cerea3
1095 1116 1235 1170 major

198 1183 362 1235 Lanea,
385 1199 484 1239 quae
505 1184 647 1239 poenis
670 1191 968 1240 compesceret
987 1183 1248 1226 inferiorem.

199 1251 340 1294 Cerea
361 1251 618 1307 suppliciter
639 1253 797 1303 stabat,
822 1252 1050 1294 servilibus
1072 1259 1208 1307 utque

126 1374 180 1407 15.
203 1376 324 1418 Aggere
343 1377 376 1407 in
406 1377 522 1417 aprico.
567 1377 758 1419 Interpretes
783 1377 831 1408 in-

82 1417 233 1460 telligunt
258 1418 398 1461 v-icinum
427 1419 587 1461 Aggerem
615 1430 634 1451 a
658 1420 833 1463 Tarquinio

81 1461 226 1503 Superbo
249 1467 456 1499 exstructum,
480 1462 632 1494 orientem
656 1474 766 1495 versus
792 1465 833 1495 ab

81 1504 160 1535 urbe
174 1504 292 1545 situm;
315 1505 370 1536 sed
385 1516 482 1547 agger
497 1506 536 1537 de
552 1506 664 1548 quovis
685 1507 747 1538 alio
763 1507 833 1539 loco

82 1545 214 1579 editiore
228 1547 334 1590 accipi
345 1553 467 1590 potest:
489 1548 582 1590 Virg.
594 1551 673 1581 AEu.
684 1549 738 1585 xii,
755 1551 831 1587 446,

87 1589 174 1622 Vidit
189 1591 227 1621 ab
249 1592 373 1622 adverso
397 1593 547 1622 venientes
570 1603 681 1633 aggere
698 1593 834 1624 Turnus.

82 1632 147 1664 Pro
171 1645 230 1674 quo
254 1639 339 1666 recte
367 1634 536 1665 Bentleius
558 1646 617 1675 qua
642 1638 705 1676 (sc.
736 1642 833 1677 parte,

83 1674 158 1715 ubi)
174 1675 237 1718 legi
249 1676 344 1718 jussit
358 1687 365 1706 :
391 1678 487 1712 modo,
502 1683 576 1708 ante
591 1678 684 1709 breve
697 1683 835 1721 tempus.

130 1719 180 1751 16.
202 1719 406 1761 Spectabunt:
438 1720 549 1751 Schol.
577 1720 712 1763 Porph.,
736 1723 834 1752 mani-

74 1761 244 1804 festissima
258 1761 421 1803 ἔλλειψις.
456 1763 526 1794 Non
540 1765 645 1804 utique
660 1765 728 1800 alii,
745 1776 835 1805 quam

85 1805 216 1837 homines
251 1807 514 1848 intelligendum3
557 1806 612 1838 sed
649 1806 739 1838 adest
776 1817 836 1838 vox

84 1851 196 1885 tristes,
212 1858 258 1880 sc.
272 1849 312 1881 de
328 1849 388 1880 hoc
404 1849 568 1891 adspectu,
593 1849 631 1881 de
654 1849 784 1881 mortuis
806 1856 836 1882 et

84 1890 130 1922 ibi
145 1891 291 1934 sepultis.

46 1935 51 1941 '
133 1934 183 1966 17.
209 1934 312 1969 Quum
334 1934 420 1970 mihi,
445 1939 520 1966 cett.
542 1945 597 1977 pro
627 1947 720 1977 quum
747 1937 833 1972 mihi,

85 1976 188 2019 posita
215 1982 289 2020 post
322 1989 434 2020 agrum
467 1977 673 2016 distinctione
703 1978 834 2015 minore,

86 2019 209 2058 malim,
244 2021 319 2051 dum
354 2020 428 2052 mihi
465 2022 628 2062 (wahrend
664 2021 755 2062 mir),
788 2033 834 2054 sc.

85 2063 188 2095 donec
225 2063 453 2105 spectabantur
488 2073 560 2094 ossa
596 2064 630 2095 in
667 2064 835 2107 Esquiliis,

85 2106 188 2137 donec
210 2105 245 2136 iu
272 2105 430 2148 Esquiliis
453 2106 515 2137 fuit
536 2117 706 2139 commune
728 2109 834 2150 sepul-

85 2158 174 2180 crum
189 2159 199 2187 3
230 2155 336 2180 narrat
363 2148 448 2181 enim
480 2149 618 2192 Priapus
647 2161 723 2188 rem,
749 2162 834 2192 quae,

86 2197 261 2234 antequam
295 2191 508 2234 sepulcrorum
543 2193 633 2225 locus
663 2193 696 2223 in
730 2193 836 2225 hortos

86 2235 282 2271 mutabatur,
297 2234 380 2266 facta
395 2240 463 2274 est3
480 2234 554 2267 hinc
570 2235 727 2278 particula
740 2248 833 2278 quum

22 2308 25 2311 Ὗ
86 2287 152 2313 non
176 2287 252 2309 cum
277 2277 460 2310 Heindorfio
487 2278 527 2309 ad
553 2291 637 2310 minc
662 2279 694 2310 in
723 2291 752 2311 v.
780 2281 832 2316 14,

23 2334 27 2335 ⁷
85 2320 143 2352 sed
172 2319 214 2352 ad
243 2330 368 2352 versum
406 2321 636 2364 praecedentem
673 2322 835 2355 referenda

23 2375 25 2377 ·
85 2368 147 2395 est.
190 2363 390 2405 Suetoe‚quae
406 2363 564 2396 solebant.

132 2406 186 2438 19.
219 2406 392 2443 Quantum,
425 2409 609 2439 carminibus
646 2420 722 2450 quae,
757 2414 834 2441 cett.

27 2448 31 2470 T
88 2455 243 2491 quantum
269 2445 348 2480 milii
381 2459 466 2481 curae
501 2457 574 2482 sunt
610 2462 656 2483 eae
694 2451 835 2491 (scilicet

24 2491 26 2493 ’
88 2490 255 2533 venefica)
273 2503 348 2534 quae
365 2491 507 2524 formulis
527 2494 662 2534 magicis
677 2500 709 2526 et
724 2495 834 2527 incan-

28 2543 33 2565 ’.
88 2533 263 2567 “tionibus
283 2535 446 2567 hominum
466 2536 587 2567 animos
607 2546 740 2575 versant,
760 2538 790 2569 h.
805 2549 834 2570 e.

90 2577 224 2619 agitant,
245 2583 437 2620 pervertunt.
460 2579 613 2620 defigunt,
630 2580 692 2617 vel,
711 2587 747 2612 ut
764 2582 835 2612 Vir-

0 2610 1 2613 *
86 2619 185 2662 gilius
199 2620 360 2662 (Eclsii,
376 2621 437 2663 66)
455 2622 488 2653 in
514 2633 544 2653 re
567 2622 663 2653 simili
686 2623 837 2665 loquitur,

39 2683 44 2685 >
88 2673 174 2695 :aaut
188 2674 290 2695 semus
302 2672 462 2696 avertunt.

30 2700 35 2706 v
512 2665 657 2697 Veneriis:
682 2676 737 2708 per
752 2678 838 2698 vene-

26 2714 38 2722 ·’
89 2717 131 2738 m
146 2706 344 2756 (φάρμακα)
364 2707 521 2756 intellige,
542 2719 614 2750 quae
637 2715 790 2752 spargunt
806 2709 840 2741 in

225 2759 265 2781 ca
275 2749 406 2782 venefici
420 2757 452 2782 et
461 2751 609 2783 veneficae
625 2764 630 2782 :
649 2762 722 2794 sup.
739 2753 841 2794 Epod.

137 2919 192 2952 2⁰.
216 2919 359 2966 Perdere,
375 2923 589 2964 pessumdare,
605 2929 754 2955 evertere.

877 1376 1012 1408 dicitur:
1055 1377 1113 1409 inf.
1150 1377 1253 1419 Epist.
1285 1375 1306 1412 i,
1348 1377 1398 1412 12,
1438 1377 1490 1412 17,
1525 1376 1627 1408 8121!ae

876 1428 980 1461 sponte
995 1422 1204 1460 sun,jussaene
1220 1426 1370 1460 vagentur
1383 1426 1411 1450 et
1427 1426 1542 1450 errent.

921 1464 1062 1495 23—25.
1087 1464 1292 1498 Succinctum,
1308 1462 1419 1494 eodem
1443 1473 1539 1494 sensu
1562 1472 1628 1504 quo

878 1515 951 1548 sup.
965 1506 1066 1549 Epod.
1085 1508 1117 1543 5,
1133 1507 1188 1543 25,
1207 1507 1346 1547 Sagana,
1364 1505 1510 1538 Canidiae
1526 1505 1627 1536 admi-

878 1549 988 1587 nistra,
1026 1549 1144 1581 dicitur
1178 1551 1328 1590 eipedita.
1389 1550 1468 1580 Cum
1503 1549 1629 1590 Sagana

878 1595 1008 1633 majore:
1034 1592 1140 1624 Schol.
1158 1593 1272 1634 Cruq.‚
1289 1593 1364 1623 Hoec
1379 1593 1501 1633 Sagana
1517 1593 1628 1622 liberta

867 1635 972 1676 juisse
1002 1637 1120 1667 dicitnr
1151 1636 1311 1675 Pomponii
1341 1636 1509 1670 Senatoris‚
1534 1637 1586 1675 qui
1607 1646 1627 1665 a

880 1680 1051 1709 triumviris
1079 1685 1121 1709 est
1148 1680 1356 1718 p1·oscv·iptus;
1390 1679 1497 1708 habuit
1524 1684 1628 1708 autem

879 1732 1019 1756 sororem,
1042 1732 1070 1752 se
1096 1727 1172 1752 naeu
1197 1723 1368 1757 minorem5
1395 1722 1507 1751 idcirco
1532 1722 1630 1760 major

880 1764 928 1794 hic
944 1765 1075 1795 dicitur.
1109 1763 1171 1795 Sed
1187 1763 1319 1795 fortasse
1335 1763 1406 1794 ideo
1419 1762 1486 1805 jam
1503 1763 1628 1805 Sagana

879 1805 996 1837 dicitur
1013 1810 1121 1847 major,
1141 1805 1227 1848 quod
1249 1805 1418 1838 Canidiam
1441 1805 1519 1837 adeo
1535 1816 1628 1848 supe-

880 1855 961 1881 raret
976 1850 1080 1881 annis.
1115 1849 1313 1880 Ululantem:
1329 1849 1374 1880 sic
1389 1859 1486 1880 canes
1501 1849 1628 1885 inferni,

880 1892 936 1933 qui
965 1898 1040 1924 sunt
1077 1892 1108 1923 in
1140 1892 1295 1923 comitatu
1325 1893 1475 1927 Hecates,
1504 1893 1629 1923 ululare

879 1935 1030 1967 dicuntur
1046 1933 1132 1978 apud
1149 1935 1241 1976 Virg.
1261 1936 1339 1966 AEn.
1355 1933 1399 1970 vi,
1415 1935 1493 1966 257.

924 1980 978 2010 26.
1000 1979 1142 2019 Scalpere
1168 1985 1283 2009 terram
1306 1978 1474 2018 unguibus,
1504 1976 1630 2009 scilicet

879 2022 1020 2053 scrobem
1036 2022 1086 2054 vel
1099 2021 1227 2057 fossam,
1240 2027 1322 2052 terra
1332 2020 1494 2062 unguibus
1505 2026 1628 2061 egesta,

880 2064 1034 2102 fecerunt,
1050 2071 1085 2096 ut
1100 2074 1241 2096 cruorem
1261 2063 1397 2095 divulsae
1420 2073 1522 2105 agnae,
1538 2070 1573 2094 ut
1588 2074 1629 2095 ex

878 2108 1087 2149 sequentibus
1110 2106 1312 2149 intelligitur,
1338 2117 1412 2138 cum
1436 2106 1509 2138 aliis
1537 2106 1630 2139 rebus

880 2150 912 2181 in
928 2161 998 2182 eam
1014 2151 1256 2182 confunderent.

923 2194 976 2224 27.
1002 2194 1306 2234 Pallam-agnam.-
1332 2203 1405 2224 nam
1430 2193 1491 2224 diis
1518 2192 1628 2224 inseris

876 2236 959 2278 nigri
975 2237 1088 2268 coloris
1104 2237 1214 2268 hostiae
1229 2235 1454 2268 offerebantur.

921 2281 974 2312 28.
998 2281 1085 2316 Inde,
1101 2290 1139 2311 cx
1154 2279 1214 2312 hac
1229 2279 1350 2316 scrobe,
1369 2279 1418 2310 vel
1441 2280 1500 2311 hac
1517 2289 1560 2316 re,
1579 2278 1629 2310 his

878 2323 978 2354 sacris
992 2323 1138 2365 magicis.

922 2367 1064 2398 31-33.
1091 2367 1196 2397 Lanea
1211 2371 1240 2396 et
1262 2365 1386 2407 effigies,
1404 2369 1481 2397 cett.
1499 2364 1602 2406 junge
1618 2377 1624 2395 :

879 2409 1005 2451 Effigies
1026 2416 1093 2441 erat
1115 2409 1216 2440 altera
1238 2410 1327 2440 lanea
1350 2415 1379 2440 et
1402 2410 1503 2439 altera
1525 2419 1628 2438 cerea.-

879 2462 934 2494 per
946 2452 1075 2494 effigiem
1091 2451 1235 2493 intellige
1247 2451 1506 2494 imagunculam;
1529 2451 1629 2483 Cani-

879 2495 933 2526 dia
955 2495 1078 2527 scilicet
1098 2495 1179 2526 duas
1198 2495 1363 2526 effinxerat
1381 2493 1558 2535 imagines;
1581 2494 1628 2525 al-

880 2543 957 2573 tera,
979 2538 1161 2580 etquidem
1192 2541 1301 2578 major,
1329 2538 1429 2580 ipsam
1459 2536 1629 2569 Canidiam

881 2587 1120 2623 repraeseutanS,
1141 2580 1202 2612 fuit
1219 2582 1320 2618 lanea,
1342 2593 1405 2622 quae
1426 2582 1523 2621 poenis
1550 2592 1629 2611 com-

881 2632 1012 2664 pesceret
1028 2625 1216 2666 inferiorem,
1231 2634 1304 2665 quae
1319 2634 1404 2660 eum,
1420 2634 1438 2654 a
1454 2634 1518 2665 quo
1534 2623 1632 2654 amari

883 2667 1045 2709 cupiebat,
1061 2667 1122 2698 sibi
1138 2666 1319 2708 subjectum
1340 2672 1373 2698 et
1391 2667 1542 2698 devotum
1561 2667 1631 2698 red-

884 2709 984 2746 deret,
1006 2710 1052 2741 ita
1075 2710 1216 2752 quidem,
1237 2715 1275 2741 ut
1295 2709 1424 2752 inj'erior
1448 2709 1559 2741 cedere
1576 2709 1631 2740 de-

884 2753 972 2784 beret
1004 2755 1110 2793 poenis,
1143 2752 1295 2795 potentiae
1329 2753 1484 2794 magicae;
1521 2752 1633 2788 altera,

885 2795 1008 2828 scilicet
1022 2796 1105 2838 ejus,
1120 2805 1217 2838 quem
1239 2795 1377 2827 Canidia
1392 2805 1589 2837 compescere
1604 2802 1637 2826 et

887 2848 992 2871 amore
1008 2839 1047 2870 ad
1063 2850 1097 2871 se
1113 2849 1220 2881 rapere
1235 2839 1374 2875 volebat,
1390 2838 1451 2870 fuit
1465 2849 1550 2870 cerea
1568 2839 1634 2879 (ut,

887 2881 972 2913 sicut
999 2892 1072 2914 cera
1100 2881 1180 2923 igni,
1206 2881 1251 2913 ita
1276 2891 1382 2913 amore
1405 2880 1636 2922 liquesceret);

890 2924 959 2957 haec
983 2927 1080 2956 stabat
1102 2925 1292 2965 suppliciter.
1312 2924 1476 2967 supplicis,
1492 2929 1527 2953 ut
1542 2925 1639 2962 major

31 2966 45 2971 ”
91 2982 115 2994 μ
138 2961 196 2994 21.-
220 2963 306 3006 Vaga
330 2964 435 3001 Luna,
462 2965 550 3003 luna,
576 2971 610 2997 ut
633 2966 747 3003 stellae,
770 2967 846 2999 dum
891 2973 999 3010 parcat
1025 2969 1184 3010 inferiori.
1213 2967 1351 3010 speciem
1379 2978 1442 3009 prae
1465 2976 1497 2996 se
1523 2965 1638 2995 ferens-

97 3013 225 3037 cursum
250 3015 345 3038 suum
375 3007 509 3050 peragit,
540 3009 649 3051 vagari
680 3015 712 3042 et
744 3021 848 3043 errare
892 3011 1059 3043 Ser-vilibus
1070 3010 1244 3053 utqueJam
1256 3013 1395 3051 peritura
1408 3010 1512 3045 modis,
1525 3012 1636 3038 etlan-
