1904 3314
639 199 864 243 LIBER
896 199 932 250 1,
958 200 1000 241 6.

165 301 343 346 Judicio
365 303 499 360 vulgi,
521 318 651 345 sanus
673 301 858 344 fortasse
879 308 970 351 tuo,
992 299 1114 355 quod

1505 194 1589 235 337

164 370 341 414 Nollem
361 387 470 414 onus
491 371 609 413 haud
629 385 820 425 unquam
841 368 992 410 solitus
1013 374 1190 423 portare
1211 364 1452 408 molestum.

55 436 139 479 100
168 438 285 482 Nam
305 439 410 481 mihi
425 439 629 482 continuo
650 439 788 494 major
808 436 1047 492 quaerenda
1067 435 1181 477 foret
1200 449 1286 484 res,

165 505 317 563 Atque
337 507 554 550 salutandi
573 506 722 562 plures
741 523 750 557 3
785 505 1013 548 ducendus
1035 510 1079 546 et
1098 499 1212 545 unus

167 575 231 618 Et
250 590 393 619 comes
413 575 536 626 alter,
559 575 624 617 uti
645 590 699 617 ne
721 573 838 616 solus
860 588 988 616 rusve
1005 585 1243 628 peregreve

167 642 373 694 Exirem;
405 643 553 699 plures
575 642 746 685 calones
769 649 900 698 atque
916 640 1071 684 caballi

169 711 385 754 Pascendi
402 730 412 764 ;
445 712 648 754 ducenda
668 711 894 767 petorrita.

955 710 1090 752 Nunc
1111 707 1215 750 mihi
1236 713 1361 749 curto

60 779 143 821 105
171 778 243 822 Ire
262 779 365 822 licet
385 779 517 829 mulo,
538 779 619 831 vel,
643 780 679 822 si
699 779 819 828 libet,
842 793 983 834 usque
1005 778 1262 826 Tarentum,

168 846 366 890 Mantiea
386 849 456 890 cui
476 847 647 890 lumbos
669 863 801 891 onere
821 847 1000 897 ulceret,
1024 854 1156 901 atque
1177 859 1312 900 eques
1335 857 1490 885 armos.

170 914 366 971 Objiciet
386 932 512 959 nemo
534 917 687 959 sordes
709 916 828 967 mihi,
851 930 960 971 quas
983 915 1075 965 tibi,
1097 913 1231 964 Tulli,

169 983 318 1032 Quum
339 983 528 1026 Tiburte
550 985 618 1026 via
638 992 872 1040 praetorem
894 983 1087 1039 quinque
1110 987 1353 1038 sequuntur

132 1049 135 1051 ’
169 1050 239 1094 Te
259 1052 399 1108 pueri,
419 1052 615 1094 lasanum
634 1059 860 1108 portantes
883 1051 1274 1106 oenopliorumque.

59 1118 143 1160 110
172 1118 274 1162 Hoc
294 1135 377 1176 ego
398 1121 681 1171 commodius,
705 1135 835 1175 quam
858 1127 922 1170 tu,
945 1118 1155 1175 praeclare
1178 1124 1367 1167 senator,

173 1186 330 1230 Multis
351 1196 483 1244 atque
503 1188 596 1230 aliis
618 1189 729 1230 vivo.

790 1188 1068 1242 Quacumque
1089 1186 1226 1228 libido
1247 1193 1329 1234 est,

175 1254 340 1298 Incedo
363 1257 507 1299 solus:
541 1264 790 1312 percontor,
813 1258 964 1312 quanti
985 1256 1094 1306 olus,
1117 1270 1167 1297 ac
1190 1255 1280 1296 far:

174 1322 212 1365 F
213 1322 392 1366 allacem
413 1324 590 1374 circum,
613 1324 996 1379 vespertinumque
1017 1336 1197 1378 pererro

174 1391 304 1448 Saepe
323 1391 493 1444 forum3
525 1391 694 1434 adsisto
716 1392 896 1434 divinis:
931 1391 1032 1433 inde
1050 1391 1226 1432 domum
1246 1404 1312 1429 me

65 1459 146 1502 115
176 1458 251 1501 Ad
271 1461 392 1516 porri
411 1468 455 1503 et
476 1461 627 1503 ciceris
650 1459 794 1502 refero
816 1460 1048 1516 laganique
1070 1459 1272 1501 catinum.

177 1527 318 1571 Coena
337 1529 606 1571 ministratur
627 1529 778 1584 pueris
802 1529 943 1570 tribus
962 1544 971 1569 ε
1004 1534 1048 1569 et
1068 1526 1179 1581 lapis
1201 1525 1327 1567 albus

177 1595 345 1638 Pocula
364 1611 464 1639 cum
483 1596 642 1652 cyatho
663 1596 751 1638 duo
774 1597 982 1638 sustinet:
1015 1595 1160 1637 adstat
1181 1593 1363 1636 echinus

107 1730 251 1762 95—99.
274 1731 324 1762 Ad
333 1731 470 1774 fastum,
492 1741 625 1773 quorum
647 1730 814 1762 nobilitate

65 1782 100 1804 se
123 1772 259 1815 jactaret
282 1774 378 1806 filius.
440 1775 565 1814 Optaret
595 1775 651 1805 sibi
677 1775 813 1814 quisque,

62 1814 196 1857 eligeret
215 1816 276 1848 sibi
297 1817 442 1860 quisque,
466 1827 522 1859 per
543 1827 594 1848 me
617 1817 703 1852 licet,
725 1816 816 1848 alios.

69 1858 216 1890 nonestus
229 1860 374 1892 Fascibus
387 1868 414 1892 et
430 1862 520 1895 settis.
540 1865 685 1902 parentes
699 1869 816 1890 consu-

65 1900 123 1932 lari
153 1900 309 1944 dignitate
335 1909 366 1935 et
393 1903 547 1946 majorum
575 1902 815 1945 magistratuum

68 1943 188 1976 honore
202 1945 354 1987 insignes

116 1987 298 2020 101-104,
319 1987 714 2027 salutandi,‚salutatione
741 1988 816 2019 ade-

69 2028 175 2070 undi;
196 2030 282 2073 quod
298 2031 392 2064 fiebat
411 2041 524 2063 mane:
550 2030 694 2062 Martial.
713 2031 746 2068 ii,
765 2032 817 2067 18,

69 2073 104 2110 ³,
122 2073 216 2105 Mane
225 2075 396 2106 salutatum
408 2076 515 2112 venio,·
539 2080 570 2106 et
586 2074 627 2112 iv,
645 2075 676 2111 8,
695 2076 724 2111 1,
747 2074 818 2104 Pri-

70 2127 121 2147 ma
139 2117 308 2160 sal-utames
329 2124 419 2159 atque
440 2119 541 2148 altera
566 2119 699 2148 continet
725 2118 818 2148 hora.-

71 2158 198 2191 scilicet
218 2159 320 2192 nobili
337 2170 466 2203 quoque
487 2161 558 2192 loco
582 2160 648 2191 nati
668 2160 820 2191 honorum

71 2201 348 2246 adipiscendorum
369 2213 468 2235 causa
490 2203 621 2245 gratiam
645 2202 706 2234 sibi
730 2203 820 2234 colli-

73 2255 146 2287 gere
154 2246 324 2278 studebant
331 2246 512 2278 salutando.
543 2247 710 2277 salutandi
718 2247 773 2286 plu
778 2257 822 2276 res

70 2297 146 2320 cum
162 2287 346 2321 Heindorfio
361 2299 429 2332 pro,
442 2289 630 2320 salutatores
646 2289 752 2331 plures
767 2299 820 2320 ac-

72 2329 224 2375 cipiendi,
238 2331 385 2374 equidem
399 2332 558 2375 explicare
575 2332 684 2363 nolim.
733 2333 821 2363 Calo-

73 2385 144 2407 nes:
167 2374 213 2406 cf.
227 2385 299 2418 sup.
315 2375 354 2407 ad
371 2377 440 2407 Sat.
457 2375 480 2412 i,
495 2377 529 2413 2,
547 2376 600 2407 44.
646 2375 817 2411 Pelori-ita,

72 2416 221 2450 vehicula
236 2416 303 2450 sive
317 2424 468 2462 carpenta
483 2419 532 2450 vel
547 2417 652 2450 rhedae
669 2417 820 2450 Gallicae.

75 2454 238 2500 Ducenda,
262 2471 309 2492 sc·
331 2472 466 2498 mecum,
490 2467 526 2492 ut
548 2461 643 2504 paulo
667 2466 741 2492 ante
763 2463 821 2492 du-

75 2505 188 2536 condus
201 2509 231 2535 ot
245 2515 326 2536 unus
342 2505 383 2536 Et
399 2515 491 2536 comes
505 2506 604 2536 alter:
628 2503 660 2534 in
676 2503 822 2536 veditione

76 2545 303 2579 Heindorfiana
333 2547 447 2589 legitur
473 2549 617 2582 ducenta,
645 2557 823 2589 operarum,

76 2594 115 2622 ut
134 2589 272 2626 videtur,
297 2600 413 2622 errore.
461 2591 557 2622 Curto
581 2590 685 2620 mulo.-
716 2590 824 2621 Schol-

78 2631 194 2674 Cmq„
219 2634 303 2665 mulo
326 2635 426 2665 cauda
453 2641 565 2670 eur-la,⁸
597 2631 742 2674 equidem
771 2643 825 2675 per

76 2675 196 2708 mulum
219 2683 342 2708 curtum
370 2676 515 2718 intelligo
541 2675 662 2707 mulum
689 2675 770 2706 curti
795 2681 827 2707 et

76 2717 186 2761 exigui
213 2719 352 2762 corporis
379 2720 485 2762 (einen
514 2721 632 2750 kleinen
663 2718 827 2759 Klepper).

82 2759 236 2798 Kantion,
266 2772 353 2812 pera,
382 2762 526 2794 sarcina:
566 2761 676 2793 schol.
709 2761 829 2804 Porph.

81 2804 135 2836 hoe
147 2814 182 2836 ex
195 2803 362 2837 Laeuiano
375 2807 431 2837 illo
447 2812 581 2836 sumtum
601 2811 644 2835 est
655 2816 664 2834 .-
690 2804 830 2836 Mantica

80 2847 234 2879 antherii
246 2854 340 2879 costas
349 2850 505 2891 gravitate
519 2848 681 2889 premebat.

125 2889 312 2924 lov—109.
333 2892 452 2928 Sordes,
474 2890 633 2923 sordidam
655 2888 834 2920 avaritiam.

858 1740 986 1760 sanum:
1033 1727 1152 1765 Sehol.‚
1183 1738 1245 1762 vas,
1274 1728 1307 1757 in
1339 1737 1396 1766 quo
1428 1730 1609 1755 exoneratur

858 1778 974 1803 venter.
1062 1771 1267 1810 OEnophorum
1313 1768 1522 1810 (οἰνοφόρον,
1567 1777 1612 1798 se.

862 1817 1010 1852 σκεῦος),
1024 1814 1128 1844 corbis
1139 1813 1188 1844 vel
1201 1812 1278 1844 cista
1294 1811 1359 1842 vini
1370 1811 1530 1853 amphoris
1537 1820 1610 1853 por-

861 1857 966 1889 tandis
981 1856 1163 1888 inserviens.

908 1901 982 1931 110.
1006 1900 1084 1938 Hoc,
1099 1900 1140 1931 ob
1155 1900 1215 1931 hoc
1234 1897 1369 1940 simplex
1390 1895 1463 1928 vitae
1485 1904 1607 1937 genus:

862 1943 904 1975 cf.
920 1943 958 1974 ad
976 1954 1007 1974 v.
1025 1945 1077 1973 41.

909 1988 982 2017 111.
1015 1986 1086 2020 Pro.
1119 1984 1263 2015 Millibus
1296 1990 1387 2024 arque
1420 1982 1504 2018 aliis,
1539 1979 1612 2011 dedi

861 2039 946 2060 cumr
957 2028 1140 2061 Heindorfio
1160 2026 1326 2058 lectionem
1346 2023 1516 2062 Lambini3
1539 2033 1613 2054 nam

863 2073 963 2103 millia
978 2073 1043 2103 alia
1059 2076 1134 2102 sunt
1148 2069 1267 2101 diversa
1284 2068 1397 2100 millia.

912 2116 984 2146 113.
1014 2115 1167 2146 Fallacem
1197 2115 1333 2144 circum:
1365 2109 1474 2143 Schol.
1499 2110 1613 2150 Cruq..

867 2158 1019 2190 Fallacem
1039 2159 1118 2189 dixit
1139 2155 1296 2198 (circum)
1311 2161 1435 2195 propter
1455 2155 1614 2184 samarda-

865 2212 911 2233 cos
926 2199 1148 2244 (impostores)
1165 2206 1192 2230 et
1214 2200 1381 2240 sortilegos,
1400 2204 1429 2229 et
1449 2197 1614 2227 mathema-

866 2247 949 2282 ticos,
968 2247 1020 2286 qui
1043 2246 1082 2274 αιὶ
1110 2250 1202 2274 metas
1230 2249 1409 2282 spectatores
1435 2241 1615 2270 circumsta-

865 2289 951 2323 bant,
976 2295 1004 2319 ει
1027 2288 1179 2328 imperitos
1202 2287 1333 2323 sortibus
1355 2291 1383 2316 et
1407 2284 1500 2325 nugis
1513 2283 1615 2325 fulle-

865 2332 950 2362 bant.

912 2375 985 2404 ll4.
1011 2373 1147 2407 Divinis,
1173 2370 1341 2412 sortilegis,
1367 2380 1468 2401 rerum
1495 2369 1616 2400 sutura-

866 2427 935 2448 rum
951 2415 1090 2452 vatibus,
1109 2415 1158 2447 vel
1174 2415 1368 2446 somniorum
1385 2413 1619 2455 interpretibus.

868 2459 1021 2491 Horatius
1050 2465 1167 2495 autem,
1191 2458 1267 2489 dum
1295 2462 1331 2487 ut
1359 2456 1453 2487 homo
1478 2455 1620 2496 vulgaris

866 2501 1022 2545 ejusmodi
1039 2501 1202 2533 hominum
1219 2500 1348 2532 circulis
1362 2510 1394 2531 se
1409 2498 1620 2536 immiscebat,

867 2552 899 2576 et
930 2545 1109 2587 vespertino
1134 2550 1273 2586 tempore
1299 2543 1361 2574 huc
1392 2542 1469 2573 illuc
1492 2542 1525 2573 in
1553 2542 1619 2572 foro

869 2588 1177 2629 circumvagabatur‚
1207 2586 1346 2618 faciebat
1372 2585 1506 2627 aliquid,
1536 2585 1621 2627 quod

870 2641 889 2662 a
906 2630 1093 2666 nobiliorum
1110 2630 1263 2671 dignitate
1280 2629 1420 2660 alienum
1437 2629 1622 2671 putabatur.

870 2674 957 2705 Hinc
980 2673 1088 2705 Schol.
1112 2674 1223 2715 Cruq„
1242 2674 1362 2703 altioris
1383 2673 1548 2713 dignitatis
1570 2673 1621 2702 ho-

871 2719 965 2748 mines
986 2718 1166 2748 erubescunt
1188 2727 1252 2748 sero
1273 2718 1304 2747 in
1323 2716 1367 2746 his
1388 2716 1475 2756 vulgi
1496 2716 1622 2746 circulis

873 2763 1045 2792 consistere.

921 2804 994 2834 115.
1017 2802 1217 2844 Laganique:
1242 2801 1350 2832 Schol.
1374 2800 1487 2842 Cruq.,
1512 2802 1626 2842 lagana

875 2853 947 2877 sunt
978 2846 1160 2886 placentulas
1191 2846 1326 2886 quadam
1355 2846 1510 2886 vulgares,
1540 2845 1626 2884 qnasi

877 2890 1091 2920 membranula?
1111 2890 1288 2928 compositae,
1308 2899 1372 2928 quoe
1393 2898 1461 2918 cum
1475 2889 1580 2927 pipere
1598 2893 1626 2915 et

86 2931 214 2964 Tiburte
233 2933 296 2969 via,
319 2944 339 2965 a
359 2939 449 2976 porta
473 2934 641 2976 Esquilina
665 2932 698 2963 in
723 2931 831 2962 villam
878 2933 1043 2973 liquamine
1063 2933 1189 2962 conditae
1205 2933 1340 2971 depromi
1360 2931 1494 2961 solebant
1509 2930 1548 2958 acl
1569 2938 1626 2958 σω-

82 2974 284 3023 Tibi-utinum
314 2977 458 3020 praetoris
486 2978 632 3008 ducente.
681 2975 835 3016 Quinque,
881 2987 948 3006 nam
979 2975 1163 3004 moderatam
1193 2982 1220 3004 et
1250 2974 1428 3014 parabilem.
1475 2972 1567 3010 Erg0,
1595 2977 1628 3000 ut

86 3026 182 3048 mnus
195 3018 288 3059 pauci
314 3029 368 3062 pro
392 3020 532 3062 praetoris
557 3019 725 3061 dignitate.
771 3018 833 3048 La·
881 3018 927 3048 ait
943 3016 1158 3055 Heindorfius,
1174 3016 1259 3058 quod
1276 3015 1362 3058 apud
1380 3025 1446 3051 nos,
1463 3014 1599 3044 Plinsen.

844 3070 864 3090 *Z
