1904 3314
354 201 437 242 548

678 197 1039 241 EPISTOLA
1076 198 1172 241 AD
1211 199 1534 243 PISONES.

469 304 649 346 Utilium
669 303 818 344 tardus
838 302 1047 357 provisor,
1069 302 1277 358 prodigus
1298 303 1394 343 aeris

357 372 437 414 165
467 370 684 417 Sublimis,
706 369 990 423 cupidusque,
1011 375 1054 410 et
1074 375 1213 410 amata
1234 368 1473 422 relinquere
1493 369 1660 423 pernix.

469 437 696 478 Conversis
719 435 871 476 studiis
892 441 996 476 aetas
1018 436 1268 489 animusque
1290 434 1420 475 virilis

470 504 640 550 Quaerit
661 517 764 557 opes
785 507 829 542 et
849 502 1068 551 amicitias,
1089 502 1267 542 inservit
1287 501 1455 550 honori,

470 569 742 610 commisisse
764 574 885 610 cavet
905 568 1023 622 quod
1044 582 1143 608 mox
1163 574 1327 609 mutare
1346 567 1526 609 laboret.

470 635 614 677 Multa
634 649 777 676 senem
797 634 1132 675 circumveniunt
1152 633 1444 683 incommoda3
1476 633 1542 675 vel
1561 634 1678 688 quod

361 703 440 743 170
470 702 652 751 Quaerit,
674 709 717 742 et
736 702 917 742 inventis
939 701 1066 741 miser
1087 701 1288 749 abstinet,
1310 714 1358 740 ac
1380 700 1499 741 timet
1519 701 1581 740 uti
1601 717 1612 749 ;

467 768 553 809 Vel
572 768 689 822 quod
711 782 780 808 res
802 781 947 808 omnes
971 767 1116 807 timide
1137 765 1364 820 gelideque
1384 765 1620 815 ministrat3

469 834 653 883 Dilat0r‚
677 847 752 887 spe
771 832 938 887 longus,
959 833 1072 873 iners
1094 832 1329 886 avidusque
1350 831 1500 882 futuri,

469 900 683 950 Difficilis,
704 899 925 954 queruluS,
949 898 1148 938 laudator
1170 890 1372 951 temporis
1393 898 1478 938 acti

471 966 528 1007 Se
549 981 698 1020 puero,
719 965 951 1019 castigator
972 970 1209 1018 censorque
1227 964 1452 1004 minorum.

360 1034 441 1074 175
470 1032 613 1074 Multa
633 1032 776 1072 ferunt
797 1031 896 1071 anni
915 1030 1132 1070 venientes
1155 1029 1376 1070 commoda
1398 1043 1556 1080 secum,

471 1097 614 1139 Multa
632 1097 883 1138 recedentes
905 1096 1109 1136 adimunt.

1168 1094 1241 1135 Ne
1260 1095 1374 1136 forte
1395 1094 1550 1136 seniles

469 1164 735 1205 Mandentur
749 1162 899 1216 juveni
918 1167 1080 1215 partes,
1101 1175 1322 1214 pueroque
1342 1160 1482 1201 viriles
1501 1176 1511 1200 ε

471 1229 650 1284 Semper
670 1229 713 1270 in
734 1229 948 1283 adjunctis
970 1242 1146 1282 aevoque
1165 1227 1424 1269 morabimur
1444 1227 1572 1282 aptis.

527 1294 620 1337 Aut
639 1296 780 1350 agitur
800 1309 869 1336 res
890 1295 932 1335 in
955 1293 1107 1342 scenis,
1129 1299 1203 1334 aut
1224 1300 1319 1334 acta
1337 1293 1536 1335 refertur.

361 1361 441 1402 180
471 1360 654 1414 Segnius
675 1361 842 1401 irritant
863 1359 1024 1400 animos
1046 1359 1229 1399 demissa
1251 1373 1329 1413 per
1349 1373 1510 1408 aurem,

358 1490 426 1510 sum
439 1479 471 1510 in
481 1479 547 1510 solo
559 1478 659 1521 ponit,
669 1478 757 1509 firmo
767 1477 847 1520 pede
859 1477 992 1509 incedit:
1010 1477 1094 1525 apud

361 1521 452 1562 Virg.
472 1523 551 1553 Gen.
573 1521 619 1558 iii,
645 1521 718 1557 101,
738 1521 777 1551 de
795 1519 941 1561 juvencis
963 1519 1096 1559 vestigia

357 1562 390 1593 in
405 1564 530 1605 pulvere
539 1561 793 1604 exprimentibus,
804 1569 833 1592 et
846 1573 956 1592 summo
969 1563 1094 1602 vestigia

355 1607 477 1644 pulvere
490 1608 619 1645 signent.

406 1648 476 1677 160.
500 1647 628 1682 Temere,
652 1645 765 1676 facile:
789 1655 858 1686 sup.
883 1644 986 1686 Epist.
1004 1643 1037 1679 ii,
1062 1645 1092 1679 1,

361 1689 433 1723 120,
461 1692 538 1719 vatis
567 1698 675 1717 avarus
711 1686 780 1718 Non
812 1693 918 1717 temere
951 1693 992 1716 est
1024 1687 1092 1716 tmi-

361 1741 437 1760 mus.

406 1773 478 1802 161.
515 1770 675 1801 Particula
709 1771 828 1800 tandem
865 1770 962 1801 facete
995 1769 1093 1810 pueri,

362 1823 455 1844 morae
469 1812 555 1843 illius
569 1812 716 1853 temporis
731 1821 794 1852 quo
817 1821 855 1842 ex
872 1811 982 1853 puerili
1005 1816 1095 1842 aetate

361 1855 494 1886 excedat
507 1854 711 1896 impatientiS,
724 1853 868 1895 exprimit
879 1852 1053 1894 ingenium.

408 1898 479 1927 162.
509 1898 613 1935 Aprici
633 1898 772 1936 gramine
802 1897 916 1935 campi.-
949 1905 1094 1936 gymnas-

361 1938 432 1969 ticis
452 1937 733 1969 ,exercitationibus
758 1937 790 1968 in
813 1938 934 1979 Campo
959 1936 1093 1967 Martio:

360 1990 452 2022 supra
473 1990 599 2020 quoque
619 1979 682 2010 Od.
704 1980 726 2017 i,
745 1980 776 2015 8,
794 1980 825 2016 3,
850 1979 988 2020 Campus
1006 1979 1094 2009 Mar-

362 2022 423 2052 tius
438 2021 551 2052 dicitur
563 2023 694 2060 apricus.

406 2065 480 2094 163.
519 2063 629 2093 Cereus
663 2062 849 2105 (κήρινος),
885 2072 964 2094 cerae
998 2061 1095 2093 instar

363 2103 519 2136 flexibilis.

406 2147 478 2178 164.
504 2146 635 2176 Utilium
659 2147 772 2183 tardus¹
789 2147 930 2184 provisor,
952 2145 1094 2186 elegante

360 2189 510 2220 brevitate
537 2197 604 2229 pro,
635 2186 667 2218 in
695 2188 787 2218 rebus
813 2187 953 2222 utilibus,
980 2187 1095 2228 quibus

361 2230 432 2261 vitae
446 2230 560 2261 suturae
575 2228 735 2270 providere
749 2228 853 2263 debet,
869 2228 986 2259 tardus.
1017 2229 1092 2258 Pro-

361 2275 452 2313 digus
465 2273 543 2308 oeris,
559 2270 719 2313 pecuniae:
744 2270 785 2302 cf.
800 2280 872 2311 sup.
898 2270 936 2300 ad
954 2269 1055 2311 Epist.
1071 2270 1093 2305 i,

359 2316 392 2350 2,
410 2316 464 2345 47.

405 2356 478 2386 165.
501 2355 652 2389 Sublimis,
677 2353 787 2384 altiora
811 2352 931 2394 spirans
954 2352 1089 2395 (ὑπέρο-

361 2397 454 2438 χος).
499 2397 541 2426 Et
557 2402 658 2426 amata
673 2397 842 2435 relinquere
858 2397 982 2434 perniae:
1005 2394 1090 2425 simi·

358 2440 430 2471 liter
451 2448 524 2479 sup.
543 2438 643 2479 Epist.
663 2437 697 2474 ii,
720 2439 749 2472 l,
777 2437 837 2468 100
856 2436 895 2466 de
914 2436 1020 2477 puella
1042 2436 1090 2467 in-

358 2481 455 2516 fante,
474 2480 561 2514 Quod
571 2481 678 2520 cupide
690 2481 789 2519 petiit,
804 2483 922 2508 mature
935 2479 1023 2517 plena
1040 2489 1087 2509 re-

358 2525 380 2554 li
422 2525 481 2554 uit.

383 2535 475 2595 η(166.
493 2564 646 2594 Conversis
661 2563 782 2597 studiis,
795 2560 898 2591 animo
912 2571 929 2590 a
940 2560 1089 2602 juvenilis

358 2605 460 2638 aetatis
474 2605 586 2636 studiis
601 2605 640 2636 ad
662 2614 699 2636 ea
720 2614 791 2644 quae
813 2602 893 2633 virili
915 2603 999 2633 aetati
1018 2613 1088 2644 pro-

359 2649 426 2690 pria
440 2653 514 2679 sunt
527 2657 688 2678 converso.

402 2691 473 2721 169.
519 2689 780 2721 Circumveniant,

355 2736 510 2775 premunt.

402 2775 472 2805 170.
500 2773 627 2807 Qum-n,
643 2781 687 2802 sc.
707 2780 791 2811 opeS,
806 2776 832 2799 et
848 2771 986 2804 inventis,
1001 2780 1086 2810 quae-

355 2816 435 2853 sitis,
446 2813 597 2847 collectis.
623 2813 716 2843 Miser
727 2814 866 2846 abstinet,
876 2823 910 2842 ac
925 2814 1007 2842 timet
1017 2814 1084 2842 nti.-

355 2870 424 2901 sup.
447 2858 513 2888 Sat.
532 2855 565 2891 ii,
585 2856 616 2890 3,
634 2856 706 2890 110,
727 2854 849 2884 Nescius
869 2856 916 2883 uei
939 2854 1084 2893 Composi-

354 2904 402 2937 tis,
420 2906 605 2938 metnensque
620 2899 698 2927 velut
714 2898 884 2934 contingere
899 2907 1027 2926 samum.

398 2943 471 2973 171.
494 2941 665 2980 Gelideque,
682 2944 712 2970 ct
727 2938 841 2972 animo,
857 2937 962 2977 qualis
978 2944 1081 2969 estse-

837 2686 1088 2722 circumvallant,

1138 1485 1226 1511 num,
1237 1475 1362 1518 frigido,
1373 1477 1406 1507 h.
1416 1487 1445 1509 e.
1459 1477 1544 1508 haud
1557 1482 1676 1518 promto
1745 1483 1868 1520 atoque,

1137 1517 1192 1548 sed
1205 1518 1289 1565 lento
1301 1526 1331 1550 et
1344 1518 1449 1550 anxio.
1482 1519 1652 1557 Ministrat,
1665 1529 1683 1551 a
1706 1519 1869 1559 ministrat,

1177 1569 1210 1589 ra
1233 1565 1270 1590 it.

1137 1569 1175 1600 pe
1186 1569 1256 1631 1⁵52.
1279 1601 1334 1639 Spe
1346 1601 1464 1643 longus,
1473 1601 1528 1643 qui
1538 1601 1685 1644 longioris
1695 1603 1767 1635 vitae
1781 1613 1866 1646 spem

1137 1642 1203 1678 alit,
1221 1643 1285 1684 ipse
1303 1642 1369 1684 jam
1392 1643 1506 1674 dicitur
1525 1654 1574 1684 spe
1596 1645 1702 1686 longus
1723 1647 1868 1688 (μακρὸς

1137 1683 1276 1724 ἐλπίδι).
1327 1685 1398 1715 Huc
1428 1685 1503 1716 facit
1528 1686 1616 1718 locus
1645 1686 1819 1724 Ciceronis,
1847 1698 1867 1719 a

1137 1726 1290 1757 Lambino
1311 1726 1436 1763 allatus,
1459 1727 1500 1759 de
1520 1728 1644 1759 Senect-
1666 1739 1695 1760 c.
1717 1729 1750 1765 7,
1774 1730 1868 1761 Nemo

1136 1770 1214 1810 enim
1243 1774 1303 1799 tam
1325 1778 1421 1805 senex,
1443 1772 1495 1809 qm·
1516 1780 1545 1800 se
1566 1781 1680 1801 annum
1701 1782 1761 1802 non
1780 1778 1868 1811 putet

1135 1821 1214 1849 posse
1228 1813 1335 1841 vivere.
1379 1810 1475 1848 Iners,
1486 1811 1526 1842 ob
1537 1811 1647 1843 virium
1661 1812 1867 1844 defectionem

1137 1852 1231 1883 rebus
1255 1851 1395 1893 gerendis
1419 1852 1521 1884 minus
1551 1859 1656 1896 aptus.
1698 1855 1868 1895 Avidusque

1127 1894 1252 1935 futuri,
1275 1893 1407 1942 cupidus
1430 1894 1550 1926 sciendi
1569 1898 1643 1936 quid
1663 1898 1703 1928 rit
1712 1895 1867 1937 futurum

1137 1947 1202 1966 cras
1217 1937 1299 1977 (Od.
1314 1946 1336 1972 1,
1350 1937 1383 1971 9,
1403 1937 1472 1976 13).

1184 1978 1253 2009 173.
1277 1977 1430 2018 Difficilis,
1444 1977 1528 2009 haud
1550 1978 1653 2010 facilis
1674 1989 1707 2010 se
1722 1979 1866 2011 adeunti·

1136 2020 1206 2058 bus,
1221 2029 1360 2050 morosus
1374 2019 1571 2062 (δύσκολος)
1584 2033 1593 2059 ;
1615 2021 1774 2063 querulus,
1789 2021 1866 2053 assi-

1136 2061 1208 2092 duis
1237 2062 1275 2093 de
1302 2068 1382 2092 sorte
1403 2072 1460 2093 sua
1481 2062 1613 2104 querelis
1632 2062 1767 2105 fatigans
1788 2063 1866 2095 alios

1137 2103 1404 2146 (μεμψίμοιρος)
1462 2145 1469 2151 ,

1183 2147 1254 2176 174.
1278 2145 1446 2182 Minor-um,
1457 2146 1629 2186 juniorum.

1182 2188 1254 2218 175.
1277 2188 1360 2217 Anni
1379 2190 1540 2223 venientes,
1559 2187 1615 2229 qui
1634 2193 1771 2220 teneram
1790 2194 1864 2220 aeta-

1136 2233 1197 2260 tem
1212 2228 1383 2270 excipiunt,
1398 2229 1472 2259 anni
1483 2229 1642 2270 juveniles
1655 2235 1687 2262 et
1701 2229 1817 2262 viriles.

1181 2271 1254 2300 176.
1277 2272 1361 2300 Anni
1387 2273 1564 2307 recedentes,
1590 2271 1629 2302 ad
1651 2270 1768 2302 exitum
1792 2272 1865 2303 vitm

1133 2310 1343 2347 decurrente&
1361 2311 1437 2342 anni
1451 2312 1585 2344 seniles:
1617 2323 1686 2354 sup.
1707 2313 1811 2354 Epist.
1829 2314 1865 2349 ii,

1134 2354 1166 2388 2,
1189 2354 1241 2388 55.
1265 2353 1396 2394 Singula
1423 2355 1459 2383 de
1482 2355 1563 2384 nobis
1587 2355 1662 2384 anm'
1687 2357 1866 2394 praedantur

1134 2401 1247 2426 euntes.

1177 2437 1250 2467 178.
1274 2436 1392 2476 Semper
1413 2437 1446 2466 in
1469 2438 1634 2476 adjunctis,
1653 2441 1728 2468 cett.
1745 2447 1866 2480 semper

1132 2487 1238 2508 eorum
1259 2489 1330 2519 quae
1349 2477 1462 2518 cuique
1476 2478 1560 2509 aetati
1574 2478 1724 2520 adjuncta
1742 2486 1775 2510 et
1791 2485 1865 2522 apta

1133 2525 1218 2557 sunt,
1239 2519 1269 2550 h.
1290 2530 1318 2550 e.
1340 2519 1540 2556 conveniunt,
1561 2520 1710 2552 rationem
1737 2521 1866 2553 habebi-

1133 2572 1212 2593 mus,
1257 2562 1416 2592 Immorari
1440 2561 1534 2593 alicui
1561 2561 1606 2594 rei
1628 2561 1786 2599 dicuntur,
1808 2563 1864 2604 qui

1132 2602 1359 2644 diligentiorem
1379 2614 1485 2635 curam
1506 2609 1538 2635 et
1557 2613 1680 2645 operam
1702 2603 1735 2635 in
1757 2604 1865 2647 aliqua

1133 2655 1166 2676 re
1183 2650 1266 2676 recte
1286 2645 1447 2676 tractanda
1469 2650 1610 2688 pouunt;
1631 2651 1664 2677 et
1685 2645 1730 2676 sic
1752 2650 1863 2679 morari

1133 2688 1166 2716 in
1181 2688 1284 2727 aliqua
1299 2697 1332 2717 re
1346 2687 1502 2728 eleganter
1515 2686 1555 2718 de
1569 2686 1619 2724 iis,
1631 2687 1685 2728 qui
1699 2687 1732 2718 in
1747 2697 1784 2719 ea
1798 2698 1861 2720 non

1132 2728 1313 2760 festinanter
1327 2734 1358 2760 et
1379 2729 1499 2766 leviter,
1514 2729 1569 2767 sed
1586 2729 1816 2761 consideranter
1830 2737 1863 2763 et

1131 2770 1252 2802 curiose
1267 2776 1439 2802 versantur.

1175 2813 1355 2844 179—188.
1398 2811 1607 2844 Undecimum
1637 2813 1858 2855 Praeceptum:

1131 2855 1206 2885 Cum
1235 2865 1269 2884 ea
1299 2866 1361 2895 quoe
1388 2855 1481 2885 oculis
1504 2855 1740 2894 conspiciuntur,
1764 2857 1860 2886 multo

1124 2899 1251 2935 gravius
1265 2899 1378 2927 animos
1392 2902 1589 2935 spectatorum
1603 2895 1753 2936 afficiant,
1770 2908 1859 2936 quam

1128 2940 1181 2968 illa
1199 2950 1260 2978 '1⁷¹ae
1277 2940 1458 2974 audiuntur,
1472 2939 1600 2968 horroris
1610 2939 1698 2977 plena
1713 2949 1769 2969 non
1786 2950 1857 2970 ocu-
