1904 3314
614 157 842 201 LIBER
871 156 934 208 11,
970 158 1005 198 1.

1493 157 1578 199 505

158 265 374 309 Paulatim
394 264 519 315 vello,
540 270 586 306 et
605 263 733 305 demo
753 275 902 310 unum,
924 259 1053 302 demo
1074 259 1203 301 etiam
1223 273 1373 309 unum,

157 334 279 376 Dum
298 334 426 377 cadat
445 331 592 387 elusus
612 331 782 372 ratione
802 328 969 371 ruentis
989 327 1146 377 acervi,

158 402 251 450 Qui
271 402 386 444 redit
405 400 461 442 ad
482 399 634 449 fastos,
653 404 698 440 et
718 397 923 439 virtutem
943 395 1130 437 aestimat
1149 394 1288 444 annis,

157 470 436 524 Miraturque
456 466 565 508 nihil
583 466 666 508 nisi
687 465 809 521 quod
830 464 1025 506 Libitina
1045 463 1244 506 sacravit.

71 538 129 580 50
158 538 344 587 Ennius,
365 542 411 578 et
431 535 604 589 sapiens
626 541 670 576 et
690 533 831 583 fortis,
853 539 898 574 et
917 531 1027 573 alter
1049 530 1285 580 Homerus,

157 605 222 648 Ut
243 604 381 648 critici
401 603 567 654 dicunt,
588 602 741 644 leviter
762 614 917 643 curare
937 599 1128 647 videtur,

158 673 262 721 Quo
282 672 496 728 promissa
517 671 676 713 cadant
696 678 740 712 et
761 669 927 712 somnia
947 668 1241 724 Pythagorea.

155 740 339 783 Naevius
358 741 404 782 in
423 740 621 781 manibus
643 754 731 781 non
751 745 832 788 est,
854 745 898 780 et
919 737 1136 778 mentibus
1157 735 1297 777 haeret

157 807 290 850 Paene
311 822 480 858 recens,
503 807 615 849 adeo
637 814 833 849 sanctum
854 812 922 847 est
942 812 1066 846 vetus
1088 818 1213 846 omne
1235 817 1404 858 poema.

71 876 128 919 55
156 875 410 933 Ambigitur
430 877 602 931 quoties
624 883 721 917 uter
742 882 843 916 utro
865 874 920 916 sit
941 873 1086 928 prior3
1119 870 1263 913 aufert

156 943 375 986 Pacuvius
396 945 515 986 docti
535 943 692 985 famam
714 944 845 993 senis,
868 942 1031 984 Accius
1053 941 1155 983 alti:

155 1012 333 1054 Dicitur
354 1011 513 1054 Afrani
533 1019 636 1067 toga
656 1012 908 1054 convenisse
931 1010 1202 1059 Menandr03

158 1079 343 1122 Plautus
364 1081 421 1122 ad
441 1079 664 1135 exemplar
687 1078 821 1121 Siculi
843 1093 1079 1134 properare
1102 1077 1382 1132 Epicharmi3

157 1147 350 1191 Vincere
371 1147 574 1190 Caecilius
595 1148 823 1203 gravitate,
845 1146 1082 1188 Terentius
1104 1153 1212 1187 arte.

42 1270 138 1293 sensu
151 1266 253 1303 poetae
269 1260 353 1304 apud
371 1260 504 1293 Graecos
519 1260 670 1292 dicuntur
686 1260 792 1303 σοφοί.

42 1304 158 1340 Fortis,
173 1303 284 1335 altiore
300 1303 412 1346 spiritu
426 1313 608 1344 exsurgens.

86 1347 141 1383 51,
164 1347 219 1378 52.
253 1347 378 1382 critici,
409 1356 512 1377 rerum
543 1346 583 1376 ad
614 1343 791 1376 doctrinam

43 1389 255 1432 spectantium
269 1388 488 1424 aestimatores,
499 1387 708 1430 grammatici.
732 1387 791 1418 Le-

41 1434 134 1470 viter,
151 1443 262 1466 curare
276 1434 414 1468 videtur,
431 1431 558 1463 Ennius
575 1441 686 1474 parum
703 1434 794 1462 curat

43 1475 323 1520 (Quo—cadant),
334 1485 429 1517 quem
441 1480 589 1506 eventum
605 1474 742 1505 habeant
755 1482 793 1504 ea

43 1529 118 1562 quae
132 1519 172 1550 de
182 1517 362 1550 animorum
373 1517 561 1560 migratione
577 1515 755 1560 promiserit
763 1521 796 1547 et

44 1561 249 1594 somniaverit
260 1561 471 1604 Pythagoras,
483 1570 652 1603 persuasus
660 1559 794 1594 scilicet,

43 1614 79 1637 ae
102 1611 175 1648 post
198 1610 331 1636 mortem
350 1614 414 1636 non
437 1604 471 1634 in
494 1603 625 1635 animali
646 1601 795 1645 quodam,

44 1646 101 1680 sed
117 1647 151 1679 in
166 1647 333 1679 hominum
353 1646 468 1678 animis
483 1645 589 1678 sedem
613 1646 795 1677 habiturum

44 1701 125 1727 etse,
141 1690 173 1721 h.
187 1701 218 1722 e.
234 1700 349 1722 nomen
363 1701 456 1722 suum
472 1695 545 1733 post
564 1694 695 1721 mortem
711 1688 796 1731 apud

45 1739 186 1778 posteros
200 1733 394 1765 celebratum
408 1732 458 1764 iri.

89 1777 145 1809 53.
169 1776 294 1808 Noevius
308 1778 342 1808 in
356 1777 498 1807 manibus
512 1787 572 1808 non
582 1782 644 1807 est.-
663 1775 797 1806 Naevius

47 1819 176 1863 quidem
192 1829 257 1851 non
272 1818 420 1851 manibus
440 1819 561 1855 teritur,
582 1819 636 1850 sed
656 1818 738 1860 ejus,
762 1822 798 1847 ut

47 1873 140 1907 paene
154 1862 292 1894 recentis
305 1868 419 1905 poetae,
435 1862 578 1893 carmina
591 1862 755 1893 dictantur
766 1866 798 1892 et

47 1916 68 1938 a
82 1905 187 1950 pueris
200 1905 403 1938 ediscuntur:
429 1906 472 1937 cf.
494 1916 566 1948 sup.
589 1905 629 1936 ad
654 1904 757 1947 Epist.
774 1903 796 1940 i,

47 1950 104 1986 20,
128 1949 180 1981 17.
237 1949 395 1980 Mentibus
417 1950 528 1980 haerere
550 1948 701 1979 dicuntur
724 1957 797 1989 quae

45 1991 252 2031 ediscuntur3
298 1991 439 2023 carmina
469 1991 572 2034 igitur
605 2002 678 2033 quae
714 1990 796 2021 edis-

48 2040 178 2072 cuntur,
207 2040 412 2078 opponuntur
437 2033 477 2065 iis
507 2046 572 2076 quae
602 2038 636 2066 in
660 2036 799 2065 manibus

49 2085 134 2116 sunt,
147 2077 184 2110 ⁴h.
199 2087 229 2110 e.
245 2078 414 2119 leguntur3
438 2077 513 2108 hinc
528 2087 597 2120 pro,
609 2085 636 2108 et
650 2079 800 2108 mentibus

49 2131 124 2154 cum
145 2121 282 2153 Dacerio
303 2120 471 2162 legendum
497 2120 621 2152 videtur
640 2129 672 2152 at
690 2123 798 2151 menti-

49 2165 117 2196 bus.
162 2164 314 2196 Ceterum
327 2163 462 2196 Naevius
471 2174 536 2195 non
545 2168 668 2194 tantum
679 2174 800 2195 comoe-

50 2207 121 2239 dias
135 2212 168 2239 et
190 2206 376 2249 tragoedia,
391 2206 447 2238 sed
471 2205 563 2238 etiarn
583 2217 710 2238 carmen
730 2206 797 2249 epi-

50 2261 124 2282 cum
141 2249 182 2282 de
197 2250 292 2282 Bello
309 2249 435 2282 Punico
451 2249 558 2281 Primo
570 2249 707 2292 scripsit.

94 2294 236 2326 55-61.
258 2293 332 2326 Jam
349 2293 516 2330 Horatius,
533 2293 708 2324 sententias
727 2303 800 2335 quae

51 2346 72 2368 a
85 2336 184 2379 vulgo
198 2335 239 2368 de
249 2340 389 2368 veterum
405 2341 567 2378 poetarum
585 2337 686 2379 pretio
695 2335 802 2368 ferun-

49 2385 104 2411 tur
133 2378 284 2416 referens,
315 2389 371 2411 eos
403 2379 459 2421 qui
489 2379 524 2409 in
555 2385 707 2416 veterum,
730 2385 799 2410 tan-

51 2432 149 2466 quam
171 2421 467 2471 perfectissimorum
489 2421 676 2464 scriptorum
698 2427 731 2454 et
752 2433 801 2454 re·

50 2465 246 2498 cautioribus
274 2465 369 2507 longe
397 2465 677 2508 praeferendorum,
706 2466 802 2497 laude

51 2508 118 2541 sint
142 2507 247 2545 nimii,
266 2518 381 2544 errare,
403 2508 476 2539 illos
501 2518 574 2539 vero
597 2509 654 2550 qui
674 2518 712 2540 ea
729 2519 802 2550 quae

52 2550 129 2584 vitio
157 2550 308 2584 vertenda
336 2551 401 2582 sint
431 2550 588 2583 veteribus
618 2557 803 2593 agnoscant,

51 2594 170 2627 rectius
189 2604 299 2626 secum
317 2594 358 2626 de
378 2593 415 2625 iis
432 2593 578 2636 judicare
598 2593 654 2625 ait.
699 2595 804 2626 Ambi-

52 2638 144 2681 gitm·
175 2639 299 2680 quoties,
336 2642 414 2669 cett.
470 2637 605 2674 Quoties
639 2637 804 2679 quaeritur,

54 2680 133 2712 num
155 2680 319 2713 Pacuvius
334 2680 450 2718 Accio,
467 2690 508 2711 an
532 2680 585 2711 hic
608 2680 656 2711 illi
673 2685 806 2723 antepo-

54 2723 182 2756 nendus
196 2723 248 2760 sit,
264 2723 408 2756 Pacuvio
425 2724 497 2755 laus
516 2723 601 2755 docti
624 2723 720 2760 senis,
740 2725 804 2756 Ac-

56 2765 108 2798 cio
199 2772 242 2799 tie
267 2766 463 2798 sublimioris
489 2766 618 2809 spiritus
647 2766 807 2798 tribuitur.

3 2811 10 2827 ¹
58 2809 107 2842 M.
122 2777 293 2846 moins,
304 2809 533 2848 Brundisinus,
545 2809 642 2840 Ennii
653 2820 690 2841 ex
703 2819 807 2842 sorore

57 2862 170 2896 nepos,
193 2852 288 2885 Laelii
311 2853 471 2896 Sapientis
489 2852 614 2884 amicus
628 2857 660 2884 et
682 2852 808 2896 hospes,

57 2901 152 2938 poeta
166 2895 303 2928 Latinus
318 2896 378 2928 suit
395 2896 545 2939 tragicus
591 2896 740 2927 Mortuus
762 2901 811 2928 est

59 2937 221 2980 octoginta
236 2949 337 2971 annos
353 2945 446 2971 natus
461 2951 468 2977 ;
493 2939 567 2971 hinc
584 2950 683 2974 senex,
694 2945 725 2970 et
738 2939 808 2981 qui-

59 2980 132 3014 dem
155 2983 272 3019 doctus,
289 2983 364 3025 quia
388 2989 499 3024 poctae,
517 2982 573 3025 qui
600 2992 661 3013 non
686 2987 811 3014 tantum

836 1259 964 1301 ingenio
986 1259 1104 1295 valent,
1122 1258 1177 1290 sed
1199 1258 1294 1291 etiam
1318 1258 1406 1300 larga
1428 1259 1585 1292 bonarum

835 1302 1009 1334 litterarum
1035 1302 1127 1344 copia
1154 1301 1299 1333 instructi
1325 1308 1411 1340 sunt,
1433 1301 1587 1335 dicuntur

835 1347 915 1377 docti
931 1346 1056 1387 (σοφοὶ,
1072 1346 1233 1384 sapientes,
1250 1355 1280 1375 v.
1298 1346 1370 1383 50).
1416 1345 1530 1377 Cicero
1545 1347 1586 1378 ad

838 1389 903 1426 Qu.
928 1389 980 1419 Fr.
1005 1387 1045 1419 de
1070 1388 1160 1418 Orat.
1175 1387 1197 1423 i,
1213 1389 1267 1423 58,
1284 1387 1323 1418 de
1348 1388 1497 1424 Pacuvio,
1520 1389 1586 1421 Nec

836 1433 993 1472 quisquam
1010 1437 1052 1462 est
1067 1441 1180 1468 eorum,
1197 1432 1261 1471 qui,
1277 1432 1380 1471 sijum
1395 1432 1587 1464 ediscendum

835 1476 875 1506 sit
891 1476 947 1506 sibi
958 1475 1089 1515 aliquid,
1100 1484 1160 1504 non
1180 1473 1330 1505 Teucrum
1344 1474 1476 1506 Pacuvii
1484 1477 1587 1512 malit,

838 1529 929 1558 quam
959 1518 1140 1548 Manlianus
1171 1517 1325 1548 venalium
1362 1519 1588 1550 vendendorum

840 1562 918 1602 leges
939 1563 1079 1592 ediscere.
1132 1560 1247 1591 Accius
1277 1560 1417 1598 (Actius,
1450 1561 1590 1602 Attius),

842 1604 977 1635 Latinus
999 1608 1093 1646 poeta
1115 1602 1266 1644 tragicus,
1283 1602 1419 1634 Pacuvii
1443 1604 1591 1636 aemulus.

842 1646 913 1678 Cic.
936 1647 1031 1677 Brut.
1056 1647 1110 1682 64,
1139 1647 1348 1683 Accius—ait,
1375 1657 1404 1676 se
1429 1653 1458 1676 et
1485 1647 1589 1678 Pacu-

840 1691 922 1720 vium
938 1691 1070 1720 docuisse
1083 1688 1245 1731 fabulam,
1261 1700 1328 1719 cum
1349 1690 1403 1719 ille
1423 1691 1589 1731 octoginta,

839 1734 900 1772 ipse
924 1734 1058 1773 triginta
1084 1743 1178 1762 annos
1204 1737 1297 1761 natus
1319 1738 1403 1762 esset.
1448 1733 1538 1764 Accii
1557 1739 1590 1765 et

840 1781 1014 1807 ceterorum
1025 1775 1201 1816 fragmenta
1208 1784 1226 1805 a
1233 1773 1417 1816 stephanis,
1426 1774 1593 1814 Delrione,

840 1823 872 1849 et
887 1817 1055 1854 Scriverio‚
1074 1817 1251 1859 nuperrime
1266 1827 1284 1847 a
1306 1817 1434 1854 Bomio,
1457 1818 1593 1852 collecta

841 1867 926 1893 sunt.
971 1862 1083 1892 Accius
1103 1860 1170 1902 jam
1195 1860 1314 1891 dicitur
1338 1861 1465 1892 laudem
1499 1872 1592 1894 acce.

842 1905 926 1946 pisse
949 1906 1019 1940 alti,
1048 1903 1079 1935 h.
1103 1914 1133 1935 e.
1160 1903 1355 1934 sublimioris
1406 1910 1506 1943 oetae;
1538 1906 1590 1937 vix

841 1947 926 1979 enim
951 1949 1011 1979 alti
1035 1948 1076 1978 ad
1098 1948 1175 1978 senis
1197 1956 1326 1988 quoque
1346 1957 1378 1978 re
1392 1947 1452 1978 erri
1475 1954 1592 1989 potest,

842 2001 916 2022 cum
931 1990 1053 2022 Accius
1069 2000 1133 2020 non
1150 1989 1245 2021 fuerit
1253 2000 1351 2026 senex,
1362 1995 1398 2020 ut
1408 2000 1448 2021 ex
1460 1990 1590 2024 laudato

843 2034 912 2065 loco
936 2033 1101 2066 Ciceronis
1121 2038 1272 2075 apparet;
1295 2043 1354 2065 nec
1372 2032 1465 2064 facile
1481 2044 1591 2067 assen-

843 2077 931 2108 tiaris
946 2077 997 2116 iis,
1013 2077 1069 2118 qui
1094 2075 1262 2107 Horatium
1286 2086 1341 2118 per
1355 2078 1475 2108 doctum
1495 2089 1592 2110 senem

844 2119 1029 2163 Euripidem
1045 2126 1076 2151 et
1096 2130 1153 2162 per
1167 2121 1266 2150 ultum
1281 2131 1379 2151 senem
1403 2119 1593 2162 Sophoclem

844 2163 1009 2205 designare
1033 2162 1172 2194 voluisse
1195 2161 1397 2202 existimant;
1429 2163 1525 2196 immo
1553 2165 1594 2197 ad

843 2208 924 2238 docti
946 2216 1075 2248 quoque
1100 2205 1314 2248 supplendum
1335 2206 1471 2244 videtur,
1491 2215 1594 2248 poetae.

844 2251 937 2280 Altus
951 2255 1011 2285 est,
1028 2248 1195 2288 sublimis3
1217 2249 1262 2280 sic
1287 2253 1384 2281 oratio
1409 2251 1474 2281 alta
1497 2253 1592 2294 (sub-

845 2292 948 2333 limis)
984 2293 1069 2335 apud
1101 2292 1287 2324 Ciceronem
1310 2291 1343 2323 in
1368 2293 1461 2324 Orat.
1492 2305 1521 2325 c.
1553 2297 1594 2327 57

846 2337 978 2368 orationi
1001 2337 1110 2366 humili
1136 2337 1328 2378 opponitur3
1352 2338 1480 2376 spiritus
1501 2339 1595 2370 altior

844 2379 927 2422 apud
944 2378 1040 2410 Ovid.
1056 2378 1153 2409 Trist.
1170 2378 1211 2414 iv,
1231 2380 1261 2416 1,
1279 2380 1332 2411 44.

888 2424 942 2454 57.
989 2423 1118 2453 Dicitur
1155 2422 1285 2464 Afrani,
1323 2427 1400 2454 cett.
1455 2423 1596 2456 Sensus:

846 2465 1000 2497 Afranius
1015 2465 1054 2496 ad
1071 2465 1252 2507 exemplum
1268 2465 1442 2497 Menandri
1459 2467 1546 2508 (qui,
1562 2474 1599 2499 ut

849 2509 992 2547 Graecus,
1008 2507 1185 2540 comoedias
1201 2507 1327 2551 scripsit
1333 2509 1499 2550 palliatus)
1509 2521 1598 2542 com·

847 2551 992 2595 posuisse
1017 2550 1134 2582 dicitur
1158 2551 1334 2583 comoedias
1355 2558 1474 2595 togatas
1500 2554 1552 2596 (h.
1568 2565 1599 2587 e.

848 2596 890 2626 ab
906 2594 1065 2626 actoribus
1082 2604 1145 2625 non
1167 2594 1278 2636 pallio,
1295 2600 1333 2626 ut
1352 2595 1438 2638 apud
1456 2596 1600 2635 Graecos,

850 2637 905 2670 sed
927 2644 1002 2679 toga
1023 2636 1157 2674 indutis,
1178 2637 1299 2678 actas).
1343 2638 1528 2681 Afranium,
1543 2641 1601 2682 qui

850 2681 947 2713 ferme
977 2679 1056 2712 vixit
1088 2681 1134 2712 U.
1163 2680 1203 2713 C.
1229 2691 1333 2717 ncnx,
1359 2683 1601 2719 Quinctilianus

849 2733 979 2774 quoque
994 2735 1026 2761 x,
1046 2725 1077 2760 l,
1097 2724 1157 2755 100
1173 2723 1214 2755 ad
1230 2724 1410 2756 fabularum
1426 2732 1601 2768 togatarum

851 2772 1017 2810 scriptores
1044 2767 1206 2809 principes
1233 2768 1338 2799 refert.
1391 2769 1443 2800 De
1467 2770 1602 2802 Menan-

851 2812 908 2842 dro
924 2811 988 2841 vid.
1006 2809 1047 2841 ad
1063 2811 1129 2841 Sat.
1144 2810 1179 2847 ii,
1193 2811 1225 2846 3,
1246 2812 1298 2843 11.

896 2855 951 2885 58.
976 2853 1111 2885 Plautus
1134 2855 1175 2884 ad
1207 2855 1369 2895 exemplar,
1397 2859 1474 2885 cett.
1518 2855 1602 2886 Cum

854 2896 990 2929 Plautus
1004 2896 1038 2928 in
1061 2896 1237 2928 scribendis
1258 2896 1423 2929 comoediis
1447 2895 1603 2938 Epichar-

854 2939 898 2971 mi
913 2940 1045 2972 virtutes
1059 2939 1184 2982 assequi
1200 2939 1359 2971 studuisse
1377 2939 1509 2975 dicatur,
1527 2940 1606 2982 Epi.

856 2983 1020 3015 charmum
1045 2982 1257 3025 (discipulum
1281 2983 1486 3024 Pythagorae,
1508 2981 1608 3026 Diog-
