1884 3288
664 197 975 242 CARMEN
1006 200 1049 240 9.

1544 198 1630 239 267

321 303 371 347 Io
393 301 635 358 Triumphe
652 303 663 342 ἱ
696 306 745 341 tu
765 299 946 340 moraris
967 312 1124 340 aureos

491 370 674 418 Currus,
695 374 741 408 et
761 367 946 408 intactas
967 365 1129 415 boves3

316 437 366 479 Io
386 434 653 490 Triumphe!
685 448 766 475 nec
787 433 1059 489 «Iugurthino
1080 446 1231 487 parem

488 501 614 544 Bello
636 502 874 556 reportasti
895 501 1078 550 ducem3

229 571 287 613 25
316 570 477 625 Neque
498 568 770 618 Africanum,
793 569 864 610 cui
885 582 1017 623 super
1039 566 1352 622 Carthaginem

488 636 643 679 Virtus
667 635 916 691 sepulcrum
936 635 1147 677 condidit.

313 703 457 746 Terra
476 704 671 759 marique
691 704 833 745 victus
854 702 1008 753 hostis,
1033 702 1203 744 Punico

485 771 701 827 Lugubre
722 771 904 813 mutavit
926 785 1092 825 sagum.

314 837 409 882 Aut
427 839 500 882 ille
521 846 694 882 centum
714 838 904 880 nobilem
926 838 1103 880 Cretam
1123 838 1323 887 urbibus,

226 908 284 951 30

484 906 642 950 Ventis
663 907 804 949 iturus
827 922 914 948 non
935 906 1048 957 suis;

315 975 594 1019 Exercitatas
616 982 693 1017 aut
711 976 824 1031 petit
845 974 997 1030 Syrtes
1019 974 1160 1025 Noto,

486 1041 580 1084 Aut
601 1042 740 1085 fertur
760 1043 926 1085 incerto
947 1043 1067 1084 mari.

315 1109 577 1166 Capaciores
598 1110 707 1152 affer
727 1110 830 1161 huc,
851 1125 976 1166 puer,
1001 1109 1207 1166 scyphOS,

488 1178 550 1220 Et
571 1177 683 1220 Chia
702 1179 815 1229 vina,
838 1185 914 1220 aut
936 1178 1124 1230 Lesbia;

81 1319 122 1342 ex
139 1309 304 1343 Plutarch.
329 1310 361 1342 in
377 1311 500 1343 Anton.
527 1323 560 1354 p.
585 1313 649 1344 345
670 1311 833 1345 discimus.

83 1352 230 1395 Interque
248 1354 338 1396 signa
354 1360 443 1394 turpe
457 1355 609 1386 militaria
629 1355 679 1386 Sol
702 1357 831 1395 adspicit

81 1399 250 1437 canapium,
270 1403 302 1428 et
323 1397 391 1433 Sol,
407 1397 544 1429 nefanda
564 1407 700 1440 quaeque
723 1397 831 1440 adspi-

81 1439 184 1475 dens,
198 1438 336 1481 adspicit
357 1440 440 1472 inter
461 1441 552 1482 signa
570 1440 719 1472 militaria
741 1446 832 1483 turpe

82 1481 227 1514 mollitiei
249 1482 373 1524 signum
399 1484 581 1526 conopium,
603 1494 660 1526 pro
679 1484 780 1520 tenui,
802 1491 834 1516 et

82 1524 165 1556 inter
177 1525 269 1567 signa
283 1524 434 1557 militaria
452 1527 622 1568 conopium
637 1526 833 1558 animadver-

82 1573 148 1600 tere
164 1566 254 1600 licet.
299 1567 463 1609 Coiwpium
480 1575 513 1600 et
525 1579 698 1608 conopeum,
714 1570 835 1608 velum,

82 1620 148 1652 quo
163 1610 312 1653 AEgyptii
332 1612 373 1642 ad
392 1612 546 1643 arcendos
564 1612 687 1644 culices
703 1612 836 1644 uteban-

82 1658 154 1684 tur:
179 1654 245 1686 vid.
263 1655 456 1697 Interpretes
469 1661 502 1686 et
516 1655 649 1686 Jacobs.
672 1655 704 1686 in
721 1654 834 1686 Anim-

83 1696 157 1728 adv.
171 1696 213 1728 ad
224 1696 358 1729 Anthol.
372 1697 478 1729 Graee.
491 1697 554 1728 vol.
570 1697 615 1735 iii,
628 1709 660 1740 p.
675 1697 698 1734 i,
713 1709 747 1740 p.
764 1699 836 1729 105.

129 1739 268 1772 17—20.
313 1741 362 1771 Aa
379 1741 432 1771 hoc
443 1741 626 1783 'fi-ementes,
641 1741 681 1771 ob
701 1740 762 1772 hoc
786 1740 832 1771 in-

82 1779 272 1824 dignantem
309 1784 350 1814 ad
386 1794 454 1825 pro,
493 1783 544 1820 ob,
583 1791 729 1825 propter:
769 1783 834 1815 vid.

82 1825 194 1857 Bentl-
216 1825 275 1857 inf.
299 1826 338 1857 ad
363 1826 430 1857 Sat.
454 1826 477 1860 i,
500 1827 531 1864 6,
548 1827 602 1862 87,
619 1833 652 1858 et
673 1826 835 1858 Drakenb-

84 1867 126 1900 nd
142 1868 214 1900 Liv.
229 1867 351 1904 xxxvii,
365 1869 420 1905 27,
438 1870 454 1910 §
469 1869 502 1905 6,
518 1870 557 1900 Τ.
571 1869 614 1905 iv,
631 1880 664 1912 p.
682 1870 735 1900 60.
781 1870 835 1901 Bis

84 1911 170 1942 mille
192 1910 282 1943 Gaui
303 1922 390 1953 equos
411 1918 581 1949 verterunt,
606 1912 638 1943 h.
661 1922 690 1943 e.
714 1918 832 1944 averte-

83 1960 170 1990 runt,
202 1954 244 1986 ab
275 1954 418 1986 Antonio
452 1955 635 1986 defecerunt
653 1967 661 1992 ;
693 1963 833 1987 canentes

85 1996 245 2032 cesarem.
261 1997 421 2029 Caesarem
441 1998 562 2029 salvere
579 1997 741 2040 jubenteS,
758 1998 789 2029 h.
804 2009 832 2030 e.

83 2039 124 2071 ad
138 2039 297 2072 Caesarem
312 2046 532 2078 transeuntes5
553 2040 724 2071 consilium
737 2041 835 2082 igitur

81 2080 177 2118 illud,
201 2093 266 2125 quo
290 2083 385 2125 paulo
407 2085 486 2114 ante*
505 2094 642 2126 pugnam
665 2083 834 2115 Actiacam

82 2125 149 2157 duo
165 2125 437 2167 Gallograecorum
463 2137 491 2157 s.
511 2126 700 2158 Galatarum
721 2127 832 2164 duces,

83 2167 256 2200 Deiotarus
265 2174 298 2200 et
309 2168 478 2211 AmyntaS,
490 2168 531 2200 ad
546 2169 760 2201 Octavianum
778 2170 834 2202 de-

81 2209 197 2244 fecisse
207 2211 375 2243 traduntur
387 2211 470 2253 (vid.
483 2212 651 2243 Plutarch.
663 2212 695 2243 in
711 2213 834 2244 Anton.

29 2267 32 2283 ι
109 2276 119 2286 .
133 2255 212 2289 945.
227 2260 262 2286 et
276 2254 364 2286 Vell.
386 2254 421 2290 ii,
438 2253 511 2295 84),
526 2255 608 2286 salse
626 2261 720 2297 poeta
739 2266 757 2286 a
777 2256 832 2293 rei,

39 2294 50 2300 ⁴.
170 2296 242 2330 nnis
255 2296 534 2334 inhonestissimae,
550 2297 767 2340 indignatione
783 2309 831 2331 re-

95 2345 105 2378 ss
126 2339 175 2372 tit.
219 2339 447 2382 Hostiliumqae
467 2343 593 2372 navium
618 2348 711 2382 portu
736 2343 833 2374 latent

60 2395 62 2398 >
107 2407 110 2411 .
134 2393 207 2424 ppos
223 2385 431 2416 snamrorsam
450 2385 530 2420 citae,
547 2384 578 2415 h.
596 2395 624 2415 e.
642 2390 678 2416 ut
693 2385 832 2427 Boettig.

8 2449 42 2470 „5
80 2422 170 2462 hune
190 2427 298 2459 locum
313 2426 410 2469 paulo
431 2425 660 2470 impeditiorem
684 2428 836 2470 expedire

16 2467 54 2509 313
80 2468 219 2508 meluit,
233 2477 266 2501 et
286 2480 360 2512 pars
377 2469 504 2501 navium
527 2470 688 2501 hostilium
707 2471 834 2513 perfide,

14 2515 58 2555 J„
82 2508 162 2549 Qum
183 2513 396 2556 pugnabatur,
419 2522 439 2543 a
461 2512 589 2544 sinistra
610 2519 698 2556 parte
721 2520 833 2545 retror-

28 2565 70 2599 23„-
81 2561 156 2594 nu
170 2561 327 2590 netarum.
345 2555 378 2587 in
395 2561 486 2598 portu
502 2556 614 2587 latent.
652 2556 773 2597 Puppes
790 2559 833 2588 ci-

7 2595 15 2611 ‘'
43 2605 68 2641 7ss
128 2609 144 2630 :3
162 2609 294 2640 puppem
310 2601 388 2630 ciere
405 2598 589 2641 (πρύμναν
612 2598 834 2642 κρούσασθαι,

4 2644 8 2646 ’
75 2636 162 2678 {nt-
180 2643 272 2674 remis
291 2642 446 2683 inhibere)
466 2641 627 2679 dicuntur,
642 2643 698 2683 qui
720 2642 761 2674 ad
785 2643 834 2675 su-

10 2684 27 2723 ζ’
48 2679 109 2722 „⁶¹³2
138 2699 151 2709 -=
180 2684 236 2716 -vel
258 2684 466 2716 defectionem
492 2684 770 2722 dissimulandam,
793 2686 838 2718 ita

47 2731 201 2770 „summ
213 2732 297 2759 retro
317 2733 429 2769 agunt,
443 2734 481 2759 ut
496 2727 620 2759 inverso
636 2738 730 2760 cursu
746 2739 839 2772 prora

22 2803 23 2806 ,
38 2806 42 2812 γ,
67 2808 69 2812 ¹
176 2769 232 2807 im,
266 2781 332 2802 non
365 2770 483 2814 puppis
514 2781 638 2814 proram
676 2780 839 2813 sequatur.

149 2815 314 2849 'atr-onam,
329 2824 404 2846 nam
429 2825 503 2845 cum
520 2814 675 2850 Antonio,
698 2816 799 2847 classe
823 2826 840 2847 e

18 2847 66 2904 :225²
85 2859 184 2900 *mit
194 2855 228 2888 in
247 2855 348 2888 altum
363 2863 484 2893 evecta,
500 2856 696 2889 dextrorsum
714 2858 841 2890 Italiam

13 2902 41 2948 ¹¹ss
83 2900 199 2934 Nm·
209 2898 296 2931 acies
305 2899 498 2942 explicanda
507 2905 604 2936 esset,
618 2910 712 2932 naves
724 2911 840 2943 pugnae

8 2939 14 2947 '⁴
87 2940 343 2975 &ablueturae
367 2942 580 2975 sinistrorsum
605 2943 638 2974 in
658 2950 782 2986 poitum
807 2955 841 2977 se

45 3006 48 3017 l
86 2980 230 3027 milicie
242 2983 414 3018 debebant.

920 1313 1062 1344 21—26.
1106 1314 1142 1344 Io
1181 1313 1369 1354 Triumphe!
1417 1313 1628 1356 Triumphum

877 1360 1028 1397 tanquam
1046 1357 1154 1387 Deum
1173 1356 1326 1398 appellat,
1343 1356 1437 1398 eique
1451 1367 1547 1388 morae
1567 1360 1627 1388 im-

876 1397 1059 1439 patientiam
1073 1404 1106 1430 et
1117 1399 1321 1440 cupiditatem
1332 1409 1434 1435 suam,
1446 1409 1510 1441 qua
1522 1400 1631 1442 splen-

875 1439 1044 1478 didissimi,
1064 1452 1120 1483 per
1139 1452 1234 1483 quem
1255 1443 1424 1483 Augustus
1444 1443 1552 1474 urbem
1578 1443 1628 1473 in-

877 1494 1040 1524 gressutus
1065 1484 1117 1520 sit,
1134 1484 1285 1527 triumphi
1309 1485 1494 1527 spectaculo
1514 1485 1628 1522 inhiet,

877 1527 1028 1558 declarat.
1066 1530 1180 1559 Aureus
1197 1539 1319 1563 cimus,
1335 1538 1374 1560 ex
1389 1528 1482 1559 ebore
1497 1529 1581 1559 enim
1598 1535 1631 1560 et

878 1579 954 1601 auro
963 1570 1136 1601 constructi
1147 1571 1274 1602 fuerunt
1283 1581 1395 1602 currus
1404 1570 1497 1602 trium
1503 1572 1630 1613 phales:

879 1612 919 1643 de
945 1624 1022 1644 auro
1048 1613 1158 1644 laudat
1189 1613 1391 1656 Boettigerus
1419 1613 1571 1646 Philostr.
1599 1615 1633 1646 in

881 1654 951 1686 Vit.
965 1655 1104 1697 Sophist.
1121 1656 1142 1692 i,
1160 1657 1190 1692 7,
1208 1667 1239 1698 p.
1255 1658 1331 1688 488.
1376 1656 1514 1688 Intactas
1530 1659 1632 1689 boves.-

879 1697 1110 1730 solemne-Jovi
1129 1698 1314 1740 Capitolino
1338 1699 1379 1730 ab
1400 1699 1551 1740 Augusto
1577 1700 1633 1731 tri-

878 1740 1053 1782 umphante
1076 1741 1304 1772 instituendum
1322 1742 1525 1778 sacrificium,
1542 1753 1630 1774 mac-

879 1784 976 1814 tando
993 1794 1104 1825 nempe
1119 1785 1202 1815 boues
1219 1787 1363 1820 intactas.
1383 1784 1414 1815 h.
1435 1795 1466 1816 e.
1488 1786 1631 1817 nondum

876 1825 992 1867 jugum
1013 1836 1134 1869 passas,
1151 1833 1188 1858 ut
1202 1837 1271 1858 mos
1285 1833 1316 1858 et
1332 1827 1409 1858 ritus
1427 1828 1608 1870 postulabat
1622 1840 1631 1861 :

884 1868 974 1910 Virg.
1017 1870 1098 1901 Geo.
1139 1869 1183 1905 iv,
1226 1872 1302 1906 540,
1343 1873 1475 1902 intactas
1516 1874 1632 1903 cervice

867 1914 1031 1951 jui’eucas.
1076 1912 1141 1943 Nec
1176 1913 1372 1955 Jagurthino
1402 1925 1504 1953 parem
1544 1914 1633 1946 Bello

878 1958 1039 1994 reportasti
1059 1957 1166 1987 ducem
1175 1967 1187 1993 ,·
1215 1956 1320 1997 Neque
1335 1956 1534 1998 Aside-anum,
1553 1963 1631 1989 cett.

879 2007 937 2028 nec
953 1998 1059 2029 Mario
1074 1998 1113 2029 de
1126 1999 1209 2030 victo
1222 1999 1397 2040 Jugurtha,
1413 2009 1470 2031 nec
1486 1999 1631 2042 Scipioni

879 2040 1032 2072 Africano
1044 2041 1083 2072 de
1095 2052 1203 2073 eversa
1216 2042 1413 2084 Carthagine
1425 2042 1506 2073 tanti
1521 2043 1630 2085 splen-

877 2084 962 2114 doris
994 2084 1171 2126 triumphus
1197 2085 1343 2126 contigit,
1374 2085 1405 2116 h.
1434 2096 1464 2117 e.
1490 2086 1632 2128 Augusti

877 2126 979 2167 gloria
993 2127 1146 2163 omnium,
1161 2127 1216 2169 qui
1231 2138 1371 2170 unquam
1384 2128 1630 2171 triumpharunt,

878 2168 1010 2210 gloriam
1031 2177 1170 2213 superat.
1218 2171 1277 2201 Cui
1298 2182 1390 2212 super
1410 2172 1632 2214 Carthaginem

884 2212 988 2244 Virtus
1023 2215 1195 2254 sepulcrum
1232 2216 1382 2245 candidii.
1432 2214 1486 2245 Ad
1523 2215 1632 2256 gloriae

878 2255 1098 2293 aeternitatem,
1117 2267 1214 2298 quam
1239 2256 1352 2289 virtute
1375 2268 1432 2289 sua
1455 2257 1518 2288 sibi
1540 2268 1631 2301 para—

876 2299 956 2330 verit
983 2299 1101 2342 Scipio,
1127 2299 1368 2341 significandam
1397 2300 1536 2332 suaviter
1566 2302 1633 2344 ipsa

881 2341 1004 2378 Virtus,
1030 2349 1066 2374 ut
1095 2343 1180 2379 Dea,
1212 2343 1393 2385 sepulcrum
1423 2343 1489 2375 sive
1518 2355 1633 2376 monu-

879 2391 1020 2416 mentum
1051 2397 1146 2428 super
1175 2386 1404 2428 Carthaginem
1439 2387 1636 2420 exstruxisse

879 2427 1020 2469 fingitur.

923 2472 1066 2502 27—32.
1112 2471 1231 2503 Punico
1256 2473 1406 2520 Lugubre
1431 2476 1562 2504 mutavit
1582 2485 1632 2505 sa·

877 2525 964 2555 gum,
994 2513 1122 2546 inversa
1151 2521 1387 2547 constructione
1420 2527 1486 2559 pro,
1518 2527 1632 2559 sagum

879 2557 1051 2599 puniceum
1077 2557 1143 2589 sive
1171 2569 1363 2600 purpureum
1394 2559 1531 2590 mutavit
1558 2571 1633 2592 cum

879 2606 965 2631 veste
1003 2599 1143 2637 sordida,
1176 2601 1208 2632 h.
1238 2612 1267 2633 e.
1304 2612 1462 2644 purpureo
1498 2603 1633 2645 paluda-

880 2650 999 2680 mento,
1019 2643 1216 2685 imperatoris
1238 2644 1368 2686 insigni,
1389 2645 1546 2687 deposito,
1564 2657 1633 2678 ves-

881 2691 957 2722 tem.
983 2697 1056 2729 quae
1080 2692 1234 2718 mutatam
1259 2694 1374 2719 sortem
1398 2688 1564 2727 indicaret,
1585 2689 1635 2720 in-

881 2729 962 2761 duiti
1009 2729 1136 2761 Centum
1171 2731 1300 2762 nobilem
1334 2732 1453 2762 Cretam
1486 2734 1633 2763 urbibus:

883 2772 948 2803 vid.
972 2783 1042 2815 sup.
1063 2773 1102 2804 ad
1127 2772 1175 2809 iii,
1194 2775 1248 2810 27,
1264 2775 1319 2805 33.
1365 2775 1435 2805 Non
1459 2776 1533 2811 suis,
1550 2775 1582 2806 h.
1606 2785 1636 2807 e.

884 2826 948 2846 non
973 2816 1139 2859 propitiis:
1166 2816 1261 2848 ovid.
1282 2817 1365 2848 Met.
1391 2817 1435 2854 iv,
1460 2818 1536 2854 373,
1560 2818 1636 2848 Vota

884 2869 951 2889 suas
968 2860 1096 2891 habuere
1118 2861 1205 2891 deos.-
1229 2860 1272 2891 cs.
1297 2870 1368 2902 sup.
1388 2861 1428 2892 ad
1450 2860 1492 2896 iv,
1510 2862 1562 2897 14,
1579 2861 1634 2891 33.

888 2902 968 2933 Noto
990 2905 1181 2941 exercitatas,
1204 2903 1236 2934 h.
1261 2913 1289 2934 e.
1312 2903 1398 2934 Noto
1420 2909 1565 2935 vexatas:
1592 2902 1636 2934 cf.

885 2955 956 2987 sup.
972 2945 1023 2977 ad.
1039 2946 1061 2981 i,
1078 2947 1133 2982 22,
1151 2948 1183 2977 5.

929 2989 1070 3020 33-38,
1116 2989 1294 3029 capaciores
1330 2988 1407 3030 affer
1443 2988 1513 3026 huc,
1546 2999 1636 3028 puer,
