1884 3288
328 179 410 220 238

792 191 823 204 “
880 182 915 223 C
925 181 967 223 A
979 182 1018 224 R
1032 183 1080 224 M
1091 183 1112 224 I
1122 183 1165 224 N
1178 183 1220 225 U
1230 184 1280 224 M

612 278 729 325 Quid
752 278 894 320 Marte
914 295 1079 334 posses.

1139 281 1279 322 Milite
1303 296 1398 321 nam
1418 287 1493 322 tuo

528 344 579 384 10
609 343 781 386 Drusus
803 346 1053 396 Genaunos,
1075 347 1346 402 implacidum
1366 363 1515 402 genuS,

667 411 949 467 Breunosque
970 413 1150 463 veloces,
1173 421 1215 455 et
1236 429 1355 455 arces

723 477 908 532 Alpibus
928 480 1148 532 impositas
1171 481 1415 529 tremendis,

613 543 785 598 Dejecit
805 560 902 586 acer
923 545 1018 599 plus
1039 546 1129 587 vice
1151 545 1342 600 simplici.

612 609 756 663 Major
777 611 1000 651 Neronum
1020 626 1118 652 mox
1139 625 1268 665 grave
1289 609 1487 664 proelium

531 676 582 715 15

668 675 901 725 Commisit,
924 678 1210 731 immanesque
1232 677 1414 718 Rhaetos

726 740 942 795 Auspiciis
962 743 1127 796 pepulit
1149 744 1369 793 secundis,

613 807 883 861 Spectandus
905 810 948 848 in
968 810 1196 850 certamine
1218 810 1392 859 Martio,

612 872 783 914 Devota
804 875 927 915 morti
947 883 1122 928 pectora
1142 875 1288 916 liberae

671 940 856 986 Quantis
878 940 1076 994 fatigaret
1096 942 1251 982 ruinis:

518 1006 584 1045 ,20

727 1006 959 1047 Indomitas
981 1022 1115 1061 prope
1137 1007 1272 1061 qualis
1295 1007 1431 1047 undas

613 1071 803 1112 Exercet
824 1070 1002 1120 Auster,
1025 1072 1247 1113 Pleiadum
1267 1073 1398 1114 choro

613 1137 844 1178 Scindente
866 1139 1018 1187 nubes,
1041 1139 1222 1193 impiger
1240 1139 1428 1180 hostium

670 1204 843 1245 Vexare
865 1212 1041 1252 turmaS,
1063 1213 1105 1246 et
1127 1205 1374 1246 frementem

724 1269 902 1312 Mittere
923 1285 1079 1325 equum
1100 1272 1261 1312 medios
1285 1287 1360 1326 per
1380 1273 1515 1327 ignes,

326 1415 406 1440 oras,
421 1406 544 1435 maxime
555 1406 745 1444 principum.-
769 1415 787 1435 o
803 1405 958 1447 princeps,
971 1405 1063 1446 cujus

330 1446 498 1488 potentiam
523 1457 629 1477 omnes
652 1457 706 1488 per
727 1453 824 1477 totum
845 1453 991 1478 terrarum
1013 1458 1062 1477 or-

331 1489 400 1519 bem
431 1488 625 1530 suspiciunt!
687 1489 835 1519 Similiter
860 1490 922 1520 sere
952 1489 1063 1520 Cicero

331 1530 464 1561 Catilin.
489 1532 530 1565 iv,
554 1532 592 1561 10
614 1531 653 1560 de
676 1531 836 1572 Pompeio,
856 1532 1064 1570 Anteponatur

329 1574 461 1603 omnibus
491 1573 655 1611 Pompeius,
680 1576 766 1612 cnjus
792 1583 837 1602 res
861 1580 949 1612 gestie
975 1579 1063 1612 atque

329 1615 458 1644 virtutes
480 1616 592 1649 iisdem,
614 1616 718 1654 quihus
739 1615 806 1644 solis
826 1626 942 1653 cursu-5⁴
965 1618 1062 1655 regio-

332 1657 420 1686 nibus
435 1667 470 1686 ac
487 1658 621 1686 terminis
636 1658 839 1686 continentur.
882 1657 975 1690 Quem
991 1658 1064 1697 legis

331 1704 462 1737 expertes
486 1698 601 1728 Latina)
627 1697 771 1728 Vindelici
792 1700 923 1728 didicere
947 1709 1062 1737 nuper:

321 1745 468 1779 ⁴quantus
483 1739 535 1769 ille
555 1745 636 1769 esset
652 1739 684 1769 in
700 1739 794 1774 bello,
811 1740 841 1770 id
857 1740 974 1782 experti
993 1746 1065 1770 sunt

333 1791 431 1822 nuper
448 1781 618 1816 Vindelici,
638 1781 774 1812 nondum
797 1787 887 1812 antea
909 1792 927 1812 a
949 1782 1064 1813 victore

334 1822 481 1853 Romano
494 1823 582 1864 leges
605 1823 663 1854 sibi
686 1823 842 1865 praescribi
865 1824 959 1866 passi.
1005 1825 1061 1855 Di-

333 1866 441 1899 dicere,
472 1865 563 1906 plane
591 1871 625 1895 ut
652 1876 763 1896 sensere
791 1876 861 1906 sup.
890 1866 932 1899 iv,
963 1867 994 1903 4,
1023 1867 1065 1898 ‘25

332 1905 372 1937 de
394 1906 516 1937 Druso:
540 1909 594 1937 diu
614 1908 729 1948 lateque
747 1910 882 1938 victrices
901 1914 1067 1939 cateruae—

320 1959 455 1983 -sensere,
469 1950 685 1988 quid—posset.

375 1991 492 2020 9—13.
530 1990 633 2021 Milite
658 2003 727 2021 nam
756 1997 826 2021 tuo:
852 1991 948 2022 Drusi
974 1991 1067 2032 igitur

334 2031 458 2062 laudem
490 2042 561 2062 cum
587 2033 702 2073 egregii
727 2033 890 2068 exercitus,
917 2044 1009 2074 quem
1037 2034 1066 2065 ei

339 2074 500 2114 Augustus
515 2075 719 2109 commiserat,
736 2075 826 2105 laude
843 2076 1064 2107 communicat.

334 2115 507 2151 Germanos,
531 2116 683 2146 Brennus:
707 2127 760 2158 pro
786 2117 909 2147 Rhaetis
929 2123 959 2148 et
985 2117 1062 2149 Vin-

333 2156 443 2188 delicis
466 2157 553 2198 ponit
575 2157 654 2188 duos
677 2159 820 2206 populos.
836 2164 899 2188 tam
921 2159 1065 2198 regionis,

333 2209 428 2239 quam
452 2199 641 2234 incolebant,
659 2200 826 2235 Viduitate,
849 2210 942 2240 quam
966 2211 1064 2231 armo-

333 2251 398 2271 rum
423 2242 570 2272 socieiate
593 2252 663 2272 cum
685 2242 747 2272 illis
768 2242 971 2283 conjunctos:
994 2241 1066 2274 vide

334 2282 374 2313 de
390 2283 427 2314 iis
445 2283 602 2314 Mannerti
618 2284 768 2314 German.
786 2295 818 2326 p.
834 2285 909 2314 669.
953 2284 1066 2324 Impia-

333 2326 434 2355 ct'dum
453 2336 559 2365 genus.
580 2325 694 2359 litotes.
716 2336 770 2366 pro
794 2326 907 2367 populo
929 2326 960 2356 in
984 2327 1066 2357 bello

333 2366 523 2404 saevissimo3
541 2367 689 2398 Genauni
702 2368 796 2402 enim,
809 2374 843 2398 ut
853 2368 943 2398 tradit
956 2369 1066 2399 Strabo

334 2408 377 2444 iv,
404 2420 435 2450 p.
464 2410 534 2444 142,
563 2420 624 2439 non
651 2415 771 2440 tantum
800 2420 898 2440 mares
925 2420 1066 2451 quosque

333 2450 413 2482 inter
434 2451 574 2492 captivos
595 2451 780 2485 trucidasse,
803 2451 858 2482 sed
881 2462 919 2482 ne
942 2452 1067 2492 potioris

333 2502 427 2523 sexus
443 2492 533 2523 foetui
546 2492 684 2534 quidem,
698 2503 789 2534 quem
807 2499 917 2524 matres
933 2493 963 2524 in
981 2500 1067 2525 utero

333 2539 453 2575 gestare
475 2545 580 2565 eorum
605 2540 691 2565 vates
717 2534 934 2576 praedixerant,
959 2546 1067 2577 peper-

333 2576 413 2607 cisse
426 2575 585 2607 dicuntur.
624 2577 815 2617 Breunosque
831 2579 937 2608 veloces
947 2588 958 2613 ;
982 2578 1066 2608 velo-

333 2618 412 2648 citas
423 2618 518 2655 enim,
531 2628 594 2658 qua
607 2624 754 2660 praestant
769 2619 919 2656 montani,
931 2620 1066 2650 multum

333 2659 366 2690 in
390 2660 472 2690 bello
497 2660 646 2691 militibus
669 2661 895 2702 campestribus
919 2667 950 2692 et
972 2666 1066 2692 stata-

333 2701 386 2733 riis
400 2701 516 2742 negotii
539 2701 690 2733 facessere
703 2703 795 2733 solet.
838 2704 927 2734 Arces
943 2704 1067 2743 Alpibus

332 2746 481 2783 impositas
502 2746 670 2778 tremendis,
687 2745 817 2775 castella
835 2745 964 2786 Alpium
979 2746 1067 2787 jugis

323 2785 492 2817 -horrendae
513 2786 738 2826 magnitudinis
761 2786 923 2828 imposita:
947 2789 1066 2827 dejecit,

332 2828 364 2858 h.
389 2837 420 2859 e.
444 2827 640 2864 deturbavit;
662 2827 801 2870 opposite
825 2834 888 2858 tam
915 2828 954 2859 de
980 2840 1066 2860 mon-

331 2872 411 2900 tium
435 2868 558 2904 incolis,
581 2880 674 2910 quam
699 2870 738 2901 de
761 2870 899 2901 castellis
922 2870 954 2900 in
978 2882 1065 2902 mon-

332 2911 409 2942 tium
426 2911 513 2953 jugis
527 2912 709 2943 exstructis.
756 2913 828 2943 Plus
845 2915 904 2943 vice
923 2914 1064 2953 simplici,

1107 1404 1136 1434 h.
1162 1415 1191 1435 e.
1220 1406 1304 1445 gravi
1329 1405 1456 1436 ultionis
1481 1416 1613 1446 genere3
1636 1406 1668 1437 in
1694 1407 1838 1449 plurimis

1107 1456 1217 1487 nempe
1255 1448 1367 1488 pugnis
1401 1448 1503 1478 illatas
1539 1449 1579 1478 ab
1611 1448 1673 1479 illis
1708 1449 1838 1491 injurias

1107 1489 1192 1528 gravi
1216 1488 1295 1524 vice,
1323 1489 1353 1519 h.
1380 1499 1408 1520 e.
1427 1490 1514 1530 justa
1537 1495 1569 1520 et
1593 1491 1703 1522 merita
1731 1501 1836 1532 poena,

1107 1530 1192 1559 ultus
1213 1535 1260 1560 est
1281 1530 1444 1562 Tiberius:
1469 1531 1507 1562 de
1523 1541 1598 1563 voce
1618 1534 1681 1563 vice
1698 1533 1768 1574 (cui
1790 1543 1838 1564 re-

1107 1572 1239 1612 spondet
1267 1572 1339 1607 fere,
1370 1573 1454 1613 quod
1488 1573 1684 1614 Francogalli
1717 1574 1837 1610 dicunt,

1106 1612 1280 1651 rewnche),
1296 1614 1335 1644 cf.
1351 1624 1421 1656 sup.
1437 1615 1458 1650 i,
1474 1617 1528 1650 28.
1545 1616 1598 1646 32.

1152 1656 1286 1686 14—24.
1303 1657 1405 1696 Major
1418 1656 1749 1692 Neronum,Tiberius:
1765 1669 1839 1695 mox,

1107 1696 1170 1727 vid.
1195 1707 1314 1738 argum.
1338 1698 1377 1729 ad
1398 1698 1491 1740 hujus
1512 1699 1581 1730 libri
1603 1709 1727 1730 carmen
1745 1709 1838 1740 quar-

1107 1744 1184 1769 tum.
1230 1740 1357 1775 Rhaems,
1379 1751 1423 1771 sc.
1447 1751 1519 1772 cum
1537 1741 1712 1772 Vindelicis
1734 1748 1765 1772 et
1787 1751 1838 1772 ce-

1107 1781 1180 1812 teris
1215 1782 1270 1821 qui
1307 1782 1422 1813 foedere
1459 1782 1524 1813 illis
1552 1782 1661 1824 -juncti
1700 1783 1838 1814 fuerunt.

1109 1824 1260 1862 Auspiciis
1282 1827 1428 1862 secundis,
1457 1826 1599 1866 Augusto
1620 1827 1686 1856 deos
1706 1836 1784 1862 suoi,
1806 1831 1841 1857 ut

1109 1876 1138 1895 v.
1167 1867 1208 1895 33
1237 1866 1362 1904 dicitur,
1383 1868 1550 1907 praebente5
1579 1869 1638 1898 sub
1665 1867 1748 1898 felici
1773 1867 1839 1898 Au-

1110 1907 1190 1946 gusti
1211 1906 1350 1949 imperio.
1391 1909 1586 1947 spectandus,
1605 1909 1839 1951 περίβλεπτος,

1111 1959 1172 1979 non
1188 1949 1258 1980 sine
1274 1950 1475 1982 admiratione
1498 1952 1770 1993 contemplandus,
1785 1951 1841 1982 ad-

1110 1991 1280 2022 mirandus.
1325 1993 1440 2023 Devnta
1469 1996 1558 2024 morti
1588 2000 1706 2033 pectora
1742 1995 1839 2025 liberae

1111 2033 1240 2067 Quantis
1258 2034 1413 2075 fatigaret
1443 2037 1560 2066 ruinis:
1582 2036 1716 2077 quantis
1742 2035 1840 2066 eladi-

1108 2075 1167 2105 bus
1196 2077 1359 2107 conficeret
1386 2077 1519 2118 populos
1551 2077 1679 2108 liberam
1709 2084 1838 2108 mortem

1108 2117 1232 2148 servitio
1255 2118 1464 2159 praeferentes,
1487 2119 1520 2149 h.
1542 2129 1571 2150 e.
1593 2119 1744 2162 pertinaci
1765 2129 1840 2150 con-

1108 2158 1177 2188 silio
1193 2160 1230 2189 ad
1247 2166 1372 2190 mortem
1389 2171 1488 2201 usque
1503 2167 1690 2202 pugnantes.
1726 2162 1841 2192 Devota

1107 2207 1245 2239 pectora.-
1269 2201 1358 2231 morti
1372 2202 1453 2232 euim
1471 2213 1524 2244 pro
1542 2203 1684 2235 libertate
1706 2203 1839 2246 suscipi-

1109 2242 1197 2272 endae
1220 2243 1262 2272 ita
1274 2253 1311 2273 se
1325 2243 1474 2274 devovere
1492 2245 1632 2276 solebant
1647 2245 1796 2276 Germani
1811 2251 1843 2276 et

1109 2284 1215 2325 populi
1245 2285 1368 2319 Celtici.
1398 2291 1444 2320 ut,
1470 2296 1504 2316 se
1529 2287 1623 2318 vitam
1653 2287 1756 2329 potius
1786 2297 1842 2328 pro

1109 2325 1250 2357 libertate
1275 2326 1478 2369 deposituros,
1503 2338 1596 2368 quam
1623 2338 1656 2360 se
1683 2328 1764 2360 hosti
1786 2329 1840 2360 de-

1108 2367 1225 2398 dituros
1249 2379 1324 2403 esse,
1340 2375 1565 2400 sacramentum
1585 2370 1706 2402 darent.
1749 2371 1841 2402 Indo·

1108 2412 1195 2440 mitius
1219 2421 1308 2450 prope
1332 2413 1429 2451 qualis
1447 2413 1547 2442 undas
1570 2413 1694 2444 Exercet
1717 2413 1841 2447 Auster.

1111 2451 1270 2482 Pleiadum
1291 2454 1377 2483 choro
1393 2454 1552 2485 Scindente
1567 2456 1676 2486 nubes.-
1699 2464 1792 2486 ruens
1808 2455 1841 2485 in

1110 2493 1212 2524 hostes
1237 2504 1352 2536 eosque
1376 2495 1553 2536 reprimens,
1576 2496 1620 2528 uti
1646 2497 1759 2528 Auster
1783 2497 1843 2527 snb

1111 2535 1276 2566 Pleiadum
1291 2543 1358 2568 ortu
1382 2537 1414 2567 in
1430 2547 1514 2568 mare
1533 2538 1738 2579 procellosum
1756 2548 1843 2570 ruere

1110 2582 1141 2607 et
1174 2584 1369 2618 assurgentes
1401 2579 1513 2610 fluctus
1541 2579 1704 2622 reprimere
1739 2580 1840 2611 solet:

1109 2627 1233 2656 exercet,
1250 2621 1357 2660 agitat,
1373 2621 1519 2659 retundit,
1535 2621 1720 2663 comprimit.
1758 2622 1842 2653 Plei-

1109 2663 1200 2691 adum
1233 2663 1343 2692 choro:
1377 2663 1526 2698 Pleiades,
1559 2669 1676 2705 septem
1705 2663 1844 2695 Atlantis

1110 2702 1194 2740 flliae,
1210 2703 1289 2735 inter
1311 2704 1418 2735 stellas
1433 2705 1636 2739 relatae.›cum
1656 2705 1688 2736 in
1707 2705 1844 2737 humeris

1110 2745 1206 2775 Tauri
1231 2746 1275 2776 ita
1297 2746 1376 2776 inter
1398 2756 1431 2777 se
1451 2746 1570 2788 junctae
1592 2753 1787 2790 apparerent.
1810 2753 1845 2778 ut

1110 2787 1195 2818 chori
1226 2787 1287 2818 fere
1316 2788 1452 2829 speciem
1481 2788 1638 2825 referrent,
1665 2790 1706 2820 ab
1735 2799 1840 2820 earum

1109 2829 1210 2900 positu
1230 2835 1261 2860 et
1283 2830 1362 2860 inter
1381 2839 1413 2860 se
1433 2829 1596 2870 junctione
1618 2832 1723 2862 chorus
1737 2832 1843 2874 appel-

1122 2876 1181 2901 atae
1207 2877 1291 2902 sunt.
1336 2871 1494 2903 Scindente
1519 2873 1621 2909 nubes,
1650 2883 1704 2915 per
1730 2874 1844 2904 scissas

1109 2913 1206 2944 nubes
1232 2913 1414 2955 prodeunte,
1439 2913 1471 2946 h.
1502 2914 1682 2947 evm-iente.
1726 2915 1845 2946 Iuoidit
