1904 3314
350 167 435 208 482

837 163 1359 208 EPISTULARUM

467 267 668 308 Oderunt
688 280 867 321 peccare
887 267 989 308 boni
1009 266 1176 307 virtutis
1197 279 1364 307 amore:

464 332 537 374 Tu
556 333 659 374 nihil
679 333 877 374 admittes
897 333 941 373 in
963 339 1002 373 te
1024 332 1246 373 formidine
1268 346 1420 386 poenae.

466 399 532 440 Sit
552 414 651 454 spes
672 398 858 447 fallendi,
879 398 1074 439 miscebis
1097 413 1216 439 sacra
1236 396 1448 452 profanis:

378 465 433 505 55
462 465 576 506 Nam
597 466 651 506 de
671 464 783 506 mille
804 464 915 505 fabae
933 465 1084 505 modiis
1106 479 1236 518 quum
1257 464 1435 517 surripis
1456 477 1600 511 unum,

461 530 677 572 Damnum
697 537 777 580 est,
799 545 884 571 non
905 530 1083 579 facinus,
1104 531 1206 570 mihi
1227 537 1350 583 pacto
1370 529 1506 570 lenius
1526 529 1622 568 isto.

460 596 541 638 Vir
560 598 712 646 bonus,
733 611 856 637 omne
876 596 1012 637 forum
1033 611 1158 650 quem
1179 603 1343 650 spectat
1363 603 1406 636 et
1427 609 1550 635 omne
1570 593 1770 642 tribunal,

459 662 818 716 Quandocunque
839 661 958 703 Deos
980 661 1046 703 vel
1065 676 1196 715 porco
1218 662 1283 702 vel
1305 663 1411 702 bove
1433 661 1590 714 placat,

457 727 567 769 Jane
586 735 723 782 pater,
745 727 870 777 clare,
893 727 1006 768 clare
1027 742 1156 781 quum
1177 728 1286 768 dixit
1305 726 1478 781 Apollo,

369 795 427 835 60
456 794 602 835 Labra
621 801 773 842 movet,
795 800 987 834 metuens
1009 794 1170 835 audiri:
1203 793 1390 834 Pulchra
1411 794 1620 842 Laverna,

455 860 529 901 Da
547 859 650 900 mihi
670 859 828 908 fallere,
851 860 907 900 da
920 860 1040 914 justo
1062 866 1294 913 sanctoque
1315 861 1468 910 videri;

452 926 639 967 Noctem
659 925 860 979 peccatiS,
882 932 925 966 et
945 925 1168 966 fraudibus
1190 926 1328 979 objice
1350 927 1521 967 nubem.

454 991 546 1038 Qui
564 991 712 1032 melior
733 1005 869 1040 servo,
892 990 967 1044 qui
985 990 1161 1030 liberior
1182 991 1236 1030 sit
1257 1005 1422 1039 avarus,

452 1058 503 1098 In
524 1059 656 1098 triviis
678 1058 811 1098 fixum
831 1071 962 1110 quum
984 1071 1028 1097 se
1050 1057 1234 1097 demittit
1254 1057 1309 1097 ob
1332 1071 1486 1105 assem,

367 1124 422 1165 65
452 1123 555 1164 Non
577 1123 723 1163 video:
755 1137 851 1163 nam
872 1123 946 1176 qui
967 1123 1125 1175 cupiet,
1147 1129 1306 1163 metuet
1327 1137 1520 1176 quoque3
1550 1128 1681 1177 porro

451 1189 540 1235 Qui
560 1195 752 1228 metuens
773 1188 898 1234 vivet,
919 1187 1028 1228 liber
1047 1187 1149 1228 mihi
1170 1203 1254 1228 non
1274 1189 1356 1229 erit
1375 1203 1576 1242 unquam.

449 1254 648 1295 Perdidit
668 1268 797 1302 arma,
821 1252 958 1294 locum
979 1254 1147 1294 virtutis
1170 1254 1374 1303 deseruit,
1397 1255 1470 1308 qui

450 1319 629 1373 Semper
649 1321 693 1360 in
713 1319 911 1373 augenda
928 1319 1099 1359 festinat
1120 1326 1162 1360 et
1183 1320 1379 1360 obruitur
1399 1334 1459 1361 re.

447 1386 651 1427 Vendere
672 1401 801 1439 quum
824 1386 960 1439 possis
982 1386 1209 1438 captivum,
1231 1386 1427 1427 occidere
1447 1385 1555 1427 noli:
1667 1414 1690 1431 .

362 1453 418 1492 70
448 1452 614 1494 Serviet
635 1452 817 1493 utiliter:
851 1453 940 1492 sine
961 1458 1109 1505 pascat
1129 1452 1278 1501 durus,
1301 1460 1501 1505 aretque;

446 1518 650 1574 Naviget,
673 1532 721 1559 ac
742 1518 891 1559 mediis
917 1517 1074 1558 hiemet
1093 1524 1301 1558 mercator
1322 1518 1363 1558 in
1385 1518 1532 1568 undis3

375 1643 429 1672 54.
459 1643 506 1673 Sit
529 1642 764 1684 spes—fallendi.-
797 1647 829 1672 at
852 1641 877 1671 si
903 1640 958 1672 tibi
985 1641 1061 1672 forte

329 1692 401 1724 spes
419 1684 459 1714 sit
481 1684 638 1715 malefacti
661 1693 788 1726 poenam
806 1683 878 1714 dolo
900 1689 930 1714 et
952 1682 1060 1714 fraude

329 1725 511 1765 effugiendi.
555 1727 691 1756 Miscebis
702 1737 787 1756 sacra
806 1725 955 1766 profanis,
971 1734 1060 1755 sacra

328 1772 359 1796 et
382 1768 509 1808 profana
531 1767 564 1798 in
587 1767 676 1798 nullo
698 1767 782 1809 apud
801 1772 830 1798 te
845 1772 936 1798 erunt
949 1766 1058 1797 discri-

329 1807 434 1847 mine;
457 1809 611 1851 quidquid
625 1809 735 1840 suadet
750 1808 977 1845 libido,facies:
1001 1808 1058 1839 inf.

329 1849 361 1879 in
386 1851 486 1892 Epist.
503 1851 543 1881 ad
568 1851 633 1882 Pis.
651 1851 809 1892 397‚fu1't
833 1851 890 1881 haec
912 1852 1059 1889 sapientia

327 1894 486 1930 quondam,
510 1893 635 1924 Publica
655 1895 785 1932 privatis
805 1903 952 1923 secernere
973 1902 1058 1923 sacra

328 1933 476 1971 prcffam's.

372 1976 424 2006 56.
450 1976 602 2006 Damnum
613 1983 666 2011 est,
676 1975 878 2016 nonfaciims.
888 1976 960 2005 mihi
973 1982 1058 2014 pacto

330 2016 426 2046 lenius
447 2019 519 2048 isto.-
542 2017 690 2047 damnum
714 2017 853 2057 quidem,
873 2017 957 2057 quod
982 2017 1057 2047 mihi

327 2056 386 2088 hoc
410 2059 490 2089 furto
514 2064 647 2106 paratur,
664 2064 711 2089 est
733 2058 844 2093 lenius,
859 2059 911 2088 sed
936 2058 1057 2088 facinus

327 2108 390 2129 non
404 2105 451 2131 est
465 2101 576 2135 lemur-i,
591 2106 638 2131 est
656 2105 687 2130 et
708 2104 810 2129 manet
825 2099 951 2129 furtum.
997 2100 1055 2130 Di·-

325 2139 370 2171 cit
402 2148 504 2173 autem
533 2142 600 2172 haec
631 2140 781 2171 Horatius
810 2141 849 2170 ad
878 2141 1054 2181 paradoxon

325 2182 511 2219 Stoicorum,
535 2183 589 2224 qui
618 2185 716 2213 omnia
739 2188 858 2220 peccata
887 2184 973 2221 paria
999 2194 1055 2213 esse

324 2226 514 2256 statuebant.

368 2267 421 2297 57.
448 2268 500 2297 Vir
517 2268 617 2301 bonus,
633 2276 695 2296 non
714 2275 784 2296 vere
805 2265 917 2300 bonuS,
941 2264 995 2295 sed
1017 2275 1055 2295 ex

322 2307 442 2348 vulgari
477 2308 634 2350 opinione,
662 2313 699 2338 ut
730 2307 894 2347 sequentia
929 2307 1052 2337 docent.

325 2349 419 2383 Quem
448 2357 572 2389 spectat,
598 2360 670 2380 cnm
700 2348 887 2380 verecundia
915 2348 1050 2389 quadam

322 2390 473 2422 observat.

365 2434 418 2464 59.
443 2434 522 2464 Jane
547 2441 649 2473 pater.-
679 2433 792 2466 JanuS,
815 2437 851 2461 ut
875 2432 963 2467 deus,
986 2436 1050 2462 tam

321 2478 386 2504 toto
413 2485 506 2510 anno,
536 2485 630 2516 quam
659 2483 849 2514 unoquoque
878 2473 928 2504 die
959 2474 1049 2504 rebus

320 2515 528 2564 suscipiendis
537 2517 654 2552 favens,
663 2516 865 2546 invocabatur
871 2527 879 2551 ;
897 2515 970 2546 hinc
979 2525 1048 2557 sup.

321 2556 388 2587 Sat.
404 2558 438 2594 ii,
453 2559 485 2593 6,
499 2560 552 2595 20,
565 2565 652 2598 pater
667 2559 835 2587 matutinus
851 2562 989 2588 vocatur.

362 2600 415 2630 60.
445 2601 547 2631 Labra
575 2605 678 2634 movet,
708 2598 862 2629 mussitat.
912 2599 1047 2630 Pulchra

318 2639 478 2672 Lavernn:
503 2643 575 2673 Vet.
590 2641 706 2678 SchoL,
721 2641 861 2671 Laverna
879 2642 910 2670 in
927 2642 975 2670 via
992 2641 1045 2670 Su-

320 2682 400 2712 laria
424 2685 522 2714 lucum
549 2684 653 2720 hubet,·
677 2689 718 2712 est
741 2688 840 2712 autem
863 2683 918 2711 dea
931 2683 1046 2723 furum

317 2724 493 2764 (hominum
506 2723 801 2762 fraudulentorum),
812 2726 892 2754 dicta
908 2724 1045 2754 Laverna

315 2777 334 2795 a
355 2767 481 2798 lavando
491 2779 502 2804 ,·
525 2778 592 2797 nam
617 2767 699 2805 fures
722 2766 865 2795 lavatores
886 2766 1043 2796 dicuntur.

317 2807 397 2839 Haec
422 2808 491 2845 dea,
513 2801 614 2856 plane=
630 2809 668 2838 ad
694 2806 854 2846 ingenium
883 2806 1040 2837 hominum

313 2849 383 2894 ejus
398 2850 575 2890 praesidium
597 2849 655 2880 sibi
676 2848 897 2890 expetentium.
915 2854 1042 2879 vocatur

307 2900 374 2930 jam
387 2893 526 2931 pulchra.

1146 1642 1200 1671 61.
1228 1641 1365 1672 Fallere:
1387 1641 1448 1672 vid.
1465 1640 1505 1671 ad
1523 1652 1554 1673 v.
1575 1642 1628 1673 54.
1672 1643 1734 1673 Pro
1744 1646 1832 1683 justo

1102 1690 1258 1724 sanctoque
1272 1683 1366 1723 vulgo
1382 1683 1542 1723 legebatur
1547 1686 1669 1723 justum
1682 1691 1832 1716 sanctum-

1102 1735 1179 1764 que‚·
1203 1725 1254 1755 sed
1273 1725 1340 1755 haec
1360 1725 1451 1756 lectio
1471 1725 1574 1767 prodit
1591 1725 1831 1764 emendatorem,

1103 1765 1207 1797 Graeci
1235 1767 1382 1808 loquendi
1407 1767 1538 1807 generis,
1560 1777 1623 1808 quo
1647 1777 1730 1809 saepe
1756 1779 1832 1800 usus

1101 1813 1148 1838 est
1171 1808 1425 1850 Horatius-(vid.
1439 1819 1510 1850 sup.
1531 1809 1571 1839 ad
1592 1810 1658 1840 Sat.
1672 1809 1694 1845 i,
1713 1811 1741 1846 1,
1761 1810 1830 1849 19),

1101 1848 1275 1891 imperitum
1292 1862 1300 1888 3
1344 1851 1541 1881 confirmatur
1581 1857 1684 1882 autem
1725 1858 1830 1884 nostra

1100 1891 1194 1922 lectio
1215 1891 1399 1933 optimorum
1419 1893 1519 1923 Codd.
1541 1893 1725 1924 auctoritate
1747 1895 1830 1936 apud

1102 1933 1289 1974 Cruquium,
1304 1933 1510 1970 Torrentium,
1525 1939 1557 1965 et
1573 1934 1773 1966 Lambinum.

1144 1976 1282 2006 63—65.
1314 1976 1375 2010 Qui
1403 1977 1506 2006 melior
1533 1987 1624 2011 servo.
1650 1981 1724 2007 cett.
1749 1987 1828 2018 quo-

1101 2017 1192 2047 modo
1210 2026 1332 2052 avarus,
1349 2027 1422 2048 cum
1443 2027 1476 2049 se
1498 2018 1537 2048 ob
1559 2027 1656 2048 assem
1679 2018 1712 2048 in
1735 2019 1830 2051 triviis

1099 2058 1195 2088 fixum
1211 2059 1356 2096 demittit,
1371 2069 1458 2090 servo
1473 2059 1581 2090 melior
1594 2065 1626 2090 et
1639 2059 1763 2091 liberior
1776 2062 1827 2100 sit,

1099 2109 1163 2130 non
1176 2100 1284 2138 video;
1307 2101 1416 2142 repetit
1432 2101 1525 2142 igitur
1539 2107 1630 2142 poeta
1642 2102 1826 2134 sententiam

1098 2151 1168 2182 sup.
1191 2142 1292 2183 Epist.
1314 2153 1344 2177 x,
1367 2144 1408 2173 47
1430 2148 1462 2173 et
1486 2143 1600 2184 passim
1626 2143 1823 2185 propositam,

1093 2193 1253 2221 pet-umam
1277 2185 1387 2219 avaris,
1405 2191 1440 2214 ut
1462 2187 1550 2214 servis
1572 2187 1645 2222 suis,
1668 2187 1826 2225 imperare.

1097 2225 1146 2254 Ex
1170 2224 1228 2255 hoe
1250 2225 1318 2254 loco
1340 2225 1499 2261 discimus,
1521 2236 1631 2267 pueros
1653 2227 1735 2268 apud
1758 2228 1823 2259 Ro-

1097 2275 1206 2296 manos
1235 2276 1378 2297 nummos
1404 2267 1438 2296 in
1466 2267 1530 2298 solo
1564 2267 1669 2299 lutove
1697 2269 1824 2301 vinculo

1094 2307 1229 2347 quodam
1245 2307 1357 2345 fixisse,
1368 2313 1413 2344 ut,
1427 2318 1498 2339 cum
1514 2314 1732 2350 praetereuntoe
1744 2311 1830 2342 sruse

1094 2353 1140 2378 tra
1162 2350 1268 2379 affixos
1290 2359 1430 2379 nummos
1449 2350 1558 2381 tollere
1576 2351 1656 2382 velle
1671 2352 1821 2390 viderent,

1093 2390 1211 2421 ridendi
1234 2390 1383 2422 haberent
1399 2391 1553 2422 materiem
1567 2402 1574 2421 ε
1600 2393 1688 2424 Pers.
1702 2404 1732 2428 v.
1749 2395 1822 2432 111,

1094 2431 1189 2472 Inque
1204 2434 1268 2462 luto
1280 2435 1380 2472 fixum
1401 2435 1490 2473 possis
1509 2436 1717 2465 transcendere
1730 2447 1819 2467 num-

1092 2484 1184 2505 mum.

1134 2517 1186 2547 67.
1213 2515 1350 2546 Perdidit
1376 2526 1473 2551 arma,
1494 2516 1610 2558 abjecit
1629 2527 1729 2554 arma,
1748 2519 1818 2560 qui-

1091 2556 1149 2586 bus
1173 2563 1280 2588 contra
1302 2557 1388 2592 vitia.
1412 2557 1592 2589 nominatim
1614 2565 1722 2591 contra.
1744 2570 1817 2591 ava·

1090 2598 1205 2633 titiam,
1223 2599 1353 2640 pugnari
1368 2599 1477 2630 debet:
1501 2609 1555 2641 per
1573 2611 1659 2631 arma
1679 2601 1818 2643 intellige

1091 2639 1212 2671 virtutis
1225 2647 1389 2682 praecepta.
1414 2641 1525 2671 Locum
1539 2644 1662 2672 virtutis
1675 2645 1816 2682 deser-uit,

1089 2681 1203 2719 locum,
1219 2683 1273 2712 ubi
1291 2682 1386 2712 virtus
1405 2682 1541 2713 exerceri
1559 2683 1661 2720 debet,
1680 2685 1816 2716 deseruit

1088 2722 1179 2754 homo
1194 2733 1316 2760 avarus,
1331 2724 1385 2765 qui
1399 2722 1516 2754 divitiis
1530 2734 1650 2766 semper
1663 2726 1814 2766 augendis

1086 2764 1224 2801 insudat,
1249 2770 1280 2796 et
1308 2766 1351 2796 rei
1386 2765 1574 2807 pecuniariae
1602 2767 1735 2807 negotiis
1765 2769 1813 2799 vel

1086 2807 1227 2847 pecunia>
1244 2816 1352 2838 acervo
1369 2806 1519 2838 obruitur.
1560 2808 1746 2840 Locutiones
1759 2821 1811 2840 ar-

1084 2859 1131 2878 ma
1159 2851 1294 2888 perdere,
1315 2851 1445 2879 deserere
1470 2849 1576 2885 locum,
1601 2849 1632 2879 h.
1651 2861 1682 2881 e.
1704 2853 1808 2887 aciem,

1082 2892 1248 2927 stationem,
1275 2890 1323 2923 vel
1349 2892 1436 2932 signa
1461 2890 1563 2932 (apud
1589 2891 1718 2924 Graecos
1743 2894 1807 2925 λει-
