1904 3314
329 193 413 234 556

647 191 1012 233 EPISTOLA
1052 191 1148 234 AD
1189 191 1509 233 PISONES.

442 289 548 330 Post
569 288 683 330 hunc
704 304 898 343 personae
918 289 1127 344 pallaeque
1148 298 1343 345 repertor
1363 291 1556 332 honestae

440 354 692 408 AEschylus‚
714 361 758 396 et
777 355 952 396 modicis
973 356 1167 397 instravit
1186 356 1353 411 pulpita
1374 357 1517 410 tignis,

329 423 412 463 280
444 422 505 462 Et
525 421 672 462 docuit
691 435 973 475 magnumque
993 421 1126 475 loqui,
1147 424 1308 477 nitique
1330 422 1552 464 cothurno.

441 487 656 528 Successit
674 493 796 528 vetus
817 487 884 527 his
905 488 1127 538 comoedia,
1150 503 1235 529 non
1257 489 1346 529 sine
1367 487 1499 528 multa

440 553 615 603 Laude3
647 555 722 595 sed
744 554 788 594 in
807 554 953 595 vitium
971 554 1145 595 libertas
1166 555 1340 604 excidit,
1362 561 1405 595 et
1425 554 1507 594 vim

439 620 627 673 Dignam
646 618 741 674 lege
761 620 878 673 regi:
909 619 979 660 lex
999 627 1066 661 est
1086 627 1274 674 accepta,
1295 621 1538 674 chorusque

439 686 647 739 Turpiter
668 686 848 726 obticuit
869 684 1036 726 sublato
1052 686 1150 740 jure
1172 687 1368 727 nocendi.

326 753 411 794 285
439 751 515 792 Nil
535 752 788 792 intentatum
809 752 943 792 nostri
962 751 1124 805 liquere
1145 760 1306 806 poetae:

442 817 485 859 N
489 832 538 858 ec
558 818 771 858 minimum
790 832 983 858 meruere
1005 819 1136 859 decus
1157 819 1335 872 vestigia
1355 818 1512 859 Graeca

440 883 551 924 Ausi
571 884 783 932 deserere,
804 890 847 924 et
868 882 1084 925 celebrare
1105 885 1336 925 domestica
1357 884 1483 933 facta,

438 949 522 991 Vel
542 950 615 1004 qui
635 956 883 1004 praetextaS,
905 949 971 990 vel
991 950 1064 1002 qui
1085 950 1270 990 docuere
1291 957 1472 1004 togatas.

439 1015 536 1057 Nec
557 1017 713 1057 virtute
735 1015 845 1057 foret
866 1015 1040 1056 clarisve
1062 1016 1279 1068 potentius
1301 1016 1440 1063 armis,

326 1083 410 1124 290
440 1082 582 1129 Quam
601 1082 759 1136 lingua,
782 1082 968 1130 Latium,
991 1082 1026 1121 si
1047 1095 1132 1122 non
1153 1081 1391 1122 offenderet
1410 1095 1562 1122 unum-

441 1149 667 1202 Quemque
688 1154 910 1202 poetarum
929 1147 1038 1187 limae
1053 1147 1179 1188 ‹labor
1199 1155 1243 1188 et
1263 1162 1391 1189 mora.

1451 1147 1560 1198 Vos,
1582 1163 1608 1188 o

440 1215 676 1269 Pompilius
698 1215 884 1269 sanguis»,
906 1228 1075 1255 carmen
1095 1206 1414 1268 reprehendite,
1436 1214 1554 1268 quod
1575 1228 1660 1254 non

440 1281 582 1322 Multa
602 1282 693 1322 dies
714 1288 757 1322 et
778 1280 909 1322 multa
928 1281 1055 1321 litura
1075 1281 1277 1330 coercuit,
1300 1288 1430 1334 atque

441 1348 703 1390 Praesectum
724 1348 864 1389 decies
887 1361 971 1387 non
991 1347 1214 1400 castigavit
1234 1347 1289 1388 ad
1310 1361 1507 1401 unguem.

328 1469 382 1491 ora
402 1459 478 1490 faece
493 1458 591 1489 oblita
605 1457 851 1490 ostendentibus.
897 1457 948 1488 De
961 1468 1058 1496 perso-

328 1503 375 1532 πίε
397 1501 552 1532 neminem
574 1501 686 1541 legisse
707 1499 872 1541 poenitebit
892 1498 1060 1539 Boettigeri

330 1542 544 1574 Prolusionem
570 1541 610 1573 de
635 1542 780 1572 Personis
804 1541 944 1572 Scenicis
967 1541 1060 1581 vulgo

331 1585 451 1621 Larvis,
467 1584 586 1615 Vimar.
604 1585 697 1614 1794.
742 1583 833 1613 Palla
854 1584 983 1619 honesta,
1004 1582 1058 1613 de-

331 1637 415 1663 cora,
440 1627 514 1656 dum
540 1626 596 1656 illa
619 1631 755 1666 syrmata
777 1635 830 1666 per
852 1624 975 1666 pulpita
998 1629 1060 1654 tra-

330 1669 408 1699 heus
443 1667 559 1708 regiam
596 1668 645 1698 vel
684 1666 841 1698 heroicam
879 1666 1061 1707 dignitatem

331 1709 420 1752 quasi
435 1709 644 1752 expandebat.

374 1753 448 1784 279.
463 1752 623 1792 AEschytus
633 1756 785 1790 repertor:
800 1754 959 1792 poetarum
975 1750 1059 1780 enim

329 1800 396 1826 erat
418 1799 535 1825 actores
557 1792 695 1835 personis
718 1797 750 1823 et
763 1791 953 1823 vestimentis
971 1802 1061 1823 exor-

331 1847 424 1867 nare:
446 1836 510 1867 vid.
529 1835 667 1876 Boettig.
687 1835 711 1865 l.
730 1834 751 1865 l.
772 1845 804 1876 p.
824 1835 872 1864 14.
918 1834 968 1865 De
986 1835 1060 1864 AEs-

330 1878 423 1920 chylo
448 1877 569 1909 erudite
595 1876 766 1918 disputavit
794 1876 845 1907 Ill.
869 1876 1000 1908 Jacobs.
1029 1876 1063 1907 in

331 1920 480 1962 praeclaro
503 1919 622 1954 libello,
649 1919 801 1960 Beytriige
827 1929 865 1949 zu
890 1917 1008 1949 Sulzer.
1030 1917 1063 1956 ii,

330 1973 362 2003 p.
385 1962 462 1992 397.
507 1962 633 1992 Modicia
656 1963 796 1991 instravit
817 1961 938 1999 pulpita
961 1962 1065 2000 tignis.

333 2004 449 2045 Tigm's,
472 2008 519 2034 est
541 2013 634 2034 casus
655 2003 775 2033 tertius.
821 2001 976 2043 Subjectis
998 2012 1061 2033 non

331 2045 499 2076 admodum
522 2044 634 2086 amplis
654 2044 748 2085 tignis
765 2045 914 2085 imposuit
933 2044 1061 2091 pulpita,

331 2088 365 2119 h.
384 2098 413 2119 e.
436 2097 527 2128 super
549 2086 712 2117 mediocris
735 2086 956 2126 magnitudinis
975 2091 1062 2126 tigna

331 2129 440 2160 stravit
455 2128 555 2159 solum
570 2138 631 2168 quo
647 2134 764 2158 actores
779 2127 970 2158 incederent.

375 2171 450 2202 280.
473 2170 514 2200 Et
535 2172 648 2206 docuit,
671 2174 745 2200 cett.
790 2169 877 2206 Quid
899 2169 940 2199 sit
960 2170 1062 2200 docere

321 2214 467 2255 fabulam
483 2211 667 2252 (διδάσκειν
684 2210 823 2253 δρᾶμα),
838 2216 870 2241 et
885 2220 978 2252 quam
1000 2211 1062 2242 late

331 2255 399 2287 haec
415 2254 531 2285 locutio
545 2258 659 2295 pateat,
670 2262 760 2284 nemo
774 2251 885 2283 melius
898 2258 929 2283 et
940 2251 1062 2283 doctius

331 2295 476 2339 exposuit
491 2295 668 2336 Boettigero
681 2300 784 2326 nostro
796 2295 828 2325 in
842 2293 972 2325 laudata
982 2294 1060 2325 Pro-

330 2339 452 2370 lusione
469 2337 687 2369 Scholiastica.
732 2336 858 2368 Scilicet
877 2343 975 2377 poetae
991 2335 1059 2366 dra-

331 2381 438 2411 matici
463 2390 525 2410 non
553 2379 655 2410 solum
681 2378 739 2420 ipsi
771 2379 803 2409 in
833 2378 959 2411 fabulis,
984 2388 1062 2418 quas

331 2426 580 2464 composuerant,
613 2426 716 2462 partes
750 2420 973 2462 suscipiebant,
1005 2420 1058 2451 sed

331 2465 426 2496 etiam
455 2470 575 2495 ceteros
603 2468 720 2494 actores
749 2462 904 2503 exemplo,
933 2472 995 2503 quo
1021 2461 1059 2492 iis

331 2506 496 2549 praeibant,
509 2505 549 2536 ad
564 2510 660 2535 artem
674 2504 876 2536 demandatas
887 2510 989 2545 partes
1004 2503 1058 2535 de-

331 2558 413 2586 core,
435 2548 540 2588 digne,
564 2551 595 2577 et
613 2546 766 2578 concinne
788 2546 959 2577 sustinendi
983 2556 1058 2576 con-

330 2590 516 2625 formabant,
531 2588 774 2630 diligentemque
792 2589 824 2619 in
839 2588 924 2618 omni
940 2598 971 2619 re
993 2598 1060 2619 sce-

331 2632 405 2663 nica
430 2636 513 2663 recte
539 2630 716 2662 adornanda
739 2640 862 2672 operam
890 2630 1060 2671 ponebant.

331 2675 538 2716 Magnumque
574 2674 665 2713 loqui,
694 2672 760 2713 jam
793 2673 831 2703 de
868 2671 1060 2702 sublimitate

332 2716 468 2757 tragi083
492 2720 525 2746 at
538 2725 609 2756 sup.
625 2715 691 2745 Sat.
708 2714 729 2750 i,
745 2716 778 2749 3,
792 2715 843 2749 13,
855 2726 965 2754 magna
982 2715 1061 2754 loqui

330 2758 370 2790 de
389 2757 554 2799 jactantia.
599 2756 724 2797 Nitique
746 2757 909 2787 cothurno:
933 2756 975 2787 cf.
992 2765 1061 2797 sup.

332 2800 372 2832 ad
388 2799 452 2831 Od.
466 2799 500 2836 ii,
518 2800 547 2835 1,
567 2799 619 2829 12.

371 2843 449 2873 281.
475 2841 563 2872 Vetus
577 2841 733 2872 comoedia.-
756 2839 799 2871 cf.
816 2849 885 2880 sup.
901 2838 940 2868 ad
956 2839 1021 2870 Sat.
1037 2839 1059 2877 i,

330 2887 362 2920 4,
381 2885 410 2914 l.

372 2926 448 2957 282.
459 2924 496 2956 In
506 2925 612 2956 vitium
620 2925 742 2960 excidit,
753 2922 842 2958 abiit,
853 2921 1059 2964 degeneravit.

1144 1457 1219 1487 283.
1249 1457 1383 1497 Dignam
1413 1458 1474 1498 lege
1501 1458 1577 1498 regi,
1601 1466 1672 1498 quae
1698 1455 1834 1488 debebat

1103 1498 1172 1538 lege
1202 1498 1343 1540 reprimi:
1375 1509 1445 1540 sup.
1472 1509 1502 1529 v.
1533 1499 1603 1536 183,
1633 1498 1703 1530 Non
1733 1505 1831 1530 tamen

1102 1542 1185 1570 intus
1201 1540 1306 1580 Digna
1318 1543 1385 1580 geri
1399 1542 1488 1582 (quae
1513 1540 1627 1572 debent
1647 1539 1732 1571 intus
1747 1540 1831 1582 geri)

1100 1592 1214 1621 promes
1229 1593 1262 1612 1η
1277 1592 1402 1613 scenam·

1145 1625 1221 1655 284.
1244 1624 1398 1664 Turpiter,
1414 1628 1487 1655 cett.
1509 1628 1672 1666 postquam
1693 1627 1832 1666 potestas

1106 1666 1151 1697 vel
1172 1665 1298 1696 licentia
1313 1666 1394 1707 turpi
1411 1665 1585 1707 petulantia
1598 1666 1732 1697 nocendi
1753 1664 1832 1696 alio-

1104 1718 1171 1738 rum
1194 1708 1285 1739 famae
1307 1709 1432 1738 sublata
1451 1714 1500 1739 est
1517 1708 1547 1739 le
1589 1731 1598 1744 ,
1616 1708 1729 1739 chorus
1751 1707 1832 1738 obti-

1101 1750 1178 1780 cuit.
1221 1749 1253 1780 Si
1274 1752 1406 1789 turpiter
1426 1750 1540 1781 referen
1564 1760 1616 1780 um
1638 1750 1678 1781 sit
1695 1749 1736 1781 ad
1754 1750 1830 1780 obti-

1101 1795 1176 1828 cuit,
1198 1791 1356 1833 turpitudo
1381 1791 1526 1834 ponenda
1548 1797 1594 1823 est
1616 1792 1649 1822 in
1676 1801 1724 1829 eo,
1747 1791 1832 1832 quod

1103 1834 1226 1868 chorus,
1257 1843 1328 1864 cum
1360 1833 1468 1875 jussus
1497 1838 1579 1865 esset
1609 1834 1764 1864 abstinere
1797 1833 1834 1864 iis

1105 1887 1175 1916 quae
1188 1875 1318 1906 aliorum
1333 1876 1424 1906 bonae
1438 1876 1528 1907 famae
1544 1880 1703 1911 nocerent,
1720 1880 1832 1911 tacere,

1105 1928 1200 1959 quam
1216 1917 1278 1958 legi
1293 1927 1398 1959 parere
1417 1923 1448 1949 et
1462 1917 1639 1949 honestiora
1652 1917 1752 1959 sequi,
1766 1926 1834 1948 ma-

1106 1959 1175 1990 luit.
1205 1960 1229 1990 J
1231 1970 1262 1990 ns
1273 1959 1339 2001 jam
1353 1965 1400 1990 est
1413 1965 1561 2002 potestas,
1575 1959 1719 1997 facultas,
1735 1958 1832 1990 licen·

1104 2002 1168 2039 tia;
1192 2002 1334 2043 exempla
1347 2001 1433 2033 dedit
1447 2001 1639 2032 Forcellinus
1653 2001 1686 2032 in
1701 2001 1812 2033 Lexic.

1146 2045 1327 2074 286—288.
1351 2045 1492 2075 Deserere
1509 2045 1633 2084 vestigia
1652 2043 1770 2079 Graeoa,
1786 2053 1835 2075 re-

1105 2086 1214 2117 cedere
1247 2095 1266 2115 a
1298 2085 1473 2116 fabularum
1510 2084 1699 2126 argumentis
1727 2084 1835 2127 qualia

1105 2127 1210 2159 Graeci
1237 2127 1424 2158 tractabant.
1468 2127 1634 2158 Domestica
1652 2126 1757 2168 facta,
1785 2136 1834 2158 res

1104 2169 1253 2211 praeclare
1271 2169 1311 2199 ab
1325 2169 1402 2210 ipsis
1419 2169 1572 2200 Romanis
1586 2174 1702 2209 gestas.
1747 2169 1832 2199 Pra-

1106 2217 1208 2245 textas,
1221 2211 1253 2241 in
1266 2210 1382 2251 quibus
1395 2210 1531 2252 supremi
1546 2210 1662 2242 ordinis
1674 2209 1742 2247 viri,
1755 2220 1834 2252 pre—

1104 2258 1190 2283 texta
1204 2252 1318 2286 ornati,
1333 2252 1581 2283 celebrabantur.
1625 2252 1762 2294 Tagum,
1778 2251 1834 2283 ubi

1105 2304 1151 2324 res
1174 2304 1244 2335 quae
1270 2293 1418 2334 agebatur
1443 2294 1603 2336 spectabat
1629 2293 1669 2324 ad
1693 2293 1835 2325 homines

1104 2335 1277 2377 simplicem
1293 2340 1403 2375 togam-
1415 2341 1536 2366 tantum
1559 2340 1724 2376 gestantes.
1768 2336 1832 2367 Do-

1105 2389 1203 2413 cuere,
1217 2376 1381 2412 έδίδαξαν·
1398 2377 1461 2408 vid.
1476 2378 1516 2408 ad
1530 2387 1561 2408 v.
1575 2378 1650 2409 280.

1143 2421 1218 2450 290.
1245 2420 1278 2450 Si
1303 2431 1363 2450 ‘non
1383 2420 1556 2461 offenderet,
1581 2424 1655 2451 cett.
1679 2418 1739 2450 nisi
1761 2418 1833 2450 dili-

1102 2461 1218 2502 gentia,
1244 2461 1342 2498 labor,
1365 2467 1398 2492 et
1418 2467 1540 2502 tempus
1561 2460 1647 2502 quod
1667 2460 1834 2493 elimandis

1102 2503 1290 2534 carminibus
1314 2502 1555 2544 impendendum
1579 2507 1637 2539 est,
1660 2503 1833 2545 unicuique

1101 2550 1261 2587 poetarum
1285 2555 1333 2576 res
1356 2545 1468 2581 invisa,
1492 2543 1625 2586 ingrata,
1646 2550 1678 2576 et
1701 2545 1834 2577 molesta

1103 2593 1193 2619 esset.

1147 2631 1222 2660 292.
1254 2629 1420 2668 Pompilius
1446 2631 1588 2671 sanguis.-
1613 2628 1688 2660 Vet.
1714 2627 1833 2666 Schol„

1106 2672 1187 2706 Quia
1213 2672 1324 2710 Calpas
1338 2671 1430 2711 filius
1450 2676 1492 2701 eat
1513 2670 1619 2701 Numae
1642 2670 1796 2709 Pompilii,
1813 2683 1834 2701 a

1103 2724 1159 2754 quo
1176 2714 1336 2752 Calpurnii
1354 2713 1474 2744 Pisones
1489 2718 1646 2743 traxerunt
1662 2723 1776 2743 nomen.

1146 2756 1220 2786 293.
1244 2755 1347 2785 Multa
1371 2755 1487 2799 litura.-
1509 2754 1550 2784 οἱ.
1577 2763 1646 2795 sup.
1667 2753 1707 2784 ad
1730 2753 1832 2795 Epist.

1103 2793 1137 2832 ii,
1156 2798 1186 2831 l,
1205 2797 1281 2827 167:
1306 2798 1445 2831 coercuit,
1461 2795 1500 2826 ab
1522 2795 1560 2825 iis
1580 2805 1652 2842 quie
1673 2795 1705 2826 in
1728 2805 1830 2837 repre-

1101 2838 1280 2870 hensionem
1295 2838 1457 2870 incurrunt
1469 2837 1620 2873 cohibuit,
1636 2837 1670 2868 h.
1684 2847 1713 2868 e.
1726 2847 1831 2868 emen-

1101 2880 1205 2911 dando
1221 2879 1376 2922 purgavit.

1143 2924 1220 2955 294.
1258 2923 1436 2954 Praesectum
1463 2922 1504 2952 od
1533 2931 1663 2962 unguem
1678 2932 1687 2950 .·
1716 2919 1831 2962 unguis
