1904 3314
675 171 902 217 LIBER
933 174 994 226 11,
1025 178 1067 218 ρ.
1553 183 1638 225 527

209 272 331 321 Quid
353 273 478 324 ferat,
499 278 543 315 et
563 285 699 327 quare
719 271 804 313 sibi
823 277 970 313 nectat
991 277 1178 327 uterque
1199 286 1418 316 coronam.

207 340 442 391 Caedimur‚
463 347 507 382 et
529 339 710 382 totidem
730 337 871 394 plagis
892 340 1185 381 consumimus
1207 340 1394 391 hostem,

209 407 354 450 Lento
377 408 590 450 Samnites
611 407 668 448 ad
688 406 850 448 lumina
870 407 1008 462 prima
1030 407 1194 449 duello.

207 475 406 518 Discedo
426 474 602 516 Alcaeus
622 481 788 529 puncto
809 473 946 515 illius:
980 473 1051 515 ille
1073 490 1169 517 meo
1189 475 1287 530 quis
1305 478 1322 517 ἲ

96 543 179 584 100
209 543 322 591 Quis
343 543 424 584 nisi
445 539 768 584 Callimachus?
799 542 836 583 si
855 541 956 596 plus
978 542 1220 596 adposcere
1241 544 1376 594 visus,

206 609 280 652 Fit
299 609 599 658 Mimnermus,
621 616 666 650 et
687 609 836 664 optivo
857 610 1115 663 cognomine
1137 612 1309 652 crescit.

210 676 358 719 Multa
377 675 486 725 fero,
508 683 558 717 ut
578 675 745 731 placem
765 691 904 731 genus
926 676 1136 718 irritabile
1158 685 1318 728 vatum,

208 744 358 792 Quum
379 745 536 794 scribo,
560 750 604 784 et
627 744 815 799 supplex
835 743 989 798 populi
1011 744 1220 800 suffragia
1241 753 1369 801 capto
1388 763 1396 788 :

209 811 347 862 Idem,
367 811 502 852 finitis
524 811 696 861 studiis,
718 818 763 852 et
783 818 926 852 mente
946 820 1139 866 recepta,

98 879 180 922 105
211 878 431 920 obturem
452 877 626 934 patulas
648 879 824 933 impune
845 877 1093 933 legentibus
1116 894 1258 921 aures,

209 945 433 988 Ridentur
454 946 564 988 mala
586 947 663 1000 qui
683 953 951 1001 componunt
973 947 1187 989 carmina:
1220 963 1370 990 verum

210 1013 423 1056 Gaudent
445 1015 701 1065 scribentes,
724 1021 768 1056 et
790 1028 836 1061 se
858 1021 1133 1065 venerantur,
1156 1023 1200 1057 et
1223 1015 1354 1065 ultro,

210 1081 259 1123 Si
278 1088 439 1131 taceas,
459 1082 654 1132 laudant,
677 1083 887 1137 quicquid
909 1083 1139 1137 scripsere,
1162 1084 1293 1126 beati.

210 1147 276 1191 At
295 1150 371 1204 qui
390 1149 630 1206 legitimum
651 1151 800 1205 cupiet
821 1150 977 1192 fecisse
998 1166 1168 1205 poema,

97 1216 180 1259 110
210 1217 323 1259 Cum
343 1218 504 1274 tabulis
526 1219 715 1260 animum
735 1219 928 1260 censoris
951 1226 1092 1260 sumet
1112 1219 1286 1260 honesti
1303 1236 1313 1270 ;

81 1341 191 1384 fastra,
205 1346 282 1374 cett.
325 1343 347 1374 J
351 1352 402 1373 am
417 1340 562 1384 sequitur
578 1342 682 1373 faceta
701 1341 843 1384 descrip-

95 1384 140 1417 tio
157 1384 289 1428 superbi
310 1385 465 1422 incessus,
485 1395 549 1426 quo
570 1384 644 1415 vani
666 1385 719 1416 isti
742 1391 844 1426 poetae

94 1427 136 1459 ad
151 1428 293 1460 carmina
314 1434 378 1460 tam
395 1427 558 1459 recitanda
572 1438 670 1469 quam
686 1427 846 1458 audienda

94 1469 131 1501 in
151 1471 307 1514 templum
330 1470 494 1513 Apollinis
516 1469 658 1501 Palatini
679 1480 713 1501 se
732 1470 846 1501 ferant.

98 1513 224 1548 Quanto
244 1515 416 1550 molimine.-
439 1512 563 1554 egregie
582 1514 721 1544 molimen
744 1512 848 1554 desig-

97 1561 155 1588 nat
169 1555 337 1588 ridiculum
353 1555 506 1593 studium,
517 1566 581 1597 quo
594 1556 667 1597 quis
681 1555 730 1587 vel
740 1566 848 1596 gressu

97 1599 138 1631 ad
170 1604 287 1630 certam
324 1608 504 1630 mensuram
541 1598 672 1635 directo,
702 1599 751 1629 vel
785 1598 849 1629 alto

99 1651 138 1673 su
181 1641 280 1680 rcilio,
309 1641 362 1673 vel
391 1651 586 1683 quocunque
618 1640 682 1672 alio
713 1640 850 1683 corporis

99 1651 212 1716 habitu
247 1683 412 1732 diguitatis
446 1689 480 1716 et
516 1683 680 1725 gravitatis
712 1684 851 1726 speciem

100 1725 231 1759 affectat
243 1731 276 1758 et
289 1726 406 1758 induit.

141 1770 200 1802 94.
227 1769 363 1801 Vaeuam
383 1769 528 1800 Romanis
545 1770 675 1804 vatibus,
691 1771 852 1810 patentem

99 1811 203 1856 poetis
214 1812 380 1844 Romanis.
419 1813 471 1844 De
482 1811 643 1854 Apollinis
656 1811 786 1853 templo,
797 1811 853 1841 ubi

162 1860 204 1887 tae
217 1855 361 1888 carmina
373 1865 433 1887 sua
448 1854 636 1891 recitabant,
647 1854 714 1885 vid.
729 1864 798 1895 sup.
811 1853 852 1884 ad

146 1903 172 1930 t.
187 1897 210 1936 i,
230 1898 284 1934 10,
299 1898 354 1930 38.

144 1941 201 1972 95.
222 1941 363 1982 Sequere,
379 1949 426 1971 sc.
439 1950 497 1971 nos
512 1939 546 1971 in
561 1939 730 1981 templum.

145 1983 203 2016 96.
225 1983 333 2020 Ferat,
350 1982 498 2026 proferat,
515 1982 635 2014 recitet.

145 2027 202 2058 97.
227 2027 390 2063 Caedimur,
413 2032 443 2057 et
465 2027 600 2061 totidem,
624 2029 700 2056 cett.
725 2034 850 2066 prover-

101 2068 182 2101 biali
203 2069 364 2101 locutione
386 2078 455 2110 pro,
474 2067 558 2105 ictus
576 2068 676 2099 ictum
697 2066 852 2108 sequitur,

104 2121 175 2148 nos,
189 2112 301 2154 Schlag
315 2111 511 2154 eufSchlag,
526 2121 583 2153 par
596 2109 663 2152 pari
678 2110 852 2145 referimus,

103 2153 162 2196 qui
184 2164 242 2186 nos
264 2154 359 2186 laudo
381 2154 535 2190 cumulat,
559 2154 695 2185 eundem
714 2151 852 2183 vicissim

105 2197 200 2229 laude
215 2198 432 2229 cumulamus.

147 2240 313 2273 98-101.
336 2239 436 2271 Lento
460 2239 621 2274 Samnites,
647 2242 724 2269 cett.
752 2244 854 2268 certa-

105 2293 179 2315 mus
191 2288 225 2314 et
303 2292 428 2318 namus,
442 2281 542 2312 veluti
557 2281 749 2321 gladiatores
765 2281 856 2311 Sam-

105 2325 188 2364 nites
209 2293 377 2368 eriugxima
397 2323 544 2361 lumina;
566 2333 676 2366 pugna
692 2322 777 2354 enim
801 2323 858 2354 illa

0 2384 3 2398 l
59 2396 65 2400 .
105 2377 172 2401 non
186 2373 236 2400 est
249 2366 382 2405 fervida,
399 2367 454 2399 sed
464 2367 562 2398 lenta.
606 2367 641 2397 Si
654 2365 735 2397 alter
746 2376 808 2402 me,
822 2371 857 2396 ut

103 2416 233 2454 poetam
249 2409 396 2452 lyricum,
415 2409 519 2441 Alcaei
540 2409 730 2450 cognomine
753 2414 856 2444 ornat,

104 2463 165 2495 ego
186 2452 295 2490 inum,
315 2458 355 2485 ut
382 2458 510 2495 poetam
539 2451 730 2493 elegiacum,
755 2451 857 2483 Calli-

106 2495 226 2533 machi.
241 2502 276 2528 et
295 2495 323 2528 ni
342 2494 377 2527 id
396 2505 461 2526 non
482 2493 560 2525 satis
581 2500 643 2530 est,
659 2494 858 2532 Mimnermi,

131 2538 197 2570 uod
225 2543 329 2581 optat,
357 2537 547 2578 cognomine
577 2547 665 2568 orno.
708 2537 857 2567 Samnites

121 2586 236 2614 uerunt
260 2591 364 2622 genus
386 2579 547 2622 quoddam
568 2579 792 2620 gladiatorum,
817 2579 857 2610 ab

60 2632 62 2634 ’
102 2629 265 2657 umatum
288 2622 464 2656 Samnitica
484 2621 542 2664 (de
559 2631 624 2663 qua
638 2620 702 2652 vid.
717 2621 788 2652 Liv.
809 2620 856 2656 ix,

56 2671 63 2708 g
107 2665 172 2708 40)
195 2665 243 2698 ita
263 2665 433 2702 dictorum,
457 2664 513 2707 qui
539 2664 622 2696 inter
650 2663 798 2696 convivia
820 2663 860 2695 ad

0 2724 2 2729 ·
55 2742 64 2754 1
105 2710 208 2751 Jm‘me
235 2709 353 2741 luminu
383 2709 544 2750 (tempore
574 2706 763 2748 vespertino,
796 2716 860 2748 quo

57 2774 70 2796 Ξ
108 2751 212 2801 prima
235 2751 360 2784 lumina
381 2751 612 2785 accenduntur,
636 2749 679 2780 cf.
701 2759 772 2791 sup.
794 2750 861 2780 Sat.

0 2798 1 2802 ’
55 2797 71 2839 ζ
109 2793 147 2832 xi,
171 2791 207 2833 Ἴ,
232 2794 295 2835 33)
324 2793 476 2826 convivas
498 2803 563 2824 non
587 2802 696 2834 pugna
718 2797 862 2828 cruenta,

0 2843 2 2850 '
62 2856 78 2863 Α,
104 2836 168 2877 ,ια-1
186 2838 272 2874 ‚lenta
293 2836 346 2879 (in
366 2837 498 2878 longum
515 2835 688 2878 producta)
705 2834 863 2868 delectare

73 2889 80 2892 ’
108 2879 270 2922 flebant.
314 2880 368 2912 Dc
387 2879 503 2910 omissa
525 2877 683 2920 particula
698 2887 862 2920 compara-

83 2931 85 2933 ’
110 2921 209 2956 tionis
222 2925 315 2958 sicut,
330 2921 395 2954 vid.
407 2931 478 2963 sup.
494 2921 535 2952 ad
550 2932 582 2951 v.
598 2921 629 2951 8.

107 2984 115 2991 -
156 2965 214 2996 99.
236 2965 368 2996 Diu-edo
381 2965 499 2996 Aemus
510 2977 519 2995 .·
542 2964 582 2995 de
599 2964 698 2994 ,alcaeo
715 2961 780 2994 vid.
795 2972 865 3004 sup.

889 1342 929 1372 ad
947 1342 1011 1374 Od.
1035 1343 1057 1378 i,
1075 1343 1128 1380 32,
1141 1345 1173 1374 5.
1223 1344 1352 1378 Puncta,
1377 1343 1541 1384 suffragio,
1558 1344 1592 1375 h.
1608 1353 1639 1374 e.

888 1385 1059 1415 sententia.
1103 1386 1183 1416 Lata
1195 1386 1227 1416 in
1241 1386 1378 1417 comitiis
1389 1396 1407 1416 a
1421 1386 1555 1427 singulis
1573 1387 1641 1417 suf-

888 1427 987 1468 fragia
1003 1428 1195 1459 notabantur
1209 1428 1242 1458 in
1260 1429 1376 1460 tabulis
1396 1435 1509 1468 puncto
1519 1441 1530 1466 ,-
1554 1430 1641 1460 unde

888 1476 1037 1509 punctum
1069 1480 1125 1512 pro
1161 1471 1329 1512 suffragio;
1367 1470 1550 1502 notissimus
1587 1472 1642 1503 ille

892 1523 1002 1543 versus
1025 1512 1150 1544 Horatii
1173 1512 1207 1544 in
1231 1514 1333 1556 Epist.
1355 1515 1397 1545 ad
1423 1514 1492 1545 Pis.
1512 1524 1541 1544 v.
1565 1515 1641 1551 343,

895 1556 990 1586 Omne
1022 1558 1096 1588 tulit
1125 1563 1290 1596 punctum,
1324 1559 1377 1598 qui
1411 1559 1533 1589 miscuit
1563 1559 1643 1588 utile

894 1600 991 1629 dulci.

939 1642 1012 1672 101.
1032 1641 1086 1671 Fit
1101 1641 1316 1672 Mimnermus:
1332 1641 1372 1672 de
1385 1641 1567 1673 Mimnermo
1580 1642 1645 1673 vid.

894 1694 965 1725 sup.
982 1684 1022 1714 ad
1041 1682 1141 1725 Epist.
1157 1684 1179 1719 i,
1197 1685 1230 1719 6,
1247 1685 1301 1715 65.
1348 1684 1468 1724 Optivo,
1485 1685 1569 1726 quod
1585 1685 1646 1716 sibi

894 1726 962 1756 dari
978 1726 1144 1768 optaverit.

942 1769 1016 1799 102.
1035 1767 1140 1799 ΜιῖΙτα
1143 1768 1218 1810 fero
1226 1768 1386 1808 {debebat
1395 1767 1481 1800 enim
1494 1769 1647 1800 Horatius

896 1811 992 1841 malis
1021 1811 1133 1853 poetis,
1164 1822 1203 1842 ne
1233 1821 1287 1842 eos
1316 1811 1463 1847 irritaret,
1499 1814 1646 1851 patientes

897 1863 988 1884 aures
1003 1854 1141 1895 praebere
1157 1853 1300 1885 carmina
1316 1863 1374 1884 sua
1390 1853 1610 1886 recitantibus.

943 1898 1017 1933 104,
1037 1898 1110 1927 105.
1133 1897 1362 1937 Idem,finitis,
1378 1902 1454 1928 cett.
1498 1899 1545 1928 At
1561 1907 1646 1929 nunc

896 1948 968 1980 ego,
995 1939 1172 1970 carminum
1200 1939 1440 1970 scribendorum
1464 1940 1570 1971 studio
1592 1940 1647 1972 de-

898 1982 1012 2023 posito,
1028 1987 1061 2012 et
1075 1981 1176 2013 furore
1192 1982 1316 2024 poetico
1329 1993 1369 2013 ex
1382 1987 1487 2013 mente
1501 1993 1647 2019 excusso,

898 2034 990 2056 aures
1005 2026 1163 2066 (patulas)
1180 2034 1267 2056 meas
1286 2025 1428 2056 carmina
1448 2026 1648 2067 praelegenti-

898 2068 957 2098 bus
981 2066 1154 2108 (obturem)
1177 2068 1324 2099 obturare
1348 2067 1462 2103 ausim,
1488 2069 1587 2108 (dms
1603 2070 1651 2099 ich

899 2121 927 2141 es
942 2111 1019 2141 wohl
1035 2121 1151 2152 wagen,
1166 2113 1262 2142 meine
1275 2111 1377 2141 Ohren
1393 2121 1430 2141 zu
1443 2111 1648 2152 verstopfem)

898 2152 976 2194 quia
1001 2153 1033 2184 id
1056 2163 1142 2184 nunc
1165 2153 1231 2184 fieri
1254 2159 1358 2195 potest
1382 2155 1515 2192 impune,
1539 2154 1650 2185 adver-

899 2195 990 2226 sariis
1009 2195 1090 2226 nihil
1108 2195 1260 2238 amplius,
1283 2195 1369 2238 quod
1392 2195 1488 2228 dente
1510 2196 1651 2238 maligno

900 2244 1044 2280 carpant,
1060 2238 1265 2270 habentibus.
1547 2261 1554 2263 s

948 2282 1009 2312 106
1026 2292 1097 2323 sqq.
1119 2282 1193 2313 Jarn
1215 2280 1359 2322 sequitur
1382 2280 1474 2312 locus
1496 2288 1650 2323 praestan-

900 2323 1052 2361 tissimus,
1069 2334 1163 2365 quem
1181 2334 1244 2355 non
1260 2323 1430 2364 scriptores
1445 2330 1580 2362 tantum,
1596 2324 1652 2366 qui

901 2377 939 2398 ea
955 2377 1027 2408 quae
1045 2367 1187 2398 scribunt
1210 2367 1251 2397 ad
1273 2373 1392 2398 rectam
1418 2376 1560 2397 normam
1584 2368 1651 2398 exi-

900 2420 973 2451 gere
991 2409 1113 2446 voluut,
1133 2410 1190 2440 sed
1211 2410 1306 2441 etiam
1330 2408 1459 2444 tirones,
1479 2410 1534 2451 qui
1558 2410 1591 2440 in
1615 2409 1653 2440 iis

902 2463 974 2493 quae
991 2452 1023 2483 in
1043 2452 1161 2483 scholis
1179 2452 1322 2483 scribunt
1338 2459 1371 2483 et
1388 2451 1553 2483 elaborant
1570 2459 1654 2484 recte

901 2502 933 2526 et
951 2495 1121 2537 prudenter
1139 2495 1255 2526 versari
1274 2494 1422 2536 cupiunt,
1446 2502 1520 2526 ante
1542 2495 1654 2526 oculos

901 2537 1028 2574 habere,
1052 2537 1116 2568 imo
1139 2538 1280 2569 ediscere
1303 2537 1432 2568 debent.
1477 2539 1652 2580 Postquam

903 2580 1027 2612 scilicet
1042 2580 1196 2611 Horatius
1207 2580 1354 2615 breviter,
1370 2580 1427 2613 sed
1439 2579 1519 2612 vivis
1541 2580 1654 2611 colori-

902 2624 963 2654 bus
974 2623 1128 2654 malorum
1140 2623 1329 2665 scriptorum
1343 2623 1528 2665 φιλαυτίαν
1541 2623 1654 2654 adum-

903 2665 1018 2702 bravit,
1034 2665 1150 2696 futuris
1173 2665 1377 2708 scriptoribus
1392 2666 1442 2697 vel
1466 2666 1567 2707 poetis
1584 2673 1653 2697 tan-

905 2718 1017 2750 quam.
1032 2707 1066 2738 in
1096 2709 1204 2739 tabula
1234 2708 1382 2751 proponit
1411 2708 1509 2750 leges,
1539 2708 1657 2750 quibus

904 2750 1096 2782 salubriores
1129 2757 1162 2782 et
1197 2750 1404 2794 sapientiores
1440 2751 1491 2782 vix
1524 2750 1656 2793 cogitari

906 2799 1048 2836 possunt.

954 2837 1026 2867 106.
1051 2836 1210 2868 Ridentur
1223 2837 1306 2866 mala
1322 2838 1387 2877 qni,
1409 2842 1486 2867 cett.
1532 2835 1657 2866 Riden-

906 2884 957 2910 tur
971 2879 1100 2921 quidem
1115 2879 1191 2910 mali
1203 2886 1324 2921 poetae;
1342 2879 1396 2910 sed
1412 2878 1445 2909 id
1459 2889 1521 2909 uon
1534 2884 1656 2914 curant,

907 2922 970 2953 imo
987 2921 1116 2953 mirifice
1133 2921 1194 2952 sibi
1210 2922 1340 2964 placent
1353 2921 1537 2956 scribentes,
1553 2926 1628 2950 cett.

954 2965 1028 2996 108.
1054 2965 1208 3005 Quicquid
1224 2967 1378 3003 scripsere,
1394 2966 1486 2999 beati,
1503 2961 1658 3004 quicquid
