1884 3288
295 194 381 236 5242

846 194 1244 236 CARMINUM

637 291 832 347 Derepta
852 292 1110 335 Parthorum
1131 293 1328 347 superbis

693 358 897 399 Postibus
918 366 962 400 et
982 373 1161 400 vacuum
1181 359 1334 400 duellis

580 424 737 465 «Ianum
759 425 985 471 Quirinum
1006 424 1144 474 clusit,
1167 433 1209 466 et
1231 426 1423 466 ordinem

499 491 550 531 10
581 490 765 532 Rectum
787 491 984 545 evaganti
1004 491 1137 531 fraena
1158 491 1365 532 Licentiae

634 557 800 612 Injecit,
821 558 1060 610 emovitque
1081 556 1242 610 culpas,

695 624 755 664 Et
775 631 940 664 veteres
962 623 1175 663 revocavit
1196 629 1309 663 artes
1327 639 1336 671 3

580 690 665 731 Per
685 705 791 744 quas
815 689 1015 730 Latinum
1037 702 1188 728 nomen
1209 696 1252 728 et
1273 687 1392 728 Italae

580 757 764 798 Crevere
786 757 910 805 vires,
933 756 1128 808 famaque
1150 762 1193 795 et
1214 754 1366 808 imperi

500 823 550 863 15

637 823 844 864 Pom-ecta
865 822 1064 876 majestas
1086 821 1140 862 acl
1162 829 1302 862 ortum

695 889 806 930 Solis
829 890 884 929 ab
906 888 1120 942 Hesperio
1142 888 1284 928 cubili.

580 956 771 998 Custode
793 970 932 996 rerum
955 955 1140 1003 Caesare,
1162 969 1247 995 non
1268 954 1388 996 furor

580 1022 724 1063 Civilis
745 1030 817 1063 aut
838 1023 899 1062 vis
921 1022 1066 1075 exiget
1086 1021 1232 1070 otium,

297 1129 382 1161 haud
412 1131 474 1160 alto
505 1129 582 1160 mari
612 1127 843 1164 committenda,
874 1127 1029 1159 tribuitur.

301 1173 440 1214 Propert.
459 1170 504 1204 iii.
524 1173 555 1206 7,
576 1173 607 1207 3,
631 1172 713 1205 Quid
731 1182 776 1201 me
796 1171 944 1201 scribendi
969 1177 1029 1200 tam

299 1221 415 1244 vastum
434 1216 528 1244 mittis
552 1216 584 1244 in
607 1215 726 1251 aanor?
773 1213 841 1243 Non
864 1221 935 1242 sunt
959 1219 1030 1251 apta

296 1267 364 1287 meae
383 1258 516 1298 grandia
545 1257 609 1287 vela
632 1257 706 1285 rati.
751 1255 845 1285 Ovid.
874 1253 965 1285 Trist.
993 1254 1027 1290 ii,

298 1298 372 1335 329,
398 1299 468 1329 Non
490 1300 554 1329 ideo
575 1299 657 1328 debet
678 1299 783 1338 pelago
806 1308 834 1327 se
858 1299 1030 1340 credere½si

297 1351 356 1380 qua
382 1342 480 1372 Audet
505 1342 538 1370 in
566 1341 670 1380 exig-uo
694 1341 797 1369 ludere
821 1340 923 1378 cymba
949 1340 1030 1369 lacu.

300 1381 501 1422 Tyrrhenum,
518 1392 571 1423 pro
586 1381 662 1411 mari
678 1380 798 1422 quoviS.

340 1425 456 1454 4-16,
482 1424 557 1458 Tua,
587 1424 696 1457 Caesar,
727 1429 808 1457 aetus,
841 1426 915 1453 cett.
962 1421 1029 1452 Ob-

298 1475 385 1496 serva
407 1471 507 1507 poetae
531 1470 640 1501 artem,
660 1474 724 1505 qua
744 1465 890 1495 lectorem
911 1464 943 1494 in
965 1474 1029 1494 me-

298 1507 381 1538 diam
405 1518 468 1538 rem
489 1507 612 1549 abripit.
658 1507 732 1537 Non
758 1506 802 1536 ait
827 1506 922 1540 enim,
953 1510 974 1523 ¹¹
990 1506 1029 1535 ab

297 1549 448 1591 Apolline
463 1549 558 1589 igitur
572 1559 590 1579 a
604 1559 637 1579 re
654 1554 767 1579 temere
790 1548 912 1589 incepta
929 1547 1030 1578 deter-

297 1591 387 1627 ritus,
407 1591 590 1622 felicitatem
614 1590 716 1632 potius
739 1600 792 1631 per
811 1589 949 1630 Augusti
966 1589 1030 1620 vic-

295 1633 391 1664 torias
407 1633 498 1663 nobis
513 1640 630 1674 partam
647 1631 791 1666 canam,’'
807 1632 860 1661 sed
875 1641 944 1661 eam
966 1637 1028 1661 sta-

297 1675 351 1705 tim
376 1676 472 1706 canit,
519 1675 582 1705 Tua
606 1681 686 1710 cetus,
708 1679 782 1703 aetas
803 1684 873 1714 quae
898 1674 955 1703 sub
978 1678 1029 1702 tuo

297 1716 425 1757 imperio
455 1716 542 1747 nobis
570 1715 709 1756 contigit,
738 1715 767 1745 h.
789 1725 817 1746 e.
842 1725 902 1756 pax
926 1725 978 1755 per
1001 1720 1030 1745 te

297 1759 387 1789 nobis
411 1759 501 1789 data.
551 1758 667 1798 Fruges
696 1759 809 1791 uberes,
841 1759 1028 1788 ubertatem:

298 1811 368 1843 sup.
385 1800 429 1836 iv,
447 1803 478 1838 5,
496 1801 545 1838 18,
565 1800 672 1830 Nutrit
689 1811 764 1829 rura
783 1801 879 1834 Ceres,
895 1800 1030 1838 “luraque

298 1843 464 1874 Faustitas.
509 1843 604 1883 Signa
619 1849 716 1872 nostro
733 1843 862 1872 restituit
876 1841 955 1876 Jotti,
968 1842 1028 1871 De-

298 1891 385 1924 repta
413 1886 598 1915 Parthorum
629 1885 760 1923 superbis
789 1884 935 1914 Postibus.
980 1883 1029 1913 De

297 1926 395 1967 signis
418 1927 631 1958 Romanorum
654 1926 838 1957 militaribus
863 1935 882 1955 a
906 1925 1030 1955 Parthis

297 1968 442 2010 receptis,
469 1967 533 1998 vid.
563 1979 634 2008 sup.
665 1967 696 1998 in
726 1978 842 2007 argum.
866 1967 905 1997 ad
929 1966 973 2001 iii,
997 1969 1028 1997 5.

298 2010 493 2042 Mentionem
514 2015 615 2040 autem
638 2020 722 2040 nunc
743 2010 818 2039 facit
835 2010 943 2040 horum
965 2008 1028 2048 sig-

297 2062 420 2086 norum,
445 2051 527 2092 quod
551 2062 612 2082 non
641 2052 742 2082 solum
773 2061 875 2082 eorum
904 2061 1029 2092 recupe-

297 2094 374 2125 ratio
389 2094 427 2125 ad
443 2093 580 2134 Augusti
603 2103 649 2123 res
664 2093 900 2134 gloriosissimas
920 2093 1029 2123 resere-

297 2137 398 2171 batur,
427 2141 457 2166 et
486 2135 625 2166 certatim
657 2141 813 2176 poetarum
840 2134 1028 2165 carminibus

298 2184 364 2208 tum
385 2177 532 2219 temporis
552 2177 776 2210 celebrabatur,
794 2176 854 2206 vid.
875 2177 967 2208 Cerd.
989 2177 1028 2207 ad

300 2219 389 2261 Virg.
406 2221 482 2253 AEn.
499 2219 552 2254 vii,
577 2219 661 2256 6073
690 2219 743 2249 sed
770 2217 862 2249 etiam
888 2217 971 2258 quod
996 2218 1027 2248 in

297 2261 421 2293 illorum
435 2261 682 2302 recuperatione,
698 2260 731 2291 h.
749 2270 777 2290 e.
793 2261 825 2290 in
842 2259 931 2290 victis
950 2260 1026 2290 Par-

295 2303 370 2339 this,
401 2305 546 2335 Romano
576 2302 694 2333 nomini
730 2301 948 2338 infestissimis,
979 2302 1027 2333 vel

295 2346 432 2377 maxime
460 2345 615 2376 nitebatur
643 2342 742 2386 pacis,
771 2344 809 2375 de
838 2354 899 2384 qua
929 2354 1028 2374 sermo

296 2393 355 2423 est,
373 2387 536 2419 securitaS.
581 2387 733 2426 Derepta:
757 2386 798 2416 cf.
813 2385 869 2415 inf.
886 2385 987 2427 Epist.
1005 2386 1026 2422 i,

299 2431 350 2467 18,
360 2431 413 2467 56,
425 2429 476 2460 ubi
489 2430 652 2469 Augustus
664 2431 748 2468 signa
763 2429 936 2465 templorum
951 2429 1027 2458 Par-

294 2471 417 2503 thorum
453 2472 581 2512 rqfizisse
616 2469 742 2500 dicitur.
796 2470 903 2500 Nostro
938 2470 1026 2500 Jovi:

296 2514 393 2545 Marti
409 2513 534 2554 quidem
557 2512 649 2543 ultori
667 2513 832 2553 Augustus
848 2517 1028 2552 recuperata

296 2565 315 2586 a
339 2555 460 2586 Parthis
478 2555 567 2594 signa
588 2564 785 2585 consecrasse
808 2553 948 2588 traditur,
964 2554 1027 2584 vid.

295 2597 359 2628 Dio
375 2597 429 2633 liv,
450 2599 469 2628 8
485 2609 492 2633 ;
517 2596 571 2627 sed
591 2606 663 2626 cum
681 2601 773 2638 poeta
792 2597 824 2626 in
847 2595 1026 2627 universum

296 2650 380 2671 nunc
410 2639 547 2670 indicare
575 2638 680 2672 vellet,
709 2638 798 2678 signa
827 2637 882 2668 illa
910 2638 1025 2679 populo

295 2682 438 2713 Romano
461 2681 603 2712 restituta
623 2689 702 2715 esse,
726 2680 831 2721 posuit
851 2679 942 2710 deum
966 2681 1025 2710 sub

292 2725 385 2765 cujus
400 2722 549 2766 peculiari
575 2722 672 2752 tutela
690 2721 840 2753 custodiri
861 2722 1026 2762 putabatur

294 2766 475 2797 Romanum
501 2763 687 2805 imperium3
710 2773 764 2804 pro
788 2763 907 2802 vulgari
931 2763 1025 2804 igitur

293 2810 375 2839 nobis
406 2807 504 2838 multo
541 2807 663 2847 gravius
696 2805 775 2835 dixit
811 2812 910 2836 nostro
944 2806 1023 2837 Joci.

294 2851 441 2886 Postibus,
463 2859 508 2880 sc.
530 2847 732 2889 templorumz
758 2857 826 2888 sup.
844 2846 890 2883 iii,
914 2849 945 2884 5,
971 2849 1020 2883 18,

292 2893 326 2923 in
354 2891 490 2923 oratione
526 2890 654 2931 Reguli,
686 2889 779 2929 Signa
814 2900 866 2929 ega
899 2890 1022 2920 Punicis

292 2935 400 2975 Adfiaa
429 2934 571 2969 delubris,
606 2939 633 2963 et
664 2942 748 2962 arma
779 2932 929 2962 Militibus
956 2933 1018 2962 sine

1073 1129 1159 1164 ccede,
1178 1130 1265 1166 dimit,
1285 1129 1420 1168 Der-epta
1439 1129 1513 1159 vidi.
1555 1128 1705 1168 Superbis,
1718 1137 1805 1169 mag-

1074 1170 1164 1200 nifice
1188 1170 1324 1201 ornatis:
1351 1171 1440 1211 Virg.
1465 1171 1543 1201 AEn.
1565 1169 1600 1206 ii,
1623 1170 1700 1205 504,
1723 1169 1804 1200 Bar-

1073 1213 1173 1243 barico
1193 1220 1286 1252 postes
1303 1224 1378 1243 auro
1396 1213 1551 1253 spoliisque
1566 1212 1698 1252 supe-rbi.
1745 1211 1804 1242 Va-

1072 1265 1162 1284 cuum
1181 1257 1301 1286 duellis.
1345 1255 1491 1286 Duellum
1509 1253 1639 1296 antique
1656 1263 1723 1301 pro,
1738 1253 1806 1284 bel-

1074 1295 1163 1334 lum3
1185 1298 1275 1328 clusit
1301 1308 1368 1339 pro,
1393 1296 1525 1327 clausit:
1547 1295 1581 1326 in
1603 1301 1803 1336 antiquarum

1073 1337 1271 1369 enim“rerum
1288 1337 1576 1370 commemoratione
1595 1337 1733 1368 studiose
1747 1347 1804 1379 po-

1073 1384 1132 1410 etae
1159 1386 1190 1410 et
1213 1380 1267 1410 alii
1289 1381 1452 1421 scriptores
1474 1379 1618 1420 antiquas
1641 1380 1804 1410 verborum

1074 1421 1187 1452 formas
1201 1422 1311 1452 sectari
1326 1422 1439 1453 solent.
1483 1422 1534 1452 De
1549 1422 1655 1461 templo
1668 1421 1743 1452 Jani
1757 1426 1805 1452 est

1073 1463 1160 1494 locus
1176 1464 1326 1494 classicus
1340 1463 1423 1506 apud
1440 1462 1510 1494 Liv.
1525 1463 1547 1498 i,
1566 1463 1624 1494 19:
1649 1462 1734 1494 unde
1747 1463 1804 1494 Ja-

1074 1516 1130 1535 nus
1151 1505 1255 1536 dictus
1277 1506 1318 1536 sit
1346 1507 1506 1540 Quirinus,
1529 1504 1607 1535 disci
1637 1509 1740 1546 potest
1765 1515 1804 1536 ex

1073 1547 1217 1578 Macrob.
1238 1547 1259 1582 i,
1279 1549 1311 1582 9,
1339 1547 1377 1578 In
1394 1549 1487 1578 sacris
1506 1557 1617 1587 quoque
1635 1548 1804 1578 invocamus

1073 1589 1187 1618 Janum
1206 1590 1381 1624 Quirinum,
1397 1591 1482 1629 quasi
1499 1590 1642 1619 bellorum
1657 1595 1804 1628 potentem

1072 1631 1108 1659 ab
1123 1632 1218 1667 hasta,
1236 1642 1322 1671 quam
1343 1631 1448 1662 Sabini
1467 1633 1564 1662 carim
1582 1637 1700 1663 vocam.
1741 1631 1802 1663 Ce-

1073 1677 1171 1702 terum
1202 1683 1274 1703 cum
1302 1674 1439 1712 templum
1461 1673 1536 1704 Jam'
1558 1678 1614 1710 ter,
1637 1678 1669 1703 ut
1692 1673 1802 1704 Sueto-

1073 1714 1145 1744 nius
1175 1720 1303 1745 testatur
1330 1716 1412 1756 Aug.
1438 1716 1503 1746 Vit.
1525 1726 1554 1746 c.
1574 1715 1627 1753 22,
1651 1716 1712 1746 sub
1735 1715 1802 1746 Au-

1073 1762 1164 1796 gusto
1199 1757 1339 1787 clausum
1376 1756 1479 1792 saeuit,
1514 1756 1646 1798 primum
1677 1756 1804 1798 quidem

1074 1799 1115 1829 U.
1132 1799 1170 1832 C.
1186 1809 1332 1834 nccxxv,
1358 1804 1428 1841 post
1444 1798 1603 1830 victoriam
1626 1799 1802 1836 Actiacam,

1072 1840 1134 1870 vid.
1156 1841 1219 1871 Dio
1240 1841 1274 1876 li,
1296 1843 1350 1875 20,
1369 1841 1540 1872 secundum
1563 1851 1711 1876 cccxxx,
1734 1846 1804 1883 post

1072 1882 1188 1912 bellum
1220 1883 1455 1919 Cantabricum,
1485 1883 1548 1914 vid.
1576 1882 1640 1914 Dio
1664 1882 1722 1919 liii,
1748 1883 1802 1919 26,

1073 1924 1208 1959 tertium,
1247 1931 1281 1956 ut
1316 1925 1476 1967 probatum
1511 1925 1566 1956 ivit
1595 1925 1737 1956 Masson.
1770 1925 1803 1956 in

1072 1967 1194 2008 Templ.
1233 1967 1308 1998 Jan.
1349 1967 1459 1998 Reser.
1495 1977 1527 2009 p.
1563 1967 1639 2003 208,
1683 1967 1726 1998 U.
1762 1967 1803 1998 C.

1075 2019 1267 2046 nccxxx1v3
1290 2014 1371 2040 recte
1393 2008 1575 2051 interpretes
1594 2008 1653 2039 hoc
1677 2018 1802 2040 carmen

1074 2050 1112 2080 ad
1144 2060 1272 2086 annum,
1309 2061 1372 2091 quo
1398 2051 1522 2082 tertium
1549 2050 1624 2082 Jani
1652 2051 1801 2092 templum

1074 2092 1215 2123 clausum
1244 2093 1313 2128 suit,
1345 2093 1491 2124 referunt.
1535 2093 1608 2124 Jam
1634 2103 1704 2124 vero
1729 2103 1802 2124 cum

1072 2139 1170 2164 totum
1187 2135 1244 2165 hoc
1260 2145 1384 2165 carmen
1400 2135 1431 2165 in
1447 2133 1650 2166 describenda
1665 2134 1800 2166 reductae

1070 2176 1155 2216 pacis
1182 2176 1330 2207 felicitate
1357 2183 1515 2215 versetur3
1544 2186 1666 2208 summa
1685 2176 1742 2208 illa
1762 2177 1802 2208 de

1071 2218 1185 2258 templo
1223 2218 1300 2248 Jani
1333 2218 1440 2249 clauso
1472 2218 1580 2249 laetitia
1607 2217 1800 2250 occasionem

1070 2258 1143 2289 htuic
1171 2259 1335 2290 scribendo
1361 2259 1490 2290 carmini
1518 2259 1642 2291 dedisse
1666 2260 1801 2292 videtur.

1076 2300 1206 2332 Vacuum
1229 2302 1348 2338 duellis,
1367 2303 1452 2342 quod
1471 2303 1554 2334 Jano
1573 2301 1682 2333 clauso
1702 2312 1803 2334 vacua

1070 2343 1156 2374 bello
1172 2343 1229 2374 fuit
1245 2343 1430 2385 respublica.
1465 2344 1730 2385 Evagantifraena
1745 2345 1800 2375 Li-

1071 2387 1174 2416 centiae
1197 2384 1318 2425 Injecss,
1343 2385 1386 2416 sic
1409 2396 1478 2428 sup.
1498 2385 1544 2420 iii,
1567 2386 1620 2422 24,
1639 2386 1693 2422 29,
1716 2388 1799 2417 indo-

1070 2429 1173 2458 mitam
1198 2428 1361 2469 rqfroenare
1384 2427 1551 2459 Licentiam
1564 2439 1575 2465 ,·
1607 2429 1711 2459 emovit
1732 2430 1800 2460 cul-

1069 2480 1132 2507 pas,
1155 2469 1318 2500 recidenda
1333 2469 1451 2501 curavit
1465 2469 1593 2511 flagitia,
1609 2469 1802 2512 exstirpavit·

1072 2511 1220 2542 Similiter
1234 2523 1304 2553 sup.
1319 2511 1361 2547 iv,
1382 2513 1414 2547 5,
1430 2513 1484 2548 22,
1501 2513 1567 2543 Mos
1584 2518 1614 2543 et
1632 2513 1677 2543 les
1696 2523 1800 2543 macu-

1071 2554 1164 2583 losum
1179 2555 1308 2584 edomuit
1327 2553 1423 2595 nefas.
1471 2555 1586 2586 Veteres
1604 2560 1694 2590 artes,
1715 2560 1799 2585 vete·

1070 2605 1132 2626 rem
1149 2595 1359 2637 disciplinam,
1375 2595 1414 2627 de
1429 2606 1494 2636 qua
1512 2595 1621 2627 Livius
1634 2596 1668 2626 in
1690 2596 1798 2627 Prooe·

1069 2637 1144 2672 mio,
1177 2637 1316 2668 Celerum
1345 2643 1398 2668 aut
1426 2648 1470 2668 me
1493 2649 1576 2668 amor
1599 2639 1712 2679 negotii
1736 2649 1799 2669 sus-

1068 2682 1145 2719 cepti
1162 2680 1269 2720 finit·
1293 2685 1348 2710 aut
1368 2681 1456 2710 nulla
1476 2691 1608 2720 uuquam
1629 2680 1798 2719 respublica

1068 2732 1121 2752 vec
1142 2723 1237 2761 major
1259 2732 1310 2752 nec
1332 2724 1463 2752 sanctior
1486 2733 1539 2752 nec
1561 2723 1642 2752 bonis
1663 2723 1798 2761 exemplis

1068 2765 1162 2794 ditior
1167 2765 1249 2806 fuit.
1286 2763 1440 2803 MaJ‘estas,
1453 2763 1550 2804 gloria
1559 2769 1591 2794 et
1602 2762 1797 2805 amplitud03

1067 2807 1102 2836 ab
1138 2806 1278 2845 Hesperio
1305 2806 1410 2841 cubili,
1433 2806 1473 2836 ab
1502 2805 1642 2841 oceane.
1667 2804 1721 2836 ubi
1750 2805 1797 2836 sol

1066 2847 1220 2885 conditur,
1235 2847 1310 2883 sive.
1329 2851 1362 2877 ut
1383 2846 1483 2888 prisca
1507 2846 1566 2878 sibi
1586 2847 1724 2888 fingebat
1741 2857 1796 2878 an-

1065 2889 1200 2930 tiquitas,
1222 2890 1362 2921 cubitum
1385 2890 1416 2925 it,
1439 2889 1470 2920 h.
1485 2899 1513 2920 e.
1534 2898 1552 2919 a
1573 2889 1650 2920 solis
1668 2899 1796 2920 occasu.

1064 2933 1252 2973 Comparant
1274 2930 1396 2962 'l'ibulh
1417 2930 1451 2967 ii,
1471 2932 1502 2967 5,
1525 2932 1579 2969 57,
1597 2931 1692 2963 Roma
1709 2937 1794 2962 tuum
