1904 3314
665 185 892 228 LIBER
930 186 968 238 1‚·
1004 188 1068 229 19.

1558 189 1644 232 495

211 286 492 330 Virtutemne
512 293 800 342 repraesentet
819 301 1049 341 moresque
1071 287 1287 330 Catonis?

130 354 183 397 15
212 354 358 412 Rupit
380 356 588 398 Iarbitam
607 354 862 410 Timagenis
884 353 1040 396 aemula
1058 353 1223 409 lingua,

209 422 332 466 Dum
353 424 501 466 studet
520 423 730 472 urbanus,
753 421 982 476 tenditque
1003 422 1194 477 disertus
1217 421 1386 464 haberi.

208 490 391 547 Decipit
411 489 634 545 exemplar
653 490 766 532 vitiis
790 489 1021 532 imitabile:
1054 491 1174 545 quod
1198 491 1235 532 si

207 557 423 601 Pallerem
443 572 564 607 casu,
585 558 789 600 biberent
809 572 1034 614 exsangue
1055 559 1290 601 cuminum.

209 625 253 667 Ο
271 626 524 674 imitatores,
547 640 718 667 servum
740 639 892 681 pecuS,
914 634 964 669 ut
983 626 1088 668 mihi
1117 643 1234 683 saepe

117 693 177 735 20
205 692 361 744 Bilem,
383 708 502 749 saepe
517 693 666 748 jocum
687 694 821 735 vestri
841 709 1014 737 movere
1036 695 1247 738 tumultus
1266 699 1275 738 Σ

206 760 370 803 Libera
389 775 469 816 per
490 775 673 802 vacuum
695 761 822 816 posui
844 761 1028 816 vestigia
1052 762 1258 817 princeps
1276 779 1285 803 ε

203 827 311 870 Non
331 827 471 870 aliena
490 842 586 870 meo
609 828 750 883 pressi
770 828 902 883 pede.

727 896 881 938 Parios
903 911 987 952 ego
1007 898 1172 952 primus
1194 898 1360 941 iambos

206 895 316 938 Dux
335 896 449 951 regit
468 911 666 938 examen.

964 829 1056 877 Qui
1078 829 1160 871 sibi
1181 829 1294 881 fidit,

204 963 397 1006 Ostendi
417 963 562 1015 Latio,
585 979 789 1007 numeros
810 965 1065 1020 animosque
1087 973 1264 1008 secutus

87 1098 200 1130 Graeea
233 1098 396 1131 Nocturna
430 1106 546 1131 versate
578 1110 685 1137 manu,
721 1107 838 1131 versate

86 1143 215 1173 diurna.

132 1185 273 1216 12—14.
301 1184 408 1220 Quid?
437 1186 463 1216 si
487 1187 566 1226 quis,
594 1190 668 1216 cett.
714 1185 835 1222 Quem-

84 1226 258 1259 admodum
281 1237 375 1259 nemo
399 1234 502 1270 poetae
526 1227 653 1259 laudem
678 1227 745 1258 solo
770 1227 836 1257 vini

83 1275 173 1312 potu,
192 1269 237 1301 ita
260 1279 355 1301 nemo
378 1269 513 1302 Catonis
535 1270 683 1301 virtutem
708 1270 836 1310 assequi

83 1317 187 1356 potest
206 1312 274 1344 solo
298 1313 339 1344 ad
354 1318 522 1344 externum
543 1312 616 1354 ejus
637 1311 780 1342 habitum
802 1322 836 1343 se

75 1354 293 1398 ‘componendi
317 1354 432 1386 studio.
478 1355 541 1386 Sed
565 1355 662 1395 vulgo
690 1354 835 1386 homines

83 1397 161 1430 vitia
182 1398 302 1441 potius.
322 1408 396 1447 quae
419 1397 518 1430 alicui
543 1397 717 1435 adhaerent,
736 1407 833 1438 quam

83 1439 170 1484 ipsas
183 1440 317 1473 virtutes
334 1440 512 1472 imitantur.
562 1441 659 1472 Vultu
681 1447 764 1472 torvo
774 1440 831 1482 fe—

81 1493 158 1515 πα.-
182 1483 259 1516 Vet.
294 1483 406 1515 Schol.
439 1484 553 1526 Cruq.,
591 1483 678 1518 Cato,
713 1489 834 1515 senator

84 1526 243 1558 Romanus
255 1529 375 1565 (serino
390 1531 439 1559 est
453 1526 494 1558 de
510 1527 636 1558 Catone
653 1525 832 1566 Uticensi),

81 1575 120 1600 ut
140 1570 271 1601 severior
289 1575 464 1610 appareret,
480 1571 599 1600 intonsa
622 1570 713 1600 barba
735 1571 831 1608 capil-

82 1612 177 1654 lisque
189 1613 333 1652 prodibat
347 1613 382 1643 in
394 1613 563 1652 publicum,
577 1614 712 1653 duroque
732 1613 830 1643 calce-

80 1662 201 1687 omento
213 1661 244 1686 et
257 1665 330 1694 sepe
345 1656 444 1692 nullo,
454 1661 582 1696 togaque
597 1657 726 1696 exigua.-
750 1654 832 1686 Plu-

80 1698 183 1730 tarch.
219 1697 254 1729 in
283 1697 353 1730 Vit.
391 1698 465 1730 Cat.
504 1697 591 1729 Utic.
647 1698 831 1740 Exiguaeque

82 1746 159 1784 toga
174 1747 302 1777 textore,
317 1746 350 1772 et
366 1751 442 1772 usus
456 1739 580 1781 exiguae
596 1746 679 1782 tagre
698 1746 829 1776 textore,

81 1783 118 1816 h.
141 1793 172 1816 e.
194 1783 328 1816 indutus
349 1783 465 1825 exigua
487 1789 576 1824 toga,
593 1794 647 1825 pro
673 1782 829 1825 simplice,

81 1828 117 1858 in
130 1833 202 1869 toga
211 1828 322 1870 eaigua
333 1837 344 1864 ‚·
368 1831 471 1858 textor
485 1825 596 1868 panni,
609 1836 627 1857 e
638 1837 702 1868 quo
716 1825 832 1865 exigua

82 1869 239 1902 Catonem
262 1869 418 1901 simulans
432 1874 505 1911 toga
530 1869 677 1900 confecta
691 1874 750 1906 est,
763 1868 831 1910 jam

80 1914 176 1953 ipsius
194 1919 270 1955 toga>
292 1914 408 1953 exiguae
431 1918 527 1943 lenm·
545 1917 686 1943 vocatur.
732 1912 830 1943 Com-

182 1961 196 1987 t
214 1965 288 1988 cum
309 1955 370 1986 hoc
387 1954 539 1996 loquendi
561 1965 674 1996 genere
697 1965 769 1996 sup.
785 1955 828 1985 E-

81 1998 158 2040 pist.
183 1997 206 2035 i,
226 1999 258 2035 l,
278 1998 334 2034 94.
353 1997 387 2029 Si
411 2005 540 2029 curatus
559 1998 696 2038 inequali
716 2003 830 2028 tonsore

80 2042 214 2082 capillus
224 2053 235 2078 ,·
259 2041 315 2072 sed
329 2050 379 2072 res
393 2039 437 2072 ibi
453 2041 548 2083 paulo
564 2040 655 2071 aliter
671 2051 704 2072 se
720 2040 828 2075 habet,

83 2093 158 2116 nam
173 2083 300 2116 additur
314 2093 375 2115 vox
389 2090 516 2115 curatus
528 2083 576 2115 vel
589 2090 731 2114 cui-taius
741 2095 752 2120 ;
777 2093 828 2115 ce-

81 2132 184 2159 terum
195 2128 349 2169 exiguam,
361 2126 414 2158 vel
428 2133 546 2158 arctam
563 2126 613 2168 (iri
630 2125 732 2168 Epist.
748 2137 828 2168 pri-e-

79 2169 153 2202 ced.
178 2181 210 2201 v.
234 2168 296 2209 30)
317 2176 418 2211 togam
441 2169 607 2211 gestabant
629 2168 652 2199 ii
676 2169 732 2210 qui
755 2179 829 2201 cum

79 2212 328 2254 elegantioribus
339 2219 439 2254 togam
454 2213 552 2243 laxam
565 2217 622 2243 aut
636 2217 758 2251 gestare
770 2222 826 2242 no-

79 2255 201 2292 lebant,
212 2260 250 2287 ut
265 2254 358 2291 Cato,
370 2255 490 2298 priscos
506 2265 606 2286 mores
621 2260 759 2291 sectans,
773 2260 830 2286 aut

79 2308 140 2341 pro
156 2308 190 2330 ro
203 2297 293 2330 tenui
307 2308 370 2329 non
387 2303 543 2341 poterant.

86 2362 88 2364 v
127 2342 181 2379 15,
201 2341 255 2373 16.
279 2340 450 2383 Timagenis
474 2341 597 2383 lingua,
620 2338 773 2371 facundia
795 2346 828 2373 et

81 2393 154 2423 ως
174 2384 296 2420 amula,
309 2382 542 2415 aemulationem
557 2383 714 2415 excitans.
758 2383 826 2414 Ru.-

78 2429 127 2467 pit
143 2426 306 2463 Iarbitam,
321 2426 408 2462 fecit,
426 2432 462 2458 ut
481 2426 608 2458 Iarbitae
627 2425 682 2457 ilia
699 2437 826 2468 rumpe-

81 2475 201 2505 rentur,
219 2469 302 2501 Dum
321 2468 377 2501 ille
391 2471 528 2501 urbanus
548 2468 716 2511 (elegans)
731 2476 759 2500 et
778 2470 827 2499 di-

80 2520 180 2544 sertus
189 2513 295 2544 haberi
308 2514 422 2548 studet,
439 2514 594 2552 tenditque
611 2514 738 2553 (omnes
749 2511 830 2544 vires

82 2554 250 2596 intendit).
289 2554 440 2586 Iarbitam
454 2567 463 2585 .·
489 2554 566 2586 vet.
582 2554 702 2590 schol..
720 2555 830 2586 Facete

79 2600 182 2639 posuit
198 2597 349 2630 Iarbitam
369 2608 434 2638 pro,
450 2598 613 2632 Maurum,
629 2608 699 2627 nam
714 2604 743 2628 et
760 2597 829 2628 Iar-

83 2641 135 2672 bas
147 2642 276 2672 emulus
289 2647 356 2671 erat
372 2641 487 2671 AEneoe.
518 2640 580 2670 Hic
597 2639 716 2670 Iar-bita
733 2640 828 2670 Mau-

81 2693 138 2714 rus
146 2683 220 2726 fuit
237 2683 367 2718 Cordus.
382 2685 447 2724 qui,
463 2684 537 2714 dum
556 2682 746 2724 Timagenem
761 2684 829 2713 imi-

83 2728 221 2763 tabatur,
234 2732 300 2766 post
318 2727 490 2757 convivium
510 2731 538 2756 et
555 2727 637 2756 inter
653 2725 764 2765 pocula
778 2726 830 2755 de-

82 2769 277 2805 clamantem,
305 2775 430 2809 propter
461 2769 654 2799 insolentiam
674 2768 832 2808 faciendi,

186 2813 368 2847 conabatur,
391 2822 475 2851 poeno
498 2812 658 2851 disruptus
681 2817 734 2841 est.
777 2810 830 2841 De

75 2853 204 2886 -Iarbi'ta
234 2853 408 2895 Timagenis
432 2854 608 2885 aemulatme
631 2852 830 2895 'peculiarem

77 2895 229 2928 {ibellum
266 2896 394 2939 scripsit
430 2896 486 2928 Cl.
519 2895 694 2930 Weicbert,
729 2895 830 2927 Grim.

885 1100 1074 1142 Timagenes.
1114 1099 1365 1138 Alexandrinus,
1411 1101 1635 1135 celeberrimus

881 1142 999 1178 rhetor,
1024 1153 1043 1174 a
1066 1143 1207 1174 Gabinio
1232 1143 1371 1174 Romam
1396 1144 1565 1182 abductus,
1589 1147 1634 1178 ibi

881 1195 982 1227 usque
1001 1186 1041 1216 ad
1061 1186 1198 1226 Augusti
1213 1191 1355 1229 tempora
1369 1186 1556 1219 rhetoricam
1576 1190 1634 1222 do.

879 1228 985 1259 cuisse
1014 1227 1143 1260 dicitur.
1188 1229 1308 1269 Rupit.-
1338 1235 1448 1260 notum
1476 1237 1526 1262 est
1550 1232 1632 1265 illud

883 1270 1022 1312 Virgilii,
1037 1277 1227 1311 rumpantur
1243 1279 1278 1303 ut
1296 1273 1351 1303 itia
1373 1273 1482 1305 Codro.
1531 1274 1632 1306 Urba-

880 1324 938 1343 nus
949 1326 958 1343 .-
982 1313 1108 1345 Cordus
1122 1319 1188 1345 erat
1204 1315 1352 1352 Maurus,
1370 1315 1550 1347 Romanam
1566 1319 1632 1350 ele-

879 1355 1032 1404 gantiam·
1058 1356 1210 1404 orationis
1244 1362 1308 1388 tam
1339 1364 1502 1391 venustate
1533 1370 1631 1401 quam

878 1405 1141 1440 pronunciatione
1157 1405 1352 1431 imitaturus.

923 1442 975 1479 17,
988 1442 1039 1472 18.
1065 1442 1230 1482 Exemplar
1242 1444 1327 1474 vitiis
1342 1444 1501 1481 imitabile,
1514 1454 1628 1476 exem-

879 1483 968 1525 plum
993 1484 1046 1515 cui
1071 1484 1234 1515 adhaerent
1249 1484 1338 1520 vitia,
1354 1495 1427 1526 quae
1452 1486 1546 1518 simul
1571 1489 1630 1519 ali-

877 1526 951 1568 quis
973 1526 1086 1558 imitari
1108 1527 1218 1569 possit,
1235 1526 1328 1559 facile
1350 1527 1469 1571 decipit
1489 1529 1629 1562 imitato-

877 1579 937 1605 res,
961 1569 1064 1611 magis
1087 1570 1127 1601 ad
1150 1569 1294 1601 vitiorum
1318 1581 1416 1611 quarn
1440 1571 1482 1603 ad
1505 1573 1630 1606 virtutis

875 1610 1083 1644 imitationem
1099 1623 1284 1655 propensos.
1315 1613 1474 1650 Biberem,
1491 1626 1537 1647 sc.
1555 1616 1628 1648 imi-

874 1659 1002 1686 tatores.
1052 1656 1219 1686 Cumiuum
1250 1667 1414 1698 exsangue,
1440 1658 1527 1698 quod
1554 1669 1629 1690 san-

874 1697 972 1738 guine
986 1708 1127 1739 represso
1142 1699 1294 1740 pallorem
1316 1698 1458 1730 inducit:
1486 1701 1575 1732 Pers.
1592 1713 1623 1738 v,

874 1741 928 1776 55,
946 1742 1089 1780 pallentis
1102 1752 1205 1782 grana
1225 1743 1353 1777 cumini,
1368 1741 1408 1772 de
1424 1742 1452 1772 vi
1468 1753 1563 1783 quam
1588 1744 1622 1776 in

875 1783 936 1814 oris
952 1783 1089 1814 colorem
1104 1785 1262 1815 cuminum
1274 1783 1390 1815 habere
1404 1784 1536 1817 dicitur:
1559 1787 1623 1819 vid.

877 1825 1059 1857 Dioscorid.
1075 1825 1120 1862 iii,
1137 1827 1190 1857 68.

922 1869 975 1900 19.
1002 1869 1031 1899 U
1033 1875 1044 1899 t
1057 1879 1142 1908 soepe,
1156 1879 1251 1910 quam
1266 1879 1361 1912 saepe.

915 1912 969 1942 20.
994 1911 1159 1942 Tumultus
1172 1925 1180 1941 .·
1205 1923 1270 1943 una
1284 1922 1360 1943 voce
1375 1912 1501 1954 egregie
1516 1915 1622 1956 expri-

872 1953 968 1985 mitur
993 1955 1130 1991 vanitas,
1157 1965 1221 2002 qua
1244 1955 1332 1986 stulti
1357 1954 1531 1987 imitatores
1557 1968 1621 1990 non

873 1996 941 2028 sine
958 2007 1072 2038 magno
1086 2003 1217 2039 strepitu
1232 1997 1337 2029 studia
1355 2007 1414 2028 sua
1427 1998 1562 2040 jactant,
1577 2006 1620 2038 et,

873 2040 959 2081 quod
975 2040 1008 2071 in
1025 2039 1187 2088 proverbio
1209 2040 1339 2077 dicitur,
1354 2040 1472 2072 fluctus
1492 2042 1524 2073 in
1543 2042 1619 2074 sim-

874 2083 950 2125 pulo
965 2088 1119 2114 excitant.

917 2126 971 2157 21.
995 2126 1107 2157 Libera
1122 2127 1247 2167 vestigia
1271 2132 1476 2168 opponuntur
1495 2126 1532 2158 iis
1548 2139 1621 2170 quae

873 2168 1028 2200 serviliter
1042 2169 1154 2210 legunt
1167 2167 1355 2200 imitatores.
1403 2170 1465 2200 Per
1479 2182 1624 2210 vacuum,

870 2222 926 2253 per
953 2222 1022 2242 cam
1047 2222 1082 2242 os
1111 2211 1230 2242 nullius
1257 2211 1361 2243 adhuc
1388 2213 1467 2254 pede
1493 2219 1595 2246 tactos
1610 2227 1620 2254 3

869 2265 924 2294 per
939 2257 1008 2286 avia
1050 2256 1182 2286 ieridum
1199 2255 1262 2285 loca
1278 2255 1332 2297 (ut
1345 2254 1485 2297 loquitur
1501 2257 1622 2288 Lucre-

872 2297 936 2328 tius
964 2297 1006 2335 iv,
1036 2297 1072 2338 1)
1099 2298 1218 2328 nullius
1242 2305 1314 2328 aule
1337 2300 1414 2330 trita
1438 2300 1520 2336 solo‚·
1546 2299 1619 2332 hinc

872 2340 1026 2372 Horatius
1051 2350 1144 2382 supra
1170 2341 1253 2383 (Od.
1279 2339 1326 2376 iii,
1350 2342 1405 2378 30,
1426 2343 1484 2382 13)
1509 2343 1548 2373 de
1573 2353 1619 2380 se,

871 2383 1165 2423 Dicar—Princeps
1180 2384 1314 2414 AEolium
1335 2395 1457 2415 carmen
1472 2387 1512 2416 ad
1529 2385 1622 2417 Italos

871 2426 1040 2458 Deduiisse
1058 2428 1173 2457 modos:
1197 2426 1239 2458 cf.
1261 2427 1403 2469 Propert.
1423 2427 1470 2463 iii,
1490 2429 1520 2464 1,
1537 2429 1570 2464 3,
1588 2430 1621 2460 4.

872 2469 943 2500 Non
974 2470 1088 2505 aliena,
1115 2479 1179 2500 non
1207 2469 1341 2511 vestigia
1369 2470 1514 2509 alioruin,
1540 2471 1622 2503 sewi

873 2511 996 2554 pecoris
1009 2511 1145 2548 scilicet,
1161 2511 1367 2543 imitatorum.

916 2555 972 2585 23.
996 2555 1082 2591 Dux,
1099 2559 1136 2585 ut
1151 2554 1260 2595 regina
1275 2565 1382 2597 apum.
1424 2557 1529 2587 Parios
1546 2559 1622 2588 iam-

874 2599 934 2633 bos,
951 2597 994 2641 ab
1006 2607 1114 2628 eorum
1131 2596 1292 2629 inventore
1309 2599 1513 2635 Archilocho,
1526 2600 1622 2642 cujus

875 2639 976 2688 patria
993 2639 1054 2670 fuit
1069 2640 1174 2677 Paros,
1186 2650 1252 2671 una
1263 2650 1281 2672 e
1298 2640 1496 2683 Cycladibus
1511 2642 1622 2674 insulis

875 2692 908 2712 in
923 2682 1003 2713 mari
1019 2683 1146 2723 AEgaeo.

918 2725 974 2756 24.
999 2725 1242 2757 OstendiLatio.
1279 2726 1442 2763 Horatius,
1460 2737 1533 2758 cum
1557 2727 1622 2770 pri-

875 2777 947 2798 mus
970 2768 1188 2799 Romanorum
1207 2773 1370 2816 poetarum
1387 2780 1464 2801 usus
1482 2776 1565 2802 esset
1589 2770 1620 2801 in

873 2809 954 2841 libro
968 2810 1104 2853 Epoddn
1119 2810 1234 2842 iambis
1246 2812 1287 2843 ab
1296 2811 1492 2844 Archilocho
1509 2812 1619 2844 inven-

875 2852 926 2890 tis,
942 2853 1116 2885 iamborum
1137 2864 1228 2885 usum
1247 2854 1339 2886 Latio
1357 2857 1498 2890 ostendit,
1514 2855 1620 2896 palam

875 2895 961 2932 fecit,
977 2897 1010 2928 h.
1025 2907 1052 2928 e.
1076 2895 1251 2928 iamborum
1269 2907 1360 2928 usum
1386 2898 1547 2928 Romanos
1564 2896 1621 2927 do-

89 2939 186 2975 1821,
201 2938 298 2981 cujus
319 2938 415 2971 lectio
436 2938 583 2987 jucunda
607 2938 667 2970 erit
690 2937 730 2968 iis
754 2948 835 2980 quos
878 2939 955 2970 cuit.
1000 2940 1191 2980 Animosque,
1222 2940 1320 2971 animi
1352 2940 1554 2971 acerbitatem
1587 2938 1619 2969 in

83 2979 271 3024 diligentius
287 2981 321 3014 in
333 2982 489 3025 ejusmodi
503 2992 551 3015 res
563 2981 722 3025 inquirere
731 2981 834 3024 juvat.

878 2981 1125 3024 perstringendis
1153 2981 1258 3014 vitiis:
1290 2982 1346 3015 inf.
1379 2982 1413 3014 in
1446 2982 1550 3023 Epist.
1581 2980 1623 3012 ad
