1904 3314
447 194 818 240 EPISTOLA
851 193 948 236 AD
987 193 1316 237 PISONES.

1566 196 1644 238 541

230 297 320 339 Seu
341 312 517 340 cursum
535 297 715 339 mutavit
735 296 930 350 iniquum
951 294 1152 349 frugibus
1173 295 1328 344 amnis,

228 363 402 407 Doctus
422 366 506 408 iter
524 364 676 407 melius
693 379 702 405 ε
734 361 931 405 mortalia
951 361 1068 404 facta
1088 362 1312 417 peribunt,

227 431 406 474 Nedum
427 446 672 474 sermonum
694 437 779 472 stet
797 430 938 472 honos
959 437 1004 471 et
1023 429 1164 484 gratia
1183 430 1324 471 vivax.

141 497 198 540 70
227 499 373 542 Multa
394 507 690 550 renascentur,
713 513 813 554 quae
827 494 920 553 jam
941 498 1158 547 cecidere,
1180 498 1426 552 cadentque

227 567 341 615 Quae
362 582 476 610 nunc
498 574 600 609 sunt
620 567 664 608 in
684 566 850 608 honore
871 565 1096 615 vocabula,
1121 565 1157 606 si
1177 564 1293 607 volet
1314 580 1434 615 usus,

227 635 372 684 Quem
392 649 526 691 penes
546 635 774 676 arbitrium
793 640 862 676 est
882 641 926 676 et
940 634 1014 688 jus
1035 640 1080 675 et
1101 648 1252 675 norma
1271 632 1492 688 loquendi.

282 702 376 744 Res
397 709 533 758 gestae
554 703 794 758 regumque
816 702 1064 756 ducumque
1085 708 1130 742 et
1150 701 1293 742 tristia
1312 700 1441 750 bella,

227 769 330 818 Quo
351 771 483 812 scribi
502 777 683 826 possent
703 784 897 821 numero,
921 770 1176 811 monstravit
1197 768 1435 811 Homerus.

139 836 195 879 75
226 837 440 880 Versibus
460 839 684 894 impariter
699 838 864 892 junctis
887 837 1157 892 querimonia
1178 838 1380 893 primum,

224 904 334 948 Post
353 907 483 948 etiam
503 906 671 948 inclusa
690 912 759 947 est
779 905 868 948 voti
889 906 1104 948 sententia
1125 920 1318 960 compos.

224 973 337 1021 Quis
357 981 502 1016 tamen
522 975 706 1029 exiguos
727 973 875 1029 elegos
897 973 1089 1015 emiserit
1109 981 1275 1024 auctor,

187 1086 189 1089 ,
223 1040 507 1083 Grammatici
527 1049 711 1092 certant,
733 1048 778 1083 et
799 1041 943 1084 adhuc
967 1042 1048 1083 sub
1065 1042 1216 1096 judice
1237 1041 1288 1083 lis
1310 1049 1392 1083 est.

224 1108 540 1151 Archilochum
559 1110 740 1165 proprio
760 1109 902 1151 rabies
924 1109 1105 1150 armavit
1126 1110 1291 1152 iambo:

134 1177 192 1219 80
222 1176 356 1219 Hunc
378 1178 494 1219 socci
514 1192 671 1233 cepere
693 1178 865 1233 pedem,
888 1177 1166 1233 grandesque
1188 1177 1407 1226 cothurni,

221 1238 418 1287 Alternis
439 1252 589 1300 aptum
612 1245 898 1295 sermonibus,
920 1252 964 1286 et
986 1244 1220 1299 populares

220 1311 482 1356 Vincentem
502 1314 728 1368 strepitus,
754 1319 798 1354 et
818 1320 970 1354 natum
990 1314 1123 1354 rebus
1145 1314 1343 1369 agendis.

107 1455 211 1499 (mare
235 1454 269 1487 in
293 1455 400 1488 sinum
428 1461 517 1487 terrae
541 1454 722 1498 receptum)
749 1457 854 1487 classes

106 1499 306 1540 Aquihmibus
328 1506 412 1530 arcet
432 1498 576 1548 (inversa
595 1499 800 1534 constructio,
818 1505 855 1530 ut

106 1541 528 1626 ΐεὲξίὔῖιξυὲοὲῖἑςῗῃῖἶὲἓέε
537 1552 616 1625 ¹2sz
630 1541 813 1627 ἃᾟιῗιιείοεῖιῖἰ
817 1552 855 1616 na

106 1626 337 1668 didissimum),
351 1628 523 1668 sterilisque
537 1629 592 1659 diu
609 1629 711 1668 palus,
726 1634 855 1669 aptaque

107 1672 196 1702 remis
218 1670 455 1712 (navigabilis),
478 1670 600 1702 Vicinus
624 1670 745 1712 (nune)
767 1673 855 1702 urbes

104 1714 177 1750 alit,
193 1720 223 1746 et
242 1725 339 1756 gram
360 1720 503 1744 aratrum
524 1717 616 1745 sentit
639 1715 760 1756 (aratro
783 1725 854 1756 pro-

105 1754 304 1796 acinditur);
337 1757 398 1787 Seu.
422 1758 520 1788 amnis
545 1756 704 1797 (Tiberis)
731 1768 854 1788 cursum

107 1800 248 1841 iniquum
260 1799 414 1842 frugibus
429 1802 595 1842 (agrorum
616 1799 737 1838 cultui)
751 1806 854 1831 muta-

107 1843 164 1879 vit,
182 1843 299 1874 Doctus
313 1845 374 1874 iter
392 1844 498 1874 melius
515 1841 638 1893 <delabi
660 1842 784 1874 scilicet
803 1842 854 1874 iti-

107 1894 182 1918 nere
211 1885 298 1917 haud
326 1885 465 1934 amplius
493 1895 639 1927 agrorum
670 1885 770 1918 cultui
804 1886 853 1917 in-

106 1927 226 1969 festo)·
252 1938 315 1971 sup
315 1928 455 1971 ‚Epist.
477 1928 500 1966 i,
535 1930 584 1966 14,
609 1929 664 1965 30,
689 1931 715 1960 si
738 1930 853 1960 decidit

107 1972 215 2009 inber,
231 1939 337 2003 Multa
351 1974 427 2003 mole
440 1974 590 2003 docendus
604 1973 708 2011 aprico
727 1983 854 2012 parcere

104 2020 214 2056 proto:
245 2013 316 2046 haec
342 2014 450 2046 omnia
476 2020 552 2045 sunt
574 2024 671 2063 opera
694 2014 852 2052 mortalia,

47 2075 55 2089 ι,
107 2067 181 2100 qun
201 2056 370 2101 peribunt3
392 2057 552 2141 quomodo
571 2056 668 2099 igitur
684 2069 853 2089 sermonum

106 2100 201 2132 honor
230 2081 399 2143 (splendbr
453 2107 483 2131 et
516 2103 624 2142 gratia
656 2100 853 2143 (elegantia)

49 2145 52 2149 '
107 2144 197 2176 vivax
210 2144 292 2175 stet?
314 2143 396 2186 (non
411 2143 563 2186 pereatl)

158 2186 213 2218 65.
240 2186 335 2228 Regis
361 2198 456 2227 opus.-
485 2188 572 2228 regia
600 2191 633 2218 et
657 2187 775 2229 regalia
803 2185 852 2218 di-

109 2234 239 2265 cuntur,
271 2239 346 2271 quae
376 2239 500 2261 summa
534 2229 768 2270 magnificentia
797 2240 853 2261 ex-

107 2271 358 2321 splendescunt5
406 2272 452 2304 sic
498 2272 632 2304 aedificia
659 2272 856 2321 ingentibus

22 2306 50 2350 ἦ,
106 2314 266 2347 sumtibus
288 2321 452 2347 exstructa
472 2325 542 2357 sup.
563 2315 627 2347 Od.
645 2314 679 2352 ii,
703 2316 755 2353 15,
774 2315 855 2346 ldi-

108 2363 225 2391 cuntur
243 2358 337 2400 regia:
353 2359 453 2390 moles.

108 2400 277 2433 Bonnam
291 2399 432 2432 malebat
445 2403 619 2438 sterilisve,
642 2400 676 2432 in
690 2400 856 2443 particulis

105 2443 192 2477 enim
214 2455 272 2486 que
295 2448 328 2476 et
349 2454 383 2475 ve
405 2454 469 2476 non
484 2443 572 2492 apud
593 2444 761 2476 Horatium
784 2450 854 2475 tan-

109 2490 189 2524 tum,
210 2492 248 2518 ut
267 2486 412 2536 pluribus
431 2486 510 2518 locis
533 2487 778 2525 observavimus,
800 2487 856 2519 sed

497 2358 573 2395 Pro,
589 2360 760 2399 sterilisque
775 2358 857 2390 bene

13 2538 15 2543 ⁴
54 2555 55 2558 η
107 2529 204 2563 etium
219 2530 304 2572 apud
317 2529 399 2561 alios
412 2529 578 2572 scriptores
591 2530 765 2572 saepissime
780 2540 855 2572 pec-

50 2574 55 2602 ἶ
109 2577 216 2605 mum
234 2577 284 2604 est
303 2582 323 2604 a
340 2571 486 2604 librariis.
530 2573 571 2603 In
586 2582 664 2604 voce
675 2575 765 2614 palus
780 2573 855 2605 ulti-

109 2625 163 2648 ma
189 2620 301 2648 contra
329 2615 417 2656 leges
446 2615 593 2646 metricas
621 2620 765 2664 correpta
789 2622 857 2654 est;

108 2658 168 2691 aad
182 2657 279 2696 idem,
294 2663 330 2690 ut
351 2659 477 2690 Servius
496 2663 528 2689 et
542 2657 729 2689 Priscianus
751 2659 857 2690 obser-

106 2706 198 2739 sont.
224 2710 455 2743 nonuunquam
486 2700 520 2732 in
547 2701 638 2732 tellus
664 2706 698 2732 et
725 2708 859 2732 senectus

106 2743 231 2777 hetam
244 2749 303 2776 est.
347 2744 454 2775 Satius
474 2743 572 2785 igitur
590 2742 726 2779 videtur,
743 2744 777 2775 in
795 2744 856 2776 hac

113 2786 399 2820 Grammaticorum
415 2786 634 2819 observatione
645 2786 859 2828 acquiescere

54 2837 67 2871 ἶ,
109 2836 207 2873 qum
245 2829 330 2866 loco,
366 2829 508 2862 omnium
537 2828 642 2861 Codd.
674 2830 860 2862 auctoritate

62 2895 66 2901 ,
107 2873 309 2910 confirmato,
334 2873 386 2904 vel
412 2873 646 2916 transponendo
668 2872 719 2904 vel
744 2872 859 2904 immu-

61 2940 66 2942 ἡ
113 2915 212 2949 undo
225 2914 289 2947 vim
306 2914 434 2947 inferre.

107 2972 109 2974 ·
157 2959 304 2991 73-85.
326 2959 457 2990 Sextum
482 2959 706 3001 Praeceptum.
733 2959 793 2990 Res
817 2959 866 2989 di-

66 2994 72 3019 V·
114 3011 206 3034 verse
236 3003 358 3034 diversa
384 3003 542 3043 postulant
572 3013 714 3033 versuum
743 3012 868 3043 genera.

900 1455 961 1486 Res
980 1462 1070 1498 gestae
1085 1462 1114 1486 et
1132 1457 1223 1492 bella,
1239 1463 1395 1496 praeeunte
1410 1457 1552 1493 Homero,
1569 1458 1646 1489 cele-

898 1499 1031 1529 brantur
1047 1500 1226 1530 hexametris
1237 1511 1248 1537 ,·
1271 1502 1406 1531 carmine
1423 1500 1568 1541 Elegiaco
1589 1513 1648 1531 mm

898 1543 983 1572 dolor
999 1548 1132 1578 tantum,
1150 1549 1185 1572 ut
1206 1545 1308 1583 prima
1328 1544 1498 1584 elegiarum
1513 1545 1646 1585 origine,

898 1586 934 1615 de
956 1586 1044 1615 rebus
1065 1586 1215 1621 tristibus,
1230 1587 1394 1627 sedetiam
1415 1597 1517 1617 sensus
1538 1589 1648 1624 laetior,

898 1629 935 1658 de
958 1631 995 1659 iis
1017 1639 1082 1668 quae
1106 1640 1141 1659 ex
1164 1635 1230 1659 voto
1253 1636 1418 1664 cesserunt,
1439 1631 1620 1669 exprimitur
1633 1642 1646 1667 ,-

898 1681 1001 1702 versus
1031 1672 1077 1702 vel
1104 1682 1154 1710 pes
1183 1673 1341 1707 iambicus,
1366 1683 1423 1712 quo
1447 1673 1648 1704 Archilochus

897 1715 1014 1753 primus
1043 1717 1205 1754 composuit
1230 1718 1368 1746 carmina
1391 1716 1552 1754 maledica,
1578 1726 1647 1746 cum

897 1763 987 1796 aptus
1015 1763 1085 1787 esset
1111 1759 1294 1788 sermonibus
1322 1759 1482 1788 miscendis
1504 1765 1534 1789 et
1557 1760 1647 1790 rebus

897 1801 1035 1841 agendis,
1053 1801 1162 1836 locum,
1178 1802 1233 1831 ubi
1247 1811 1276 1831 se
1289 1806 1429 1837 moveret,
1445 1802 1479 1831 in
1498 1803 1647 1833 comoediis

898 1849 927 1873 et
954 1844 1110 1885 tragoediis
1132 1845 1273 1880 invenit,·
1296 1846 1434 1875 carmina
1460 1844 1560 1884 lyrica
1585 1850 1660 1875 tam>

897 1886 931 1916 in
954 1885 1074 1926 hymnis
1095 1887 1220 1917 deorum
1242 1887 1422 1928 heroumque
1439 1893 1468 1917 et
1483 1889 1518 1917 in
1534 1887 1646 1926 Epim'-

896 1930 950 1959 ciis
961 1928 1210 1965 Hier-orticariam,
1221 1941 1311 1970 quam
1326 1931 1360 1961 in
1375 1931 1465 1961 rebus
1478 1932 1519 1961 ad
1533 1941 1647 1961 amores

897 1978 926 2002 et
956 1972 1039 2002 loz-tas
1072 1974 1300 2012 compotationes
1332 1974 1550 2014 spectantibus,
1578 1983 1645 2004 ver-

896 2020 1016 2046 santur.

941 2057 995 2088 74.
1017 2057 1084 2092 Quo
1099 2068 1234 2094 numero,
1247 2068 1312 2099 quo
1327 2057 1418 2089 metri
1433 2067 1559 2097 genere.

941 2100 1184 2141 75.1mpariter
1201 2102 1339 2141 junctis,
1367 2099 1529 2142 elegiaci&
1556 2101 1646 2132 Hex-

898 2142 1025 2176 ametris
1041 2143 1315 2194 Pentametrisque
1330 2143 1575 2175 alternantibus.

942 2186 996 2217 76.
1018 2186 1085 2217 Voti
1099 2187 1249 2218 sententia
1265 2197 1388 2227 cmpos,
1403 2196 1517 2217 sensus
1533 2185 1646 2234 volup-

899 2228 972 2260 tatis
999 2234 1032 2260 et
1061 2228 1364 2267 laetitiae;1aetatur
1390 2228 1475 2261 enim
1501 2239 1558 2271 qui
1583 2229 1648 2261 voti

899 2271 1068 2313 cujusdam
1083 2282 1213 2315 compos
1228 2272 1274 2303 fit.

944 2315 997 2346 77.
1022 2315 1157 2357 Exiguos
1179 2316 1287 2357 elegos,
1312 2320 1378 2345 tam
1396 2315 1437 2345 ob
1459 2325 1568 2346 versus
1587 2314 1647 2345 im-

901 2367 1003 2405 pareS,
1022 2368 1119 2400 quam
1142 2358 1228 2400 quod
1248 2357 1390 2390 carmina
1412 2357 1556 2399 elegiaca
1578 2358 1648 2389 bre-

898 2411 986 2432 viora
999 2411 1065 2433 esse
1080 2401 1195 2432 solent.

953 2444 1008 2475 78.
1044 2443 1246 2476 Grammatici
1285 2449 1417 2479 certant,
1456 2453 1503 2474 sc.
1541 2449 1649 2474 utrum

900 2486 979 2528 Poly
983 2493 1125 2518 mnestus
1154 2486 1384 2530 Colophonius,
1413 2485 1461 2517 vel
1490 2486 1652 2523 Callinus,

899 2530 950 2561 vel
960 2498 1166 2571 y,Terpander
1190 2540 1231 2561 an
1254 2530 1412 2561 Theocles
1434 2528 1562 2559 Naxius
1585 2529 1649 2560 ele-

901 2582 1010 2613 gorum
1049 2579 1160 2604 auctor
1190 2572 1311 2604 suerit·
1356 2571 1421 2603 vid.
1450 2571 1513 2602 de
1522 2571 1583 2602 hac
1620 2582 1652 2603 re

903 2615 1096 2646 Franckium
1123 2615 1156 2646 in
1179 2615 1308 2647 Callino
1331 2614 1398 2646 sive
1419 2615 1652 2656 quaestionibus

901 2658 942 2689 de
969 2658 1089 2699 origine
1117 2658 1267 2690 carminis
1293 2657 1441 2699 elegiaci.
1487 2657 1598 2688 Alton.
1623 2664 1655 2689 et

904 2700 993 2742 Lips.
1010 2701 1108 2732 1816.

945 2744 998 2774 79.
1034 2743 1328 2783 Proprio--iambox
1362 2743 1434 2785 jure
1463 2744 1577 2773 iambus
1607 2753 1654 2774 res

899 2787 1027 2827 propria
1064 2785 1182 2817 dicitur
1219 2786 1289 2828 ejus
1319 2788 1375 2828 qui
1412 2796 1486 2818 eum
1522 2786 1655 2816 invenit.

904 2830 1027 2864 Raties,
1043 2828 1082 2860 de
1105 2829 1239 2860 canibus
1261 2829 1444 2864 acrioribus,
1460 2828 1653 2870 quibuscum

906 2871 1081 2914 comparari
1101 2872 1181 2904 solet
1201 2872 1459 2904 maledicentium
1474 2872 1610 2912 impetus
1626 2876 1658 2901 et

910 2915 1078 2946 acerbitas.

954 2959 1008 2989 80.
1032 2958 1128 2989 Hunc
1150 2959 1226 2990 socci
1249 2969 1351 2998 cepere
1371 2959 1487 2996 pedem,
1504 2960 1578 2986 cett
1598 2955 1658 2986 hoc

913 3002 993 3044 pede
1008 3001 1133 3033 fabulas
1147 3001 1293 3033 incedere
1304 3000 1468 3042 jusserunt
1484 3003 1582 3039 poetae
1597 3003 1660 3028 tam
