1904 3314
671 214 898 258 LIBER
929 216 966 267 1,
997 217 1039 258 4.

1543 215 1630 258 319

200 320 373 373 Fertur,
394 322 458 365 uti
478 320 619 377 pulvis
640 311 847 362 coll'ectus
869 318 1057 368 turbine,
1079 332 1134 359 ne
1155 318 1261 372 quid

200 389 378 431 Summa
397 388 624 444 deperdat,
645 377 859 436 metuens,
881 391 957 427 aut
978 384 1155 440 ampliet
1177 392 1225 426 ut
1246 399 1351 427 rem.

200 456 367 500 Omnes
386 457 434 498 hi
454 462 651 498 metuunt
672 469 836 504 versuS,
859 453 993 494 odere
1014 462 1184 507 poetas.

199 524 384 568 Foenum
404 525 537 566 habet
557 524 601 564 in
623 537 775 572 cornu,
797 521 927 577 longe
949 520 1079 576 fuge3
1113 520 1348 562 dummodo
1369 519 1504 561 risum

111 590 170 632 35
200 590 410 634 Excutiat:
431 590 526 640 sibi,
549 604 636 632 non
656 589 728 631 hic
749 589 950 645 cuiquam
971 594 1123 643 parcet
1143 588 1296 637 amico,

198 658 262 700 Et
281 658 576 714 quodcunque
598 657 730 699 semel
751 657 914 699 chartis
936 656 1134 706 illeverit,
1159 671 1308 698 omnes

199 725 375 768 Gestiet
396 740 422 766 a
442 726 571 767 furno
592 726 828 767 redeuntes
852 725 962 767 scire
982 723 1184 780 lacuque,

198 793 262 836 Et
280 808 440 849 pueros
462 801 507 835 et
527 809 650 836 anus.

712 792 934 849 Agedum,
958 809 1098 848 pauca
1117 794 1267 849 accipe
1291 800 1470 835 contra:

198 858 391 903 Pr'imum
412 876 496 917 ego
517 876 584 904 me
606 861 792 912 illorum,
815 862 1012 904 dederim
1034 862 1195 917 quibus
1217 876 1314 903 esse
1336 861 1495 916 poetiS‚

111 929 169 971 40
200 928 448 984 Excerpam
469 945 672 972 numero:
705 945 848 985 neque
869 931 982 972 enim
1003 930 1264 972 concludere
1285 944 1458 972 versum

205 996 387 1039 Dixeris
407 1012 504 1039 esse
526 998 630 1039 satis
648 1015 658 1048 3
690 1013 847 1053 neque,
873 998 908 1039 si
930 998 1028 1052 quis
1051 998 1229 1047 scribat,
1253 996 1318 1037 uti
1337 1011 1434 1046 nos,

202 1065 400 1108 Sermoni
419 1066 641 1121 propiora,
663 1073 793 1122 putes
817 1067 934 1108 hunc
957 1081 1054 1108 esse
1076 1073 1263 1120 poetam.

191 1124 429 1189 'Ingenium
450 1135 520 1176 cui
541 1135 609 1185 sit,
633 1135 704 1177 cui
724 1149 845 1176 mens
868 1135 1066 1184 divinior,
1090 1142 1222 1188 atque
1243 1147 1292 1174 os

202 1200 372 1257 Magna
394 1209 662 1253 sonaturum,
687 1202 765 1244 des
787 1201 971 1243 nominis
991 1201 1124 1256 hujus
1146 1200 1372 1243 honorem.

85 1351 192 1386 utpote
212 1346 318 1386 plures
346 1346 427 1377 refer
454 1346 495 1378 ad
523 1358 604 1388 quos,
630 1357 704 1378 cum
733 1347 838 1390 plures

86 1398 208 1425 eornm,
222 1388 277 1430 qui
291 1389 469 1428 culpentur,
484 1390 515 1420 h.
530 1400 559 1420 e.
575 1389 838 1432 perstringantur,

88 1430 176 1472 digni
191 1432 267 1463 sint.
314 1431 376 1462 Pro
391 1433 482 1471 elige,
498 1432 530 1463 h.
550 1442 581 1464 e.
600 1443 700 1468 sume,
718 1433 751 1463 in
766 1434 837 1475 plu-

87 1474 176 1506 rimis
198 1473 292 1512 codd.
313 1485 396 1510 erue,
418 1475 451 1506 in
471 1475 661 1516 quibusdam
685 1478 778 1516 eripe,
800 1486 839 1507 ex

89 1527 155 1560 quo
175 1517 342 1549 Bentleius
364 1517 452 1552 fecit,
471 1521 585 1558 arripe.
631 1518 743 1549 Lectio
763 1520 842 1560 elige

89 1559 141 1592 vel
164 1559 198 1591 in
213 1560 335 1602 propria
357 1558 588 1600 significatione
610 1567 715 1592 sumta
735 1562 839 1593 locum

89 1602 206 1634 habere
231 1609 354 1645 potest;
378 1603 410 1633 in
436 1603 581 1644 eligendo
605 1603 688 1634 enim
714 1615 762 1640 eo,
787 1604 843 1645 qui

89 1645 239 1676 vitiorum
264 1655 377 1688 expers
404 1645 456 1681 sit,
482 1652 612 1677 externa
639 1646 709 1688 ejus
736 1647 841 1689 specie

89 1687 158 1719 falli
193 1698 384 1730 possumus;
415 1698 508 1719 nemo
539 1689 624 1719 enim
659 1689 728 1720 sine
758 1689 844 1720 vitiis

91 1731 246 1765 nascitur,
267 1731 350 1762 alius
369 1731 443 1766 hoc.
468 1731 550 1762 alius
574 1731 637 1762 alio
655 1731 732 1762 vitio
755 1733 842 1763 labo-

91 1779 152 1806 rat.
209 1774 314 1805 Media
344 1775 448 1811 turba,
478 1785 518 1806 ex
547 1774 654 1805 media
683 1774 845 1806 hominum

92 1815 308 1849 multitudine.

135 1861 192 1891 28.
217 1859 313 1891 Hunc
331 1861 415 1900 capit
434 1861 557 1902 argenti
577 1860 740 1899 splendor.-
762 1860 844 1891 alius

90 1911 238 1934 vasorum
266 1909 486 1943 argenteorum
515 1901 716 1944 splendorem
742 1903 842 1934 admi-

92 1951 192 1982 ratur,
209 1945 291 1976 alius
303 1950 370 1976 toto
390 1945 496 1976 animo
511 1944 544 1975 iu
560 1955 706 1976 vasorum
722 1955 761 1976 ex
784 1957 844 1981 aere

92 1987 247 2020 factorum
263 1987 470 2019 admiratione
484 1988 604 2019 defixus
620 1994 678 2019 est.
723 1990 843 2030 Argen-

94 2036 160 2062 tum
176 2029 292 2073 saepius
311 2029 351 2062 de
366 2038 493 2072 urgento
503 2031 606 2072 jecto,
624 2030 688 2062 sive
707 2030 745 2062 de
763 2032 846 2062 vasis

93 2083 134 2105 ex
150 2078 281 2114 argento
295 2072 400 2110 sactis,
410 2079 446 2104 ut
458 2083 496 2105 aes
509 2073 694 2115 simpliciter
706 2073 746 2105 de
762 2074 846 2105 vasis

94 2126 134 2148 ex
158 2126 220 2148 aere
242 2115 348 2147 factis.
396 2117 500 2148 Vetus
517 2116 628 2148 Schol.
650 2117 682 2147 in
700 2116 847 2149 hocloco

95 2170 134 2191 αι
158 2159 198 2191 de
221 2158 306 2191 vasis
333 2164 366 2190 et
388 2158 488 2200 signis
514 2158 690 2191 Corinthiis
717 2160 847 2202 accipit.

96 2201 255 2244 Equidem
282 2200 430 2243 intelligo
452 2212 589 2243 quaeque
611 2212 697 2238 vasa,
723 2203 847 2245 antiqui

96 2244 227 2276 artificis
253 2243 421 2286 cujusdam
449 2255 546 2275 manu
575 2245 694 2276 affabre
718 2255 758 2276 ex
786 2256 846 2277 aere

97 2287 223 2320 efficta:
247 2286 306 2319 inf.
321 2286 425 2330 Epist.
439 2287 461 2324 i,
478 2288 510 2323 6,
527 2288 579 2323 17,
596 2287 615 2318 I
627 2299 721 2323 nunc,
735 2300 847 2330 argen-

98 2337 164 2362 tum
184 2337 213 2362 et
229 2341 362 2362 memor
376 2336 471 2367 vetus,
488 2341 607 2372 ceraque
625 2338 653 2362 et
672 2337 753 2362 artes
773 2332 845 2363 Sus·

93 2375 181 2414 pice.-
204 2383 275 2416 sup.
301 2372 366 2404 Od.
391 2372 436 2409 iv,
463 2374 495 2408 8.
522 2374 556 2409 2,
584 2383 639 2416 per
666 2385 726 2405 (ενα
754 2380 848 2417 poeta

95 2415 280 2457 designasse
311 2415 436 2447 videtur
469 2417 585 2448 lebetes.
631 2417 751 2453 Albius,
784 2428 847 2449 non

97 2458 260 2496 Tibullus,
298 2458 356 2490 sed
394 2458 544 2500 ignobilis
581 2459 712 2502 quidam
755 2460 849 2492 homo

98 2501 212 2534 insano
227 2501 297 2534 aerie
313 2511 418 2533 amore
432 2507 560 2544 captus.

143 2545 198 2583 29,
210 2545 264 2576 30.
289 2544 352 2576 Hic
362 2551 475 2582 mutat,
486 2550 563 2575 cett.
579 2543 662 2575 alius
673 2549 720 2575 est
732 2555 852 2576 merca-

99 2592 161 2624 tor,
177 2587 234 2630 qui
249 2593 392 2629 quaestus
409 2586 548 2619 faciendi
563 2597 661 2618 causa
677 2588 717 2618 ab
734 2587 854 2620 oriente

100 2629 143 2663 ad
165 2629 365 2662 occidentem
389 2640 494 2672 usque
518 2639 572 2672 per
593 2630 692 2660 maria
715 2630 855 2671 navigat.

101 2673 300 2706 Mercator-es
314 2673 399 2715 apud
418 2679 539 2704 veteres
554 2682 618 2703 non
634 2678 855 2715 paratapecu·

103 2715 160 2748 nia
181 2725 302 2747 merces
324 2726 440 2751 emere,
455 2715 510 2746 sed
534 2724 656 2747 merces
681 2725 754 2746 cum
776 2726 856 2747 mer·

103 2758 197 2790 cibus
216 2757 250 2790 in
271 2758 372 2794 terris,
390 2768 470 2800 quas
488 2758 559 2789 navi
578 2758 739 2800 petebant,
756 2768 857 2790 remo-

103 2799 238 2833 tissimis
270 2807 392 2832 mutare
425 2801 592 2837 solebant;
623 2800 709 2832 unde
744 2802 860 2843 passim

55 2867 62 2876 ,
105 2842 260 2876 Horatius
295 2849 482 2875 mercatores
520 2843 706 2884 simpliciter
739 2847 860 2875 navitas

108 2885 263 2938 appellat.
309 2888 358 2918 Ad
383 2897 451 2917 eum
479 2885 626 2929 (solem),
651 2898 707 2927 quo
735 2886 859 2927 Vesper-

107 2933 176 2961 tmn
190 2935 274 2970 tepet
288 2931 385 2971 regio,
399 2929 529 2971 elegans
546 2934 578 2960 et
593 2929 643 2960 vel
661 2929 752 2973 epico
770 2935 864 2972 poeta

110 2971 140 3046 2¹
163 2973 392 3046 18⁵midentis
410 2971 600 3016 descriptio:
625 2971 681 3005 inf.
703 2972 810 3016 Epist.
829 2973 864 3011 ii,

137 3036 147 3052 0
229 3034 240 3047 ι

925 1349 980 1384 30,
996 1349 1048 1379 31.
1074 1348 1158 1382 Quin
1173 1358 1239 1387 per,
1257 1350 1334 1378 cett.
1350 1345 1441 1387 quin,
1458 1345 1547 1377 velut
1561 1345 1633 1388 pul·

882 1390 928 1420 vis
945 1390 1069 1421 turbine
1093 1391 1260 1425 collectus,
1278 1399 1332 1431 per
1355 1395 1479 1419 summa
1497 1398 1635 1430 quaeque

882 1433 1024 1475 pericula
1047 1443 1190 1475 praeceps
1212 1431 1336 1472 agitur:
1363 1431 1420 1462 inf.
1442 1431 1543 1472 Epist.
1563 1431 1585 1467 i,
1604 1432 1634 1467 1,

883 1478 924 1507 45
942 1486 989 1517 sq.
1008 1476 1143 1516 Impiger
1158 1483 1302 1506 ezeremos
1316 1477 1417 1505 curris
1430 1481 1578 1505 mercator
1594 1476 1634 1504 ad

887 1518 990 1555 Indos,
1020 1519 1080 1549 Per
1106 1530 1188 1550 mure
1211 1521 1387 1559 pauperiem
1409 1518 1555 1560 fugiens,
1583 1527 1639 1557 per

886 1573 969 1597 εαιιι,
984 1573 1038 1601 per
1054 1573 1149 1603 ignes.

931 1606 985 1634 32.
1012 1606 1136 1634 Summa
1151 1605 1307 1643 deperdat,
1325 1602 1433 1645 perdat
1449 1603 1488 1633 de
1501 1612 1639 1634 summa.

929 1647 982 1682 34,
1007 1647 1062 1678 35.
1108 1647 1236 1678 Foenmn.
1263 1648 1362 1682 habet,
1391 1651 1467 1676 cett.
1495 1645 1568 1676 hinc
1592 1650 1640 1682 tu,

887 1688 980 1720 simul
997 1689 1029 1719 in
1051 1696 1257 1731 conspectum
1274 1689 1331 1719 tibi
1347 1688 1433 1719 venit
1450 1694 1555 1729 poeta,
1571 1687 1638 1718 cla-

889 1741 974 1762 mare
999 1731 1093 1767 soles,
1117 1733 1224 1772 Longe
1248 1731 1321 1770 suge
1346 1737 1483 1772 poetam,
1507 1730 1533 1760 is
1554 1729 1640 1761 enim

888 1773 1059 1810 timendus,
1084 1773 1169 1805 sicut
1197 1774 1260 1804 fere
1291 1774 1347 1804 bos
1371 1772 1426 1814 qui
1453 1773 1576 1804 foenum
1606 1772 1641 1803 in

888 1827 986 1848 cornu
1024 1817 1132 1847 habet.
1178 1816 1307 1847 Scilicet
1341 1816 1491 1846 cornibus
1530 1825 1639 1846 eorum

888 1860 996 1897 boum,
1029 1860 1083 1901 qui
1116 1859 1176 1890 sibi
1210 1859 1320 1889 obvios
1357 1868 1455 1890 cornu
1487 1863 1642 1901 peterent,

888 1902 1023 1936 foenum.
1051 1909 1203 1944 tanquam
1229 1902 1370 1942 signum,
1394 1907 1431 1932 ut
1456 1901 1517 1932 sibi
1541 1901 1581 1932 ab
1606 1911 1644 1932 eo

889 1950 1038 1976 caverent
1063 1951 1297 1987 praetereuntes,
1322 1943 1481 1986 praeligari
1510 1943 1645 1975 solebat.

890 1988 1208 2028 Dummodo—parcet
1221 1989 1335 2018 amico:
1358 1986 1408 2017 hic
1426 1992 1518 2028 poeta
1532 1997 1571 2017 ne
1583 1986 1642 2017 ulli

889 2030 1017 2072 quidem
1049 2031 1151 2061 amico
1182 2035 1302 2072 parcet,
1329 2029 1501 2060 dummodo
1529 2030 1643 2071 volup-

889 2078 985 2105 tatem
1001 2073 1113 2104 vitium
1138 2073 1267 2114 aliquod
1286 2071 1380 2103 amici
1399 2072 1564 2103 deridendi
1584 2071 1644 2103 sibi

890 2126 1001 2158 parare
1025 2116 1130 2158 possit.
1175 2117 1251 2152 Sibi,
1267 2115 1392 2146 dativus
1407 2115 1584 2147 commodi:
1609 2115 1643 2146 in

892 2169 984 2190 suam
998 2160 1205 2202 voluptatem.

935 2203 989 2240 36,
999 2203 1052 2233 37.
1066 2203 1173 2233 Omnes
1184 2201 1432 2236 Gestiet—scire,
1445 2200 1560 2241 gestiet
1569 2205 1646 2232 nota

889 2244 955 2276 fieri
971 2244 1120 2276 omnibus
1135 2245 1185 2276 vel
1200 2244 1317 2275 infimae
1333 2243 1526 2275 conditionis
1542 2244 1644 2274 bomi-

892 2287 997 2326 nibus,
1014 2288 1065 2319 vel
1086 2298 1104 2319 a
1119 2288 1211 2319 furno
1225 2288 1275 2319 vel
1293 2297 1313 2318 a
1328 2287 1402 2318 lacu
1419 2286 1624 2318 redeuntibus
1638 2298 1644 2317 :

891 2341 946 2373 per
977 2332 1077 2362 lar-um
1105 2331 1247 2371 intellige
1278 2330 1417 2365 alveum,
1449 2330 1532 2361 unde
1564 2339 1648 2371 aqua

891 2384 945 2447 per
961 2373 1171 2416 aquaeductus
1187 2373 1232 2404 ibi
1253 2373 1387 2404 collecta
1409 2373 1646 2412 arcessebatur;

916 2416 927 2447 i
943 2418 1039 2452 lac-us,
1056 2427 1189 2458 quorum
1205 2426 1320 2457 magna
1340 2416 1454 2447 Romae
1470 2415 1531 2446 fuit
1545 2415 1649 2458 copia,

893 2459 1068 2502 peculiaria
1092 2459 1221 2490 nomina
1240 2459 1404 2500 gerebant,
1422 2465 1459 2490 ut
1475 2459 1558 2489 lacus
1578 2459 1649 2489 Ser-

893 2504 987 2534 vilius
1022 2502 1107 2546 apud
1140 2502 1328 2534 Ciceronem
1364 2513 1411 2544 pr.
1444 2502 1542 2534 Rosc.
1574 2502 1650 2533 Am.

898 2556 928 2577 c.
946 2547 999 2576 32.

943 2589 997 2619 39.
1042 2588 1335 2627 Dederim-poetis,
1360 2597 1439 2628 quos
1466 2592 1568 2629 poetae
1593 2597 1651 2618 no-

900 2630 986 2662 mine
1023 2630 1136 2672 dignos
1174 2640 1243 2661 esse
1282 2629 1512 2669 concesserim;
1546 2633 1653 2670 poetis,

902 2674 1016 2705 Graece
1032 2685 1099 2716 pro,
1111 2679 1239 2715 poetas:
1260 2673 1300 2703 cf.
1311 2683 1382 2715 sup.
1394 2673 1434 2703 ad
1446 2673 1544 2709 Sam,
1559 2675 1589 2711 l,
1602 2674 1654 2704 19.

945 2717 999 2747 40.
1049 2717 1238 2747 Concludere
1262 2727 1393 2751 versum,
1415 2726 1537 2747 versum
1563 2716 1615 2751 iis,
1637 2726 1655 2747 e

903 2759 1020 2800 quibus
1035 2758 1089 2791 ille
1103 2765 1249 2791 constare
1265 2757 1371 2795 debet,
1388 2758 1583 2801 adstringere
1599 2769 1650 2801 pe-

904 2803 1011 2834 dibus.

949 2847 1003 2876 41.
1048 2845 1081 2875 Si
1104 2846 1370 2885 quis—propiora,
1392 2843 1418 2874 si
1440 2843 1513 2886 quis
1536 2853 1656 2879 versus,

907 2892 942 2918 ut
981 2898 1049 2923 nos,
1085 2887 1214 2923 scribat,
1250 2897 1325 2918 usus
1362 2887 1486 2917 scilicet
1519 2887 1659 2917 oratione

906 2931 1048 2973 proxime
1067 2929 1107 2961 ad
1131 2940 1307 2962 sermonem
1322 2930 1484 2971 vulgarem
1505 2936 1535 2959 et
1552 2928 1658 2970 quoti-

908 2973 1039 3005 dianum
1057 2973 1242 3005 accedente.

953 3017 1008 3053 43,
1025 3017 1078 3048 44.
1108 3016 1196 3047 Meus
1209 3017 1357 3053 divinior,
1370 3025 1442 3056 quae
1457 3013 1565 3045 divino
1580 3021 1660 3052 quo-
