1904 3314
329 214 413 256 406

866 215 1301 259 SATIRARUM

447 315 598 357 Scriba
617 330 670 357 ex
691 316 969 370 quinqueviro
989 330 1162 357 corvum
1183 314 1359 356 deludet
1378 314 1579 362 hiantem,

447 381 739 436 Captatorque
761 382 881 423 dabit
901 383 1011 422 risus
1031 383 1192 423 Nasica
1213 382 1396 422 Corano.

445 448 563 489 Num
585 448 719 489 furis?
749 463 802 488 an
826 449 1011 501 prudens
1031 447 1145 488 ludis
1166 462 1245 496 me,
1268 448 1451 488 obscura
1471 444 1695 486 canendo?

445 514 486 554 O
510 515 751 563 Laertiade,
773 515 976 568 quicquid
995 515 1146 562 dicam,
1168 522 1241 554 aut
1262 514 1342 554 erit
1363 520 1436 553 aut
1455 527 1566 553 non:

358 581 414 620 60
446 581 648 622 Divinare
668 581 823 622 etenim
843 595 1020 634 magnus
1041 580 1141 620 mihi
1162 581 1293 620 donat
1314 579 1486 633 Apollo.

446 647 565 693 Quid
585 654 725 687 tamen
746 648 827 688 ista
848 647 947 687 velit
968 647 1048 686 sibi
1069 646 1226 695 fabula,
1252 647 1286 686 si
1305 645 1416 694 licet,
1437 645 1532 686 ede.

443 713 659 767 Tempore
680 728 765 766 quo
780 714 950 767 juvenis
973 712 1145 753 Parthis
1166 713 1423 760 horrendus,
1445 713 1498 752 ab
1520 710 1605 751 alto

443 780 689 820 Demissum
710 794 845 833 genus
867 779 1023 827 AEnea,
1047 778 1196 819 tellure
1217 779 1407 831 marique

443 846 631 900 Magnus
653 846 748 894 erit,
771 845 870 886 forti
891 846 1023 885 nubet
1043 858 1222 898 procera
1244 844 1414 884 Corano

356 912 413 953 65
442 911 549 952 Filia
568 912 756 960 Nasicae,
777 911 1002 951 metuentis
1023 911 1206 950 reddere
1228 909 1405 950 soldum.

438 978 553 1019 Tum
573 992 705 1031 gener
723 978 805 1017 hoc
827 977 976 1017 faciet:
1010 975 1176 1016 tabulas
1199 990 1346 1016 socero
1367 975 1500 1023 dabit,
1521 980 1651 1027 atque

441 1044 505 1085 Ut
523 1043 651 1098 legat,
674 1044 838 1084 orabit:
870 1042 1046 1083 multum
1070 1041 1229 1081 Nasica
1249 1047 1426 1094 negatas

440 1109 638 1164 Accipiet
659 1110 828 1150 tandem
849 1115 891 1148 et
913 1108 1065 1148 tacitus
1086 1106 1226 1159 leget3
1259 1107 1529 1159 invenietque

441 1177 517 1217 Nil
538 1178 618 1217 sibi
637 1176 836 1230 legatum,
858 1182 1017 1228 praeter
1038 1173 1219 1227 plorare,
1243 1173 1429 1226 suisque.
1544 1164 1547 1165 ⁷

357 1243 412 1284 70
441 1243 554 1284 Illud
575 1243 629 1283 ad
650 1243 742 1282 haec
758 1242 918 1296 jubeo:
951 1240 1100 1280 mulier
1122 1240 1156 1279 si
1176 1239 1285 1279 forte
1307 1238 1455 1279 dolosa

441 1311 698 1351 Libertusve
721 1323 863 1349 senem
885 1306 1065 1348 delirum
1085 1313 1307 1359 temperet,
1330 1304 1410 1345 illis

331 1447 403 1478 Nur
432 1451 498 1480 dass
521 1452 563 1481 du
587 1450 697 1482 schnell
723 1451 902 1485 hinschietst,
928 1459 986 1479 was
1011 1449 1059 1478 die

329 1491 533 1532 Anfangsseit’
552 1495 584 1523 in
604 1495 668 1523 dem
687 1495 804 1523 zwesten
823 1494 928 1522 Absazz
945 1493 1059 1531 cigent-

329 1533 389 1563 [ich
416 1535 520 1572 woll',·
560 1537 592 1565 ob
622 1537 727 1570 ullein,
758 1537 791 1564 ob
821 1537 874 1564 mit
908 1534 1059 1563 mehr-eren

329 1575 460 1606 theilend
473 1577 484 1605 ?

371 1619 510 1648 55—57.
536 1618 715 1657 Plerumque
730 1623 873 1651 recoctus,
894 1621 968 1647 cett.
988 1625 1058 1644 sen-

329 1667 398 1688 sus:
424 1669 485 1688 non
512 1669 580 1690 raro
603 1659 686 1690 enim
711 1659 775 1689 fieri
795 1659 885 1692 solet,
909 1663 945 1687 ut
966 1667 1059 1687 senex

328 1699 476 1736 callidus,
503 1700 595 1730 sicuti
619 1702 773 1735 Coranus,
796 1711 833 1730 ex
856 1699 1061 1740 quinqueviro

329 1741 432 1772 scriba
449 1743 562 1777 sactuS,
585 1743 758 1774 haereditati
777 1742 948 1772 inhiantem
972 1740 1061 1771 delu-

327 1783 392 1819 dat,
415 1790 445 1815 et
467 1785 512 1815 sic
530 1795 613 1819 eum,
631 1791 666 1815 ut
686 1785 827 1816 Coranus
842 1793 981 1814 socerum
1004 1792 1057 1812 su-

330 1835 394 1859 um,
411 1826 574 1861 Nasicam,
592 1827 743 1858 derideat.
790 1827 856 1856 Res
874 1825 911 1856 de
934 1825 1059 1855 Corano

328 1873 359 1897 et
377 1868 496 1898 Nasica
514 1874 655 1898 narratur
671 1869 703 1899 in
726 1868 930 1909 sequentibus
950 1867 1022 1897 inde
1041 1876 1060 1897 a

327 1919 358 1938 v.
383 1910 437 1940 62.
492 1911 682 1950 Plerumque,
714 1920 776 1940 non
803 1920 883 1946 raro,
912 1919 1058 1939 nonnun-

329 1960 436 1990 quam,
460 1958 494 1982 ut
518 1961 588 1999 sup.
611 1954 676 1982 Sat.
700 1952 720 1984 i.
747 1954 798 1988 10,
823 1954 872 1986 15,
896 1958 927 1982 et
949 1951 1004 1980 inf.
1028 1951 1059 1980 in

330 1993 432 2033 Epist.
462 1993 500 2023 ad
530 1994 592 2024 Pis.
621 2004 653 2024 v.
689 1995 736 2024 14.
782 1994 937 2027 Recoctus,
966 1993 1060 2028 vafer,

330 2041 464 2071 astutus,
492 2035 638 2070 callidus,
669 2035 858 2076 experientia
882 2035 1061 2076 prudentior

330 2074 440 2114 factus,
458 2082 492 2107 ut
506 2078 589 2118 apud
611 2078 728 2107 Catuli.
746 2077 798 2112 liv,
816 2079 846 2111 5,
863 2088 947 2107 seneae
963 2088 1059 2106 recuc-

330 2123 378 2148 tus
395 2118 548 2159 Fuffi'tius.
588 2119 776 2149 Similiterin
791 2119 914 2149 I'haedr.
929 2119 1004 2148 Fab.
1015 2117 1057 2153 iv,

333 2161 362 2193 1,
384 2161 438 2194 27,
459 2171 523 2191 mus
542 2162 709 2190 retorridus
731 2171 793 2190 non
811 2159 993 2200 simpliciter
1014 2166 1059 2190 est

329 2202 526 2237 macilentus,
550 2202 630 2244 pelle
652 2210 815 2242 corrugata
844 2201 975 2235 obsitus,
1004 2202 1058 2231 sed

329 2242 422 2273 simul
439 2244 581 2279 callidus,
601 2243 790 2284 experientia
808 2243 927 2273 cautior
945 2244 1058 2280 factus,

331 2295 402 2315 nam
425 2286 558 2322 additur,
583 2286 643 2320 Qui
662 2297 734 2324 saepe
757 2287 882 2325 laqueos,
902 2291 929 2315 et
948 2287 1056 2315 musci-

328 2329 403 2366 pula
425 2328 585 2369 effugerat,
612 2328 777 2367 Proculque
800 2329 924 2357 insidias
937 2338 1058 2356 cernens

329 2369 416 2399 hostis
435 2371 562 2406 callidi;
585 2369 618 2399 in
641 2379 716 2399 voce
737 2369 829 2409 igitur
849 2369 912 2398 sive
935 2368 1059 2408 adjecto

328 2418 460 2442 recoctus
475 2412 548 2442 latet
562 2421 668 2445 causa,
683 2421 719 2440 ex
741 2421 803 2452 qua
823 2420 915 2441 senex
934 2419 952 2440 a
967 2420 1059 2440 corvo

330 2451 436 2483 hiante
459 2463 492 2484 se
519 2464 581 2483 non
604 2452 710 2482 deludi
739 2452 893 2494 patiatur;
930 2458 962 2481 at
990 2451 1057 2482 haec

328 2504 423 2525 causa
443 2495 572 2530 tollitur,
595 2494 621 2524 si
642 2501 771 2525 recoctus
794 2505 858 2535 pro,
877 2494 986 2535 factm
1009 2494 1058 2524 vel

328 2538 468 2576 resectus.
478 2543 585 2568 contra
596 2547 644 2566 om
650 2547 718 2567 nem
730 2536 875 2577 loquendi
886 2545 976 2566 usum
986 2546 1057 2565 cum

328 2578 508 2610 Heindorflo
530 2585 561 2609 et
576 2579 644 2608 aliis
655 2578 860 2620 explicueris3
883 2577 1057 2618 immofac-

327 2627 375 2650 rus
391 2621 550 2652 commode
564 2620 603 2651 ad
618 2621 712 2650 scriba
727 2631 760 2650 eae
774 2621 968 2660 quinqueviro
982 2629 1056 2660 sup—

327 2662 404 2704 pleri
441 2669 552 2704 potest.
597 2663 812 2701 Quinquem'rn.
857 2662 1057 2700 Quinquevtri

328 2704 376 2734 vel
392 2704 520 2735 coloniis
534 2704 736 2738 deducendis,
754 2705 802 2734 vel
818 2704 897 2744 agris
914 2702 1057 2733 dividen-

327 2745 386 2783 dis,
402 2747 449 2777 vel
466 2746 535 2777 aliis
551 2747 643 2777 rebus
654 2746 799 2776 curandis
813 2751 907 2786 atque
924 2745 1055 2775 admini-

326 2788 462 2819 strandis
479 2799 517 2818 ex
541 2787 661 2819 civibus
683 2788 837 2818 Romanis
858 2786 953 2826 deligi
974 2787 1051 2817 sole·

324 2830 412 2861 bant.
457 2831 584 2860 Corvum
598 2830 746 2860 hiantem.-
771 2829 912 2859 similiter
927 2829 1056 2859 haeredi-

324 2878 395 2914 peta
413 2871 494 2914 apud
511 2871 672 2904 Catullum
694 2871 792 2910 lxviii,
811 2873 882 2906 124,
902 2871 1057 2901 vulturius

323 2920 464 2945 vocatur.

366 2958 418 2988 58.
446 2956 528 2988 Num
546 2955 657 2998 suris?
695 2959 770 2988 cett.
829 2954 916 2986 Num
948 2959 988 2991 te,
1018 2960 1054 2986 ut

1103 1454 1216 1484 vatem,
1231 1447 1313 1478 furor
1329 1446 1404 1487 agit,
1419 1456 1472 1481 an,
1487 1445 1560 1476 dum
1577 1445 1664 1476 cauis
1685 1445 1831 1482 obscura,

1102 1491 1244 1520 consulto
1261 1499 1309 1519 me
1325 1488 1430 1518 ludis‘!

1145 1533 1198 1566 59,
1214 1533 1268 1562 60,
1292 1531 1318 1560 Ο
1331 1531 1503 1566 Laertiade,
1517 1535 1593 1561 cett.
1608 1539 1736 1561 sensus:
1756 1529 1831 1560 Non

1101 1583 1158 1612 ego
1189 1579 1229 1608 te,
1263 1573 1388 1613 Ulysse,
1417 1571 1514 1609 ludo;
1544 1571 1696 1612 quicquid
1716 1570 1831 1608 dicam,

1101 1615 1239 1644 futurum
1262 1624 1340 1649 esse,
1360 1613 1391 1644 id
1412 1614 1483 1650 fiet;
1506 1619 1539 1643 at
1552 1613 1700 1655 quicquid
1715 1612 1831 1650 dicam,

1103 1666 1165 1686 non
1186 1657 1322 1687 futurum
1345 1665 1422 1692 esse,
1438 1655 1470 1686 id
1492 1665 1554 1685 non
1569 1655 1642 1692 fiet;
1665 1665 1735 1686 nam
1750 1654 1831 1685 divi-

1103 1698 1198 1728 nandi
1229 1699 1406 1728 facultatem
1442 1707 1575 1738 magnus
1608 1697 1721 1739 Apollo
1753 1696 1831 1727 mihi

1104 1740 1211 1770 donat.
1255 1739 1498 1779 Elegantissima
1511 1738 1638 1780 quidem
1657 1739 1751 1780 hujus
1771 1738 1833 1770 loci

1102 1788 1147 1812 est
1161 1782 1346 1818 emendatio,
1356 1791 1451 1822 quam
1463 1781 1503 1812 ab
1515 1780 1722 1812 illustrissimo
1735 1780 1832 1812 Eich-

1103 1823 1202 1854 stadio
1231 1824 1394 1865 profectam
1421 1823 1580 1865 proposuit
1611 1822 1832 1854 Haberfeldtus

1102 1866 1134 1896 in
1157 1866 1247 1896 editis
1264 1865 1383 1896 Horatii
1399 1866 1505 1897 earm.
1531 1866 1570 1895 P.
1590 1864 1635 1902 iii,
1654 1875 1687 1906 p.
1709 1866 1783 1901 413,
1807 1865 1834 1895 Ο

1104 1909 1276 1943 Laertiade,
1301 1909 1443 1948 quicquid
1470 1909 1578 1944 dicam,
1601 1913 1654 1937 aut
1680 1908 1750 1942 erit,
1775 1914 1832 1938 aut

1103 1962 1160 1980 mm
1181 1951 1326 1981 Divinare
1340 1951 1412 1980 mihi
1429 1959 1555 1990 magnus
1567 1951 1690 1980 donavit
1710 1950 1830 1988 Apollo.

1104 1993 1164 2023 Sed
1190 2003 1260 2023 cum
1285 2003 1343 2022 vox
1365 1994 1472 2021 etenim
1489 1991 1592 2022 deleta
1610 1996 1641 2021 et
1663 1991 1695 2021 in
1719 1990 1831 2022 deletae

1103 2035 1186 2065 vocis
1201 2035 1304 2065 sedem
1326 2044 1384 2064 vox
1400 2034 1472 2063 mihi
1485 2031 1682 2074 transposita,
1696 2032 1832 2073 denique

1104 2087 1161 2106 vox
1184 2079 1275 2107 donat
1297 2076 1329 2106 in
1353 2077 1474 2106 donavit
1493 2080 1614 2105 mutata
1634 2074 1685 2109 sit,
1702 2074 1830 2104 nimiam

1103 2118 1162 2148 vim
1185 2119 1312 2148 Horatio
1328 2117 1497 2147 adhibitam
1514 2126 1581 2147 esse
1590 2116 1783 2151 existimans,
1800 2115 1832 2147 in

1101 2170 1138 2190 ea
1151 2171 1243 2200 quam
1259 2159 1342 2197 dedi,
1356 2158 1563 2200 explicatione
1579 2157 1755 2199 acquiesco.

1143 2203 1196 2231 61.
1222 2202 1347 2231 Tamen.-
1365 2201 1431 2231 haec
1442 2200 1597 2241 particula
1606 2199 1732 2231 inservit
1745 2205 1830 2230 tran·

1101 2242 1205 2273 sitioni
1228 2243 1266 2272 ad
1290 2243 1383 2272 aliam
1402 2252 1478 2277 rem,
1495 2247 1531 2272 ut
1546 2242 1609 2273 fere
1623 2241 1676 2278 sit,
1693 2247 1830 2272 attamen

1102 2284 1148 2314 his
1163 2284 1277 2318 missis,
1293 2284 1342 2314 vel
1358 2289 1430 2314 ante
1451 2282 1555 2313 omnia
1575 2293 1657 2313 nune
1675 2285 1737 2320 ede,
1755 2285 1827 2323 quid

1101 2328 1156 2356 sibi
1179 2327 1251 2356 velit
1271 2327 1328 2355 ista
1345 2326 1479 2367 subula:
1517 2323 1606 2364 Virg.
1633 2324 1705 2355 Ecl.
1730 2325 1752 2359 i,
1778 2325 1830 2362 19,

1102 2369 1158 2398 Sed
1178 2376 1275 2398 tamen
1289 2370 1343 2397 iste
1357 2370 1427 2397 deus
1443 2368 1494 2407 qui
1508 2369 1558 2401 sit,
1573 2367 1624 2401 da,
1644 2365 1759 2406 Tityre,
1774 2377 1828 2397 ησ-

1103 2411 1155 2439 bis.
1201 2410 1337 2439 Fabula:
1360 2419 1423 2440 rem
1440 2418 1534 2449 quam
1552 2407 1685 2438 Tiresias
1701 2408 1830 2439 obscure

1101 2451 1256 2491 attigerat.
1275 2451 1403 2491 Ulysses
1419 2456 1508 2481 vocat
1511 2450 1668 2491 fabulam.

1144 2495 1195 2524 62.
1218 2491 1567 2530 Juvenis,octavianus.
1603 2491 1635 2522 Si
1647 2491 1714 2522 hoec
1723 2490 1828 2526 satira,

1101 2540 1138 2565 ut
1166 2541 1254 2576 putat
1286 2534 1494 2572 Heindorfius,
1523 2533 1566 2565 U.
1593 2533 1632 2564 C.
1659 2543 1830 2565 »ccxix—

1104 2587 1229 2607 Dccxxl
1255 2577 1367 2618 scripta
1386 2581 1444 2611 est.
1466 2575 1616 2607 octavius
1641 2579 1706 2606 tum
1729 2574 1827 2606 unde-

1100 2619 1226 2659 triginta
1256 2619 1351 2650 ferme
1377 2628 1474 2649 annos
1501 2622 1593 2648 natus
1615 2616 1686 2652 fuit.
1713 2616 1744 2646 in
1764 2626 1828 2657 qua.

1100 2661 1225 2702 quidem
1239 2666 1330 2692 aetate
1345 2665 1426 2691 recte
1439 2660 1493 2690 ille
1503 2658 1566 2689 dici
1578 2664 1698 2700 poterat
1701 2660 1828 2698 juvenis

1100 2704 1216 2734 adhuc.
1263 2703 1407 2733 Ceterum
1426 2702 1504 2732 mira
1520 2705 1584 2731 arte
1602 2699 1748 2731 Horatius
1758 2699 1826 2741 jam

1099 2745 1231 2776 breviter
1241 2743 1491 2783 inseritAugusti
1506 2741 1628 2777 laudes,
1645 2741 1762 2782 quibus
1777 2741 1829 2773 vix

1099 2787 1201 2818 locum
1217 2786 1382 2829 praebitura
1397 2785 1557 2816 videbatur
1571 2784 1638 2814 haec
1653 2783 1759 2814 satira.

1141 2831 1193 2860 63.
1216 2830 1261 2859 Ab
1277 2830 1339 2858 alto
1354 2828 1520 2858 Demissum
1534 2835 1631 2866 genus
1650 2825 1759 2861 AEnea,
1773 2825 1828 2866 qui

1098 2871 1246 2911 originem
1271 2880 1358 2900 suam
1382 2869 1422 2899 ab
1443 2873 1576 2909 augusta
1595 2865 1690 2908 stirpe
1714 2867 1826 2898 AEneae

1099 2913 1218 2954 repetit.
1263 2911 1455 2943 Octavianus
1465 2909 1561 2944 enim,
1573 2918 1592 2939 a
1604 2909 1623 2940 J
1627 2907 1692 2939 ulio
1702 2908 1828 2940 Caesare

1097 2955 1273 2998 adoptatus,
1290 2954 1391 2986 factus
1405 2958 1452 2985 est
1467 2960 1592 2984 consors
1607 2951 1706 2993 gentis
1719 2950 1743 2982 J
1744 2952 1825 2987 uliae,
