1904 3314
702 157 924 201 LIBER
957 157 994 209 I,
1029 158 1094 199 16.

655 393 979 437 EPISTOLA
1014 394 1142 436 XVI.

629 536 706 567 AD
764 537 1157 572 QUINCTIUM.

240 654 317 697 NE
337 654 620 710 perconteris,
643 653 805 696 fundus
826 669 963 704 meus,
986 655 1147 710 optime
1178 653 1373 704 Quincti,

239 721 362 765 Arvo
382 729 533 778 pascat
553 722 720 772 herum,
742 737 797 764 an
818 723 962 764 baccis
985 722 1212 777 opulentet
1233 721 1371 772 olivae,

239 789 456 840 Pomisne,
478 805 533 832 an
554 791 707 846 pratiS,
729 805 783 832 an
804 791 960 832 amicta
981 791 1141 832 vitibus
1166 790 1302 833 ulmo:

240 858 467 901 Scribetur
486 859 566 901 tibi
586 858 722 900 forma
742 858 998 914 loquaciter,
1020 866 1064 900 et
1086 859 1194 900 situs
1215 859 1323 914 agri.

181 927 210 968 5
240 926 445 969 Continui
464 934 647 978 montes,
668 927 751 969 nisi
772 927 1062 969 dissocientur
1084 942 1222 982 opaca

238 994 389 1046 Valle3
423 995 501 1038 sed
522 1002 571 1037 ut
591 996 766 1038 veniens
789 995 996 1037 dextrum
1016 994 1129 1036 latus
1151 995 1366 1051 adspiciat
1389 994 1482 1046 sol„

238 1061 419 1105 Laevum
439 1063 658 1105 decedens
681 1078 813 1105 curru
833 1063 1029 1118 fugiente
1051 1070 1246 1118 vaporet.

238 1129 514 1186 Temperiem
535 1130 702 1173 laudes.

765 1131 918 1179 Quid?
949 1131 984 1171 si
1005 1131 1249 1172 rubicunda
1269 1131 1458 1186 benigne

238 1197 384 1240 Corna
404 1213 558 1254 vepres
579 1207 623 1241 et
643 1214 783 1254 pruna
806 1199 980 1240 ferunt?
1015 1199 1050 1239 si
1072 1214 1259 1253 quercus
1282 1207 1326 1240 et
1347 1198 1434 1240 ilex

154 1266 208 1307 10
238 1265 384 1308 Multa
405 1265 530 1321 fruge
550 1281 702 1322 pecus,
725 1266 859 1308 multa
881 1267 1103 1308 dominum
1118 1268 1244 1322 juvat
1266 1267 1451 1308 umbra?

238 1333 373 1376 Dicas
394 1334 634 1375 adductum
654 1334 834 1388 propius
858 1333 1061 1375 frondere
1083 1334 1341 1375 Tarentum.

204 1427 207 1429 >
237 1399 355 1443 Fons
377 1402 519 1452 etiam,
539 1402 632 1444 rivo
653 1402 758 1444 dare
780 1416 936 1443 nomen
957 1402 1158 1451 idoneus,
1182 1409 1230 1443 ut
1253 1416 1332 1443 nec

235 1468 456 1525 Frigidior
475 1469 697 1512 Thracam
717 1485 796 1512 nec
818 1470 968 1525 purior
989 1470 1151 1511 ambiat
1173 1469 1369 1520 Hebrus,

239 1537 418 1580 Infirmo
438 1539 570 1594 capiti
590 1538 686 1580 fluit
706 1538 840 1588 utilis,
861 1537 978 1579 utilis
1001 1537 1110 1579 alvo.

329 1661 555 1692 EPISTOLA
579 1661 676 1693 XVI.

171 1703 332 1740 Horatius,
356 1709 520 1746 postquam
544 1704 576 1735 in
624 1703 758 1747 rincipio
774 1703 872 1745 hujus

126 1746 280 1789 Epistolae
296 1746 336 1778 ad
353 1746 541 1785 Quinctium
556 1746 598 1777 vil
615 1758 641 1777 ae
657 1757 723 1778 suae
745 1747 872 1778 Sabinae

125 1788 223 1821 situm
251 1789 412 1821 coloribus
441 1789 611 1832 descripsit
641 1789 872 1832 pulcherrimis.

126 1831 286 1874 quomodo
300 1831 339 1869 is,
355 1832 411 1875 qui
427 1843 498 1865 vere
514 1834 617 1865 bonus
632 1832 741 1864 haberi
757 1839 789 1864 et
799 1843 871 1864 vere

125 1874 238 1907 beatus
253 1885 322 1907 esse
337 1875 439 1918 cupit,
455 1876 570 1907 sentire
583 1881 615 1907 et
638 1885 728 1916 agere
749 1875 871 1914 debeat,

125 1928 212 1950 more
227 1928 285 1950 suo
302 1917 405 1950 docet.
450 1918 503 1950 Ad
519 1918 656 1950 eundem
682 1918 871 1956 Quinctium

128 1961 171 1992 Hi
209 1961 298 1992 inum
327 1961 441 2004 scripta
470 1968 518 1994 est
546 1961 607 1993 oda
639 1961 711 1993 libri
739 1961 872 1993 secundi

127 2014 172 2036 un
195 2003 310 2036 ecima.

171 2047 202 2084 1,
217 2047 252 2079 2.
275 2047 406 2079 Fundus
416 2048 624 2079 meus—Arva
637 2054 752 2087 pascat,
766 2052 872 2079 utrum

125 2088 203 2121 villa
218 2100 290 2123 mea
304 2090 460 2123 frumento
475 2090 508 2122 iu
524 2089 607 2132 agris
623 2090 756 2122 collecto
770 2090 872 2123 domi-

124 2141 202 2164 num
217 2132 294 2164 alat.

171 2176 203 2207 3.
235 2176 284 2207 An
311 2178 423 2208 amicta
447 2177 560 2207 vitibus
584 2177 676 2211 ulmo,
701 2175 870 2218 elegantis·

126 2217 206 2250 sime
228 2228 285 2261 pro
309 2218 442 2261 vulgari,
470 2228 510 2249 an
535 2217 629 2256 vino;
667 2219 699 2250 in
734 2219 871 2250 arbustis

125 2260 211 2292 enim
228 2268 402 2293 nascuntur
415 2273 487 2292 uvae
502 2261 536 2292 in
561 2261 688 2298 vitibus,
711 2263 869 2300 arborum,

126 2303 286 2347 precipue
325 2304 492 2343 ulmorum,
536 2309 647 2336 trunco
681 2305 870 2347 applicatis3

125 2346 232 2379 ulmus
264 2346 360 2389 igitur
395 2349 543 2379 amicitur
575 2349 701 2385 vitibus,
731 2354 764 2380 et
796 2349 870 2380 hinc

126 2390 266 2422 suaviter
290 2389 371 2422 vites
407 2391 503 2422 ulmos
535 2391 728 2434 <ColumelL
761 2402 790 2427 v,
817 2393 870 2430 6),

127 2433 178 2464 vel
202 2434 324 2475 populos
350 2432 472 2477 (Epod.
497 2435 531 2470 2,
563 2434 620 2476 10)
644 2436 792 2465 maritare
822 2434 871 2465 di-

125 2481 251 2508 cuntur.

170 2520 202 2550 4.
225 2519 420 2560 hquacsser,
447 2524 484 2549 ut
510 2518 660 2562 loquaces
690 2524 723 2551 et
748 2520 872 2551 verbosi

125 2570 196 2594 esse
217 2561 356 2594 solemus
386 2561 420 2592 in
447 2561 660 2605 descriptione
693 2563 736 2594 rei
767 2563 873 2595 animo

127 2609 233 2639 nostro
249 2604 392 2661 inprimis
408 2614 502 2636 carae.

171 2649 205 2684 5,
216 2648 247 2679 6.
263 2647 334 2679 Mn·
343 2649 543 2679 dissocientur
558 2659 650 2688 amaea
668 2647 773 2679 Valle:
791 2659 871 2691 prae-

126 2694 271 2732 tequam
285 2690 371 2732 quod
383 2695 535 2733 perpetua
551 2700 658 2722 eorum
673 2690 768 2722 series
792 2692 874 2723 valle

126 2742 237 2776 opaca,
261 2733 388 2771 Ustica,
417 2733 581 2775 interjecta
606 2733 772 2765 dirimitur.
815 2735 873 2765 Sed

127 2781 164 2806 ut
177 2778 310 2812 veniens.
323 2781 399 2808 cett.
411 2776 455 2808 ita
468 2782 585 2812 tamen,
604 2781 640 2807 ut
656 2777 702 2808 sol
716 2778 872 2817 (veniens)

127 2817 230 2850 oriens
243 2819 277 2851 iu
291 2818 437 2851 dextrum
453 2829 561 2851 eorum
586 2819 668 2851 latus
691 2819 794 2851 radios
817 2821 872 2853 de-

129 2859 244 2896 mittat.

171 2903 205 2935 7.
226 2904 347 2936 Laevum
381 2906 534 2941 decedens,
564 2910 640 2937 cett.
674 2905 768 2936 celeri
801 2916 874 2938 vero

129 2955 222 2978 curru
236 2947 276 2979 ad
291 2957 439 2980 occasum
457 2958 562 2986 ruens,
579 2948 611 2979 h.
622 2958 651 2981 e.
667 2948 714 2979 sol
731 2959 803 2980 vero
820 2959 872 2980 oc-

916 1660 1026 1692 cidens
1041 1660 1156 1692 laevum
1168 1660 1321 1692 montium
1334 1660 1419 1691 latus
1431 1661 1535 1703 tepido
1549 1671 1663 1704 vapore

915 1703 1054 1734 obducat
1069 1709 1102 1734 et
1116 1703 1291 1735 obumbret.

961 1747 993 1777 8.
1017 1746 1212 1786 Temperiem,
1237 1756 1282 1777 sc.
1306 1746 1398 1783 aeris,
1421 1747 1542 1781 coelum,
1569 1752 1606 1778 ut
1628 1746 1662 1779 in

917 1799 1008 1820 versu
1026 1788 1125 1832 primo
1141 1789 1348 1831 praecedentis
1367 1787 1520 1831 Epistolae
1535 1788 1664 1822 dicitur.

916 1832 1023 1867 Quid?
1043 1834 1069 1862 si
1086 1833 1257 1863 rubicunda
1273 1834 1412 1875 benigne,
1423 1837 1580 1872 cetl.ergo
1593 1833 1661 1863 Ho-

914 1875 1013 1906 ratius
1037 1874 1070 1905 in
1094 1874 1172 1906 villa
1191 1885 1260 1910 sua,
1276 1876 1330 1906 ubi
1354 1884 1464 1917 vepres
1486 1875 1663 1908 rubicunda

915 1928 1011 1949 corna
1026 1924 1057 1949 et
1072 1928 1172 1959 pruna
1189 1918 1343 1954 serebant,
1360 1927 1462 1948 aureae
1478 1917 1579 1948 aetatis
1594 1928 1662 1949 ves-

916 1960 993 2002 tigia
1019 1960 1263 2003 deprehendisse
1289 1960 1433 1991 videtur:
1469 1960 1560 2002 Virg.
1590 1962 1662 1992 Ecl.

917 2003 960 2041 iv,
975 2005 1030 2041 29,
1044 2004 1083 2035 de
1099 2013 1194 2034 aurea
1210 2009 1315 2039 aetate,
1342 2004 1532 2044 Incultisqne
1553 2006 1664 2035 rubeus

914 2049 1056 2087 pendebit
1071 2048 1204 2078 sentibus
1218 2058 1290 2077 υυα.

963 2091 1014 2121 10.
1046 2090 1152 2120 Multa
1172 2090 1287 2132 fruge,
1317 2088 1501 2131 glandibus.

915 2142 999 2164 sues.

960 2177 975 2206 l
983 2177 998 2206 1
1005 2199 1013 2207 .
1040 2175 1134 2206 Dicas
1143 2177 1324 2211 add-netum,
1334 2180 1410 2206 cett.
1418 2174 1532 2217 quodsi
1544 2181 1665 2218 spectes

914 2218 1012 2260 hujus
1037 2218 1174 2259 regionis
1197 2218 1412 2255 amoenitates,
1445 2217 1553 2253 situm,
1584 2218 1664 2249 aeris

914 2262 1109 2304 temperiem,
1126 2267 1157 2292 et
1176 2261 1381 2299 fertilitatem,
1404 2261 1576 2292 Tarentum
1601 2261 1663 2293 huc

914 2305 1100 2336 translatum
1116 2315 1197 2340 esse.
1213 2305 1264 2336 vel
1280 2311 1310 2336 te
1333 2305 1467 2335 alterum
1491 2305 1663 2335 Tarentum

915 2347 968 2379 hic
991 2348 1094 2379 videre
1122 2347 1294 2379 existimes.
1349 2347 1403 2378 Ad
1435 2346 1664 2378 amoenissimas

1555 2090 1664 2127 Pecus,

915 2390 1019 2422 Italiae
1035 2391 1178 2432 regiones
1195 2390 1349 2422 Horatius
1365 2390 1440 2421 alibi
1456 2400 1586 2431 quoque
1601 2391 1664 2421 Ta-

915 2434 1069 2465 rentinam
1088 2434 1199 2465 refert:
1225 2434 1269 2465 cf.
1288 2434 1352 2465 Od.
1366 2433 1401 2469 ii,
1418 2434 1451 2471 6,
1470 2434 1510 2464 10
1532 2443 1602 2475 sqq.
1618 2434 1664 2470 iii,

916 2478 948 2511 5,
965 2478 1028 2517 565
1052 2482 1084 2507 et
1099 2477 1174 2518 quia
1186 2476 1219 2507 in
1237 2477 1296 2508 hac
1313 2486 1442 2508 amoena
1464 2475 1592 2517 regione
1609 2476 1664 2507 ho—

916 2520 1017 2551 mines
1042 2519 1191 2551 vivebant
1221 2519 1364 2555 mollius,
1397 2519 1565 2551 Tarentum
1594 2530 1667 2562 sup.

917 2563 986 2594 Sat.
1010 2562 1045 2598 ii,
1072 2564 1104 2598 4,
1129 2563 1171 2594 34
1193 2568 1323 2594 vocatur
1341 2564 1442 2594 molle.
1488 2564 1664 2593 Adductum

906 2606 1072 2647 frondere,
1087 2605 1264 2645 elegantius
1279 2615 1348 2648 pro,
1364 2605 1537 2637 adductum
1553 2616 1634 2636 esse.

962 2649 1102 2679 12—14.
1127 2649 1207 2679 Fons
1222 2651 1326 2683 etiam.
1348 2655 1423 2680 cett.
1469 2649 1554 2680 Fons
1569 2648 1665 2679 etiam

920 2691 1117 2726 Bandusffls,
1134 2701 1227 2733 quem
1243 2691 1415 2723 celebravit
1433 2691 1583 2722 Horatius
1595 2702 1666 2733 sup.

919 2734 985 2765 Od.
1019 2733 1065 2770 iii,
1093 2735 1132 2766 13
1166 2736 1309 2777 (idoneus
1338 2736 1424 2771 dare,
1454 2735 1579 2768 Graece.
1610 2734 1667 2776 qui

917 2777 1002 2818 det),
1035 2782 1099 2808 tam
1131 2777 1258 2819 largiter
1290 2778 1404 2814 fluens,
1439 2783 1473 2808 ut
1502 2787 1585 2818 aqua
1608 2787 1666 2808 sua

918 2820 1020 2852 rivum
1046 2819 1154 2857 faciat,
1179 2820 1272 2863 eique
1296 2831 1412 2852 nomen
1434 2821 1582 2862 Digentia
1602 2820 1666 2856 det,

916 2869 948 2895 et
971 2863 1016 2894 ita
1038 2869 1253 2906 comparatus,
1269 2869 1303 2894 ut
1326 2874 1384 2894 nec
1408 2863 1514 2906 purior
1538 2873 1593 2893 nec
1611 2862 1665 2892 fri-

917 2906 1018 2948 gidior
1045 2907 1173 2938 Hebrus
1193 2906 1360 2937 Thraciam
1384 2906 1515 2940 ambiat,
1544 2905 1667 2935 infirmo

918 2949 1015 2991 capiti
1037 2955 1071 2981 et
1095 2949 1166 2981 alvo
1192 2949 1328 2980 salubris
1354 2949 1432 2980 fluit.
1482 2948 1575 2978 Vtilis
1597 2957 1665 2988 pro,
