1884 3288
13 2308 34 2427 i

23 2428 30 2442 ,1

692 177 1003 220 CARMEN
1033 180 1074 220 5.

1542 183 1628 225 257

230 280 289 322 25
319 279 383 322 At
404 280 611 336 expedita
633 279 807 334 Sagana
826 294 907 334 per
927 285 1063 321 totam
1084 279 1260 321 domum

491 347 712 402 Spargens
733 345 979 389 Avernales
1001 362 1154 402 aquas,

318 415 486 457 Horret
505 413 688 471 capillis,
709 421 759 456 ut
779 415 987 465 marinus,
1009 416 1191 470 asperis,

487 481 702 532 Echinus,
724 489 800 524 aut
823 482 1026 525 Laurens
1047 498 1167 538 aper.

314 548 488 591 Abacta
506 548 625 590 nulla
644 549 758 591 Veia
778 551 1046 592 conscientia
1096 592 1099 593 γ
1116 570 1118 572 ’

228 616 286 657 30

489 616 735 671 Ligonibus
759 617 881 659 duris
903 618 1084 659 humum

315 682 638 734 Exhauriebat‚
660 685 885 740 ingemens
905 684 1132 727 laboribus
1149 703 1159 736 ;

491 751 592 799 Quo
613 760 764 807 posset
781 753 974 794 infossus
995 768 1106 808 puer

315 817 472 874 Longo
494 812 564 861 die
586 821 653 862 bis
675 827 831 875 terque
852 827 1030 862 mutatae
1052 821 1178 875 dapis

485 886 675 929 Inemori
696 887 971 943 spectaculo;

228 954 286 995 35
318 953 467 1001 Quum
488 957 755 1010 promineret
777 971 866 1007 ore,
890 963 1101 1011 quantum
1122 962 1274 998 extant
1295 971 1408 1011 aqua

487 1023 714 1079 Suspensa
732 1032 880 1066 mento
901 1039 1109 1080 corpora:

313 1090 516 1133 Exsucta
535 1093 601 1133 uti
621 1091 824 1143 medulla,
848 1099 892 1134 et
913 1093 1083 1133 aridum
1099 1093 1228 1147 jecur

490 1159 666 1202 Amoris
689 1166 806 1202 esset
827 1159 1047 1215 poculum,

316 1225 599 1268 Interminato
621 1242 753 1282 quum
777 1226 910 1269 semel
929 1227 1032 1269 fixae
1053 1227 1152 1269 cibo

227 1292 286 1334 40

487 1294 787 1336 Intabuissent
808 1294 1000 1350 pupulae.

313 1361 420 1403 Non
441 1361 636 1403 defuisse
655 1361 861 1404 masculae
881 1361 1073 1402 libidinis

485 1429 808 1472 Ariminensem
829 1429 1009 1478 Foliam,

82 1547 107 1586 ἰ,
133 1550 165 1588 8,
197 1550 254 1586 23,
291 1550 363 1581 Vidi
389 1556 503 1592 egomet
528 1552 622 1592 nigra
647 1553 832 1583 succinctam

82 1593 194 1624 vadere
219 1593 307 1633 palla
332 1593 505 1624 Canidiam.
559 1594 711 1634 Spargens
735 1596 831 1625 Aver-

82 1636 168 1667 nales
195 1646 302 1676 aquas,
325 1645 372 1668 sc.
395 1635 436 1666 ad
460 1635 586 1666 domum
612 1635 830 1668 lustrandam:

82 1689 168 1719 aqua
182 1679 361 1714 Avernales,
375 1688 415 1709 ex
431 1678 559 1710 Averno
579 1678 700 1720 petitae.
746 1679 833 1710 Hinc

83 1720 185 1757 Dido.
210 1731 302 1752 sacra
325 1721 450 1762 magica
474 1721 514 1752 ad
539 1732 573 1752 se
597 1731 702 1752 amore
725 1722 829 1753 exsol-

82 1763 233 1796 vendam·
246 1763 428 1800 instituens,
456 1763 542 1806 apud
571 1763 663 1804 Virg.
685 1765 766 1796 AEn.
786 1765 828 1802 iv,

83 1806 162 1843 612.
187 1807 351 1847 Sparserat
375 1813 404 1838 et
430 1808 534 1838 latices
559 1809 714 1838 simulatos
729 1807 832 1850 fontis

83 1849 220 1887 Λυσι-πῂ·
247 1855 280 1881 et
304 1849 351 1881 sic
374 1850 502 1891 Stygius
524 1851 621 1885 lacus,
645 1850 728 1892 apud
752 1851 831 1881 Pro-

84 1897 167 1934 μή.
181 1891 225 1928 iv,
240 1893 343 1931 3,15.
391 1892 537 1923 Marinus
560 1892 707 1930 Echinus,
727 1893 831 1924 erina-

83 1945 163 1966 ceus
177 1934 409 1978 (Men-Igno:
427 1935 502 1966 hinc
513 1935 611 1966 ducta
627 1935 833 1978 proverbialis

83 1977 217 2014 locutio,
250 1977 368 2020 ἐχίνου
399 1977 625 2020 τραχύτερος.
669 1978 828 2009 Laurens.-

82 2019 168 2052 hanc
183 2020 365 2056 lectionem,
390 2031 462 2063 quie
483 2022 529 2052 N.
548 2020 674 2052 Heinsii
697 2021 832 2052 debetur

81 2061 224 2105 ingenio,
250 2073 316 2095 non
341 2063 492 2095 dubitavi.
512 2074 584 2095 curn
620 2064 767 2095 Bentleio
798 2063 831 2094 in

82 2109 205 2139 textum
219 2107 371 2150 recipere,
387 2117 463 2138 cum
478 2107 606 2148 vulgata
628 2107 734 2142 lectio,
758 2118 831 2138 cur-

81 2158 166 2187 rem,
189 2159 336 2192 aprorum
364 2155 487 2181 naturoe
520 2155 687 2191 repugnet,
715 2150 831 2192 quippe

44 2198 45 2201 ’
81 2191 141 2234 qui
165 2200 230 2227 non
251 2193 418 2228 currendo,
445 2193 501 2224 sed
528 2193 642 2223 stando
662 2198 694 2223 et
717 2203 832 2234 pugnae

81 2243 119 2266 ιο
133 2234 275 2278 aptando
289 2234 595 2267 setis'inborrescere
619 2235 742 2266 solent:
769 2235 833 2267 vid.

26 2295 27 2298 =
81 2277 214 2310 Homer.
221 2277 319 2312 Iliad.
331 2278 399 2312 xiii.
413 2279 490 2314 471⁷,
503 2284 535 2309 et
553 2277 672 2319 odyss,
691 2278 755 2315 xix,
768 2280 832 2310 439

81 2321 205 2354 “4⁴6-
249 2322 404 2356 Laurens,
421 2321 583 2363 epitheton
600 2331 731 2356 ornans,
747 2321 834 2363 quod

59 2403 62 2406 Δ
82 2366 179 2404 σμ’-ἔς,
192 2373 273 2406 quos
287 2365 464 2396 Laurentes
479 2363 567 2395 silvae
584 2363 666 2394 alere
687 2363 832 2406 inprimis

38 2427 39 2430 =
83 2404 243 2444 finiebant,
266 2417 351 2450 sepe
373 2406 540 2438 tribuitur:
565 2407 666 2438 multa
687 2409 834 2449 exempla

79 2447 150 2483 uid·
163 2449 250 2492 apud
266 2450 462 2482 Bentleium.

16 2509 38 2553 -ὼ
85 2532 181 2574 Veia,
206 2545 281 2585 quai
311 2545 330 2567 a
362 2546 395 2568 re
414 2535 513 2578 jussa
539 2545 573 2566 se
599 2545 663 2565 non
691 2535 778 2576 abigi
803 2541 836 2567 et

101 2507 105 2514 κ
126 2491 270 2526 29—40.
290 2494 406 2525 Abacta
422 2493 511 2524 nulla
531 2493 604 2523 Veia
627 2493 833 2524 conscientia:

18 2570 32 2595 ‘²³
60 2575 232 2618 mtrem
246 2578 427 2621 patiebatur
452 2578 593 2613 sceleris,
622 2578 708 2619 quod
723 2588 834 2620 perpe-

82 2622 191 2659 um,

225 2621 437 2657 conscientia,
474 2621 600 2652 humum
628 2622 835 2659 exhauriebat,

14 2682 17 2690 s
62 2662 228 2697 whom
259 2663 452 2701 effodiebat3
487 2667 640 2706 ingemens
672 2665 834 2700 laboribus,

20 2805 23 2810 λ
135 2796 137 2798 ,
181 2791 191 2799 ο

23 2842 39 2862 t?

31 2871 44 2878 s

54 2746 58 2748 Y
82 2700 300 2747 nignianum
322 2707 363 2738 de
388 2706 518 2738 duriore
540 2706 659 2742 labore,
676 2705 734 2748 qui
750 2707 836 2738 omni

83 2746 199 2782 titium
234 2749 307 2781 nisu
337 2749 420 2782 inter
448 2748 585 2791 gemitus
616 2754 650 2780 et
677 2749 837 2781 anhelitus

877 1550 992 1586 larum,
1007 1555 1040 1582 et
1055 1549 1174 1593 saepius
1189 1561 1245 1593 per
1265 1550 1396 1592 longum
1419 1551 1516 1587 diem,
1540 1556 1578 1583 ut
1591 1562 1629 1583 eo

877 1593 998 1635 majore
1013 1603 1121 1625 earum
1139 1593 1294 1625 desiderio
1308 1601 1531 1631 maceraretur,
1555 1605 1626 1626 mu-

877 1641 1015 1667 taturum
1031 1636 1245 1667 intabesceret
1259 1642 1292 1667 et
1314 1637 1397 1668 same
1419 1642 1625 1669 enecaretur:

875 1685 970 1718 posset
1001 1681 1139 1716 inemori,
1171 1690 1237 1720 pro,
1270 1678 1495 1710 inemoreretur
1506 1691 1515 1718 ;
1548 1691 1628 1718 passe

875 1721 960 1752 euim
979 1731 1064 1763 saepe
1081 1720 1212 1752 inservit
1225 1721 1411 1763 periphrasi.
1457 1723 1547 1762 Aqua
1561 1733 1627 1753 sus-

871 1775 965 1804 pensa
995 1770 1094 1794 mento
1127 1774 1265 1803 carl-ora,
1293 1774 1368 1794 viva
1399 1765 1538 1806 imagine
1571 1775 1627 1806 pro

207 2801 265 2823 ur:
289 2792 336 2825 nie
353 2793 416 2824 sere
432 2793 519 2835 apud
537 2791 630 2832 Virg.
648 2791 770 2829 Gemi,
782 2794 836 2829 48,
882 2802 966 2824 curs.
991 2791 1035 2826 ix,

211 2841 319 2867 aratro
331 2838 484 2878 ingemere
508 2833 639 2866 dicitur.
690 2835 758 2869 Quo
770 2846 838 2875 pos·
882 2845 970 2866 nunc
986 2834 1148 2876 Neapolin
1165 2836 1288 2865 otiosam
1303 2833 1421 2865 dictam
1437 2844 1508 2865 esse
1529 2839 1631 2882 putat,

877 1807 977 1842 tenui,
1006 1811 1165 1837 natantes.
1211 1807 1357 1838 Medulla
1382 1814 1516 1843 exsucta,
1544 1807 1627 1839 same

876 1859 974 1880 exesa
1004 1855 1037 1880 et
1067 1848 1249 1881 exsiccata:
1285 1849 1450 1880 Ammian.
1474 1849 1627 1882 Marcell.

877 1903 952 1928 xxx,
968 1894 1000 1928 4,
1017 1894 1058 1922 ad
1083 1902 1176 1932 usque
1199 1894 1280 1931 ipsas
1303 1893 1453 1923 medullas
1477 1900 1628 1924 exsuctus.

876 1936 997 1966 Amoris
1013 1936 1168 1974 poculum,
1191 1933 1355 1976 philtrum.
1402 1935 1505 1970 Quum
1526 1937 1626 1972 semel,

876 1977 908 2008 h.
930 1988 958 2009 e.
980 1977 1075 2008 simul
1100 1987 1150 2013 ac,
1167 1983 1204 2008 ut
1217 1983 1254 2007 ut
1269 1979 1357 2008 semel
1380 1977 1438 2007 inf.
1459 1978 1526 2008 Sat.
1542 1977 1576 2016 ii,
1592 1979 1626 2014 2,

878 2022 951 2052 124.
999 2020 1072 2051 Cibo
1086 2022 1294 2058 interminato,
1311 2021 1351 2051 ad
1374 2030 1469 2061 quem
1494 2025 1627 2062 tangen—

875 2064 951 2094 dum
968 2073 1031 2094 non
1048 2062 1286 2094 admittebatur.

921 2107 1066 2137 41-46,
1090 2106 1161 2136 Non
1177 2106 1309 2148 defuisse
1324 2107 1464 2137 masculae
1489 2106 1626 2137 libidinis

876 2151 1098 2180 Ariminensem
1123 2149 1255 2184 Foliam,
1286 2154 1361 2180 cett.
1395 2158 1527 2180 sensus:
1562 2149 1624 2180 Fo-

876 2191 950 2222 liam
977 2190 1123 2222 Arimino
1155 2190 1319 2230 (Umbriae
1348 2191 1483 2234 oppido)
1511 2197 1624 2227 ortam,

877 2234 1022 2266 nefandae
1037 2233 1180 2265 libidinis
1195 2234 1379 2271 veneficam,
1393 2244 1521 2276 operam
1534 2245 1625 2265 suam

877 2277 927 2308 his
943 2277 1041 2309 sacris
1056 2277 1192 2318 magicis
1215 2277 1446 2314 commodasse,
1472 2277 1628 2320 Neapolis

877 2326 910 2352 et
934 2320 1110 2351 vicinorum
1136 2320 1323 2362 oppidorum
1354 2319 1470 2352 incolis
1496 2330 1626 2362 persua-

878 2373 947 2394 sum
965 2363 1044 2403 fuit5
1069 2362 1155 2394 haud
1172 2363 1282 2399 dubie,
1300 2363 1387 2405 quod
1410 2365 1443 2394 in
1460 2363 1521 2394 hac
1543 2373 1626 2405 prae·

877 2406 971 2448 cipue
997 2405 1126 2446 regione
1152 2405 1252 2437 multa
1279 2404 1319 2437 de
1346 2406 1444 2437 Foliae
1467 2411 1533 2437 arte
1557 2416 1626 2437 ma-

878 2449 950 2491 gica
964 2449 1286 2480 circumferebantur:
1311 2451 1452 2480 masculoe
1476 2450 1626 2484 libidinis,

880 2492 1004 2524 Graecis
1033 2491 1191 2533 ejusmodi
1215 2491 1344 2528 femina,
1366 2502 1440 2534 quae
1463 2491 1533 2533 ipsa
1556 2492 1627 2522 libi-

879 2535 947 2566 dini
973 2545 1039 2566 suae
1059 2539 1169 2565 contra
1190 2534 1275 2575 leges
1296 2541 1418 2566 naturae
1445 2534 1627 2566 satisfacere

879 2579 998 2613 studet,
1027 2577 1151 2619 τριβὰς
1177 2576 1313 2608 dicitur:
1348 2577 1415 2609 vid.
1437 2578 1581 2609 Martial.
1606 2577 1628 2615 i,

879 2622 934 2657 91,
956 2626 989 2652 et
1012 2620 1055 2651 cf.
1083 2621 1236 2651 Juvenal.
1251 2619 1294 2655 vi,
1310 2621 1388 2652 310.
1433 2621 1550 2656 otiosa,
1576 2620 1628 2662 ju-

879 2662 1021 2695 cundum
1038 2662 1199 2694 literarum
1223 2663 1404 2694 amantibus
1426 2663 1527 2694 otium
1550 2673 1631 2705 prae-

879 2707 977 2738 bens.-
1012 2705 1052 2737 de
1080 2705 1224 2746 Neapoli,
1251 2705 1429 2737 studiorum
1455 2707 1541 2743 sede,
1568 2705 1632 2736 vid.

882 2747 1080 2780 Wernsdorf.
1103 2747 1142 2779 ad
1174 2748 1282 2780 Poett.
1311 2749 1397 2780 Min.
1430 2749 1468 2779 T.
1496 2748 1539 2784 iv,
1565 2749 1630 2779 Ex-

1060 2801 1094 2833 p.
1121 2792 1200 2822 395.
1246 2791 1309 2822 Sed
1336 2792 1388 2823 Cl.
1407 2791 1544 2822 Mitsch.
1563 2790 1633 2822 ideo

17 2886 50 2924 ‘22
79 2875 295 2920 btvfifimus
329 2889 410 2919 puer
445 2878 552 2919 Longo
580 2879 629 2908 die
659 2879 703 2908 bis
736 2883 840 2918 terque
882 2877 966 2919 quod
992 2876 1146 2912 Romani,
1170 2876 1358 2908 amoenitate
1383 2876 1522 2917 regionis
1551 2875 1632 2906 invi-

85 2923 212 2955 mo
235 2922 324 2962 dapis
354 2920 485 2952 Inenwri
511 2921 694 2961 spectaculo,
726 2926 762 2951 ut
794 2920 838 2952 ibi

860 3017 875 3037 S

885 2920 954 2956 tati,
985 2929 1024 2950 eo
1054 2919 1203 2950 secedere
1234 2919 1320 2950 soliti
1354 2919 1484 2950 fuerint.
1545 2917 1635 2948 Idem

16 2959 47 3003 ἶ
86 2958 229 2997 ms
240 2972 322 3007 puer
344 2963 498 3007 adspectu
521 2962 738 3006 appositarum
761 2973 838 3005 epu·
883 2962 962 2994 rnihi
992 2962 1127 3000 videtur.
1191 2963 1265 2993 Voce
1306 2961 1458 3002 Thessala,
1495 2959 1635 2991 carmine
