1884 3288
667 171 1052 234 cARMENi.

1544 176 1631 216 245

322 277 538 321 Utrumne
553 276 668 333 jussi
686 289 1003 331 persequemur
1020 275 1169 326 otium,

495 344 600 387 Non
620 343 764 394 dulce,
781 343 827 384 ni
846 350 991 385 tecum
1012 342 1166 384 simul?

320 412 395 456 An
414 413 531 455 hunc
550 411 744 453 laborem
764 419 908 452 mente
929 409 1072 460 laturi,
1095 410 1223 452 decet

237 482 291 522 10

493 479 596 527 Qua
616 478 730 520 ferre
752 494 840 520 non
861 477 1010 520 molles
1032 478 1147 519 viros
1164 479 1181 518 ’ζ

317 547 525 590 Feremus
542 564 552 598 ;
587 554 631 589 et
651 555 694 588 te
715 546 783 588 vel
803 562 882 602 per
905 545 1086 601 Alpium
1100 546 1224 601 juga,

493 606 872 670 Inhospitalem'et
893 613 1151 663 Caucasum,

315 682 402 726 Vel
421 683 660 724 occidentis
682 697 822 738 usque
844 682 900 724 ad
922 682 1119 724 ultimum
1142 682 1295 733 sinum,

488 750 612 792 Forti
634 765 868 806 sequemur
886 757 1079 806 pectore.

234 820 287 862 15
317 818 484 875 Roges,
508 826 631 860 tuum
650 818 801 861 labore
822 819 930 874 quid
945 820 1094 874 juvem
1114 833 1225 868 meo,

491 885 698 937 Imbellis,
721 901 771 928 ac
791 886 942 928 firmus
965 888 1149 941 parum?

319 954 476 996 Comes
497 955 662 996 minore
685 969 779 995 sum
798 953 972 996 futurus
995 955 1038 995 in
1060 961 1193 1004 metu,

492 1022 584 1069 Qui
604 1022 741 1077 major
759 1022 963 1063 absentes
985 1021 1142 1063 habet:

317 1089 383 1132 Ut
405 1090 600 1132 assidens
622 1089 899 1144 implumibus
921 1089 1051 1145 pullis
1074 1090 1164 1130 avis

231 1158 290 1200 20

493 1157 774 1212 Serpentium
794 1157 985 1212 allapsus
1009 1157 1131 1199 timet

317 1225 465 1281 Magis
488 1225 677 1276 relictis3
710 1240 810 1276 non,
833 1233 883 1267 ut
902 1226 1031 1274 adsit,
1054 1224 1190 1267 auxili

492 1293 660 1335 Latura
679 1292 778 1348 plus
800 1293 1109 1348 praesentibus.

315 1359 528 1402 Libenter
549 1360 634 1402 hoc
655 1367 699 1402 et
721 1374 846 1401 omne
867 1358 1125 1400 militabitur

489 1428 662 1470 Bellum
682 1429 725 1469 in
746 1436 834 1470 tuae
857 1443 978 1483 spem
998 1428 1151 1482 gratiae
1169 1443 1178 1468 :

29 1591 32 1595 ,
84 1559 308 1604 navigaturum
334 1561 428 1593 esse'i
460 1561 522 1592 Per
547 1571 638 1592 naves
663 1561 832 1598 Liburnus,

83 1603 125 1636 de
146 1604 265 1647 quibus
281 1603 355 1636 vide
377 1615 447 1647 sup.
470 1604 510 1635 ad
534 1604 556 1640 i,
577 1605 630 1640 37,
651 1605 705 1642 30,
727 1603 831 1644 desig«

83 1652 178 1679 natur
203 1647 317 1679 elassis
343 1646 504 1688 August13
537 1657 592 1689 per
616 1648 681 1677 alta
707 1648 833 1677 navium

80 1691 318 1732 propugnacula
345 1697 451 1721 autem
485 1690 597 1721 classis
633 1689 767 1720 Antonii
802 1695 834 1721 et

83 1732 164 1766 Cleo
187 1739 277 1771 atrae,
293 1733 387 1775 cujus
406 1744 508 1770 naves,
526 1739 561 1763 ut
576 1732 672 1763 tradit
688 1732 774 1763 Flor.
789 1731 832 1767 iv,

85 1776 139 1812 ll.
164 1743 317 1808 itum-ibus
334 1783 427 1817 atque
447 1777 594 1806 tabulatis
613 1777 750 1806 altevatae
769 1786 834 1806 cus-

85 1819 227 1851 cellarum
241 1825 271 1851 et
284 1820 410 1850 urbium
427 1821 535 1860 species
548 1830 611 1859 prae
627 1829 655 1849 se
664 1818 832 1859 ferebant.-

83 1861 150 1895 vid.
171 1862 236 1894 Dio
252 1861 276 1897 l.
296 1863 347 1893 18.
392 1861 478 1893 Hinc
500 1860 656 1903 Virgilius
672 1861 711 1892 de
734 1861 835 1892 classe

85 1905 222 1936 Antonii
244 1905 325 1937 AEn.
347 1904 414 1938 viii.
435 1905 513 1941 690,
533 1907 642 1946 pelago
659 1906 765 1935 credas
784 1907 832 1935 in-

83 1958 161 1980 nare
184 1949 319 1980 revulsas
352 1948 514 1989 Cycladas,
539 1953 596 1978 aut
621 1954 734 1978 montes
761 1958 831 1978 con-

84 1998 212 2023 currere
238 1992 390 2023 montibus
415 1992 512 2021 altos.-
547 1990 646 2021 Tanta
672 1991 748 2020 mole
773 1991 835 2021 viri

85 2034 212 2066 turritis
230 2035 384 2074 puppibus
406 2034 543 2065 instant.-
567 2033 609 2065 cs.
628 2033 717 2064 Plin.
736 2033 834 2071 xxxii,

87 2077 119 2108 1.
162 2075 230 2114 Qui
242 2078 310 2108 alta
322 2078 449 2109 navium
462 2077 697 2118 propugnacula
709 2075 749 2107 de
765 2085 832 2106 ma-

79 2118 219 2162 joribus,
233 2129 308 2162 quoe
319 2119 353 2151 in
364 2120 468 2151 classe
483 2119 622 2160 Augusti
634 2117 761 2154 fuerint,
775 2128 833 2150 na-

84 2162 177 2194 vibus
191 2162 365 2205 explicant,
380 2173 443 2194 non
455 2162 559 2194 solum
575 2172 595 2193 a
609 2162 669 2193 fide
684 2161 835 2193 historica

82 2204 249 2242 recedunt,
262 2204 319 2237 sed
331 2205 429 2237 etiam
445 2204 592 2248 periculi,
607 2205 647 2236 de
661 2215 726 2247 quo
741 2210 835 2247 poeta

26 2268 34 2290 .*
82 2248 222 2280 maxime
238 2247 398 2280 sollicitus
410 2254 472 2284 est,
488 2247 752 2290 magnitudinem,
769 2247 831 2279 nisi

14 2278 52 2334 Q
82 2290 201 2324 tollunt
211 2291 318 2334 plane,
332 2297 418 2323 certe
432 2291 558 2323 elevant
571 2297 603 2323 et
617 2291 780 2322 minuunt.

129 2334 249 2366 5—10.
275 2335 360 2370 Quid
385 2335 460 2365 nos?
489 2336 608 2376 quibus,
637 2339 713 2365 cett.
743 2333 832 2372 Quid

19 2359 45 2421 Ξ
83 2386 144 2420 ego
162 2376 271 2419 igitur,
290 2383 322 2409 te
338 2377 371 2408 in
393 2382 459 2408 tam
477 2376 690 2420 periculosum
710 2376 832 2408 bellum

16 2424 41 2447 Ἴ
84 2418 315 2465 policiwente,
335 2419 475 2452 faciam!
498 2429 569 2461 ego,
585 2419 638 2451 cui
657 2420 734 2456 vita,
750 2419 778 2451 si
802 2426 832 2452 te

61 2482 63 2502 ς
83 2462 253 2509 *patim
265 2462 393 2500 vivitur,
404 2462 563 2505 jucunda,
581 2468 623 2499 at,
635 2463 663 2494 si
677 2463 757 2504 quid
773 2463 832 2494 tibi

31 2508 51 2545 ji
85 2505 248 2544 fiderit.
273 2506 378 2549 gravis
398 2511 431 2538 et
453 2505 552 2537 tristis
572 2507 645 2537 est?
671 2507 704 2537 Si
729 2513 757 2537 te
779 2518 830 2538 su-

21 2550 194 2631 {hff‘mm
194 2559 223 2624 ὅ,
237 2559 285 2602 κο..
301 2548 366 2624 *trita
378 2548 569 2623 contigeptg
594 2549 744 2622 pliffmut
751 2559 832 2623 (1,an

23 2619 79 2680 ’ΞΣ
119 2672 121 2675 v
219 2603 706 2676 ’ὥίωξισηῖῃὲιῖεἵῗζὲνεέᾰυῖπιιιν
724 2603 832 2671 (agni,

22 2681 24 2683 ’
55 2678 92 2718 Νζ
122 2687 166 2710 π
181 2678 284 2715 dulce,
302 2680 457 2713 nitecum
477 2679 594 2710 simut?
616 2680 666 2709 An
686 2678 767 2709 hunc
787 2679 833 2709 la-

228 2726 306 2753 eett.
333 2721 505 2758 Utrumne,
535 2721 622 2763 quod
651 2731 703 2752 me
731 2721 835 2753 facere

69 2719 200 2762 :Amr

59 2759 194 2843 §73:¹ng
215 2763 302 2796 domi
322 2774 383 2806 ego
400 2764 498 2796 vitam
521 2765 668 2799 otiosam,
687 2773 753 2795 non
776 2763 838 2796 nisi

46 2819 79 2841 ›·
121 2803 193 2847 'nt
204 2808 354 2840 societate
368 2807 448 2838 mihi
459 2807 651 2850 jucundam,
668 2807 812 2838 sectabor
824 2809 837 2838 ².

34 2853 137 2925 “1ssss
136 2847 236 2882 forti
262 2850 370 2893 potius
398 2849 505 2882 animo
535 2861 601 2883 una
626 2855 734 2882 tecum
761 2850 839 2882 belli

23 2876 77 2938 ⁹5³<
238 2893 418 2936 perferamt
445 2903 501 2936 pro
529 2893 669 2942 vulgari,
692 2899 840 2925 utrumne

28 2940 66 2974 217-
87 2938 157 2978 -φ
173 2942 218 2968 02
238 2941 295 2968 tua
321 2936 486 2969 voluntate
512 2937 599 2968 domi
627 2936 776 2974 maneb0,
799 2946 840 2968 an

64 3015 69 3017 λ
94 2980 163 3011 uu}
174 2982 280 3012 tecum
294 2978 328 3012 in
344 2979 465 3012 bellum
481 2979 684 3022 proficiscarl

925 1561 1064 1593 12-18,
1098 1560 1315 1601 Inhospitulem
1355 1561 1546 1593 Caucasum:
1585 1561 1630 1594 cf.

878 1613 949 1645 sup.
968 1603 1008 1634 ad
1026 1603 1049 1638 i,
1065 1605 1119 1640 22,
1136 1605 1167 1635 6.
1218 1605 1271 1635 Vel
1290 1605 1453 1636 occidentis
1472 1616 1567 1646 usque
1587 1607 1628 1636 ad

877 1648 1022 1676 ultimum
1037 1648 1151 1683 sinum,
1170 1646 1210 1677 ad
1231 1652 1389 1678 extremos
1410 1658 1512 1689 usque
1529 1648 1628 1679 Occi-

876 1688 1003 1720 dentem
1033 1699 1141 1720 versus
1171 1690 1295 1720 Oceani
1325 1689 1497 1727 terminos;
1531 1691 1631 1721 labore

877 1743 951 1769 meo,
968 1742 1038 1763 mea
1050 1731 1176 1767 militia.
1191 1742 1273 1764 mea.
1294 1742 1389 1774 quam
1405 1733 1438 1763 in
1453 1732 1540 1764 bello
1557 1744 1628 1764 sus-

878 1774 977 1805 tinere
1000 1785 1141 1817 possum,
1161 1785 1268 1817 opera.
1313 1775 1446 1806 Imbellis
1463 1787 1498 1807 ac
1515 1786 1627 1815 parum

866 1818 996 1857 firmus,
1021 1818 1219 1861 ἀπτόλεμος
1238 1818 1295 1849 καὶ
1316 1819 1472 1856 ἄναλκις.
1515 1819 1629 1857 Habet,

878 1860 960 1902 ἔχει,
977 1867 1123 1903 occupat,
1140 1871 1296 1903 occupare
1309 1861 1400 1892 solet.

924 1905 1062 1935 19—22.
1091 1904 1132 1935 Ut
1151 1906 1285 1935 assidens
1305 1904 1501 1943 implumibus
1517 1905 1627 1944 pullis,

877 1951 952 1977 cett.
970 1946 1017 1977 uti
1040 1946 1102 1978 fere
1126 1946 1205 1982 avis,
1227 1945 1325 1989 pullis
1345 1945 1554 1988 implumibus
1575 1957 1625 1978 as-

876 1989 984 2020 sidens
1013 1990 1088 2031 (pro
1117 1989 1217 2026 tenui,
1241 1989 1346 2032 pullos
1372 1989 1543 2031 implumes
1569 1989 1626 2021 ha-

877 2031 987 2071 bens),
1016 2031 1116 2073 magis
1140 2032 1178 2063 iis
1200 2032 1319 2063 relictis
1342 2031 1394 2074 (in
1416 2043 1491 2064 casu
1515 2033 1626 2074 tertio)

876 2074 1070 2117 serpentium
1092 2074 1234 2118 allapsus
1255 2075 1356 2110 timet.
1371 2075 1403 2106 h.
1417 2085 1447 2106 e.
1463 2076 1504 2106 de
1520 2074 1559 2107 iis
1577 2086 1626 2108 re-

878 2117 962 2149 lictis
978 2117 1091 2159 magis,
1107 2128 1204 2160 quam
1227 2118 1253 2148 si
1271 2118 1421 2153 assideat,
1439 2118 1480 2149 ob
1499 2128 1627 2161 serpen-

878 2160 956 2192 tium
985 2159 1124 2203 allapsus
1151 2161 1290 2192 sollicita
1317 2166 1386 2200 est;
1416 2171 1626 2203 quamquam,

877 2203 954 2234 licet
983 2203 1056 2246 (ut)
1089 2204 1182 2241 adsit,
1212 2203 1252 2234 iis
1278 2204 1449 2246 praesentia
1475 2215 1533 2235 sua
1564 2215 1629 2236 non

874 2247 960 2289 plus,
987 2257 1086 2288 quam
1113 2248 1140 2278 si
1169 2247 1263 2283 absit,
1293 2246 1406 2278 auxilii
1434 2246 1540 2278 latura
1568 2254 1629 2280 est.

875 2289 928 2321 Sic
953 2299 1015 2320 non
1039 2300 1120 2332 opus
1145 2290 1279 2326 videtur,
1306 2296 1341 2321 ut
1365 2300 1440 2321 cum
1466 2290 1628 2328 Bentleio,

875 2343 932 2376 pro
947 2344 1019 2369 non,
1037 2340 1072 2364 ut
1088 2335 1183 2369 adsit,
1200 2333 1314 2369 auxili,
1331 2338 1408 2364 cett.
1424 2333 1627 2371 rescribatur,

876 2388 948 2414 non,
973 2377 1022 2407 uti
1048 2378 1088 2407 sit
1112 2377 1225 2412 auaili,
1249 2381 1325 2408 cett.
1348 2375 1490 2418 explicat
1513 2387 1627 2419 nempe

876 2431 947 2455 non,
976 2421 1026 2450 uti
1050 2429 1119 2461 pro,
1146 2430 1210 2450 non
1236 2429 1314 2460 quo,
1344 2420 1406 2455 vel,
1430 2429 1495 2450 non
1521 2420 1627 2462 quod;

876 2462 931 2494 sed
947 2471 988 2493 an
1011 2467 1096 2493 recte
1110 2465 1159 2494 nti
1174 2462 1220 2493 ita
1239 2461 1394 2504 explicari
1409 2463 1520 2504 possit,
1536 2463 1628 2495 valde

875 2505 999 2537 dubim.
1045 2505 1174 2546 Serpens
1195 2504 1318 2541 avibus,
1338 2505 1498 2548 praecipue
1519 2507 1629 2548 pullis,

876 2548 1027 2580 infestum
1042 2547 1181 2580 animal:
1207 2548 1265 2580 inf.
1282 2548 1316 2579 in
1334 2548 1435 2591 Epist.
1450 2549 1490 2579 ad
1513 2549 1580 2582 Pis.
1598 2562 1629 2582 v.

882 2593 933 2627 13,
948 2602 1007 2622 mm
1024 2597 1061 2622 ut
1075 2592 1232 2631 Serpentes
1246 2593 1353 2622 auibus
1365 2594 1574 2634 geminentur.

920 2635 1063 2666 23—30.
1086 2635 1234 2666 Libenter
1253 2635 1306 2665 hoc
1329 2641 1358 2665 et
1378 2645 1462 2666 omne
1483 2637 1632 2668 militabi-

879 2684 943 2714 tur,
959 2681 1034 2709 cett.
1079 2677 1230 2709 Libenter
1241 2687 1313 2719 ego,
1329 2682 1394 2708 tam
1410 2677 1444 2708 in
1457 2677 1517 2708 hoc
1533 2690 1631 2721 quam

879 2721 912 2751 in
935 2718 1049 2763 quovis
1071 2720 1135 2751 alio
1155 2719 1252 2758 bello,
1272 2719 1381 2752 militis
1398 2720 1500 2751 vicem
1523 2722 1632 2760 obibo,

882 2764 986 2800 modo,
1017 2761 1050 2795 id
1078 2763 1137 2794 tibi
1165 2768 1292 2806 gratum
1316 2762 1392 2799 fore,
1422 2773 1547 2806 sperare
1575 2777 1632 2808 po-

883 2813 948 2838 tero
961 2818 970 2846 ;
993 2803 1068 2842 alia,
1091 2817 1164 2848 quae
1187 2805 1243 2836 alii
1264 2811 1422 2848 spectant,
1448 2806 1525 2838 belli
1550 2818 1633 2850 prae-

884 2849 959 2886 mia,
978 2849 1130 2892 ampliora
1150 2848 1333 2886 latifundia,
1351 2848 1479 2891 egregia
1502 2860 1634 2891 pascua,

884 2892 976 2924 villas
1002 2893 1203 2934 magnificas,
1230 2891 1312 2923 nihil
1340 2891 1488 2933 equidem
1520 2903 1635 2925 moror.

888 2936 957 2967 Non
979 2943 1018 2968 ut
1029 2937 1173 2977 juvencis
1201 2936 1327 2976 illigata
1351 2936 1494 2974 pluribus
1516 2935 1635 2967 sir-atra

886 2981 1032 3012 nitantur
1062 2990 1140 3016 mea,
1170 2977 1376 3019 exquisitiore
1406 2977 1558 3019 loquendi
1585 2989 1634 3010 ra-
