1884 3288
625 223 852 266 LIBER
882 222 966 274 111,
1005 224 1068 264 16.

305 330 462 372 Portas
484 329 546 371 vir
568 326 774 376 Macedo,
796 332 841 368 et
862 325 1036 366 subruit
1055 325 1234 367 aeinulos

804 393 995 436 Munera
1016 394 1190 434 navium

222 399 275 440 15
306 397 454 453 Reges
476 395 742 438 muneribus.

651 462 801 505 Saevos
823 461 1060 517 illaqueant
1081 461 1232 504 duces.

307 534 588 576 Crescentem
609 531 806 587 sequitur
827 545 933 572 cura
953 530 1199 586 pecuniam,

305 601 613 657 Majorumque
635 599 785 641 fames.

847 598 878 640 J
880 613 957 640 ure
978 598 1213 654 perhorrui

307 668 722 724 Lateconspicuum
742 665 895 709 tollere
917 667 1136 717 verticem,

218 738 276 779 20

649 735 886 784 Maecenas,
910 735 1107 789 equitum
1127 734 1278 776 decus.

303 804 483 866 Quanto
503 805 690 860 quisque
712 803 794 845 sibi
814 802 941 858 plura
960 803 1200 858 negaverit,

305 873 379 915 Ab
400 872 485 915 Dis
506 872 634 929 plura
654 871 779 914 feret.
841 871 919 913 Nil
944 872 1214 927 cupientium

73 987 148 1009 cum
170 974 346 1020 reputaturi
367 975 514 1014 fuissent,
540 976 584 1007 Ni
610 977 732 1018 siguum
754 977 826 1006 coelo

77 1020 229 1062 Cytherea
249 1021 378 1052 dedisset
405 1031 423 1050 a
445 1026 523 1052 erto.
567 1019 644 1050 Fore
665 1020 758 1054 euim,
780 1028 825 1049 sc.

76 1062 160 1095 bene
191 1068 315 1099 norant,
345 1062 409 1101 vel,
459 1063 535 1094 robe
566 1061 678 1103 gnari;
709 1069 823 1098 tutum,

73 1105 163 1138 haud
182 1105 391 1138 interclusum
413 1116 434 1137 a
454 1104 652 1142 custodibus,
678 1105 823 1142 liberum,

22 1178 27 1194 a
75 1159 236 1181 securum.
283 1149 424 1181 Pretium
445 1149 589 1192 apposite
606 1159 674 1191 pro,
689 1158 801 1179 aurum
813 1160 822 1187 3

24 1195 25 1199 ’
75 1191 136 1224 hoc
166 1191 324 1224 vocabulo
353 1191 438 1223 enim
468 1202 518 1223 res
548 1203 620 1234 quae
651 1193 684 1223 in
716 1192 826 1223 sabula

25 1270 30 1275 ,
75 1235 166 1272 latet,
188 1235 365 1267 adulterum
388 1244 498 1278 nempe
514 1234 597 1266 viam
618 1234 681 1266 sibi
697 1234 737 1266 ad
757 1236 825 1266 Da-

75 1286 171 1317 naen,
186 1277 374 1310 custodibus
384 1288 461 1308 auro
477 1277 527 1309 vel
545 1279 645 1320 pretio
659 1278 825 1319 corruptis,

24 1324 25 1327 ’
78 1320 251 1364 aperuisse,
264 1321 358 1352 simul
374 1319 529 1352 innuitur.
574 1321 670 1352 Ovid.
688 1321 763 1351 Am.
780 1320 826 1357 iii,

76 1365 110 1405 8,
126 1364 181 1400 30,
197 1364 328 1405 Jupiter
346 1365 529 1401 admonitus,
546 1364 628 1394 nihil
647 1374 705 1395 esse
723 1370 829 1403 poten-

76 1409 141 1439 tius
159 1417 251 1444 auro,
275 1407 436 1447 corrupta:
457 1408 591 1448 pretinm
612 1408 744 1448 virginis
768 1409 828 1446 ipse

31 1482 37 1492 r
66 1449 144 1494 sitit
153 1461 166 1489 ,-
189 1454 222 1482 et
237 1449 312 1482 hinc
327 1449 412 1492 apud
427 1451 576 1487 eundem,
594 1450 674 1481 Met.
690 1449 733 1488 iv,
750 1450 827 1486 610,

24 1496 29 1506 ·“
77 1493 195 1568 ganne
222 1493 377 1526 Perseum
404 1494 512 1534 pluvio
540 1504 618 1524 auro
643 1493 827 1536 concepisse

102 1535 207 1569 'eitun
226 1543 229 1545 “

121 1580 244 1611 9-16,
267 1579 354 1611 Loca
382 1578 501 1610 similia
528 1578 568 1611 de
595 1582 667 1611 auri
691 1581 829 1620 potentia

77 1621 145 1654 vid.
156 1622 243 1666 apud
257 1622 402 1664 Interpp.
446 1622 520 1654 Huc
537 1622 672 1665 pertinet
686 1622 830 1664 inprimis

79 1665 238 1698 sententia
253 1675 349 1708 quam
364 1665 405 1696 de
419 1665 500 1701 auri,
513 1664 725 1697 munitissima
739 1677 829 1707 quae·

79 1718 143 1752 qne
162 1708 370 1752 penetrantis,
385 1709 416 1739 vi
435 1707 538 1740 eidem
562 1709 695 1739 Danaes
712 1709 830 1740 fabulae

80 1752 244 1784 subnectit
267 1751 363 1785 Pam.
387 1751 501 1784 Sileut.
525 1752 547 1783 l.
572 1751 596 1782 1.
621 1751 832 1793 4,-χάλκεα

81 1797 164 1839 νωᾷ
175 1795 291 1838 τείχεα
306 1795 361 1827 καὶ
372 1793 512 1837 δεσμοὺς
526 1795 656 1837 χρυσὸς
668 1794 684 1826 ὁ
696 1794 830 1827 πανδα-

79 1837 210 1883 μάτωρ.
255 1838 319 1870 Por
331 1839 443 1870 medios
461 1839 620 1873 satellites,
636 1847 690 1868 eos
709 1837 834 1870 scilicet

81 1880 324 1925 corrumpendo.
369 1883 472 1918 Amat,
487 1882 587 1924 φιλεῖ,
603 1891 666 1912 non
679 1880 831 1924 simplici-

81 1929 130 1956 ter
147 1935 216 1968 pro.
234 1923 327 1960 solet,
347 1929 384 1956 ut
404 1924 579 1967 explicant,
600 1924 655 1955 sed
674 1923 770 1956 habet
788 1924 832 1955 si-

82 1967 151 2000 mul
171 1967 358 2010 adjunctam
379 1967 539 1999 notionem
561 1967 746 2009 voluptatis,
767 1978 832 2009 qua

82 2019 195 2042 aurum
211 2011 246 2043 in
262 2010 295 2042 vi
314 2020 375 2042 sua
392 2010 600 2046 ostendenda,
625 2016 778 2051 tanquam
799 2011 831 2042 in

82 2053 210 2098 proprio
220 2052 347 2096 sibique
358 2053 594 2096 jucundissimo
606 2053 745 2095 negotiO,
762 2064 831 2085 ver-

21 2119 28 2138 3
83 2102 182 2130 tetur.
225 2097 316 2134 Sam,
339 2095 554 2128 munitissima
572 2106 720 2138 quaeque.
764 2099 830 2128 Au-

25 2143 38 2186 ἠ
82 2141 174 2183 gliris
186 2140 312 2184 Argivi,
335 2139 537 2183 Amphiarai,
556 2139 651 2182 cujus
674 2139 831 2177 interitus,

22 2190 43 2219 3«
83 2187 117 2216 et
138 2182 255 2218 omnis,
280 2193 354 2226 quoe
376 2193 449 2215 eum
475 2190 588 2215 secuta
612 2188 671 2219 est,
703 2183 831 2215 familiae

22 2224 31 2266 ἶ
83 2234 152 2259 tun
173 2225 294 2266 clades,
308 2226 351 2258 ab
368 2235 465 2257 aureo
482 2225 605 2263 monili,
625 2237 690 2268 quo
709 2237 742 2258 se
762 2237 831 2258 cor·

23 2272 42 2304 2²5⁴
82 2269 189 2313 impl
229 2279 302 2301 assa
322 2269 425 2302 fuerat
449 2269 520 2311 ejus
546 2279 624 2300 uxor
648 2275 680 2300 et
703 2269 833 2301 Adrasti

23 2321 42 2335 ¹³⁷
83 2318 180 2350 mr,
196 2280 361 2356 ssfiphyle,
373 2313 544 2355 repetenda
554 2311 627 2343 fuit.
658 2313 744 2343 Nam
758 2323 832 2344 cum

19 2358 52 2387 ‘i
82 2352 140 2392 me
164 2355 234 2394 fati,
257 2355 356 2398 quod,
381 2361 420 2387 ut
442 2361 541 2392 vates,
566 2355 628 2387 sibi
653 2355 686 2387 in
710 2356 831 2388 bellum

82 2396 272 2432 Thebanum
289 2398 467 2442 profecturo
478 2398 604 2431 ’instare
624 2399 732 2431 animo
752 2410 834 2442 prue—

25 2451 26 2454 ’
84 2446 222 2487 αρσια,
235 2441 376 2474 evitandi
394 2451 495 2474 eausa
514 2452 547 2474 se
563 2443 770 2483 occultasset,
793 2444 834 2474 ab

86 2483 97 2492 ⁸
137 2484 144 2493 '
199 2495 310 2524 uxore,
325 2494 419 2517 aureo
433 2484 556 2521 monili,
570 2486 654 2526 quod
667 2496 722 2528 per
734 2485 832 2529 Poly-

48 2563 62 2567 ,
205 2528 236 2561 ei
246 2528 389 2560 oblatum
400 2528 515 2564 fuerat,
529 2527 712 2567 sollicitata,
728 2530 832 2572 prodi-

43 2612 46 2614 *
64 2576 65 2582 ¹
80 2573 140 2605 ‘fis
153 2577 187 2605 et
199 2570 241 2603 ad
252 2571 335 2603 illud
349 2571 467 2603 bellum
482 2575 658 2614 proti-actus
669 2578 729 2603 est.
759 2574 835 2610 Quo

75 2613 245 2656 'lffl'terrae
260 2614 378 2646 haustu
394 2614 546 2657 periisset,
563 2614 634 2657 ejus
654 2615 738 2646 filius
755 2616 835 2647 Alc-

50 2666 58 2686 ·.
67 2660 191 2698 *ymon
201 2657 312 2690 matris
323 2657 465 2689 fraudem
481 2657 569 2689 caede
586 2658 672 2689 ultus
683 2665 731 2690 est
744 2671 752 2698 3
766 2659 835 2701 ipse

22 2705 26 2741 j
55 2714 66 2741 ,·
86 2703 192 2742 m
206 2701 248 2732 ob
263 2700 346 2733 idem
363 2701 483 2732 monile
503 2711 647 2738 aureum,
665 2712 739 2732 cum
754 2702 837 2734 illud

27 2742 60 2774 ,ῖ-”
83 2738 254 2784 Quare,
269 2754 364 2787 quam
381 2744 610 2786 repudiaverat,
627 2745 840 2787 Alphesiboea

244 2810 253 2823 ,
277 2788 319 2819 ab
340 2787 412 2830 ejus
433 2787 583 2818 fratribus
614 2789 740 2819 occisus
770 2794 837 2820 est:

144 2868 145 2871 Ἰ
164 2829 195 2873 A
238 2830 351 2863 llodor.
365 2829 456 2867 iii‚6,
468 2832 501 2867 2.
516 2830 726 2873 Hygiu.Fab.
738 2831 840 2863 lxxiii.

177 2875 187 2882 ⁹
221 2879 233 2905 t
260 2875 396 2906 demersa
421 2875 523 2910 mitio,
553 2873 744 2915 exquisitius
774 2885 842 2918 pro,

49 2927 54 2959 '.
72 2924 89 2954 ff
119 2949 130 2954 ,v
251 2921 301 2949 est
321 2915 431 2954 exitio,
449 2916 482 2949 h.
496 2927 526 2949 e.
541 2917 658 2948 corruit
679 2923 711 2949 et
729 2918 841 2949 exstir-

28 2991 29 2994 ,
47 2972 51 2974 ·
72 2996 75 2998 ,
94 2989 98 2993 ,
135 2996 138 2997 ⁷
184 2964 248 2999 ut·
290 2959 419 3008 Diffidst
432 2962 556 2991 urbium
573 2961 684 2991 Portas
699 2962 748 2991 vir
770 2962 842 2992 Ma-

45 3007 47 3011 '
222 3001 356 3034 Fabulis
375 3002 520 3046 adjungit
539 3013 588 3035 res
611 3003 765 3035 historica
781 3005 844 3036 fide

87 3036 340 3088 &imantia
363 3047 575 3078 confirmatas.
624 3046 680 3077 Vir
702 3047 841 3085 Macedo,

872 973 1050 1006 Alexandri
1078 975 1129 1005 M.
1160 979 1260 1016 pater,
1289 972 1468 1015 Philippus,
1492 972 1560 1015 qui,
1585 977 1620 1004 ut

871 1017 985 1049 Cicero
1005 1017 1051 1049 ait
1073 1017 1114 1048 ad
1133 1016 1234 1048 Attic.
1255 1017 1276 1054 i,
1300 1017 1352 1052 16,
1375 1019 1474 1047 omniu
1493 1017 1619 1048 castella

869 1063 1041 1102 expugnari
1054 1072 1134 1102 posse
1145 1062 1276 1096 dicebat,
1290 1061 1323 1090 ιἰι
1338 1071 1402 1101 quae
1414 1061 1496 1090 modo
1507 1060 1620 1091 asellus

868 1116 945 1135 auro
959 1111 1086 1136 onustus
1097 1106 1278 1135 adscendere
1286 1110 1391 1143 posset.
1433 1102 1519 1134 Hinc
1534 1101 1619 1134 idem

869 1147 955 1190 apud
971 1147 1050 1180 Val.
1067 1148 1160 1179 Max.
1176 1146 1232 1183 vii,
1257 1149 1277 1178 2
1293 1152 1357 1178 ext.
1380 1147 1431 1184 10,
1453 1149 1567 1187 mty'ore
1584 1158 1619 1178 ex

867 1198 956 1231 parte
981 1198 1128 1222 mercator
1152 1191 1278 1222 Groeciae
1309 1201 1397 1231 quam
1420 1191 1517 1220 victor
1539 1188 1619 1220 dici·

870 1239 939 1265 tur:
964 1234 1006 1265 cf.
1021 1234 1119 1265 Diod.
1133 1234 1197 1265 Sic.
1211 1233 1274 1270 xvi,
1292 1235 1345 1265 54.
1391 1232 1530 1274 Diffi‘lst’
1547 1242 1620 1273 gra-

870 1277 940 1308 vius
960 1288 1026 1319 pro,
1049 1276 1202 1320 perrupit,
1225 1275 1433 1319 expugnavit.
1476 1276 1620 1313 Subruit,

873 1321 1106 1360 significantius
1127 1331 1182 1363 pro
1204 1319 1338 1361 vulgari,
1358 1318 1454 1357 vicit3
1477 1320 1622 1350 subruet-e

871 1364 968 1400 enirn,
991 1364 1078 1404 quod
1104 1362 1228 1406 proprie
1253 1363 1293 1394 de
1317 1373 1355 1394 eo
1380 1361 1438 1404 qui
1465 1361 1623 1393 machinis

872 1406 923 1438 vel
938 1406 1086 1448 operibus
1102 1416 1209 1437 muros
1221 1406 1367 1441 destruit,
1379 1405 1509 1441 dicitur,
1522 1415 1626 1448 appo-t
1652 1418 1658 1424 ·

873 1449 931 1480 site
947 1449 1134 1480 transfertur
1157 1449 1197 1480 ad
1221 1459 1293 1480 eum
1317 1448 1373 1490 qui
1396 1458 1473 1480 auro
1494 1453 1527 1481 et
1548 1459 1620 1479 mu-

871 1492 1012 1528 neribus,
1026 1498 1178 1534 tanquam
1190 1491 1360 1528 machinis,
1373 1491 1505 1523 alterius
1515 1498 1622 1534 potes-

871 1540 968 1567 tatem
994 1535 1160 1567 subvertit.
1205 1536 1341 1567 Munera
1371 1537 1496 1566 nuvium
1528 1535 1624 1566 Soevos

871 1580 1041 1620 illaqueant
1065 1581 1168 1615 duces,
1192 1579 1324 1611 refertur
1340 1579 1379 1610 ad
1397 1579 1622 1614 Menodorum,

874 1623 924 1653 vel
949 1623 1093 1661 Menam,
1117 1622 1172 1664 qui
1199 1622 1383 1654 muneribus
1409 1626 1578 1664 corruptus
1605 1631 1625 1653 a

874 1665 1039 1707 Pompeio,
1050 1666 1144 1708 cujus
1155 1665 1251 1696 classi
1266 1665 1436 1712 praefectus
1451 1665 1566 1701 suerat,
1582 1664 1624 1696 ad

875 1709 1071 1749 Augustum,
1087 1714 1119 1740 et
1136 1708 1176 1739 ab
1191 1719 1229 1740 eo
1244 1707 1383 1739 vicissim
1403 1707 1443 1738 ad
1459 1707 1550 1738 illurn
1565 1709 1623 1739 de-

875 1750 987 1782 fecisse
1017 1751 1168 1782 traditur:
1208 1751 1271 1782 vid.
1295 1751 1360 1782 Dio
1389 1749 1490 1786 xlviii,
1516 1753 1570 1790 45,
1591 1756 1625 1783 et

877 1794 956 1829 xlix,
977 1796 1006 1825 1.
1053 1795 1159 1829 Saevos.
1175 1793 1208 1825 h.
1224 1805 1253 1825 e.
1268 1794 1374 1829 fortes,
1390 1799 1426 1825 ut
1439 1804 1535 1836 saepe.

924 1838 1062 1869 17—20.
1096 1840 1282 1870 Crescentem
1305 1839 1444 1879 sequitur
1468 1848 1545 1867 eura
1573 1848 1624 1878 pe-

876 1882 1020 1911 cuniam.-
1045 1880 1085 1911 cf.
1099 1881 1133 1911 in
1150 1880 1232 1912 hanc
1247 1880 1439 1912 sententIam
1455 1890 1526 1923 sup.
1541 1879 1576 1917 ii,
1591 1881 1625 1920 2,

879 1924 930 1955 13.
976 1923 1189 1955 Notissimum
1212 1930 1260 1955 est
1280 1923 1363 1955 illud
1382 1923 1536 1956 Juvenal.
1558 1923 1623 1960 xiv,

879 1967 952 2003 139,
971 1967 1093 2008 ,Crescit
1117 1978 1201 1997 amor
1229 1969 1356 2003 nummi,
1383 1973 1533 2008 quantum
1558 1968 1626 2007 ipsa

874 2012 1006 2049 pecunia
1021 2011 1141 2042 crescit.
1187 2010 1240 2042 Cl.
1255 2009 1391 2041 Mitsch.
1404 2009 1514 2041 laudat
1528 2009 1625 2042 Paul.

877 2052 934 2084 Sil.
956 2053 1042 2092 lxxv,
1066 2054 1098 2091 3,
1121 2053 1255 2085 Anthol.
1277 2053 1383 2085 Graec.
1404 2053 1443 2084 T.
1459 2052 1500 2090 iv,
1518 2064 1551 2095 p.
1569 2054 1624 2090 71,

877 2097 1039 2129 Πλοῦτον
1055 2096 1146 2138 ἔχειν
1159 2096 1258 2128 ἐθέλω
1274 2097 1335 2129 τὸν
1351 2095 1523 2138 ἐπάρκιον·
1545 2095 1567 2135 ἡ
1593 2096 1626 2129 δὲ

876 2141 1024 2182 περισσὴ
1046 2141 1164 2182 θυμὸν
1181 2139 1234 2172 ἀεὶ
1254 2139 1382 2172 κατέδει
1403 2141 1627 2182 χρυσομανής

874 2184 1010 2225 μελέτη.
1055 2184 1225 2224 quorum,
1240 2193 1287 2215 sc.
1302 2183 1479 2223 bonorum;
1498 2185 1627 2224 majora,

876 2227 919 2258 τὰ
934 2227 1089 2269 μείζονα,
1105 2227 1259 2260 πλείονα·
1287 2233 1320 2258 ut
1332 2225 1451 2269 ἵμερος
1466 2227 1627 2259 πλεόνων

876 2270 961 2318 apud
978 2270 1138 2302 Theocrit.
1158 2270 1223 2307 xvi,
1251 2270 1304 2301 65.
1352 2270 1535 2308 Perhorrui,
1555 2281 1627 2312 gra·

875 2323 946 2344 vius
975 2324 1040 2356 pro,
1071 2313 1180 2344 nolui:
1218 2316 1279 2345 late
1304 2314 1497 2354 conspicuum
1522 2315 1629 2345 tollere

877 2359 1030 2394 verticem,
1041 2356 1222 2388 divitiarum
1240 2356 1341 2396 gloria
1352 2355 1628 2399 exsplendescere.

883 2400 1031 2432 Verticem
1060 2401 1165 2431 tollere
1191 2399 1442 2443 (ὑψαυχενεῖν)
1464 2399 1627 2438 dicuntur,

879 2443 935 2485 qui
961 2454 1045 2475 vana
1068 2443 1168 2486 gloria
1196 2454 1292 2486 super
1317 2442 1397 2474 alios
1421 2453 1455 2475 se
1479 2443 1628 2480 efferunt,

877 2496 995 2529 eosque
1010 2498 1074 2530 prae
1092 2497 1125 2518 se
1141 2493 1369 2518 contemnunt:
1394 2486 1436 2518 cf.
1452 2497 1524 2529 sup.
1540 2486 1560 2524 i,
1576 2488 1628 2523 18.

883 2531 932 2561 15.
978 2531 1126 2572 Equitum
1142 2532 1250 2561 decus:
1274 2529 1419 2561 similiter
1438 2540 1511 2572 sup.
1529 2529 1552 2566 i,
1575 2531 1629 2567 20,

878 2574 910 2610 3,
928 2574 1142 2605 Maecenatem
1157 2575 1276 2604 clarum
1288 2575 1416 2613 equitem
1432 2573 1585 2615 appellat.

921 2617 1065 2648 21—28.
1091 2617 1215 2652 Quanto
1237 2618 1362 2658 quisque
1382 2618 1438 2648 sibi
1460 2618 1555 2656 plura
1577 2628 1630 2648 ne·

878 2663 1012 2701 gaverit,
1027 2661 1072 2690 Ab
1088 2659 1144 2690 Dis
1154 2661 1247 2700 plura
1255 2661 1363 2702 feret:
1380 2670 1443 2701 quo
1456 2660 1557 2691 minor
1570 2660 1629 2691 ali-

882 2703 979 2744 cujus·
990 2709 1039 2734 est
1051 2701 1234 2734 divitiarum
1251 2701 1422 2745 cupiditas,
1439 2713 1475 2735 eo
1497 2703 1598 2746 major
1614 2714 1634 2735 a

882 2745 944 2778 diis
958 2746 988 2778 ei
1000 2747 1192 2778 concedetur
1207 2746 1363 2784 felicitas;
1385 2746 1419 2777 h.
1436 2756 1463 2778 e.
1481 2746 1537 2788 qui
1553 2753 1635 2778 sorte

883 2799 942 2821 sua
959 2795 1127 2821 contentus
1142 2789 1232 2825 vivit,
1249 2789 1349 2820 multo
1364 2789 1464 2821 divite
1477 2799 1571 2820 avaro
1586 2796 1635 2821 est

883 2832 989 2864 ditior.
1035 2833 1135 2869 Nam,
1147 2838 1182 2864 ut
1194 2832 1307 2865 Cicero
1318 2832 1362 2863 ait
1372 2832 1531 2864 Paradox.
1543 2832 1585 2868 vi,
1600 2835 1633 2868 3,

888 2875 958 2907 Non
973 2887 1032 2908 esse
1047 2878 1205 2916 cupidum,
1219 2886 1293 2917 pecu
1300 2878 1352 2906 nia
1367 2883 1434 2913 est,·
1457 2882 1633 2906 contentum

885 2930 954 2950 vero
972 2921 1034 2951 suis
1050 2921 1138 2950 ‘rebus
1159 2930 1228 2954 esse,
1247 2920 1382 2950 maaimae
1404 2926 1478 2950 sunt
1500 2920 1634 2949 certissi-

886 2974 995 3004 maeque
1017 2963 1291 2994 divitiae:—rebus
1315 2962 1382 2993 suis
1400 2961 1541 2993 conteuti
1561 2962 1636 2992 satis

886 3016 944 3037 esse
954 3012 1081 3047 putant,
1097 3007 1174 3047 quod
1190 3013 1254 3043 est,·
1278 3006 1357 3036 nihil
1371 3011 1530 3044 appetunt,
1546 3005 1635 3034 nullu

885 3061 920 3081 re
935 3056 1036 3090 egent,
1053 3050 1133 3081 nihil
1145 3050 1200 3080 sibi
1217 3051 1312 3080 deesse
1325 3049 1474 3084 sentiunt,
1490 3048 1571 3078 nihil
1585 3057 1634 3077 re-
