1884 3288
275 214 360 256 286

877 213 1174 279 EPoDON

501 314 666 355 Cruore
685 314 838 355 rubros
860 315 1071 356 obstetrix
1092 329 1255 369 pannos
1273 314 1390 364 lavit,

499 380 733 435 Utcunque
753 380 875 422 fortis
896 381 1040 422 exsilis
1062 396 1289 436 puerpera.

923 536 1122 563 CANIDIA.

499 646 618 692 Quid
638 644 846 685 obseratis
867 643 1041 683 auribus
1063 641 1206 682 fundis
1226 657 1374 695 preces
1393 645 1410 684 ?

498 712 602 752 Non
623 726 726 751 saxa
746 710 871 750 nudis
893 708 1090 748 surdiora
1109 709 1260 748 navitis

415 779 470 818 55
499 777 732 831 Neptunus
754 775 839 815 alto
862 774 1002 814 tundit
1022 773 1228 814 hibernus
1250 773 1351 814 salo.

499 842 665 884 Inultus
687 850 735 882 ut
756 848 802 881 tu
822 840 966 880 riseris
987 839 1177 893 Cotyttia

500 908 704 962 Vulgata,
728 921 894 947 sacrum
912 906 1036 946 liberi
1058 906 1310 960 Cupidinis?

499 975 559 1016 Et
582 973 799 1028 Esquilini
820 973 1021 1014 Pontifex
1042 972 1222 1015 venefici

499 1041 680 1095 Impune
702 1047 749 1080 ut
769 1041 918 1081 urbem
939 1040 1106 1081 nomine
1128 1038 1313 1094 impleris
1333 1041 1458 1081 meo?

414 1109 470 1150 60
500 1109 618 1155 Quid
638 1108 842 1162 proderat
864 1107 1022 1148 ditasse
1044 1106 1244 1161 Pelignas
1266 1121 1388 1154 anus,

498 1175 755 1216 Velociusve
775 1174 994 1215 miscuisse
1015 1174 1204 1214 toxicum
1222 1175 1238 1214 2

499 1241 587 1282 Sed
608 1241 796 1282 tardiora
815 1240 903 1280 fata
924 1246 965 1280 te
986 1239 1094 1280 votis
1115 1245 1310 1279 manent:

495 1308 671 1362 Ingrata
690 1308 845 1347 misero
866 1306 951 1346 vita
970 1305 1166 1346 ducenda
1187 1312 1266 1354 est,
1289 1305 1330 1344 in
1351 1305 1447 1354 hoc,

492 1374 631 1415 Novis
653 1380 702 1414 ut
721 1378 857 1426 usque
880 1379 1085 1426 suppetas
1107 1371 1340 1412 doloribus.

407 1441 463 1482 65
494 1440 633 1494 Optat
653 1440 840 1493 quietem
860 1438 1034 1492 Pelopis
1056 1438 1213 1479 infidus
1234 1444 1370 1492 pater,

493 1507 643 1561 Egens
662 1507 861 1560 benignae
883 1504 1093 1546 Tantalus
1116 1519 1282 1558 semper
1303 1504 1453 1558 dapis3

266 1615 381 1650 meium
397 1615 450 1646 alii
463 1614 555 1645 matri
569 1624 624 1655 per
643 1618 740 1644 artem
754 1614 907 1654 magicam
927 1613 999 1643 sub-

265 1658 389 1690 duxisse
417 1657 612 1690 credebatur,
638 1655 740 1695 tangit
764 1665 901 1696 quoque.
929 1665 1000 1695 sup.

267 1700 369 1742 Epod.
389 1701 420 1736 5,
437 1701 470 1734 5.
488 1699 580 1729 miser
602 1698 656 1728 ille
671 1707 748 1739 puer
764 1707 782 1727 a
798 1697 932 1728 Canidia
948 1707 1001 1738 pe-

204 1768 213 1776 „
266 1743 361 1774 titus:
389 1742 450 1771 Per
477 1742 582 1771 liberos
608 1746 647 1775 te,
674 1742 699 1770 si
727 1745 829 1769 vocata
856 1741 1003 1778 partubus

269 1786 390 1816 Lucina
405 1785 482 1814 veris
497 1782 613 1822 adsuit.

309 1827 450 1857 53—59.
475 1826 558 1859 Quid
584 1824 723 1854 obseratis
751 1824 874 1853 auribus
887 1822 1003 1863 fundis

266 1869 385 1908 preces?
407 1871 480 1898 cett.
524 1868 596 1903 Quo
618 1865 717 1906 major
736 1864 890 1899 Canidiae,
907 1875 1001 1905 quam

266 1910 324 1942 sibi
340 1909 573 1950 respondentem
595 1913 685 1949 poeta
708 1906 840 1941 inducit,
855 1912 903 1938 est
922 1906 1000 1937 fero-

268 1953 318 1983 cia
341 1956 372 1983 et
394 1949 569 1985 insolentia,
590 1955 622 1981 et
642 1959 704 1990 quo
728 1948 901 1985 atrociores,
924 1959 1003 1990 quas

268 1995 327 2025 ista
353 1992 444 2034 jacit,
470 1991 561 2022 minae
590 1996 672 2026 sunt,
699 2001 735 2021 eo
767 1991 915 2024 acerbior,
941 2001 1004 2032 qua

267 2037 337 2078 ejus
359 2040 455 2066 artem
477 2033 631 2074 magicam
652 2032 800 2073 exagitat,
820 2038 867 2063 est
889 2032 1002 2064 irrisio.

270 2080 340 2109 Non
362 2088 431 2108 sata
451 2077 542 2106 ‘nudis
564 2077 702 2106 surdior-a
718 2076 827 2104 navitis
844 2075 1004 2114 Neptunus

269 2122 332 2152 alto
346 2120 450 2150 tundit
464 2119 604 2148 hibernus
626 2118 704 2147 salo.-
729 2126 815 2151 saxa,
830 2126 901 2156 quae
924 2117 1001 2147 fluc-

268 2168 320 2194 tus
332 2159 444 2192 marini
458 2159 607 2194 tundunt,
625 2169 686 2188 non
702 2158 841 2188 surdiora
854 2163 928 2188 sunt
943 2159 1000 2188 mi-

269 2213 407 2236 serorum
419 2201 637 2242 naufragorum
651 2199 806 2242 precibus,
819 2200 851 2230 h.
864 2210 894 2230 e.
907 2210 999 2241 quam

269 2247 365 2278 surda
379 2254 444 2276 esse
467 2244 567 2274 solent
582 2252 655 2273 saxa
670 2242 839 2282 naufragis,
857 2247 919 2272 tam
934 2252 1000 2272 sur-

271 2289 320 2320 dae
337 2297 425 2318 aures
439 2296 516 2316 meae
532 2285 594 2316 tuis
609 2284 752 2332 precibus
766 2289 850 2314 sunt.
892 2283 1002 2321 Nudis‚

271 2331 311 2361 ab
337 2328 422 2361 omni
447 2338 505 2370 ope
530 2327 697 2362 derelictis,
721 2326 753 2356 in
781 2327 856 2357 mari
881 2336 1001 2367 nempe,

269 2373 369 2404 fracta
388 2370 471 2406 navi,
491 2369 681 2400 natantibus.
727 2369 886 2407 Neptunus
906 2369 1002 2398 hiber·-

271 2426 340 2451 nus,
355 2418 440 2444 mota
454 2422 508 2460 per
523 2412 706 2452 Neptunum
723 2415 900 2451 tempestas.
934 2411 1004 2441 Alco

270 2458 344 2492 salo,
359 2455 488 2486 marinis
511 2453 669 2484 fluctibus.
715 2453 840 2483 Inuitus
860 2458 895 2482 ut
913 2459 946 2482 tu
961 2455 1004 2484 ri.

270 2498 354 2534 seris,
371 2503 443 2529 cett.
462 2506 589 2527 sensus:
615 2505 711 2534 egone
729 2494 839 2536 patiar,
856 2499 891 2524 ut
906 2499 939 2524 tu
956 2495 1004 2525 in-

1043 1622 1096 1653 per
1111 1622 1148 1643 ea
1167 1611 1292 1642 libidini
1315 1620 1392 1647 suae,
1409 1609 1556 1641 arcessito
1570 1620 1683 1652 nempe
1703 1619 1779 1643 sene

1044 1654 1099 1684 illo
1119 1655 1216 1690 Varo,
1239 1653 1417 1684 satisfacere
1439 1652 1589 1684 voluerat.
1637 1653 1779 1695 Vulgata,

1043 1697 1203 1736 evulgata,
1227 1694 1363 1726 carmine
1385 1693 1440 1725 illo
1462 1693 1688 1726 contumelioso
1709 1705 1780 1738 sup.

1046 1739 1149 1780 Epod.
1172 1740 1205 1768 5.
1249 1738 1289 1767 Et
1314 1737 1463 1778 Esquilini
1485 1737 1623 1780 Pontifex
1643 1737 1779 1777 venefici,

1045 1785 1077 1811 et
1090 1780 1180 1821 quasi
1203 1778 1386 1821 praepositus
1407 1787 1492 1810 esses
1514 1779 1608 1810 sacris
1625 1778 1778 1819 mngieis;

1048 1823 1189 1863 Pontifex
1212 1822 1295 1852 enim
1318 1819 1414 1852 sacris
1438 1820 1575 1862 publicis
1598 1825 1631 1852 et
1653 1820 1781 1862 privatis

1046 1870 1186 1905 praeerat.
1233 1864 1412 1905 Veneficium
1438 1861 1550 1894 dicitur
1576 1863 1780 1903 Esquilinum,

1045 1906 1120 1947 quia
1135 1906 1280 1937 veneficae
1302 1915 1320 1936 e
1342 1909 1447 1936 monte
1469 1904 1636 1946 Esquilino
1657 1914 1728 1935 ossa
1748 1911 1781 1936 et

1045 1949 1165 1979 cineres
1186 1954 1374 1979 mortuorum
1392 1947 1430 1977 ad
1453 1946 1526 1979 artis
1542 1947 1673 1988 magice
1686 1956 1780 1978 usum

1046 1996 1149 2032 petere
1163 1991 1318 2021 solebant.

1088 2034 1228 2063 60-64,
1275 2033 1358 2066 Quid
1386 2032 1527 2071 proderat
1555 2032 1676 2065 ditasse,
1705 2035 1780 2062 cett.

1047 2085 1155 2105 sensus
1177 2079 1206 2106 et
1226 2084 1343 2105 nexus:
1368 2073 1456 2115 quid,
1472 2083 1592 2114 quaeso,
1605 2072 1632 2104 si
1653 2072 1780 2115 impune

1046 2116 1112 2146 haec
1142 2117 1243 2148 facere
1271 2126 1387 2157 posses,
1413 2115 1577 2158 profuisset
1597 2114 1674 2146 mihi
1699 2121 1780 2147 artes

1045 2158 1182 2198 magicas
1207 2169 1269 2188 non
1297 2158 1365 2188 sine
1389 2167 1506 2198 magna
1527 2156 1668 2188 mercede
1696 2158 1780 2199 apud

1046 2209 1124 2230 anus
1156 2200 1306 2240 Pelignas
1338 2198 1497 2235 didicisse,
1527 2204 1582 2230 aut
1613 2198 1781 2240 praesentia

1044 2251 1163 2272 venena
1175 2241 1358 2272 miscuisse!
1380 2240 1441 2272 Sed
1456 2250 1518 2271 non
1534 2241 1654 2272 inultus
1669 2241 1781 2278 abibis,

1044 2282 1106 2314 imo
1122 2284 1186 2314 fata
1199 2282 1344 2318 tardiora,
1360 2292 1455 2324 quam
1470 2288 1570 2325 optas,
1586 2287 1617 2314 te
1633 2288 1781 2322 manentg

1045 2335 1118 2355 nam
1133 2326 1197 2356 vita
1219 2326 1314 2366 longa
1326 2329 1357 2355 et
1374 2324 1483 2355 misera
1498 2324 1649 2356 trahenda
1663 2324 1718 2355 tibi
1732 2331 1780 2356 est

1044 2377 1080 2398 eo
1095 2367 1167 2403 fine,
1182 2373 1218 2398 ut
1233 2377 1352 2408 semper
1367 2366 1455 2397 novis
1473 2365 1677 2409 suppediteris
1691 2367 1780 2398 dolo-

1045 2409 1141 2446 ribus,
1162 2410 1193 2440 h.
1216 2420 1244 2442 e.
1266 2409 1338 2440 novi
1360 2418 1480 2451 semper
1501 2414 1531 2440 te
1552 2409 1674 2440 dolores
1695 2409 1780 2440 exci-

1070 2451 1147 2483 iant.

1048 2463 1068 2493 p
1090 2494 1228 2525 65—69.
1259 2493 1350 2532 Optat
1373 2495 1510 2534 quietem,
1529 2497 1604 2524 cett.
1647 2492 1781 2525 Canidia

268 2542 355 2572 ultus
389 2538 531 2570 deriseris
566 2543 599 2568 et
632 2536 826 2577 evulgaveris
857 2537 1006 2568 veneficia
1037 2535 1114 2577 fata
1143 2538 1214 2567 votis
1240 2537 1375 2566 tardiora
1405 2535 1437 2566 in
1463 2546 1496 2566 v.
1525 2535 1578 2572 62,
1601 2533 1700 2576 magis
1724 2545 1780 2566 ex-

271 2593 351 2617 mea.
390 2581 495 2612 liberae
534 2579 651 2612 Veneri
693 2589 791 2614 sacra,
831 2584 873 2614 et,
915 2581 1004 2620 quasi

268 2634 365 2667 penes
388 2629 430 2659 te,
454 2629 603 2663 tanquam
629 2622 823 2655 Pontificem,
848 2630 1003 2652 sacrorum

269 2666 460 2708 magicorum
485 2670 567 2696 esset
593 2663 753 2694 arbitrium
781 2668 812 2693 et
836 2662 1004 2703 judicium,

269 2710 398 2751 impune
417 2717 466 2738 me
487 2717 542 2749 per
561 2716 614 2737 ora
636 2705 796 2736 hominum
811 2705 1004 2736 traduxeris‘!

272 2751 437 2792 Cotyttia(
462 2760 510 2780 uae
527 2748 648 2797 proprie
670 2748 797 2779 fuerunt
819 2756 908 2778 sacra
928 2757 1001 2778 noc-

270 2799 374 2828 turna,
389 2802 409 2823 a
423 2761 597 2823 T‹liracibus
621 2789 754 2832 primum
770 2790 900 2830 (Strabo
922 2801 954 2824 x,
970 2801 1002 2831 p.

269 2835 351 2875 324)
374 2835 407 2865 in
427 2834 575 2865 honorem
605 2833 760 2873 CotyttuS,
784 2831 816 2861 h.
841 2841 869 2861 e.
896 2831 1001 2863 liberae

272 2876 406 2911 Veneris
418 2881 450 2907 et
465 2872 615 2907 Licentiae
636 2874 790 2908 instituta,
807 2873 889 2904 unde
913 2873 1000 2904 addi-

271 2926 322 2952 tur
346 2930 463 2950 sacrum
487 2919 573 2948 liberi
603 2916 795 2956 Cupidinis),
821 2926 904 2946 nune
932 2916 1001 2947 ideo

269 2961 392 3004 magica
413 2970 471 2992 sua
492 2969 579 2992 sacra
602 2958 739 3001 appellat
758 2957 901 2993 Canidia,
917 2959 999 2999 quod

1048 2578 1164 2620 plicat:
1187 2577 1310 2619 optabis
1327 2577 1466 2619 quidem.
1483 2576 1538 2614 ait,
1554 2586 1574 2607 a
1591 2576 1780 2609 cruciatibus

1047 2619 1110 2650 tuis
1122 2625 1154 2651 et
1167 2619 1324 2650 laboribus
1336 2618 1457 2650 liberari
1470 2630 1478 2657 3
1497 2619 1551 2650 sed
1566 2629 1656 2660 aeque
1668 2618 1782 2651 frustra

1047 2663 1181 2703 optabis,
1192 2671 1230 2692 ac
1242 2662 1409 2698 Tanlalue.
1418 2660 1635 2696 Prometheus,
1647 2665 1680 2692 et
1693 2661 1780 2703 Sisy-

1048 2705 1129 2746 phus
1148 2715 1166 2735 a
1179 2703 1282 2746 poenis
1300 2703 1504 2734 infernalibus
1519 2702 1643 2734 liberari
1661 2708 1781 2745 optant.

1048 2747 1194 2782 Quietem,
1210 2756 1375 2787 poenarum
1390 2744 1612 2776 remissionem.
1637 2744 1756 2785 Infidus
1767 2757 1778 2782 ,-

1045 2789 1199 2819 Tantalus
1222 2787 1304 2819 enim
1328 2797 1454 2823 arcana,
1469 2787 1509 2818 ab
1522 2788 1602 2820 Jove
1621 2786 1680 2817 sibi
1699 2786 1779 2819 inter

1044 2831 1152 2902 P¹as
1403 2828 1542 2902 aaz„
1555 2828 1778 2902 faama:

1045 2884 1361 2957 dgningibiegpzositas
1373 2883 1468 2956 d'apes
1479 2882 1604 2944 vpdei’at
1614 2881 1778 2950 Tgaantn‘lus,

1046 2958 1111 2994 sed,
1137 2967 1208 2988 cum
1234 2966 1286 2987 eas
1314 2955 1360 2986 ini
1386 2966 1448 2988 non
1478 2955 1630 2998 attingere
1657 2955 1776 2990 liceret,
