1884 3288
304 182 383 222 182

855 178 1250 222 CARMINUM

583 281 851 336 Indignoque
872 284 1095 336 pecuniam

639 348 819 390 Haeredi
838 356 1052 403 properet.

1115 350 1285 391 Scilicet
1304 350 1510 404 improbae

584 415 794 457 Crescunt
814 415 971 457 divitiae
985 433 999 457 ·.
1026 423 1171 458 tamen

638 482 784 524 Curtae
803 483 946 524 nescio
966 483 1070 536 quid
1092 497 1259 537 semper
1279 484 1401 524 abest
1422 483 1497 523 rei.

824 681 1095 722 CARMEN
1130 680 1280 722 XXV.

792 830 876 860 AD
934 829 1302 869 BAccnnM.

525 936 628 983 Quo
647 949 728 983 me,
753 933 937 984 Bacche,
959 936 1075 989 rapis
1097 936 1161 976 tui

582 1001 787 1042 Plenum?
829 1001 942 1047 Quae
959 1015 1142 1050 nemora,
1166 1008 1238 1042 aut
1256 1015 1364 1055 quos
1385 1015 1490 1056 agor
1510 1001 1552 1042 in
1574 1014 1743 1055 specuS,

522 1067 665 1109 Velox
684 1074 824 1108 mente
844 1070 981 1108 nova?

1044 1067 1215 1114 Quibus

579 1133 728 1175 Antris
750 1134 912 1188 egregii
939 1134 1121 1174 Caesaris
1141 1134 1293 1175 audiar

293 1282 389 1314 equos
401 1271 502 1304 adhuc
512 1271 678 1303 indomitos
688 1272 735 1302 vel
750 1273 838 1302 rudes
851 1270 1024 1305 domarent,

293 1314 371 1346 satis
387 1320 493 1346 notum
509 1320 565 1345 est.
611 1314 695 1344 Hinc
714 1314 862 1344 Horatius
878 1323 946 1354 sup.
962 1314 983 1350 i,
994 1313 1024 1350 8,

294 1357 326 1392 7,
342 1357 380 1388 de
402 1356 579 1388 effeminato
602 1355 724 1397 Sybari,
750 1356 873 1386 Gallica
896 1366 948 1386 nec
975 1356 1023 1384 lu-

290 1401 371 1437 paris
390 1399 543 1439 Temperat
558 1410 610 1428 ora
622 1399 746 1439 sroenis.
795 1397 903 1427 Venari
928 1398 1023 1432 timet,

292 1441 486 1472 venationem
509 1441 640 1481 refugit;
663 1445 697 1469 nt
713 1449 783 1480 sup.
798 1439 821 1474 i,
839 1441 870 1474 8,
887 1440 917 1473 8..
941 1441 1024 1469 timet

296 1483 425 1514 Tiberim
443 1490 574 1524 tangere.
612 1483 715 1512 Graeco
732 1483 839 1512 trocho.
878 1481 1021 1515 Trochus,

293 1525 451 1567 (τρόχος)
476 1525 613 1556 circulus
635 1523 782 1559 aheneus,
805 1528 879 1554 rotae
899 1522 1021 1558 similis,

291 1577 382 1608 quem
399 1566 486 1608 pueri
506 1567 647 1597 ludentes
663 1566 749 1606 virga
771 1565 869 1596 ferrea
888 1564 1022 1595 circum-

290 1609 437 1649 agebant,
467 1608 541 1639 dum
572 1608 662 1639 valde
688 1607 924 1638 delectabantur
955 1606 1023 1647 ejus

291 1651 434 1693 strepitu,
449 1661 541 1691 quem
557 1649 672 1681 annexi
694 1649 804 1679 annuli
826 1649 907 1679 inter
929 1658 1022 1688 agen-

290 1693 365 1723 dum
388 1693 541 1724 edebant:
575 1691 637 1722 vid.
669 1690 854 1722 Mercurial.
887 1691 925 1721 de
953 1690 1023 1720 Art.

292 1735 409 1777 Gymn.
436 1735 481 1771 iii,
512 1736 543 1765 8.
597 1734 711 1769 Graeco,
736 1743 754 1764 e
786 1731 911 1763 Graecia
937 1733 1021 1763 enim

290 1777 323 1807 in
347 1777 474 1808 Italiam
497 1776 683 1807 translatum
704 1775 805 1806 suerat
826 1775 884 1805 hoc
907 1774 1022 1805 instru-

289 1825 429 1851 mentum
466 1819 635 1855 lusorium3
672 1819 883 1860 graecubantur
915 1816 1021 1857 igitur,

290 1867 326 1892 ut
352 1861 410 1892 inf.
436 1862 500 1892 Sat.
523 1861 555 1896 ii,
579 1862 610 1897 2,
633 1861 669 1890 ll
695 1860 819 1894 dicitur,
842 1858 927 1900 pueri
953 1860 1018 1890 Ro-

289 1903 386 1934 mani.
435 1903 534 1933 Vetita
558 1903 673 1943 legibus
697 1903 774 1938 alea,
801 1901 873 1931 hinc
897 1902 934 1931 de
954 1902 1019 1931 alea

291 1945 340 1986 (h.
354 1955 383 1976 e.
400 1946 482 1980 lusu,
501 1945 593 1986 cujus
607 1949 747 1978 eventus.
769 1943 896 1985 jactatis
911 1953 1022 1985 nempe

290 1986 362 2018 talis
386 1988 435 2018 vel
461 1987 595 2022 tesseris,
612 1987 644 2017 in
672 1986 804 2016 fortunae
827 1984 946 2026 positus
963 1985 1022 2015 fuit

291 2029 428 2064 arbitrio,
461 2038 528 2064 nOS,
570 2027 806 2066 liazm-‹i-Spiet)
845 2029 1020 2057 condemna-

290 2077 389 2102 torum
403 2071 593 2103 mentionem
608 2070 684 2100 facit
700 2069 809 2101 Cicero
834 2068 972 2111 Philipp.
989 2069 1022 2106 ii,

331 2157 470 2188 59—64.
489 2157 589 2191 Quum
603 2157 727 2195 perjura
738 2154 931 2194 patrisfides,
946 2159 1022 2185 cett.

290 2198 364 2229 dum
374 2199 456 2240 turpi
471 2197 578 2228 fraude
594 2203 680 2238 pater
693 2195 827 2226 corradit
843 2197 1019 2237 pecuniam,

287 2250 381 2281 quam
397 2241 482 2271 filius
497 2239 651 2281 profusius
673 2238 836 2280 dilapidet.
881 2238 1019 2268 Socium:

286 2285 380 2313 socius
395 2282 519 2319 dicitur,
535 2291 669 2322 quocum
684 2281 756 2322 quis
778 2279 811 2310 in
834 2280 920 2310 lucro
942 2279 1020 2310 faci-

286 2325 367 2356 endo
387 2325 563 2355 societatem
584 2324 665 2353 iniit.
710 2322 835 2352 Fallat.-
858 2321 1019 2353 commode

287 2367 419 2397 laudant
441 2367 511 2398 Cic.
534 2377 566 2408 p.
590 2365 689 2396 Rosc.
706 2365 813 2394 Amer.
830 2365 891 2394 40:
917 2364 955 2394 In
967 2375 1017 2394 <re-

287 2410 339 2440 bns
360 2411 523 2439 minoribus
545 2410 654 2438 socium
670 2407 790 2448 ⁵fallere
813 2408 1018 2444 turpissimum

286 2457 340 2482 est.
385 2451 476 2482 Recte
493 2452 590 2492 igitur
603 2452 727 2490 mqjores
742 2459 820 2483 eum,
844 2451 894 2488 qui
909 2451 1018 2479 socium

277 2493 453 2535 fefellisset,
471 2495 503 2523 in
519 2495 660 2523 bonorum
676 2493 810 2522 virorum
826 2501 945 2521 numero
959 2502 1018 2521 non

282 2542 436 2575 putarunt
450 2536 551 2565 haberi
566 2540 728 2574 opportere.
762 2532 930 2563 Censor-tem
943 2544 950 2562 :
969 2543 1017 2563 so-

285 2577 354 2609 cius
389 2577 503 2608 dicitur
539 2587 664 2612 consors,
692 2575 757 2616 qui,
795 2574 878 2616 quod
914 2581 1018 2605 sortem

284 2620 457 2692 asummam
474 2618 627 2661 pecuniae‚
645 2628 710 2653 nos,
733 2615 873 2656 capitul)
897 2615 929 2647 in
953 2627 1016 2648 me-

307 2662 371 2692 ium
388 2662 532 2698 contulit,
546 2661 616 2702 jure
628 2670 684 2691 suo
701 2669 822 2700 aequam
845 2658 923 2689 lucri
947 2669 1015 2700 par-

285 2710 347 2735 tem
372 2704 529 2746 postulare
555 2708 668 2744 potest.
714 2702 858 2742 Indigno,
886 2701 1016 2744 prodigo

282 2756 406 2789 nempe.
466 2747 631 2776 Pecuniam
667 2750 819 2784 properet:
857 2754 1017 2782 properare

279 2790 438 2828 pecuniam
461 2788 619 2829 eleganter
642 2788 799 2823 dicuntur,
825 2785 879 2825 qui
903 2785 1016 2816 diurna

282 2836 497 2872 nocturnaque
510 2839 603 2872 opera
614 2829 734 2860 faciunt
747 2834 931 2868 tentantque
946 2837 1012 2858 om-

283 2873 346 2909 nia,
371 2872 486 2916 quibus
511 2870 675 2914 pecuniam
701 2876 907 2908 coacervent;
939 2869 1012 2901 hinc

281 2926 393 2950 avarus
406 2916 426 2949 J
430 2914 565 2952 uvenali,
582 2914 646 2952 xiv,
664 2913 736 2951 117,
755 2922 917 2953 properans
932 2911 1010 2943 dici·

1069 1275 1130 1301 tur.
1169 1270 1321 1310 Imm-olm,
1335 1282 1407 1314 quae
1422 1270 1560 1314 improbo
1571 1271 1800 1314 inhonestoque

1067 1313 1172 1343 studio
1187 1313 1378 1354 colliguntur
1400 1313 1491 1355 (hine
1507 1313 1563 1344 inf.
1588 1313 1688 1356 Epist.
1704 1315 1726 1351 i,
1746 1315 1798 1351 10,

1068 1356 1121 1390 40,
1135 1365 1249 1386 avarus
1263 1356 1376 1386 dicitur
1388 1357 1553 1396 improbus)
1566 1367 1575 1394 ς
1589 1356 1637 1387 vel
1647 1355 1798 1398 simplici·

1067 1401 1123 1432 ter,
1149 1407 1282 1438 magnae,
1308 1397 1462 1438 ingentes.
1506 1398 1565 1429 Rei
1585 1403 1692 1435 curte,
1713 1397 1798 1440 ejus·

1067 1438 1150 1469 modi
1181 1439 1298 1470 divitiis
1326 1450 1409 1480 qnoe,
1441 1445 1511 1470 utut
1545 1439 1671 1481 amplae,
1705 1446 1799 1472 curtae

1067 1485 1172 1511 tamen
1194 1486 1225 1512 et
1248 1491 1350 1522 parvae
1372 1481 1603 1512 insatiabilibus
1623 1491 1728 1512 earum
1751 1482 1798 1513 vi-

1065 1521 1176 1553 dentur
1198 1523 1445 1564 possessoribus3
1468 1533 1542 1553 nam
1568 1529 1603 1554 ut
1625 1523 1704 1554 Hor.
1725 1534 1799 1567 sup.

1067 1563 1112 1599 iii,
1134 1565 1183 1600 16,
1201 1566 1254 1600 42⁴,
1269 1565 1373 1595 Multa
1385 1566 1551 1604 petentibus
1568 1567 1673 1596 desunt
1689 1567 1798 1597 multa.

1067 1606 1117 1636 Cl.
1130 1607 1325 1648 Boettigerus
1342 1612 1501 1649 comparat
1522 1606 1666 1650 Euripid.
1680 1607 1798 1640 Electr-

1268 1733 1324 1763 CA
1333 1734 1467 1765 RMEN
1491 1733 1599 1766 XXV.

1110 1774 1244 1815 Augusti
1256 1774 1379 1806 divinos
1391 1776 1522 1808 honores
1531 1775 1596 1808 sive
1607 1775 1799 1810 ἀποθέωσιν

1065 1818 1203 1847 carmine
1217 1827 1312 1858 quam
1326 1818 1459 1849 maxime
1473 1817 1599 1850 sublimi
1621 1819 1795 1851 celebratu-

1063 1868 1126 1894 rus,
1143 1859 1272 1890 furorem
1289 1870 1381 1901 quem
1403 1860 1552 1892 Bacchus
1572 1859 1671 1902 poetis
1691 1860 1796 1904 dithy-

1063 1901 1208 1931 rambicis
1223 1903 1386 1933 immittere
1397 1903 1576 1944 putabatur,
1586 1908 1710 1944 pectore
1719 1913 1797 1935 con-

1064 1943 1141 1984 cipit
1156 1942 1316 1976 Horatius.
1362 1943 1483 1975 Bacchi
1496 1944 1590 1986 igitur
1607 1945 1708 1977 furore
1730 1945 1798 1988 ple-

1066 1995 1134 2020 nus,
1163 1985 1207 2016 uti
1242 1986 1366 2017 Maenas
1399 1986 1515 2027 aliqua,
1541 1986 1574 2017 iu
1605 1996 1732 2019 nemora
1763 1993 1797 2020 et

1064 2037 1175 2074 specus
1191 2027 1340 2064 aufertur,
1352 2027 1407 2059 ubi
1424 2028 1455 2059 in
1467 2034 1556 2059 antro
1568 2028 1701 2070 quodam
1717 2030 1794 2061 sub-

1064 2069 1137 2100 lime
1152 2075 1183 2100 et
1199 2069 1375 2101 inauditum
1398 2076 1469 2102 ante
1490 2071 1524 2101 in
1546 2072 1694 2110 Augusti,
1714 2070 1798 2104 inter

1064 2112 1138 2142 deos
1164 2111 1263 2148 relati,
1288 2112 1396 2144 laudes
1421 2123 1546 2144 carmen
1576 2113 1715 2144 dicturus
1737 2120 1795 2146 est.

1063 2154 1141 2184 Mox
1181 2153 1324 2184 aululum
1346 2165 1384 2185 ex
1405 2154 1501 2185 animi
1527 2154 1735 2186 sui'tumultu
1754 2156 1795 2188 ad

1063 2205 1096 2226 se
1119 2165 1240 2226 rediens
1262 2196 1485 2238 circumspicit,
1507 2203 1539 2228 et
1561 2196 1642 2232 loca,
1658 2197 1698 2229 ad
1743 2208 1793 2229 uae

1063 2237 1165 2268 furore
1180 2237 1314 2279 percitus
1327 2238 1451 2270 delatus
1464 2239 1517 2275 sit,
1529 2238 1669 2270 miratur.
1740 2250 1794 2271 um

1066 2279 1227 2310 Bacchum
1243 2280 1389 2322 appellat.
1406 2286 1447 2318 et,
1464 2281 1556 2322 quale
1572 2291 1695 2313 carmen
1717 2291 1794 2313 cau-

1063 2328 1183 2352 taturus
1198 2322 1248 2358 sit,
1270 2323 1382 2353 iterum
1406 2323 1572 2364 profitetur.
1617 2324 1717 2355 Sensu
1737 2324 1793 2356 au-

1062 2369 1123 2394 tem
1141 2363 1244 2395 dulcis
1257 2364 1343 2395 illius
1356 2365 1477 2401 suroris,
1491 2375 1554 2407 quo
1563 2365 1618 2407 qui
1631 2365 1793 2397 Bacchum

1063 2411 1234 2447 sequuntur
1255 2406 1491 2454 perfundantur,
1514 2406 1670 2439 delenitus
1691 2407 1795 2440 subito

1062 2458 1187 2479 carmen
1217 2448 1295 2479 finit.
1347 2449 1433 2485 Quid
1461 2459 1529 2480 asse
1553 2449 1585 2480 ui
1614 2454 1707 2491 poeta
1733 2450 1794 2482 hoc

1061 2490 1198 2521 carmine
1212 2490 1439 2532 dithyrambico
1455 2492 1536 2534 (qua
1550 2502 1568 2523 e
1583 2491 1644 2523 sere
1659 2497 1707 2523 est
1720 2499 1792 2534 sup.

1062 2531 1095 2568 ii,
1116 2533 1172 2570 19)
1187 2533 1331 2571 voluerit,
1348 2533 1438 2564 facile
1455 2538 1595 2575 apparet.
1618 2533 1792 2566 ostendere

1062 2585 1172 2616 nempe
1202 2575 1312 2611 voluit,
1341 2585 1404 2616 quo
1433 2586 1486 2607 ore
1517 2575 1655 2616 Augusti
1682 2574 1794 2608 laudes

1061 2616 1274 2648 celebraturus
1300 2627 1388 2648 ruere
1409 2617 1534 2649 debeat.
1578 2618 1653 2648 Non
1675 2627 1793 2650 canens

1060 2664 1163 2690 autem
1191 2658 1263 2689 illas
1293 2659 1401 2690 laudes
1431 2669 1510 2690 novo
1527 2662 1567 2691 'et
1597 2659 1790 2696 sublimiore,

1060 2701 1141 2742 quod
1167 2711 1200 2731 se
1220 2701 1362 2732 meditari
1385 2701 1439 2737 ait,
1465 2701 1614 2737 carmine,
1635 2701 1730 2733 tacite
1754 2702 1792 2733 iis

1059 2742 1209 2774 canendis
1223 2749 1254 2774 et
1267 2743 1389 2774 uberius
1403 2743 1581 2774 enarrandis
1595 2753 1628 2774 se
1642 2743 1792 2786 imparem

1060 2785 1232 2826 profitetur.
1279 2786 1352 2823 Quo
1365 2785 1491 2826 quidem
1506 2785 1586 2816 nihil
1599 2785 1640 2816 ad
1662 2791 1790 2818 tentatae

1057 2827 1099 2858 rei
1114 2827 1354 2869 amplitudinem
1369 2827 1596 2868 designandam
1607 2827 1710 2870 aptius
1721 2838 1791 2869 gra-

1055 2869 1190 2943 Liiusque
1200 2879 1216 2900 a
1227 2875 1319 2912 poeta
1328 2869 1400 2911 fingi
1413 2869 1527 2912 potuit:
1543 2869 1585 2902 cf.
1594 2879 1663 2912 sup.
1671 2879 1792 2912 argum.

1111 2922 1132 2950 ι,
1150 2913 1184 2944 6.
1446 2913 1448 2916 ’
