1884 3288
300 204 367 244 xiv
878 200 1231 242 PRAEFATIO.

299 327 412 355 crem
431 312 474 353 in
494 311 632 353 verbis
664 311 767 352 scite
794 311 903 352 inter
924 325 969 352 se
1000 310 1272 352 conciliandis
1293 316 1336 352 et
1355 316 1453 365 apte
1482 311 1792 366 distinguendis

299 403 443 430 curam
463 389 600 443 posui,
622 389 721 442 quia
741 402 826 428 non
844 401 941 428 raro
961 387 1043 428 loci
1064 387 1237 428 obscuri
1255 388 1427 428 mutatis
1447 395 1491 429 et
1510 387 1667 429 rectius
1696 401 1795 428 con-

298 466 457 506 stitutis
482 465 824 506 distinctionibus
847 463 986 504 lucem
1009 463 1429 517 accipiunt.—Quod
1452 465 1507 505 ad
1529 465 1794 518 conjecturas

297 543 461 591 attinet,
483 557 587 596 quas
614 542 772 596 passim
803 542 935 595 aequis
966 542 1135 582 arbitris
1169 542 1464 596 dijudicandas
1493 542 1537 583 in
1559 542 1671 583 notis
1697 555 1795 596 pro-

296 620 435 674 posui,
466 633 611 660 earum
640 625 742 667 tres,
774 633 879 671 quas
908 618 951 658 in
982 624 1146 659 textum
1175 619 1422 673 reciperem,
1451 618 1569 660 haud
1597 618 1793 672 indignas

296 695 443 745 habui,
464 696 663 744 rationes,
685 709 740 735 ex
760 695 916 748 quibus
939 689 1022 735 hoc
1051 693 1209 734 factum
1233 700 1312 743 est,
1333 694 1541 735 neminem
1570 693 1692 735 facile
1720 694 1796 734 im-

297 773 577 827 probaturum
606 784 701 811 esse
731 770 945 819 confisus3
979 768 1138 810 scilicet
1169 770 1309 824 Epist.
1340 770 1369 819 i,
1403 770 1467 818 10,
1497 770 1566 819 47,
1595 784 1690 824 pro,
1720 776 1796 811 aut

295 849 438 897 servit,
461 848 574 897 dedi,
597 847 713 887 haud
730 846 889 894 servit‚·
920 845 1061 899 Epist.
1084 847 1111 896 i,
1132 847 1200 896 20,
1223 861 1350 888 versu
1370 846 1532 896 ultimo,
1553 861 1632 901 pro
1651 846 1796 900 inepta

296 925 492 974 lectione,
527 925 664 973 duxit,
701 923 878 964 exhibui
910 924 1021 964 dixit
1035 942 1050 972 ,·
1082 924 1222 978 Epist.
1264 925 1319 965 ad
1345 923 1441 969 Pis.
1482 924 1581 973 245,
1614 938 1709 979 pro,
1744 938 1798 964 ac
1832 973 1834 975 Ι

288 1017 401 1057 pene
407 1003 625 1057 forenses,
647 1001 947 1042 excudendum
967 1002 1124 1050 curavi,
1146 1007 1221 1042 aut
1232 1001 1797 1056 penesorenses.——Eodem

296 1079 475 1120 fortasse
500 1078 599 1132 jure
634 1077 723 1118 Sat.
754 1078 783 1127 i,
809 1078 873 1127 10,
896 1078 963 1126 59,
985 1092 1079 1132 pro,
1103 1093 1156 1119 ac·
1181 1078 1219 1118 si
1249 1079 1293 1119 in
1313 1084 1435 1119 textu
1457 1077 1544 1132 legi
1568 1078 1719 1132 possit,
1740 1092 1796 1119 an

294 1156 345 1205 si,
368 1156 484 1210 quod
506 1155 635 1195 totius
662 1153 745 1195 loci
777 1169 924 1195 sensus
945 1161 989 1195 et
1008 1169 1144 1195 nexus
1176 1154 1392 1208 postulare
1412 1155 1603 1204 videtur3
1634 1161 1678 1196 et
1705 1154 1794 1195 Sat.

295 1232 338 1282 ii,
368 1233 409 1282 4,
435 1233 498 1282 18,
519 1247 676 1286 parum
705 1246 800 1286 pro,
832 1233 998 1280 malum,
1022 1246 1119 1272 nam
1148 1231 1389 1286 exemplum
1417 1232 1494 1272 ubi
1521 1232 1672 1272 malum
1701 1245 1796 1286 pro,

295 1310 404 1350 male
433 1309 620 1363 positum
655 1310 724 1357 sit,
754 1310 826 1349 vix
854 1309 1069 1363 reperias:
1103 1310 1180 1350 sed
1208 1309 1286 1349 has
1318 1316 1361 1350 et
1391 1307 1492 1349 alias
1527 1309 1795 1363 conjecturas

294 1385 530 1427 doctiorum
545 1385 710 1439 judicio
730 1385 969 1439 relinquere
989 1385 1130 1426 malui.

352 1462 538 1512 Deinde,
561 1477 655 1503 cum
687 1462 896 1503 Horatius
927 1464 981 1503 ab
1002 1478 1088 1503 una
1115 1463 1324 1504 sententia
1344 1463 1398 1503 ad
1423 1463 1599 1505 alteram
1618 1472 1795 1519 repente

294 1546 338 1581 et
362 1537 480 1595 παρὰ
507 1537 770 1595 προσδοκίαν
790 1540 969 1580 transire
991 1539 1137 1589 soleat,
1158 1540 1202 1581 id
1222 1541 1439 1594 praecipue
1458 1541 1562 1582 mihi
1584 1542 1798 1596 agendum

296 1631 389 1658 esse
419 1618 577 1670 putavi,
608 1624 656 1657 ut
686 1617 868 1658 lectores
899 1618 954 1658 ad
985 1618 1290 1659 sententiarum
1319 1633 1476 1658 nexum
1505 1618 1795 1669 adverterem3

295 1694 509 1747 quomodo
529 1692 662 1734 altera
681 1693 803 1734 alteri
818 1695 1090 1748 respondeat,
1109 1695 1306 1735 docerem
1322 1710 1331 1744 ;
1363 1701 1406 1736 et
1426 1695 1530 1749 quid
1549 1695 1606 1736 ad
1627 1702 1796 1738 senten-

295 1770 374 1811 tias
404 1770 514 1811 inter
536 1785 580 1811 se
611 1770 916 1811 consociandas
948 1770 1234 1825 supplendum
1254 1779 1297 1812 et
1318 1772 1456 1813 animo
1476 1773 1706 1815 tenendum
1727 1774 1795 1824 sit,

294 1847 755 1893 monerem.—Quodsi
774 1854 914 1888 tamen
934 1847 1114 1889 fortasse
1143 1849 1239 1898 sint,
1262 1848 1417 1902 quibus
1438 1849 1482 1890 in
1501 1849 1581 1891 hac
1602 1865 1647 1891 re
1667 1851 1795 1905 paulo

295 1924 514 1964 verbosior
541 1923 671 1964 fuisse
692 1924 851 1972 videar,
871 1923 931 1963 illi
950 1907 1191 1966 uberiorem
1223 1925 1524 1966 sententiarum
1551 1926 1730 1968 invicem
1749 1942 1795 1970 se

295 2000 594 2054 excipientium
618 2001 927 2055 expositionem
957 2015 981 2040 a
1009 2002 1192 2042 tironum
1211 2001 1447 2042 rationibus
1473 2001 1591 2044 haud
1618 2002 1796 2046 alienam

295 2090 390 2117 esse
411 2078 612 2132 cogitent.

352 2154 553 2208 Denique
583 2155 626 2195 in
655 2155 884 2197 verborum
913 2155 1263 2210 interpretatione
1292 2156 1351 2197 ita
1379 2163 1572 2198 versatus
1602 2172 1709 2210 sum,
1731 2165 1794 2210 ut,

294 2231 497 2285 quicquid
518 2233 571 2273 ad
587 2247 638 2273 ea
651 2239 767 2274 recte
783 2233 1049 2288 explicanda,
1065 2233 1331 2284 illustranda,
1347 2241 1390 2276 et
1406 2235 1570 2277 idoneis
1589 2235 1794 2290 exemplis

294 2308 582 2351 confirmanda
626 2317 805 2365 spectat,
847 2310 1073 2366 diligenter
1117 2311 1399 2362 observarem,
1441 2327 1712 2367 exponerem,
1751 2319 1796 2355 et

296 2399 464 2426 sensum
479 2387 541 2427 rei
561 2387 715 2441 cuique
736 2395 882 2442 aptum
898 2389 996 2429 inde
1013 2388 1220 2430 elicerem.
1259 2389 1363 2430 Non
1379 2388 1600 2444 compilavi
1619 2389 1795 2432 aliorum

295 2462 461 2512 scrinia,
487 2464 564 2504 sed
590 2478 686 2517 quae
716 2465 870 2519 cuique
900 2466 1126 2516 debentur,
1154 2467 1398 2508 nominatim
1427 2467 1672 2509 doctissimo
1702 2467 1796 2509 Ho-

294 2539 391 2579 ratii
419 2539 642 2594 interpreti
672 2541 882 2583 Lambino
913 2542 983 2596 (ex
1013 2544 1136 2597 cujus
1166 2545 1362 2586 ubertate
1392 2543 1536 2599 plures
1566 2545 1797 2599 irrigarunt

298 2631 396 2657 suos
418 2617 643 2671 hortulos),
665 2620 778 2660 bona
797 2619 884 2661 fide
905 2621 1101 2662 indicavi.

352 2691 426 2733 Ad
464 2693 633 2735 Horatii
673 2696 833 2737 Satiras
874 2704 1004 2748 recte,
1047 2699 1167 2747 scite,
1202 2705 1246 2740 et
1284 2705 1480 2741 accurate
1520 2698 1793 2754 explicandas

296 2775 442 2808 nostra
471 2775 595 2811 aetate
617 2772 759 2822 multa,
782 2774 907 2814 immo
928 2774 1051 2828 plura
1076 2774 1258 2817 fortasse
1279 2791 1406 2830 quam
1433 2791 1542 2831 opus
1569 2782 1675 2827 erat,
1697 2791 1795 2819 con-

297 2843 391 2885 tulit
413 2845 493 2887 Vir
524 2846 867 2901 Eruditissimus,
890 2851 1197 2903 Heindorfius;
1229 2869 1253 2895 a
1283 2854 1404 2908 cujus
1426 2854 1503 2895 viri
1529 2860 1668 2896 tamen
1696 2868 1794 2896 auc-
