1884 3288
815 432 1329 527 PRAEFATIO

722 705 1090 736 EDITIONIS
1132 705 1410 736 TERTIAE.

317 967 418 1009 CUM
438 983 522 1009 non
543 967 677 1009 solum
698 968 739 1008 in
761 968 1008 1022 praefatione
1030 969 1084 1009 ad
1110 969 1340 1010 editionem
1369 968 1542 1010 Horatii
1571 966 1815 1010 Carminum

314 1045 564 1098 Lyricorum
593 1046 783 1099 primam,
817 1044 892 1084 sed
922 1045 1050 1086 etiam
1078 1045 1139 1085 iis*
1160 1060 1256 1098 quae
1284 1059 1422 1099 nuper
1451 1045 1506 1086 ad
1536 1045 1672 1087 editas
1693 1061 1719 1087 a
1747 1059 1813 1086 me

316 1121 488 1162 Horatii
523 1121 685 1162 Satiras
719 1127 762 1161 et
798 1120 1018 1174 Epistolas
1050 1121 1255 1175 praefatus
1291 1136 1398 1170 sum,
1433 1121 1655 1171 rationem,
1688 1137 1815 1176 quam
1876 1161 1878 1163 .

314 1199 357 1239 in
387 1198 558 1238 Horatii
587 1198 938 1251 interpretatione
960 1205 1132 1239 secutus
1155 1213 1260 1248 sum,
1287 1199 1376 1252 jam
1402 1199 1688 1252 exposuerim,
1707 1198 1814 1240 nihil

313 1275 429 1328 quod
449 1275 649 1315 adderem
667 1274 812 1323 habui,
835 1274 916 1315 nisi
935 1275 1029 1316 haec
1050 1290 1187 1330 pauca
1207 1277 1359 1317 verba:

366 1350 575 1404 “Adjeci‚
597 1351 639 1391 in
665 1351 745 1391 hac
765 1351 890 1391 tertia
912 1351 1108 1392 Odarum
1137 1352 1309 1393 Horatii
1338 1352 1538 1402 editione,
1569 1367 1667 1406 quae
1695 1353 1803 1407 adji-

307 1428 457 1469 cienda
488 1428 764 1477 videbantur3
806 1429 974 1469 resecui
1005 1443 1102 1482 quae
1141 1443 1253 1470 nunc
1285 1428 1598 1483 displicebant;
1632 1429 1807 1471 defendi

307 1504 489 1557 denique
518 1512 711 1557 receptas
740 1504 944 1545 lectiones
964 1505 1198 1547 rationibus
1219 1506 1274 1546 ab
1295 1520 1439 1547 earum
1459 1506 1526 1548 vel
1552 1507 1804 1562 antiquitate

306 1581 373 1622 vel
391 1583 643 1623 necessitate
665 1582 896 1636 repetitis.’'

362 1658 730 1705 Quemadmodum
743 1665 884 1700 autem
899 1674 1056 1713 operae,
1070 1674 1197 1713 quam
1213 1659 1396 1702 Horatio
1411 1661 1574 1709 navavi,
1583 1661 1802 1716 judicibus

305 1737 436 1790 aequis
472 1742 515 1777 et
548 1736 788 1778 humaniter
822 1737 876 1777 de
911 1737 1038 1786 vitiis,
1069 1751 1167 1791 quae
1200 1738 1400 1787 commisi,
1434 1753 1500 1780 me
1530 1741 1799 1782 monentibus

308 1827 431 1854 aures
466 1812 624 1862 faciles,
656 1813 715 1853 ita
747 1812 842 1862 illis,
879 1813 953 1866 qui
987 1813 1139 1863 omnia,
1175 1820 1224 1854 ut
1258 1814 1358 1855 inde
1392 1822 1543 1858 eruant
1577 1818 1691 1872 quod
1709 1826 1802 1860 atro

305 1889 431 1930 dente
452 1895 640 1943 carpant,
663 1903 757 1930 cum
778 1889 1014 1943 pulvisculo
1034 1891 1272 1941 excutiunt,
1288 1906 1413 1933 aures
1430 1892 1561 1934 duras
1581 1894 1798 1948 praebebo.

359 2039 531 2090 Gothae‚
554 2055 696 2083 mense
718 2041 838 2097 Sept.
861 2055 1132 2085 Mocccxxxv.

1369 2200 1680 2243 DOERING.
