1904 3314
671 170 899 215 LIBER
937 172 974 223 Ι,
1011 173 1046 214 l.

1546 177 1631 217 437

202 272 471 328 Respondit,
492 272 676 315 referam
695 288 704 314 ε
743 271 859 319 Quia
879 286 945 313 me
966 272 1154 329 vestigia
1175 279 1339 315 terrent

113 338 169 381 75
205 340 360 383 Omnia
381 348 423 383 te
442 341 669 383 adversum
684 340 948 396 spectantia,
970 341 1090 382 nulla
1110 346 1362 383 retrorsum.

200 407 357 451 Bellua
371 409 604 451 multorum
619 423 667 450 es
684 408 894 463 capitum:
924 423 1023 450 nam
1039 409 1146 463 quid
1164 410 1348 464 sequar?
1381 415 1455 450 aut
1473 411 1625 464 quem?

200 476 310 519 Pars
331 478 553 520 hominum
573 477 705 532 gestit
727 476 974 518 conducere
996 476 1171 531 publica
1190 494 1198 518 :
1233 485 1347 528 sunt,
1371 477 1446 532 qui

200 545 372 588 Crustis
393 553 438 587 et
458 546 596 600 pomis
617 545 772 586 viduas
794 552 1007 586 venentur
1028 559 1194 595 avaras,

199 613 522 669 Excipiamque
545 627 686 663 senes,
709 627 820 667 quos
839 613 882 654 in
905 613 1064 654 vivaria
1083 613 1278 654 mittant:

110 682 168 724 80
198 680 352 724 Multis
373 680 545 723 occulto
567 681 726 723 crescit
746 696 815 722 res
839 680 1020 723 foenore.

1083 681 1252 723 Verum

199 750 328 800 Esto,
349 749 442 791 aliis
463 749 569 791 alios
591 750 724 791 rebus
747 750 991 804 studiisque
1014 751 1178 800 teneri3

198 817 336 859 Iidem
357 817 510 859 eadem
532 825 718 873 possunt
739 817 892 871 horam
915 819 1075 860 durare
1098 817 1366 872 probantes?

197 884 361 927 Nullus
381 886 425 927 in
446 887 552 928 orbe
575 886 694 927 sinus
717 885 838 927 Baiis
862 885 1072 941 praelucet
1093 886 1288 935 amoenis,

199 953 248 994 Si
269 953 380 995 dixit
401 953 540 1004 dives,
562 953 683 996 lacus
702 961 747 996 et
768 969 886 996 mare
908 955 1040 996 sentit
1062 969 1251 996 amorem

79 1097 201 1128 perare-
246 1087 300 1119 De
324 1087 416 1119 rebus
442 1097 462 1119 a
486 1087 625 1120 Camillo
649 1088 746 1129 gestis
770 1088 834 1120 vid.

91 1129 164 1162 Liv.
179 1140 211 1167 v,
229 1131 271 1161 44
286 1140 301 1161 s
326 1141 359 1173 q.

129 1173 275 1205 65-59.
321 1184 372 1205 sne
393 1174 460 1209 tibi,
484 1178 557 1205 cett.
601 1175 738 1205 Sensus:
764 1184 831 1204 me-

83 1215 190 1248 liusne
212 1215 326 1248 suadet
347 1215 404 1247 tibi
427 1215 465 1251 is,
489 1215 546 1258 qui
570 1216 627 1248 tibi
651 1216 775 1254 suadet,
799 1222 835 1248 ut

83 1269 162 1302 opes
175 1259 320 1300 colligas,
334 1264 391 1290 aut
401 1260 484 1290 bono
499 1259 605 1295 modo,
622 1266 690 1296 aut,
709 1259 735 1290 si
750 1260 832 1291 bono

84 1301 178 1334 modo
197 1301 263 1333 fieri
281 1311 344 1333 non
363 1301 471 1344 possit,
492 1312 684 1343 quocunque
702 1302 832 1334 demum

85 1344 191 1384 modo,
205 1345 307 1376 donec
322 1350 446 1375 tantum
460 1343 643 1375 divitiarum
661 1345 717 1375 tibi
734 1345 831 1376 colle—

85 1387 181 1430 geris,
197 1393 236 1419 ut
249 1386 308 1419 tibi
323 1386 434 1429 Equiti
447 1386 479 1418 in
491 1387 566 1419 sede
579 1387 721 1430 propiore
732 1393 764 1418 et
778 1388 832 1419 ho-

86 1430 243 1471 noratiore
257 1436 399 1474 spectare
414 1429 508 1461 liceat
522 1430 619 1473 Pupii
639 1429 833 1471 tragoedias?

87 1483 130 1507 ιιι
151 1473 266 1506 melius
286 1472 346 1505 tibi
367 1473 506 1504 consulit
527 1473 567 1509 is,
591 1473 645 1515 qui
669 1473 833 1516 (praesens)

86 1516 174 1559 gravi
185 1526 262 1548 voce
273 1521 304 1548 te
316 1521 352 1547 ut
365 1515 524 1548 homiuem
538 1514 693 1548 liberioris
704 1522 736 1548 et
747 1527 834 1548 erec-

85 1559 175 1592 tioris
192 1558 310 1590 indolis
332 1558 465 1590 fortunae
487 1559 654 1601 superbius
675 1566 784 1590 contra
803 1565 835 1591 te

86 1601 267 1644 insurgenti
288 1612 352 1634 non
370 1602 482 1633 cedere
497 1601 604 1644 jubet,
627 1608 660 1633 et
682 1602 722 1633 ad
746 1602 834 1634 illam

85 1645 304 1678 sustinendam
333 1650 365 1677 te
391 1645 514 1685 (aptat)
545 1650 653 1694 aptum
679 1645 781 1676 reddit
803 1651 836 1677 et

87 1689 274 1722 confit-matt
300 1689 375 1719 Rem
411 1699 509 1724 acere,
530 1698 574 1719 rei
596 1687 758 1719 familiaris
777 1698 834 1719 au·

87 1731 201 1774 gendae
222 1741 349 1774 operam
393 1741 466 1763 are:
491 1741 552 1762 vox
575 1742 621 1762 res
641 1737 688 1762 ter
704 1731 838 1774 repetita

88 1774 215 1817 egregie
236 1773 384 1817 exprimit
407 1773 570 1815 ingenium
593 1773 740 1810 suasoris,
764 1774 832 1815 qui,

87 1817 176 1860 quod
183 1817 307 1852 suadet,
317 1817 428 1848 iterum
438 1817 614 1858 iterumque
625 1816 657 1847 id
666 1817 836 1859 repetendo

88 1860 226 1902 graviter
236 1860 399 1892 inculcare
409 1860 488 1892 vult.
517 1860 690 1891 Lat-rimoso
700 1866 836 1900 poemata

42 1942 45 1949 Ι
89 1903 194 1945 Pupi:
233 1904 310 1936 Vet.
339 1902 460 1939 Schol.‚
493 1903 626 1943 Pupius,
657 1903 831 1942 Trogoedio-

25 2674 46 2715 βο

86 1947 238 1988 graphus,
255 1948 302 1978 ita
316 1945 444 1989 affectus
461 1948 662 1986 spectantium
677 1948 781 1983 movit,
800 1952 835 1977 ut

89 2000 136 2022 cos
149 1990 232 2032 flere
255 1990 454 2030 compelleret.
498 1989 574 2026 Inde
601 1991 692 2020 istum
719 2000 834 2020 versum

79 2032 185 2076 fecit.-
210 2033 343 2064 flebunt
366 2033 456 2064 amici
478 2038 506 2063 et
530 2034 600 2063 bene
623 2033 687 2063 noti
711 2039 835 2063 mortem

89 2087 185 2108 meam
195 2087 205 2106 .-
230 2075 312 2107 Nam
325 2077 456 2116 populus
470 2077 504 2106 in
516 2087 562 2107 me
574 2077 639 2107 vivo
651 2074 835 2117 lacrymatu'

88 2125 131 2150 est
150 2120 237 2151 satis.
282 2118 426 2150 Fortu-m
442 2124 617 2158 responsare
633 2121 777 2159 superbae,
801 2123 836 2149 ut

89 2171 162 2204 sup.
179 2162 248 2193 Sat.
267 2160 302 2198 ii,
319 2161 351 2199 7,
366 2162 422 2199 85,
435 2172 608 2202 responsare
627 2163 834 2202 cupidinibus,

90 2205 148 2236 ubi
164 2204 228 2236 vid.
243 2209 310 2236 not.
349 2204 483 2236 Praesens
494 2216 503 2234 .·
526 2210 686 2246 praecepta
701 2204 835 2240 scilicet,

89 2257 164 2290 quie
179 2246 251 2279 viva
262 2257 340 2279 voce
355 2257 375 2278 a
390 2246 520 2279 doctore
536 2253 689 2289 praesente
708 2246 836 2282 dantur,

89 2289 219 2333 gravius
230 2289 382 2322 auditoris
397 2290 446 2322 vel
457 2289 607 2332 discipuli
621 2290 763 2321 animum
775 2290 834 2320 im-

89 2332 209 2376 pellere
220 2332 338 2365 solent.

134 2376 275 2408 70-76.
298 2375 414 2411 Quodsi
426 2386 471 2406 me
484 2376 627 2416 populus,
641 2381 716 2407 cett.
756 2377 835 2408 Sen-

90 2426 167 2452 sus:
190 2417 304 2469 quodsi
324 2418 405 2450 sorte
425 2429 476 2450 me
498 2424 587 2460 roget
608 2420 755 2461 populus,
779 2429 837 2450 cur

89 2471 164 2506 ego,
185 2461 282 2494 sicuti
305 2460 530 2493 communibus
557 2462 750 2493 ambulacris
775 2462 836 2493 sub

91 2504 278 2549 luminibus,
297 2514 362 2536 non
379 2504 425 2536 ita
442 2514 572 2546 quoque
587 2505 748 2536 communi
763 2515 835 2536 cum

180 2547 212 2580 lo
239 2546 399 2580 sentiendi
425 2553 459 2579 et
486 2547 526 2578 de
552 2547 647 2579 rebus
669 2547 838 2589 judicandi

93 2597 215 2623 nunno
243 2595 326 2626 utar,
351 2600 408 2622 cur
436 2600 496 2632 ego
521 2600 585 2621 non
615 2600 730 2632 sequar
753 2590 840 2633 quod

83 2674 86 2675 ⁷
179 2633 232 2666 lus
245 2633 400 2676 sequitur,
415 2643 480 2664 non
499 2632 619 2674 fugiam
637 2634 722 2675 quod
737 2644 839 2676 popu·

89 2642 264 2720 &fugin
285 2676 495 2719 respondebo,
510 2675 597 2717 quod
614 2682 711 2707 cauta
731 2676 841 2719 vulpes

87 2725 213 2761 ,egroto
233 2719 320 2752 leoni
339 2719 410 2762 (vul
455 2730 485 2750 m
505 2718 546 2750 ad
569 2729 602 2750 se
621 2718 655 2750 in
673 2729 840 2751 cavernam

95 2761 263 2803 invitanti)
294 2773 406 2805 respon
430 2762 493 2794 isse
527 2762 655 2799 dicitur,
687 2762 770 2797 Quia
798 2773 844 2794 me

46 2827 62 2837 -.
91 2807 226 2848 vestigia
248 2811 364 2838 terrent
388 2806 500 2837 Omnia
526 2811 556 2836 te
577 2807 737 2836 adversum
761 2817 843 2845 spec-

51 2867 54 2869 *
97 2849 212 2888 tantia,
239 2850 328 2880 nulla
354 2856 534 2880 retrorsum.

98 2889 234 2924 midias
256 2891 446 2927 extimescit,
466 2896 560 2934 poeta
578 2891 687 2934 populi
707 2892 847 2923 Romani

98 2933 287 2977 pravitatem
309 2941 536 2978 corruptusque
563 2945 665 2967 mores
686 2935 846 2968 exhorres-

62 2981 71 2999 γ’
98 2977 160 3009 cit.

594 2849 716 2890 Vulpes
744 2848 847 2880 leonis

925 1090 978 1120 76.
1004 1089 1115 1121 Bellaa
1130 1090 1295 1119 multorum
1309 1099 1337 1119 es
1348 1089 1500 1128 capitum.-
1526 1096 1626 1129 popu-

880 1131 947 1162 lum
979 1133 1175 1167 Romanum,
1206 1131 1298 1163 modo
1327 1131 1385 1162 hoe
1420 1129 1512 1161 modo
1544 1129 1626 1160 illud

877 1174 1026 1206 vitiorum
1057 1185 1158 1216 genus
1181 1180 1369 1210 sectantem,
1391 1172 1564 1214 alloquitur
1593 1177 1630 1203 ut

878 1223 1053 1249 monstrum
1067 1218 1238 1249 multorum
1252 1217 1391 1260 capitum
1406 1216 1547 1258 (θηρίον
1565 1226 1627 1247 πο-

877 1260 1103 1303 λυκέφαλον),
1128 1260 1224 1301 quale
1249 1260 1313 1291 sere
1338 1259 1398 1291 fuit
1423 1259 1523 1300 hydra
1550 1259 1629 1290 Ler-

877 1313 959 1339 naea,
976 1304 1029 1335 cui
1046 1304 1077 1335 in
1095 1303 1192 1335 unius
1209 1303 1249 1334 ab
1270 1303 1339 1344 ejus
1358 1311 1487 1344 corpore
1507 1301 1629 1332 desecti

876 1346 989 1387 capitis
1004 1347 1110 1378 locum
1126 1346 1190 1377 duo
1205 1345 1268 1376 alia
1286 1346 1335 1377 vel
1351 1345 1444 1388 plura
1455 1346 1629 1376 subnasce-

876 1388 1005 1420 bantur.

921 1432 975 1462 77.
1003 1432 1178 1462 Conducere
1195 1432 1338 1470 publica.-
1363 1430 1507 1472 intellige
1529 1431 1628 1474 inpri-

878 1474 938 1504 mis
959 1474 1136 1516 vectigalia‚
1153 1474 1250 1511 unde,
1266 1473 1322 1516 qui
1337 1483 1375 1504 ea
1395 1474 1628 1514 conducebant,

878 1517 1038 1560 praecipue
1063 1517 1211 1559 Equites,
1237 1517 1315 1548 dicti
1343 1522 1416 1548 suut
1445 1519 1628 1558 publicani:

878 1560 1001 1591 erudite
1016 1565 1048 1591 et
1067 1560 1192 1603 copiose
1209 1571 1335 1592 omnem
1355 1561 1439 1591 hanc
1459 1571 1523 1592 rem
1542 1566 1627 1593 trac-

878 1603 958 1635 tavit
976 1604 1064 1635 Petr.
1087 1604 1200 1634 Burm.
1218 1604 1258 1635 de
1279 1603 1407 1644 Vectig.
1426 1604 1510 1646 Pop.
1530 1604 1628 1635 Rom.

878 1645 942 1677 Sed
964 1646 1068 1677 multa
1089 1646 1165 1682 alia,
1184 1657 1258 1688 quae
1282 1645 1322 1677 ad
1342 1647 1466 1687 publica
1487 1647 1628 1689 pertine-

878 1689 968 1724 bant,
987 1688 1250 1720 conducebantur
1267 1699 1286 1719 a
1308 1688 1510 1731 mancipibus
1528 1695 1560 1722 et
1578 1700 1627 1721 re-

881 1731 1098 1770 demtoribus;
1125 1731 1199 1762 hinc
1222 1733 1298 1763 Juv.
1322 1733 1390 1763 Sat.
1416 1731 1463 1768 iii,
1486 1733 1526 1763 31
1553 1743 1626 1775 sqq.

882 1774 965 1812 Quis
978 1775 1081 1817 facile
1103 1781 1146 1805 est
1167 1777 1258 1805 aedem
1284 1777 1462 1810 conducere,
1477 1775 1629 1816 flumina,

878 1823 995 1857 portus,
1018 1818 1198 1848 siccandam
1219 1819 1359 1854 eluviem,
1381 1820 1565 1858 portantium
1588 1820 1629 1850 ad

882 1863 969 1891 busta
999 1863 1141 1892 cadaver.
1191 1861 1264 1891 Huc
1294 1860 1374 1892 refer
1402 1862 1558 1901 parochos,
1587 1862 1628 1893 de

876 1903 997 1945 quibus
1010 1914 1081 1946 sup.
1099 1904 1139 1934 ad
1154 1904 1220 1934 Sat.
1236 1903 1258 1939 i,
1273 1905 1305 1940 5,
1324 1904 1377 1935 46.

921 1947 974 1977 78.
999 1947 1136 1977 Crustis:
1158 1957 1214 1988 per
1226 1952 1364 1977 crustam
1375 1945 1518 1988 intellige
1529 1946 1625 1988 parti-

877 1989 985 2020 culam
1015 1989 1065 2020 vel
1094 1989 1229 2020 frustum
1260 1989 1437 2032 placentae;
1476 1999 1544 2026 nos,
1575 1991 1626 2020 ein

878 2033 1048 2063 Stiickchen
1063 2032 1204 2064 Kuchen.

924 2076 977 2106 79.
1001 2075 1223 2116 Excipiamque
1238 2086 1331 2110 senes,
1347 2081 1379 2106 et
1399 2074 1551 2106 insidiose
1572 2085 1626 2105 ca·

880 2117 969 2160 piant
998 2128 1110 2156 senes3
1137 2120 1272 2158 excipere
1295 2117 1535 2160 (ἐκδέχεσθαι),
1560 2128 1629 2149 ver-

878 2161 954 2191 bum
979 2160 1173 2192 venaticum.
1222 2161 1346 2192 Vivaria
1370 2166 1443 2193 sunt
1466 2161 1548 2199 loca,
1571 2161 1626 2192 ubi

879 2204 912 2235 in
938 2203 1079 2234 futurum
1106 2214 1199 2235 usum
1229 2206 1298 2235 viva
1329 2203 1493 2240 animalia,
1523 2203 1627 2246 quad-

880 2246 1027 2288 rupedeS,
1045 2257 1129 2285 aves,
1146 2247 1257 2289 pisceS,
1271 2247 1423 2285 cochleae,
1434 2252 1510 2279 cett.
1521 2257 1624 2279 serva-

879 2290 1006 2321 bantur.
1064 2290 1183 2332 Lepide
1214 2289 1311 2331 igitur
1344 2290 1430 2332 capti
1462 2301 1566 2326 senes,
1595 2296 1631 2322 ut

879 2332 1073 2374 haeredipeta
1099 2339 1172 2375 post
1197 2343 1304 2365 eorum
1332 2339 1464 2365 mortem
1491 2339 1627 2376 captatae

882 2375 1076 2407 haereditatis
1094 2376 1216 2408 fructus
1233 2376 1350 2418 capiat,
1368 2378 1449 2408 mitti
1468 2377 1508 2408 ad
1524 2387 1560 2408 eo
1579 2376 1627 2408 di-

880 2423 995 2450 cuntur
1011 2420 1046 2449 in
1068 2422 1199 2451 vivaria.
1243 2419 1331 2451 Hinc
1353 2429 1426 2462 sup.
1450 2421 1517 2451 Sat.
1541 2419 1574 2456 ii,
1597 2422 1629 2456 5,

881 2462 936 2498 44,
952 2471 1058 2498 seneS,
1069 2473 1205 2504 quorum
1221 2462 1339 2494 divitiis
1355 2462 1549 2494 insidiantur
1561 2463 1627 2494 hae-

882 2504 1043 2547 redipetae,
1059 2511 1285 2549 comparantur
1298 2516 1370 2537 cum
1391 2506 1535 2542 thuanis,
1558 2506 1629 2548 qui-

881 2547 942 2579 bus
958 2548 1185 2581 adnatantibus
1195 2549 1313 2581 cetaria
1326 2548 1482 2591 (vivaria)
1491 2559 1632 2582 crescere

882 2590 1044 2622 dicuntur.

928 2635 982 2669 80,
1005 2634 1146 2669 occulto,
1162 2634 1246 2676 quod
1271 2634 1357 2666 avari
1374 2636 1502 2667 occulta
1522 2635 1631 2668 fraude

884 2681 915 2708 et
931 2676 1139 2708 clandestinis
1154 2677 1276 2708 artibus
1290 2677 1427 2709 faciunt.

929 2720 983 2750 82.
1008 2720 1102 2751 Iidem
1114 2722 1430 2760 eadem—probantes,
1441 2731 1516 2752 num
1525 2721 1633 2759 iidem,

886 2761 919 2792 in
933 2761 1056 2799 iisdem,
1067 2774 1141 2806 quae
1156 2763 1251 2794 modo
1264 2764 1454 2805 probabant,
1470 2775 1526 2807 per
1538 2775 1634 2796 unam

888 2805 997 2837 horam
1014 2812 1151 2848 perstare
1172 2807 1221 2838 vel
1235 2806 1296 2838 sibi
1318 2813 1465 2839 constare
1480 2809 1636 2850 possunt‘!

891 2849 1018 2880 Durare
1031 2851 1151 2891 aliquid
1166 2850 1330 2886 dicuntur,
1345 2850 1401 2892 qui
1415 2851 1504 2882 firmo
1520 2850 1638 2888 animo,

890 2891 978 2933 quod
999 2899 1218 2936 susceperunt,
1235 2893 1407 2930 sustinent,
1423 2894 1511 2924 firmo
1532 2892 1638 2923 animo

892 2934 925 2965 iu
949 2945 981 2967 re
1003 2942 1153 2979 suscepta
1175 2942 1333 2978 perstant;
1364 2937 1413 2967 vel
1437 2936 1514 2968 refer
1536 2937 1637 2966 eadem

893 2977 933 3008 ad
948 2980 1118 3018 probantes,
1131 2985 1168 3011 ut
1182 2979 1233 3017 sit,
1252 2989 1328 3010 num
1347 2979 1398 3012 vel
1413 2989 1507 3010 unam
1531 2978 1638 3009 horam
