1884 3288
302 208 387 248 200

853 206 1253 248 CARMINUM

883 399 1152 442 CARMEN
1187 399 1243 439 11.

730 538 801 568 AD
849 537 1023 568 IULUM
1070 536 1383 567 ANTONIUM.

593 634 842 675 PmnARUM
863 633 1055 688 quisquis
1079 632 1223 673 studet
1245 632 1445 681 aemulari,

591 701 697 750 lule,
719 701 872 742 ceratis
894 714 975 753 ope
998 698 1206 739 Daedalea

594 768 761 809 Nititur
781 768 947 822 pennis,
969 767 1103 807 vitreo
1124 765 1303 806 daturus

986 832 1173 874 Nomina
1192 839 1339 886 ponto.

539 898 565 940 5
595 900 748 942 Monte
769 900 1001 941 decurrens
1022 897 1138 939 velut
1159 899 1306 944 amnis,
1328 899 1485 939 imbres

598 967 739 1014 Quem
761 982 890 1021 super
910 973 1032 1007 notas
1054 965 1198 1006 aluere
1219 965 1348 1019 ripas,

314 1091 463 1133 loquitur,
501 1097 687 1134 praeciditur.
745 1095 830 1126 Inter
866 1096 965 1131 verba,
1002 1094 1047 1125 sic

316 1134 403 1166 Dido
428 1135 534 1176 [Virg.
553 1139 630 1167 AEn.
645 1137 687 1173 iv,
708 1138 790 1178 76.],
807 1139 922 1168 AEneae
946 1146 1049 1167 amore

315 1187 469 1217 perversa,
495 1179 610 1219 Incipit
631 1179 731 1220 eff'ari,
755 1182 907 1219 mediaque
929 1180 961 1209 in
984 1190 1050 1209 voce

315 1221 444 1250 resistit:
477 1227 507 1251 et
534 1221 578 1252 sic
602 1221 634 1252 in
661 1221 771 1252 veteris
797 1220 942 1251 carminis
967 1221 1050 1261 frag-

317 1268 421 1292 mento
461 1262 597 1299 AEditui,
635 1264 720 1304 quod
756 1264 886 1295 servavit
925 1263 1050 1294 Gellius

320 1303 416 1335 Noct.
438 1304 538 1336 Attio.
554 1305 619 1341 xix,
634 1307 665 1342 9,
687 1307 775 1336 verba
795 1307 886 1336 labris
907 1307 987 1335 abire
1002 1305 1049 1335 di·

320 1350 444 1378 cuntur,
488 1348 631 1378 Silentio:
658 1357 740 1382 nam,
766 1356 802 1378 ut
821 1347 877 1378 inf.
901 1347 1051 1377 Horatius

319 1387 420 1428 Epod.
446 1389 495 1424 ll,
516 1390 547 1426 9,
565 1396 712 1420 amantem
728 1396 755 1420 el
775 1391 905 1429 languor
919 1395 947 1419 et
960 1390 1050 1420 silen-

321 1430 398 1459 tium
422 1432 554 1470 Arguit:
580 1432 621 1462 cf.
637 1432 676 1462 ad
691 1431 809 1462 Catull.
825 1431 859 1466 li,
880 1432 911 1463 9.
958 1432 1048 1462 Volu-

320 1481 411 1507 crem,
436 1473 594 1507 celerrime
615 1479 812 1504 currentem:
840 1473 993 1508 volubiles,
1015 1483 1050 1503 a·

321 1523 452 1553 quarum
476 1517 613 1547 natantis
629 1525 754 1557 corpore
773 1515 957 1546 dimotarum
973 1516 1050 1546 fluc-

322 1560 371 1586 tus
387 1556 516 1598 pulchre
532 1557 589 1589 hoc
604 1557 762 1599 epitheton
777 1557 933 1598 exprimit,

551 1641 749 1672 CARMEN
773 1641 822 1672 ΙΙ.

377 1681 488 1718 Poeta,
519 1683 559 1713 ab
588 1683 657 1714 Iulo
686 1683 826 1714 Antonio
852 1687 990 1722 rogatus,
1021 1686 1055 1712 ut

324 1722 489 1764 gloriosum
504 1730 535 1755 et
550 1725 672 1756 felicem
691 1725 828 1766 Augusti
843 1735 860 1755 e
876 1724 956 1755 bello
974 1724 1054 1755 Ger-

324 1765 448 1796 manico
463 1766 495 1796 in
509 1766 616 1798 urbem
639 1767 784 1804 reditum.
802 1766 855 1808 qui
871 1776 985 1807 magno
1000 1765 1053 1796 de-

323 1807 434 1838 siderio
460 1815 491 1839 et
513 1810 670 1840 communi
693 1810 831 1840 omnium
855 1808 965 1840 laetitia
988 1814 1054 1838 tum

325 1849 438 1881 Romae
467 1852 716 1892 exspectabatur,
753 1851 890 1883 carmine
919 1851 1056 1891 quodam

325 1891 493 1922 Pindarico
515 1893 695 1930 celebraret,
718 1899 841 1924 recusat
869 1893 993 1934 quidem
1023 1892 1056 1922 in

326 1933 384 1964 hoc
404 1934 541 1965 carmine
563 1935 647 1975 quod
669 1936 727 1966 sibi
747 1937 788 1966 ab
812 1935 866 1966 illo
885 1933 1053 1965 demanda-

326 1981 392 2005 tum
405 1976 506 2006 fuerat
514 1988 523 2014 3
539 1977 592 2007 sed
605 1977 662 2008 hac
674 1977 743 2019 ipsa
754 1977 958 2012 recusatione,
972 1975 1056 2017 quod

326 2027 359 2048 se
373 2018 495 2059 explere
510 2029 598 2060 posse
618 2026 722 2058 negat,
743 2019 877 2060 egregie,
898 2025 933 2049 ut
947 2029 1017 2059 sup.
1034 2018 1055 2053 i,

328 2059 358 2096 6,
373 2058 406 2095 ii,
422 2061 471 2093 12.
487 2067 516 2090 et
533 2060 590 2091 inf.
606 2061 647 2096 iv,
667 2063 716 2099 15,
732 2062 846 2103 explet.
870 2061 956 2097 Quid
973 2060 1056 2091 euim

327 2102 437 2143 paucis
455 2102 532 2139 illis,
554 2102 668 2143 quibus
690 2113 708 2133 a
729 2114 817 2134 versu
835 2105 875 2133 35
898 2113 997 2144 usque
1018 2102 1056 2133 ad

327 2154 357 2174 v.
371 2145 411 2174 40
428 2154 537 2175 omnes
553 2145 688 2185 Augusti
703 2145 813 2175 laudes
828 2145 959 2175 breviter
971 2154 1056 2175 com·

326 2186 437 2227 plexus
451 2192 508 2222 est,
525 2187 661 2226 gravius,
678 2186 854 2222 sublimius,
870 2193 902 2217 et
914 2186 1057 2226 magnifi-

327 2228 450 2258 centius
464 2229 502 2259 de
517 2229 571 2259 illo
587 2228 647 2260 dici
665 2229 788 2270 potuitl
830 2229 939 2259 Totius
955 2234 1057 2258 autern

329 2270 423 2310 hujus
447 2270 595 2301 carminis
616 2271 761 2312 splendor
779 2270 812 2300 in
831 2271 890 2301 hac
911 2270 972 2301 fere
987 2270 1057 2311 pul-

328 2312 480 2344 cherrime
494 2313 675 2344 collustrata
689 2320 720 2344 et
731 2312 918 2354 amplificata
937 2312 1058 2353 conspi-

329 2354 409 2385 citur
424 2355 597 2386 sententia:
624 2360 645 2373 ‘³
659 2356 691 2385 Si
713 2356 763 2385 hoc
782 2355 855 2385 mihi
874 2366 998 2391 sumam,
1013 2361 1060 2392 ut,

331 2403 358 2427 le
382 2403 515 2434 auctore,
543 2398 667 2434 Antoni,
694 2398 891 2428 Pindaricum
915 2398 1060 2436 quoddam

328 2450 448 2470 carmen
462 2441 494 2469 in
503 2439 629 2482 felicem
646 2441 779 2480 Augusti
792 2440 925 2470 reditum
946 2450 1059 2477 compo-

331 2492 411 2518 nam,
428 2492 506 2521 crque
526 2488 631 2512 temere
651 2493 751 2522 agam,
772 2493 807 2511 ac
824 2483 848 2512 si
866 2483 974 2511 ceratis
990 2482 1058 2516 alis,

330 2525 377 2553 nti
402 2523 519 2558 Icarus,
537 2525 569 2554 in
587 2525 682 2554 altum
699 2525 773 2554 eniti
788 2529 915 2559 tentem3
943 2523 1057 2553 Pinda-

330 2576 383 2596 rus
405 2567 482 2596 enim
506 2568 536 2596 in
559 2568 659 2606 quovis
688 2567 856 2596 carminum
882 2576 992 2605 genere
1019 2572 1060 2595 est

328 2614 413 2647 poeta
427 2610 562 2648 princeps
576 2614 603 2638 et
619 2618 759 2642 summus,
777 2619 830 2638 nec
846 2608 905 2638 ulli
928 2609 1058 2637 imitabi-

331 2651 390 2687 lis,·
414 2658 447 2681 at
466 2661 519 2691 ego
543 2661 606 2680 sum
631 2652 727 2680 tenuis
750 2656 869 2680 tantum
891 2655 919 2680 et
942 2650 1063 2679 humilis

327 2699 424 2731 poeta.
485 2692 531 2722 Tu
563 2694 662 2732 igitur
690 2694 760 2731 ipse,
790 2693 914 2726 Antoni,
944 2693 1062 2731 quando

331 2735 500 2774 Augustus,
514 2736 545 2765 in
561 2736 648 2774 cujus
661 2735 796 2773 p‘raesidio
815 2745 928 2764 summa
951 2733 1058 2763 Romu-

329 2787 435 2807 norum
462 2777 542 2807 salus
571 2782 659 2816 atque
678 2777 818 2814 felicitas
846 2778 970 2810 nititur,
1002 2777 1058 2806 tri-

329 2819 475 2858 umphans
496 2821 528 2849 in
550 2821 650 2848 urbem
675 2820 874 2858 ingredietur,
895 2819 1059 2859 grandiore

328 2862 439 2900 spiritu
451 2863 514 2901 ejus
527 2862 629 2891 laudes
639 2861 815 2897 celebrabis;
834 2866 861 2890 et
877 2866 951 2895 mm,
967 2862 991 2889 si
1006 2871 1059 2889 vor

329 2915 391 2934 mea
407 2905 456 2934 die
470 2904 524 2933 illo
545 2904 690 2933 laetissimo
708 2904 787 2932 inter
806 2903 940 2942 publicas
958 2902 1056 2932 accla-

329 2947 468 2976 mationes
488 2946 611 2976 maribus
631 2946 745 2984 percipi
765 2946 888 2984 poterit,
911 2955 975 2974 enm
995 2950 1056 2974 tota

1090 1095 1212 1124 civitate
1226 1095 1334 1124 iterum
1349 1095 1515 1134 iterumque
1533 1093 1567 1125 lo
1581 1095 1749 1135 triumphe!
1767 1106 1818 1126 ca-

1092 1147 1161 1165 nam
1174 1146 1185 1172 ‚·
1209 1146 1242 1166 ea·
1255 1142 1320 1166 voto
1337 1142 1436 1167 autem
1448 1147 1503 1176 pro
1523 1137 1660 1177 Augusto
1679 1144 1821 1177 suscepto,

1093 1179 1140 1208 uti
1158 1184 1192 1208 tu
1213 1179 1310 1208 decem
1332 1184 1433 1208 tuiti-os
1451 1185 1480 1209 et
1503 1181 1623 1209 totidem
1643 1190 1758 1216 vaccas,
1777 1182 1822 1210 ita

1094 1230 1146 1259 ego
1180 1231 1233 1259 pro
1259 1231 1360 1251 rerum
1387 1231 1521 1251 mearum
1547 1221 1665 1252 modulo
1690 1222 1822 1252 vitulum

1092 1262 1278 1293 immolabo.”
1333 1262 1490 1304 Scriptum
1520 1261 1652 1294 fortasse
1683 1268 1732 1294 est
1761 1263 1822 1294 hoe

1093 1313 1216 1335 carmen
1234 1314 1270 1334 eo
1285 1304 1352 1346 ipso
1364 1314 1446 1335 anno
1457 1313 1521 1346 quo
1531 1305 1707 1345 Augustus,
1723 1305 1767 1336 U.
1782 1306 1822 1336 C.

1095 1356 1313 1382 nccxxxvur,
1341 1347 1422 1377 inter
1448 1346 1526 1377 alios
1553 1352 1638 1377 trans
1671 1347 1822 1378 Rhenum

1095 1387 1272 1418 Germaniae
1297 1389 1438 1430 populos,
1464 1387 1583 1419 nomini
1605 1389 1749 1420 Romano
1774 1389 1822 1420 in-

1093 1429 1199 1465 festos,
1215 1431 1403 1471 Sygambros
1415 1430 1568 1472 inprimis,
1584 1441 1715 1472 quorum
1736 1441 1823 1462 men-

1094 1471 1137 1502 tio
1152 1471 1184 1501 in
1205 1472 1262 1503 hoc
1283 1472 1419 1503 carmine
1433 1473 1479 1508 fit,
1497 1472 1708 1514 perdomuisse
1727 1472 1822 1504 tradi-

1097 1519 1163 1543 tur:
1191 1513 1252 1544 vid.
1269 1514 1332 1544 Dio
1344 1514 1397 1550 liv,
1415 1515 1451 1545 19
1463 1524 1533 1555 sqq.
1579 1514 1730 1552 Quamvis
1740 1514 1824 1546 enim

1096 1555 1262 1596 Augustus
1277 1566 1338 1587 non
1355 1556 1460 1587 statim
1474 1561 1546 1598 post
1557 1557 1746 1597 Sygambros
1759 1556 1826 1588 vic-

1097 1602 1156 1632 tos,
1173 1597 1227 1628 sed
1249 1599 1290 1629 U.
1307 1598 1346 1629 C.
1363 1608 1460 1628 neem
1480 1598 1604 1629 demum
1626 1599 1761 1630 Romam
1779 1609 1828 1631 re-

1097 1638 1199 1675 dierit,
1222 1639 1304 1670 curis
1327 1640 1443 1682 quippe
1466 1641 1582 1672 adAres
1605 1640 1639 1672 in
1663 1640 1774 1676 Gallia
1795 1647 1829 1672 et

1098 1681 1252 1723 Hispania
1266 1682 1496 1724 componendas
1514 1687 1671 1720 retentu83
1692 1682 1762 1725 ejus
1778 1693 1826 1716 re·

1098 1722 1183 1754 ditus
1199 1730 1303 1755 tamen
1321 1723 1388 1771 jam
1407 1724 1500 1766 longe
1518 1731 1590 1756 ante
1608 1730 1671 1756 tam
1691 1724 1829 1767 publicis

1098 1775 1191 1806 quam
1223 1766 1350 1807 privatis
1377 1766 1457 1797 votis
1479 1771 1680 1808 exspectatus
1705 1768 1825 1798 fuerat:

1098 1807 1162 1838 vid.
1186 1808 1248 1839 Dio
1271 1808 1294 1839 1.
1321 1807 1344 1839 l.
1387 1809 1439 1840 De
1465 1808 1536 1840 Iulo
1559 1809 1700 1847 Antonio,
1723 1809 1828 1840 Marci

1099 1849 1265 1881 Triumviri
1286 1861 1303 1881 e
1327 1850 1439 1881 Fulvia
1458 1850 1536 1887 filio,
1560 1855 1671 1892 praeter
1690 1850 1828 1883 Dionem

1099 1891 1151 1927 liv,
1165 1893 1218 1929 26,
1228 1898 1259 1924 et
1271 1892 1357 1924 Vell.
1368 1893 1492 1924 Patere.
1502 1893 1536 1928 ii,
1550 1893 1623 1929 100,
1635 1892 1706 1924 vide
1717 1893 1830 1925 Gentis

1099 1934 1283 1965 Octavianae
1301 1935 1436 1966 Stemma
1451 1935 1618 1976 diligenter
1631 1944 1651 1965 a
1666 1935 1720 1968 cl.
1737 1936 1828 1967 wet-

1098 1976 1175 2006 zelio
1189 1982 1366 2007 contextum
1383 1977 1414 2007 in
1430 1977 1495 2008 Vit.
1512 1978 1626 2009 Horat.
1640 1976 1686 2013 iii.
1700 1987 1734 2020 p.
1748 1977 1804 2009 57.

1143 2019 1236 2048 1—4.
1261 2019 1432 2049 Pindarum
1460 2021 1600 2060 quisquis,
1627 2025 1704 2050 cett.
1747 2019 1828 2056 Qui-

1098 2070 1223 2101 cunque
1241 2060 1282 2091 ad
1302 2061 1432 2092 Pindari
1455 2061 1630 2104 exemplum
1651 2071 1684 2092 se
1705 2071 1830 2094 carmen

1101 2102 1227 2143 aliquod
1242 2113 1426 2144 componere
1442 2113 1532 2144 posse
1550 2109 1664 2134 temere
1684 2102 1743 2134 sibi
1761 2114 1831 2146 per-

1101 2145 1222 2182 suadet,
1237 2144 1263 2174 is
1279 2145 1460 2176 temeritatis
1475 2155 1553 2180 suae,
1569 2151 1604 2176 ut
1617 2144 1690 2176 olim
1706 2145 1828 2181 Icarus,

1101 2196 1213 2226 poeuas
1230 2186 1328 2223 dabit,
1345 2187 1377 2217 h.
1399 2197 1430 2218 e.
1452 2187 1479 2217 is
1497 2188 1536 2218 ob
1553 2197 1616 2218 rem
1634 2192 1699 2218 tam
1715 2192 1831 2220 temere

1101 2234 1132 2258 et
1146 2228 1411 2259 inconsideranter
1423 2234 1574 2262 tentatam
1583 2239 1616 2260 se
1627 2228 1831 2261 deridendum

1101 2270 1289 2312 propinabit.
1342 2271 1458 2301 Ceratis
1479 2282 1531 2311 ope.
1555 2271 1697 2302 Daedatea
1712 2274 1830 2311 pennis,

1103 2311 1160 2342 alis
1183 2312 1310 2343 Daedali
1335 2318 1399 2343 arte
1420 2323 1459 2343 ex
1481 2322 1552 2344 cera
1573 2312 1676 2344 saetis.
1720 2314 1834 2345 Pennis

1102 2355 1172 2392 niti,
1197 2354 1407 2395 significanter
1428 2365 1482 2396 pro
1505 2354 1636 2396 vulgari,
1658 2355 1774 2392 volare.
1796 2361 1833 2387 ut

1103 2396 1184 2437 apud
1209 2396 1299 2437 Yirg.
1319 2398 1398 2427 AEn.
1422 2397 1464 2433 iv,
1485 2398 1560 2428 252.
1605 2397 1717 2434 Vitrea,
1731 2407 1832 2430 caeru·

1104 2438 1163 2474 leo,
1181 2437 1281 2473 viridi.
1298 2439 1436 2480 ὑαλὶνῳ·
1460 2438 1501 2470 cf.
1518 2450 1588 2481 sup.
1602 2439 1654 2476 ad,
1673 2438 1696 2475 i,
1714 2441 1764 2476 17,
1778 2441 1832 2471 20.

1105 2480 1246 2511 Datin-us
1267 2481 1398 2511 Nomina
1413 2487 1516 2521 punto:
1539 2481 1735 2513 notissimum
1751 2481 1834 2514 illud

1105 2522 1222 2559 Ovidii,
1246 2522 1352 2553 Icarus
1375 2523 1482 2554 Icariis
1504 2525 1623 2554 nomina
1633 2524 1717 2565 fecit
1737 2526 1832 2564 aquis,

1103 2565 1164 2600 vel,
1182 2565 1289 2596 Icarus
1307 2567 1460 2596 immensas
1478 2567 1593 2596 reoneine
1609 2567 1711 2607 signat
1730 2577 1833 2606 aquas.

1106 2606 1189 2637 Icari
1209 2613 1311 2638 autem
1330 2607 1383 2637 ille
1397 2613 1570 2638 ceratarum
1585 2617 1755 2648 pennarum
1775 2618 1833 2650 ope

1105 2648 1136 2678 in
1158 2649 1256 2679 altum
1275 2660 1308 2680 se
1325 2649 1488 2680 attollendi
1505 2654 1636 2680 conatus
1650 2649 1835 2691 proverbiali

1106 2690 1263 2722 locutione
1285 2690 1351 2732 jam
1379 2701 1432 2732 pro
1455 2691 1555 2732 quovis
1578 2693 1734 2723 temerario
1756 2703 1834 2722 ausu

1105 2733 1228 2773 ponitur
1241 2745 1247 2763 :
1270 2732 1382 2773 quodsi
1395 2732 1478 2764 enim
1492 2743 1566 2764 cum
1581 2732 1725 2775 plurimis
1737 2732 1833 2765 inter-

1103 2775 1241 2815 pretibus
1257 2775 1299 2806 rei
1314 2774 1442 2815 imagini
1456 2774 1640 2811 insistimus,
1661 2780 1694 2806 et
1713 2775 1832 2806 Pinda-

1103 2827 1169 2847 rum
1195 2822 1343 2858 tanquam
1366 2816 1470 2848 alitem
1486 2817 1535 2848 vel
1557 2827 1692 2858 cycnum
1713 2818 1746 2848 in
1769 2817 1834 2849 alto

1101 2859 1257 2890 volantem
1288 2858 1378 2889 nobis
1406 2859 1562 2900 fingimus,
1596 2869 1690 2900 quem
1721 2859 1836 2890 frustm

1102 2901 1216 2942 aliquis
1231 2901 1343 2932 ceratis
1365 2901 1447 2931 Icari
1465 2899 1576 2942 pennis
1595 2901 1718 2942 assequi
1739 2911 1833 2933 cone-

1102 2948 1149 2974 tur
1163 2955 1172 2982 ;
1197 2942 1442 2975 offendere'sane
1460 2953 1515 2974 nos
1529 2939 1622 2975 debet
1636 2949 1755 2975 mutata
1770 2948 1833 2974 sta-
