1884 3288
29 2668 50 2762 *⁸³2⁹*ss
36 2604 38 2606 <

26 3118 63 3288 φόνι,
28 3103 39 3110 ’·
29 3054 51 3093 -412
50 3035 54 3041 Ἀ
36 3016 38 3018 .
47 2977 50 2979 v

679 188 904 231 LIBER
943 187 1026 238 IV„
1066 189 1106 230 8.

1564 193 1649 234 223

404 293 567 337 Sollers
590 308 702 335 nunc
724 292 942 334 hominem
962 306 1142 347 ponere,
1164 307 1280 335 nunc
1302 293 1463 336 Deum.

401 363 492 406 Sed
512 377 599 404 non
618 361 712 403 haec
733 359 839 402 mihi
859 359 923 402 vis
940 376 950 402 ε
983 374 1064 402 nec
1088 361 1167 402 tibi
1187 360 1337 403 talium

315 433 368 474 10
397 431 491 474 Res
511 436 580 472 est
600 436 676 471 aut
697 428 863 471 animus
885 426 1139 470 deliciarum
1159 443 1309 484 egens.

398 498 582 541 Gaudes
604 497 893 547 carminibus3
926 496 1115 538 carmina
1134 512 1365 552 possumus

395 567 590 616 Donare‚
612 572 656 607 et
676 565 864 620 pretium
886 564 1032 606 dicere
1053 566 1236 607 muneri.

396 635 503 677 Non
524 634 660 676 incisa
680 633 794 675 notis
817 647 1030 685 marmora
1050 632 1256 688 publicis,

395 702 500 757 (Per
519 717 619 757 quae
641 702 820 757 spiritus
841 707 886 743 et
907 701 994 742 vita
1014 702 1128 743 redit
1150 701 1276 743 bonis

313 772 363 813 15
394 770 505 813 Post
524 778 707 812 mortem
729 769 918 812 ducibus
932 769 960 824 3)
992 785 1080 812 non
1100 769 1264 812 celeres
1285 769 1403 826 fugae

396 838 682 895 Rejectaeque
703 844 943 880 retrorsum
965 837 1226 880 Hannibalis
1243 839 1396 889 minae3

399 907 503 950 Non
525 907 743 964 stipendia
765 905 1045 961 Carthaginis
1065 907 1224 962 impiae,

396 975 524 1032 Ejus,
548 976 624 1032 qui
645 975 807 1017 domita
826 989 986 1016 nomen
1007 976 1062 1016 ab
1083 973 1236 1016 Africa

396 1043 615 1086 Lucratus
636 1044 780 1095 rediit,
803 1042 961 1086 clarius
983 1043 1176 1086 indicant

107 1166 278 1209 Ephesius,
295 1167 410 1199 Zeuxis
425 1167 458 1199 in
473 1174 539 1200 arte
554 1168 684 1211 pictoria
702 1168 835 1199 aernulus
848 1180 856 1207 ;

106 1211 228 1250 Scopas,
247 1210 362 1242 nobilis
375 1211 546 1243 statuarius
559 1225 566 1243 z
590 1211 630 1243 de
646 1218 779 1254 utroque
795 1211 857 1243 vid.

106 1252 198 1286 Junii
215 1253 321 1285 Catal.
339 1253 378 1286 de
396 1255 565 1286 Parrhasio
579 1254 707 1296 quidem
724 1266 754 1297 p.
774 1256 830 1284 141
848 1267 856 1293 3

105 1295 146 1327 de
161 1297 265 1338 Scopa
280 1307 312 1339 p.
331 1297 404 1329 195.
449 1298 560 1328 Sollers
574 1309 684 1338 ponere
700 1299 857 1335 hominem,

107 1338 222 1371 Graece
238 1350 305 1382 pro,
320 1339 353 1370 in
369 1340 516 1382 ponendo
529 1340 668 1375 homine,
679 1341 740 1378 vel,
755 1340 856 1371 homi-

107 1391 179 1413 nem
189 1381 328 1424 ponendi
339 1393 347 1420 ;
362 1394 471 1423 ponere
482 1385 537 1424 (ut
548 1383 673 1415 Graecis
686 1382 855 1420 ἱστάναι),

105 1424 223 1467 passim
239 1425 280 1456 de
295 1425 490 1468 pictoribus;
515 1426 612 1458 Ovid.
633 1428 701 1458 Art.
720 1426 794 1457 Am.
810 1426 856 1462 iii,

106 1468 184 1504 401,
206 1468 239 1499 Si
266 1468 409 1501 Venerem
434 1470 512 1501 Cous
534 1481 691 1512 uunquam
714 1471 858 1510 posuisset

106 1512 248 1552 Apellea:
272 1511 316 1543 cf.
337 1512 513 1543 Burmann.
537 1513 577 1543 ad
601 1512 696 1546 ovid.
720 1513 804 1544 Met.
828 1523 859 1550 x,
906 1512 933 1546 Q

106 1555 184 1591 516,
198 1559 231 1586 et
245 1554 305 1586 inf.
321 1555 426 1598 Epist.
442 1556 483 1586 ad
505 1555 568 1587 Pis.
584 1567 615 1587 v.
631 1557 686 1587 34.

150 1597 272 1629 9—12.
297 1598 356 1629 Sed
368 1610 427 1630 non
441 1599 501 1630 hoec
513 1600 587 1630 mihi
601 1601 667 1630 vis.-
691 1598 746 1630 sed
764 1609 858 1641 penes

107 1650 159 1672 me
184 1639 341 1682 ejusmodi
370 1641 520 1672 rariorum
545 1642 620 1674 artis
642 1652 770 1684 operum
796 1651 859 1672 non

107 1689 157 1715 est
169 1683 285 1724 copia·,
308 1683 387 1719 sive,
409 1690 442 1716 at
459 1695 518 1727 ego
534 1685 567 1716 in
586 1695 716 1716 censum
738 1684 858 1715 beatio-

107 1736 177 1758 rum
192 1726 331 1763 illomm,
349 1727 403 1769 qui
419 1727 475 1758 illa
492 1728 661 1770 possident,
677 1738 741 1758 non
757 1727 862 1759 venio.

110 1769 177 1801 Nea
199 1769 260 1801 Res
282 1772 339 1802 tibi
362 1777 404 1802 est
427 1782 516 1812 egens
531 1773 640 1802 talium
664 1772 862 1808 deliciarum,

107 1822 167 1844 nec
188 1822 244 1855 pro
266 1813 414 1849 beatiore,
430 1825 494 1856 quo
515 1814 646 1856 gaudes,
662 1824 765 1844 rerum
786 1824 863 1845 con-

108 1855 229 1887 ditione
245 1865 334 1887 cares
352 1856 508 1899 ejusmodi
526 1857 663 1890 deliciis.
707 1858 772 1888 Aut
791 1859 860 1887 am·-

107 1909 175 1931 mus
189 1909 279 1940 egem
293 1900 405 1931 talium
419 1902 612 1936 deliciarum.
631 1911 689 1932 nec
707 1906 861 1942 appetens

108 1952 144 1974 es
156 1941 312 1985 ejusmodi
332 1942 539 1980 deliciarum;
563 1946 692 1979 deliciet,
709 1943 748 1974 de
767 1944 861 1974 rebus

109 1985 254 2028 pretiosis
276 1993 309 2016 et
330 1986 419 2022 raris,
442 1987 475 2018 in
504 1997 636 2028 quarum
663 1986 862 2028 possessione

108 2027 240 2060 mirifice
262 2028 379 2072 aliquis
398 2029 458 2060 sibi
479 2030 598 2072 placet.
645 2030 770 2061 Gaudes
791 2040 860 2060 car-

107 2073 253 2107 minibus,
272 2072 312 2103 ad
329 2071 427 2103 animi
440 2073 485 2103 tui
500 2073 631 2104 delicias
647 2072 743 2104 refers
759 2072 862 2115 potius

108 2115 262 2148 carmina.
308 2115 450 2147 Pretium
465 2117 564 2147 dicere
577 2118 710 2151 muneri,
727 2116 862 2153 muneri,

108 2167 224 2201 nempe
238 2157 372 2192 carmini
385 2157 531 2201 pretium,
543 2159 629 2201 quod
641 2159 679 2190 ha
686 2159 767 2196 beat,
784 2169 860 2190 con—

109 2201 250 2240 stituere.
275 2203 310 2234 h.
336 2212 367 2234 e.
394 2211 534 2238 carmen,
557 2201 644 2244 quod
672 2201 729 2232 tibi
758 2202 860 2239 mitto,

106 2244 150 2276 de
184 2246 284 2294 pretio
318 2255 377 2276 suo
414 2247 649 2277 commendare.
696 2246 860 2283 Quantum

109 2288 203 2331 pretii
225 2294 332 2321 autem
354 2287 558 2319 tribuendum
587 2289 628 2320 sit
653 2288 860 2325 carminibus,

109 2332 317 2374 sequentibus
331 2331 484 2363 declarat.

154 2375 292 2407 13—22.
316 2375 436 2406 Sensus
457 2379 490 2406 et
517 2385 636 2406 nexus:
666 2374 862 2407 carminibus

108 2417 234 2451 seilicet
250 2425 368 2450 aeterna
383 2426 569 2459 magnorum
586 2418 721 2449 virorum
739 2418 861 2449 virtuti-

107 2460 170 2492 bus
183 2461 269 2506 apud
289 2467 428 2505 posteros
445 2467 576 2504 paratur
595 2461 710 2503 gloria.
757 2461 859 2504 Scipi-

108 2503 180 2536 onis
200 2505 287 2538 enim
314 2504 447 2546 gloriam
473 2514 537 2535 non
562 2504 653 2547 signa
676 2515 860 2540 marmorea,

108 2547 226 2589 quibus
247 2558 350 2580 rerum
372 2549 412 2579 ab
431 2558 469 2579 eo
488 2553 648 2589 gestarum
668 2558 792 2580 summa
815 2547 863 2579 in-

109 2592 179 2623 cisa
191 2591 232 2623 sit
248 2592 387 2634 (quippe
402 2602 475 2633 quae
491 2597 653 2622 externam
669 2597 792 2622 tantum
809 2590 863 2622 de-

108 2633 292 2667 functorum
310 2635 429 2666 ducum
448 2634 584 2677 speciem
608 2635 778 2674 referunt),
800 2645 863 2665 non

108 2675 231 2710 incisus
253 2677 378 2714 titulus,
401 2683 423 2696 ⁸‘
441 2677 646 2710 Hannibalem
669 2689 724 2717 per
747 2679 862 2717 Scipio-

107 2729 179 2752 nem
212 2722 370 2753 celerrime
397 2732 432 2752 ez
462 2721 558 2752 Italia
579 2720 699 2763 fugere
729 2727 863 2752 coactum

108 2763 205 2800 ‘mk’
233 2774 296 2796 non
322 2763 427 2796 incisa
454 2764 536 2802 laus,
564 2764 755 2805 “Persidem
785 2765 863 2794 Car-

110 2807 265 2849 maginem
279 2818 335 2847 per
344 2807 512 2847 Scipionem
531 2807 672 2837 Romanis
685 2809 864 2848 vectigalem

109 2855 142 2881 d
153 2852 388 2891 stipendiariam
393 2851 518 2893 jactam
533 2849 629 2886 esse,”
640 2850 756 2890 magis,
767 2860 862 2892 quam

82 2891 212 2925 ‘Ennii
241 2890 385 2925 carmina
416 2893 597 2924 celebrant!
643 2892 741 2923 Incisa
773 2896 863 2929 notis,

112 2940 171 2984 pff»
182 2935 320 2978 vulgari,
335 2936 451 2979 quibus
475 2941 556 2968 notae
576 2936 630 2979 (h.
645 2947 675 2968 e.
692 2935 798 2976 tituli>
815 2937 865 2968 in-

905 1167 1055 1206 Publicis,
1072 1168 1152 1201 refer
1167 1168 1207 1199 ad
1227 1173 1349 1200 statuas
1364 1168 1506 1212 publice,
1526 1169 1558 1201 h.
1575 1180 1605 1202 e.
1621 1168 1654 1201 in

902 1211 1033 1253 publico
1046 1212 1127 1247 loco.
1143 1218 1334 1244 exstructas.
1380 1213 1431 1243 De
1452 1214 1566 1244 statuis
1584 1213 1654 1244 Sci-

902 1254 989 1296 pioni
1013 1261 1085 1303 post
1107 1255 1178 1298 ejus
1200 1261 1332 1287 mortem
1356 1257 1467 1298 positis
1493 1256 1558 1287 vid.
1585 1256 1657 1287 Liv.

903 1297 1034 1332 xxxviii,
1053 1300 1105 1330 56.
1152 1299 1214 1329 Per
1228 1310 1292 1339 quae
1307 1300 1434 1338 spiritus
1449 1306 1477 1330 et
1494 1301 1556 1330 vita
1573 1301 1655 1330 redit

902 1341 985 1371 bonis
1003 1341 1072 1372 Post
1090 1348 1212 1372 mortem
1229 1344 1376 1372 dacibus:
1402 1351 1476 1372 nam
1493 1353 1547 1384 per
1562 1341 1656 1383 signa

902 1388 1032 1414 externa
1048 1390 1170 1414 tanturn
1189 1390 1380 1415 mortuorum
1398 1385 1520 1426 species
1536 1390 1569 1416 et
1585 1385 1656 1416 vul-

902 1431 954 1456 tus
969 1426 1154 1468 exprimitur
1170 1439 1177 1462 ;
1201 1427 1275 1458 hinc
1291 1427 1349 1458 ins.
1366 1428 1470 1469 Epist.
1486 1427 1520 1464 ii,
1537 1429 1564 1465 l,
1579 1429 1656 1466 248,

905 1469 969 1500 Nec
984 1472 1080 1511 magis
1095 1472 1223 1510 erpi-essi
1239 1472 1344 1502 vultus
1357 1482 1412 1511 per
1428 1471 1542 1502 ahenea
1554 1473 1657 1514 signa,

937 1524 1004 1543 uam
1021 1525 1076 1553 per
1096 1517 1174 1544 vatis
1194 1525 1268 1554 opus
1285 1524 1380 1545 mores
1399 1516 1553 1555 animique
1575 1518 1656 1546 viro-

905 1567 975 1586 rum
989 1556 1151 1588 Clarorum
1161 1563 1324 1597 apparent.
1357 1556 1440 1588 Hinc
1453 1557 1566 1589 Cicero
1575 1568 1655 1600 quo-

903 1609 966 1639 que
989 1598 1021 1629 in
1046 1600 1143 1631 Catil.
1165 1599 1211 1635 iii,
1232 1610 1303 1642 cap.
1328 1601 1378 1636 11,
1400 1600 1439 1631 de
1458 1601 1584 1636 statuis,
1605 1604 1656 1632 ui-

904 1642 949 1672 hil
961 1649 1078 1672 mutam
1092 1654 1138 1673 me
1145 1650 1239 1683 potest
1251 1646 1414 1678 delectare,
1424 1645 1504 1674 nihil
1515 1646 1656 1683 tacitam,

904 1685 985 1715 nihil
1005 1687 1134 1726 deniqne
1154 1687 1339 1726 hujusmodi,
1355 1689 1434 1727 quod
1449 1688 1541 1717 etiam
1557 1690 1658 1721 minus

906 1729 996 1768 digni
1019 1731 1135 1769 assequi
1161 1736 1296 1768 possunt.
1343 1729 1412 1759 Non
1435 1731 1544 1760 celeres
1561 1731 1657 1773 fugae

908 1770 1096 1811 Rejectaeque
1107 1778 1272 1802 vetrorsum
1284 1772 1471 1803 Hannibalis
1481 1774 1581 1808 minae,
1592 1784 1657 1806 non

908 1813 979 1844 laus
994 1814 1110 1855 egregii
1124 1814 1213 1846 illius
1229 1814 1317 1850 faeti,
1333 1825 1396 1856 quo
1417 1814 1523 1857 Scipio
1537 1817 1656 1848 exerci-

905 1861 939 1886 tu
955 1856 987 1886 in
1003 1856 1143 1888 Africam
1162 1858 1295 1900 trajecto
1317 1858 1534 1889 Hannibalem
1551 1859 1590 1890 ad
1605 1871 1659 1893 ce-

906 1899 1002 1930 lerem
1022 1910 1060 1931 ex
1080 1901 1173 1931 ltalia
1192 1901 1225 1932 in
1250 1902 1384 1943 patriam
1408 1900 1544 1932 reditum
1569 1913 1657 1934 corn-

906 1942 1009 1984 pulit:
1035 1943 1098 1974 vid.
1128 1944 1197 1974 Liv.
1221 1955 1295 1981 xxx,
1316 1946 1369 1980 20.
1390 1945 1474 1975 Flor.
1496 1944 1530 1981 ii,
1553 1947 1584 1982 6,
1605 1948 1660 1978 57.

907 1985 1095 2027 Rejectaeque
1123 1994 1290 2018 retrorsum
1328 1988 1512 2018 Hannibalis
1546 1991 1635 2021 mina'
1648 2003 1657 2020 :

907 2035 978 2070 post
996 2029 1131 2061 celerem
1152 2041 1267 2072 nempe
1289 2030 1482 2061 Hannibalis
1501 2041 1540 2062 ex
1563 2032 1659 2064 Italia

906 2072 1015 2113 sugam
1032 2073 1103 2114 ejus
1125 2073 1231 2110 minae,
1248 2084 1328 2116 quas
1343 2074 1383 2105 de
1402 2074 1516 2105 Romae
1535 2076 1660 2107 excidio

904 2114 1036 2156 jecerat,
1057 2123 1223 2148 retrorsum
1244 2117 1277 2148 in
1296 2117 1398 2160 ipsius
1416 2123 1513 2159 caput
1533 2118 1660 2160 rejectae

908 2165 982 2189 suut
997 2170 1006 2197 ς
1030 2170 1093 2190 non
1112 2160 1214 2191 solum
1232 2160 1315 2191 enim
1337 2170 1356 2191 a
1372 2160 1524 2203 Scipione
1539 2162 1579 2192 ad
1600 2163 1660 2194 Za-

907 2211 990 2234 mam
1016 2202 1118 2234 victus
1141 2210 1199 2241 est,
1223 2203 1279 2235 sed
1302 2203 1466 2245 Carthago
1490 2205 1569 2235 adeo
1591 2213 1664 2248 post

908 2244 996 2276 illam
1014 2245 1174 2278 victoriam
1193 2247 1349 2278 Romanis
1362 2247 1567 2290 stipendiaria
1578 2249 1663 2280 sacta

907 2294 975 2325 est;
999 2289 1074 2321 hinc
1095 2290 1232 2325 additur,
1256 2290 1325 2321 Non
1349 2293 1501 2330 stipendia
1529 2291 1662 2323 Cartha·

905 2334 990 2374 ginis
1003 2334 1110 2372 impioe,
1129 2344 1201 2364 nam
1219 2333 1304 2376 quod
1317 2334 1506 2376 vectigalem
1525 2335 1661 2366 Cartha-

907 2375 1012 2416 ginem
1038 2376 1158 2408 fecerat
1182 2377 1336 2409 Romanis
1359 2378 1476 2420 Scipio,
1497 2378 1528 2408 id
1547 2379 1660 2420 praeci-

906 2428 968 2460 pue
993 2419 1026 2450 in
1056 2420 1188 2450 summis
1219 2420 1290 2463 ejus
1317 2421 1466 2452 laudibus
1495 2423 1662 2454 memorari

907 2461 1039 2493 solebat.
1056 2462 1127 2494 Liv.
1148 2464 1281 2499 xxxviii,
1299 2465 1340 2495 53
1357 2464 1396 2495 de
1419 2464 1568 2506 Scipione
1588 2466 1662 2497 Ma-

903 2504 986 2546 jore,
1012 2506 1084 2537 Ideo
1111 2507 1317 2538 Hannibalem
1340 2509 1465 2544 devicit,
1494 2509 1661 2550 Carthagi—

908 2559 976 2579 nem
998 2551 1175 2590 vectigalem
1198 2551 1281 2581 nobis
1293 2551 1399 2592 jecit?
1427 2551 1552 2582 Ennius
1575 2553 1660 2594 apud

911 2591 1005 2623 Varr.
1022 2592 1062 2624 de
1083 2594 1121 2624 L.
1141 2594 1179 2624 L.
1198 2593 1241 2624 iv.
1261 2595 1322 2625 sub
1342 2595 1415 2630 fine,
1439 2595 1527 2626 Poeni
1546 2597 1660 2635 stipen-

908 2635 962 2664 dia
999 2638 1149 2675 pendunt.
1203 2636 1407 2677 Stipendium,
1447 2643 1483 2669 ut
1521 2645 1660 2675 constat,

909 2679 1025 2720 saepius
1041 2679 1081 2711 de
1098 2679 1256 2720 vectigali,
1273 2681 1358 2722 quod
1374 2680 1472 2712 victor
1491 2680 1582 2712 victis
1601 2682 1660 2713 im-

908 2722 1008 2762 ponit,
1021 2722 1147 2754 dicitur.
1186 2723 1256 2754 Jul.
1273 2725 1358 2755 Caes.
1374 2724 1414 2755 de
1433 2724 1517 2756 Bell.
1533 2725 1622 2756 Gall.
1640 2726 1662 2762 i,

908 2765 963 2800 36,
989 2766 1104 2797 AEduos
1128 2767 1461 2807 sibi,—stipendiarios
1486 2779 1544 2798 esse
1556 2767 1663 2809 foetos

908 2810 977 2838 —si
993 2810 1026 2839 in
1049 2820 1081 2839 eo
1104 2817 1258 2841 manerent
1287 2812 1366 2851 quod
1388 2812 1584 2846 convenisset,
1605 2815 1662 2843 sti-

906 2853 1109 2893 pendiumque
1124 2855 1286 2894 quotannis
1299 2856 1467 2894 penderent
1480 2866 1488 2891 ,·
1513 2861 1545 2884 et
1560 2864 1589 2884 e.
1607 2857 1660 2892 44,

906 2896 1092 2934 stipendia-m
1113 2907 1220 2935 capere
1231 2899 1311 2937 jure
1329 2898 1413 2933 belli,
1437 2899 1513 2938 qnod
1537 2899 1663 2928 victores

911 2939 1000 2968 victis
1019 2939 1170 2978 imponere
1191 2942 1392 2976 minuerint,-
1417 2946 1449 2971 et
1470 2940 1542 2970 hinc
1564 2940 1662 2971 vecti-

113 2986 189 3010 one
202 2986 289 3011 suut.
337 2980 391 3011 Ad
411 2979 546 3011 eandem
568 2979 718 3022 loquendi
735 2980 867 3012 formam
910 2981 963 3028 gal
987 2980 1080 3018 illud,
1098 2982 1184 3024 quod
1199 2982 1276 3013 victi
1292 2993 1311 3013 a
1330 2983 1479 3025 Scipione
1496 2983 1664 3023 Carthagi-

114 3019 287 3061 Liviusvi,
299 3023 356 3060 29,
370 3023 506 3055 tabulam
521 3024 620 3055 literis
634 3025 761 3055 incisam
773 3023 867 3056 dixit.

912 3034 1038 3057 menses
1060 3026 1236 3058 secundum
1261 3026 1349 3068 pacis
1372 3025 1573 3057 conditiones
1596 3026 1665 3057 Ro-
