1884 3288
279 213 363 253 220

839 206 1236 249 CARMINUM

388 310 534 351 Mutat
555 315 668 351 terra
688 309 824 350 vices:
856 315 900 350 et
919 308 1212 350 decrescentia
1231 307 1347 361 ripas

445 376 639 418 Flumina
658 382 944 430 praetereunt:

333 443 359 484 5
389 443 542 484 Gratia
562 457 658 484 cum
678 442 892 497 Nymphis
913 430 1178 497 geminisque
1200 441 1431 482 Sororibus
1453 440 1584 481 audet

443 509 617 550 Ducere
636 509 754 550 nuda
772 508 940 550 choros

390 573 649 615 Immortalia
667 588 722 615 ne
744 589 906 628 spereS‚
927 580 1070 615 monet
1091 572 1260 624 Annus,
1282 580 1326 616 et
1346 573 1501 615 almum

444 640 556 687 Quae
577 641 688 695 rapit
711 641 832 682 Hora
853 641 978 682 diem.

386 707 566 762 Frigora
585 708 813 749 mitescunt
835 707 1050 762 Zephyris
1069 723 1077 748 :
1111 707 1202 749 Ver
1222 707 1404 762 proterit
1424 706 1593 754 AEstas‚

307 774 358 815 10

444 773 691 823 Interitura,
715 773 840 814 simul

387 839 575 881 Pomifer
595 839 865 881 Auctumnus
888 839 1034 894 fruges
1055 838 1281 881 effuderit:
1313 846 1357 880 et
1376 852 1477 880 mox

442 905 602 946 Bruma
622 906 805 947 recurrit
825 906 952 947 iners.

387 971 558 1013 Damna
577 979 716 1013 tamen
737 971 896 1013 celeres
917 978 1118 1026 reparant
1139 971 1330 1013 coelestia
1350 970 1483 1021 lunae;

442 1037 553 1088 Nos,
575 1039 650 1079 ubi
671 1039 922 1088 decidimus,

306 1105 356 1145 15
388 1104 488 1151 Quo
509 1106 605 1159 pius
627 1105 809 1154 AEneas,
831 1120 917 1159 quo
939 1106 1057 1146 dives
1079 1103 1235 1146 Tullus
1256 1111 1300 1145 et
1320 1103 1485 1152 Ancus,

446 1169 592 1210 Pulvis
613 1178 656 1211 et
676 1171 830 1211 umbra
850 1185 1007 1211 sumus.

273 1306 316 1338 cf.
331 1316 453 1348 quoque
468 1307 506 1338 de
523 1307 602 1338 veris
616 1307 825 1350 descriptione
846 1306 927 1337 intra
942 1317 1007 1338 car-

273 1359 345 1380 men
360 1348 590 1380 duodecimum.

321 1391 415 1421 1-6,
438 1391 544 1421 Mutat
572 1397 655 1422 terra
681 1393 767 1427 vices,
794 1402 848 1433 pro
875 1389 1008 1429 vulgari,

275 1438 354 1463 terra
365 1438 503 1464 mutatur
514 1433 588 1463 anni
597 1432 823 1468 vicissitudine,
835 1433 866 1463 h.
877 1443 906 1463 e.
920 1438 1009 1469 terra,

275 1474 350 1506 dum
367 1485 418 1505 ver
436 1485 490 1516 pro
513 1475 585 1506 anni
607 1475 820 1506 vicissitudine
840 1474 931 1509 redit,
949 1474 1007 1504 sor-

274 1526 357 1547 mam
386 1517 551 1548 hiemalem
578 1527 650 1548 cum
677 1528 772 1548 verna
797 1522 907 1548 mutat.
935 1517 1011 1557 Sup.

276 1559 383 1590 Carm.
407 1558 429 1595 i,
448 1560 479 1595 4,
502 1561 532 1595 l,
550 1560 684 1591 Solvitur
706 1562 784 1590 acris
807 1561 895 1590 hiems
919 1564 1010 1600 grata

274 1603 337 1632 vice
365 1603 454 1632 veris.
514 1602 720 1632 Decrescentia
752 1605 834 1641 ripas
864 1601 1009 1631 Flumina

273 1650 475 1682 praeteremzt:
497 1644 636 1678 flumina,
662 1654 733 1684 quae
759 1643 884 1674 nivibus
910 1642 1010 1682 lique-

275 1684 366 1716 factis
388 1685 422 1715 in
438 1691 558 1716 tantam
580 1685 777 1716 altitudinem
799 1689 1010 1720 excreverant,

274 1731 309 1757 ut
328 1737 423 1768 supra
441 1728 524 1769 ripas
545 1727 788 1763 effunderentur,
800 1727 867 1769 jam
888 1727 1010 1757 decres-

275 1775 352 1800 cunt
367 1775 398 1800 et
418 1769 623 1811 intrajustas,
640 1776 675 1800 ut
695 1775 778 1805 ante,
794 1770 878 1812 ripas
897 1769 1011 1799 fluunt.

276 1812 408 1843 Flumen
432 1811 514 1842 intra
533 1812 657 1842 alveum
680 1822 773 1843 suurn
795 1822 827 1842 se
847 1811 1012 1842 continens

275 1855 357 1892 ripas
379 1856 546 1893 praeteri-re,
566 1864 632 1895 pro,
653 1854 735 1896 ripas
758 1853 944 1896 praeterlabi,
963 1853 1012 1884 vel

276 1895 357 1925 inter
381 1901 542 1937 utramque
556 1896 653 1937 ripam
670 1897 773 1937 quiete
794 1896 869 1931 labi,
885 1895 1011 1926 dicitur.

277 1937 390 1968 Gratia
412 1949 478 1968 cum
497 1938 654 1978 Nymphis,
670 1943 742 1969 cett.
763 1949 834 1980 sup.
849 1948 877 1968 c.
893 1939 915 1968 l.
930 1949 959 1968 v.
976 1938 1007 1974 6,

275 1979 451 2020 Junctoeque
467 1979 614 2020 Nymphis
628 1981 743 2011 Gratia:
759 1982 890 2011 decentes
906 1981 1008 2010 Alter-

276 2032 314 2052 πο
330 2028 442 2052 terram
457 2024 597 2062 quatiunt
613 2024 695 2061 pede.
741 2023 855 2053 Nuda.-
874 2033 946 2063 sup.
963 2021 1009 2056 iii,

279 2065 328 2100 19,
347 2064 397 2099 17,
416 2064 539 2101 Gratia,
554 2066 763 2105 'indisjuncta
783 2066 941 2101 sororibus,
957 2063 1010 2094 ubi

273 2105 336 2137 vid.
354 2111 417 2136 not.

318 2148 435 2178 7-12.
457 2147 646 2178 Immortalia
660 2158 697 2177 ‘ne
710 2158 816 2187 speres,
833 2154 929 2178 vianet
942 2150 1006 2178 An-

273 2201 342 2226 nus,
359 2195 432 2221 cett.
448 2199 558 2220 sensus
571 2201 577 2220 :
600 2189 679 2220 veris
694 2189 788 2229 igitur
803 2190 933 2226 reditus,
946 2189 1010 2221 sive

274 2243 353 2263 nova
367 2231 442 2262 anni
453 2231 645 2268 vicissitudo.
660 2236 692 2262 et
707 2232 805 2269 Hora,
817 2233 1009 2273 quae,'quam

274 2274 347 2305 tulit
361 2274 436 2304 anni
449 2273 707 2309 vicissitudinem,
723 2273 851 2304 eandem
869 2274 1010 2304 celeriter

275 2316 386 2354 aufert,
407 2316 445 2347 de
468 2315 561 2346 celeri
583 2316 654 2347 vitae
680 2326 783 2352 cursu,
806 2317 947 2357 adeoque
970 2316 1009 2348 de

275 2365 371 2390 morte
384 2364 436 2388 tua
453 2363 482 2389 te
496 2357 540 2388 ita
552 2368 676 2389 monere
689 2358 814 2395 debent,
826 2363 861 2388 ut
875 2358 1008 2399 pruden-

277 2406 322 2431 ter
348 2400 471 2436 fruaris,
497 2400 612 2441 quibus
637 2411 720 2431 nunc
751 2399 809 2431 tibi
838 2399 896 2430 frui
924 2399 1009 2431 licet.

276 2442 463 2473 Immortalia
494 2453 530 2473 ne
557 2453 670 2482 speres:
695 2442 746 2474 Cl.
772 2442 904 2473 Mitsch.
929 2441 1010 2473 iuter

276 2484 339 2516 alia
350 2490 506 2526 comparat
518 2485 636 2515 Incerti
650 2485 709 2526 Ep.
723 2495 820 2516 ncnv.
833 2484 863 2514 in
878 2484 1008 2516 Anthol.

276 2527 382 2558 Graec.
406 2527 446 2558 T.
472 2526 513 2562 ἰν,
540 2538 572 2568 p.
602 2528 678 2558 256.
724 2527 820 2563 Hora,
848 2527 928 2562 Dea,
957 2527 1008 2557 cui

275 2569 349 2600 anni
363 2568 593 2600 vicissitudines
608 2568 789 2600 moderandi
809 2575 910 2611 partes
925 2569 1007 2600 datae

273 2617 359 2643 sunt.
403 2611 535 2653 Frigora
564 2613 722 2642 mitescunt
751 2611 907 2651 zephyris,
933 2617 1008 2643 cett.

273 2659 406 2695 quatuor
427 2653 501 2684 anni
517 2653 751 2685 vicissitudines
768 2653 909 2684 celeriter
927 2652 1007 2684 invi-

273 2705 340 2727 cem
355 2706 388 2727 se
403 2695 584 2738 excipiunt3
603 2706 703 2726 annus
718 2695 858 2727 celeriter
873 2695 1007 2727 circum-

273 2738 386 2779 agitur,
418 2748 474 2780 pro
510 2737 610 2774 tenui,
642 2738 714 2769 vitae
748 2743 860 2769 nostrae
897 2748 1007 2769 cursus

271 2786 320 2813 est
341 2779 519 2812 celerrimus
531 2791 540 2819 ;
563 2781 742 2822 expendant
763 2780 878 2811 tirones
898 2780 1005 2811 verbo-

272 2833 338 2854 rum
350 2828 506 2854 ornatum.
538 2822 919 2863 Proteri1,trudit‚pellit;
932 2833 1004 2862 pra-

1052 1316 1217 1337 excessura
1240 1311 1298 1343 est,
1323 1305 1452 1337 simulac
1474 1305 1788 1378 auctumnusdfruges
1809 1318 1815 1323 ·

1052 1349 1206 1390 effuderit,
1223 1348 1284 1383 vel,
1301 1353 1336 1378 ut
1352 1348 1409 1379 inf.
1423 1347 1526 1389 Epod.
1541 1348 1574 1383 2,
1591 1347 1642 1383 17,
1681 1347 1786 1386 icitur,

1052 1392 1188 1421 decorum
1200 1392 1322 1421 mitibus
1336 1391 1428 1429 pomis
1442 1395 1534 1430 caput
1545 1391 1626 1421 arvis
1635 1391 1788 1426 extulerit,

1053 1442 1108 1474 pro
1138 1432 1272 1473 vulgari,
1302 1432 1431 1467 venerit,
1462 1431 1605 1463 redierit:
1633 1431 1788 1474 effuderit,

1053 1484 1098 1505 sc.
1115 1484 1132 1505 e
1147 1485 1242 1505 cornu
1260 1474 1364 1517 pleno,
1381 1473 1466 1515 quod
1487 1479 1659 1505 auctumno
1673 1473 1788 1516 pariter

1053 1526 1089 1547 ac
1113 1516 1222 1557 Copiae
1247 1526 1316 1563 sup.
1341 1515 1363 1552 i,
1390 1516 1442 1552 17,
1469 1517 1519 1551 16,
1543 1520 1576 1546 et
1598 1515 1656 1546 inf.
1681 1515 1788 1548 Carm.

1054 1559 1133 1589 Saec.
1147 1569 1177 1588 v.
1194 1559 1246 1594 60,
1263 1558 1418 1589 tribuitur.
1449 1557 1566 1588 Bruma
1581 1559 1672 1594 iners,
1687 1557 1742 1589 ubi
1756 1562 1788 1590 et

1051 1606 1132 1630 terra
1165 1599 1298 1640 quiescit
1327 1605 1358 1630 et
1390 1609 1469 1641 opus
1503 1598 1654 1631 rusticum
1686 1599 1789 1640 friget.

1054 1641 1148 1673 Ovid.
1172 1642 1266 1673 Pont.
1291 1642 1314 1678 i,
1331 1643 1363 1677 2,
1382 1642 1437 1678 26,
1455 1641 1496 1672 Et
1509 1643 1586 1682 quod
1604 1644 1684 1673 iners
1698 1643 1788 1674 hiemi

1053 1687 1251 1715 continuatur
1271 1685 1361 1715 hiems
1371 1695 1382 1722 ‚-
1406 1683 1480 1715 hinc
1502 1685 1603 1725 χεῖμα
1623 1683 1787 1727 δύσεργον

1054 1726 1138 1768 apud
1162 1726 1253 1757 Bion.
1276 1726 1318 1762 vi,
1340 1728 1373 1758 5.
1419 1727 1459 1757 In
1483 1725 1668 1758 sententiam
1690 1726 1789 1769 hujus

1054 1768 1115 1799 loci
1133 1768 1272 1809 Boettig.
1287 1768 1396 1800 laudat
1412 1769 1526 1799 Senec.
1542 1769 1646 1810 Epist.
1658 1769 1712 1807 24,
1727 1769 1787 1800 sub

1054 1811 1108 1841 fin.
1125 1811 1163 1842 In
1177 1813 1272 1842 orbem
1288 1821 1360 1841 nexa
1376 1817 1447 1841 sunt
1461 1812 1610 1842 universa.
1646 1811 1787 1852 Fugiunt

1054 1865 1090 1884 ac
1106 1853 1430 1894 sequuntur.—AEstas
1447 1854 1480 1883 in
1497 1859 1694 1884 auctumnum
1711 1853 1788 1884 desi-

1054 1898 1112 1926 nit.
1145 1897 1314 1927 Auctumno
1329 1896 1418 1926 hiems
1430 1896 1536 1932 instat,
1551 1906 1616 1936 quae
1629 1905 1696 1926 vero
1708 1905 1786 1926 com-

1050 1940 1194 1978 pescitur.
1240 1939 1349 1968 Omnia
1364 1943 1522 1968 transeunt
1537 1943 1565 1968 et
1579 1943 1787 1968 revertuntur.

1099 1981 1234 2011 13—16.
1281 1981 1402 2011 Damna
1435 1986 1534 2010 tamen
1567 1980 1684 2015 celeres,
1713 1984 1790 2011 cett.

1053 2022 1127 2053 anni
1145 2022 1271 2063 quidem
1295 2027 1444 2064 tempora,
1464 2032 1535 2062 quae
1556 2031 1640 2052 nunc
1663 2020 1788 2053 interire

1054 2063 1206 2100 videmus.
1222 2064 1340 2096 exactis
1355 2064 1449 2096 certis
1462 2063 1622 2094 mensibus
1635 2063 1788 2102 redeunt3

1052 2112 1085 2137 at
1099 2117 1167 2142 nos,
1183 2106 1238 2138 ubi
1258 2106 1352 2137 semel
1367 2106 1407 2137 ad
1422 2106 1540 2137 Orcum
1556 2105 1787 2141 descendimus.

1052 2158 1211 2190 nunquam
1228 2149 1260 2179 in
1275 2149 1370 2179 vitam
1386 2147 1587 2179 restituimur.
1622 2147 1788 2180 simillime

1053 2191 1172 2222 Catuli.
1193 2201 1222 2224 v.
1245 2192 1276 2227 5,
1295 2191 1374 2221 Soles
1396 2191 1529 2221 occidere
1551 2196 1579 2220 et
1601 2191 1700 2220 redire
1722 2200 1788 2230 pas-

1053 2239 1143 2270 sunt;
1169 2233 1272 2268 Nobis,
1293 2243 1360 2263 cum
1377 2233 1463 2263 semel
1481 2233 1589 2262 occidit
1608 2233 1704 2262 brevis
1723 2233 1787 2267 lux,

1053 2274 1120 2304 Nox
1143 2281 1186 2305 est
1207 2281 1352 2314 perpetua
1375 2285 1439 2304 una
1462 2274 1648 2304 dormiendo.
1691 2273 1788 2305 Lunoe

1050 2323 1205 2356 reparant,
1221 2316 1302 2347 celer
1315 2315 1468 2347 mensium
1487 2316 1636 2346 decursus
1650 2315 1788 2347 restituit

1051 2359 1162 2389 damna
1176 2359 1314 2395 coelestia,
1329 2358 1404 2388 anni
1422 2363 1571 2399 tempora,
1587 2367 1658 2399 quae
1673 2367 1784 2389 secun-

1051 2400 1125 2430 dum
1148 2401 1283 2431 siderum
1304 2400 1336 2431 in
1352 2401 1422 2431 coelo
1439 2410 1563 2430 cursum
1578 2399 1789 2432 decesserant.

1058 2443 1116 2473 Ubi
1130 2445 1305 2480 decidimus,
1323 2443 1389 2477 Quo
1411 2447 1486 2474 cett.
1505 2442 1559 2473 ubi
1576 2441 1672 2473 semel
1691 2441 1788 2474 delati

1052 2495 1161 2516 sumus
1196 2495 1244 2520 eo,
1277 2495 1340 2526 quo
1373 2489 1447 2516 cett.
1480 2494 1535 2526 pro
1566 2483 1699 2525 vulgari,
1732 2484 1786 2516 ubi

1051 2527 1147 2558 semel
1167 2527 1280 2558 mortui
1304 2537 1423 2558 sumus.
1467 2527 1544 2558 Pius
1565 2526 1688 2560 Encas,
1707 2527 1788 2558 dives

1053 2569 1161 2600 Tullus
1180 2576 1208 2600 et
1223 2570 1343 2600 Ancus:
1368 2568 1426 2600 inf.
1445 2568 1549 2610 Epist.
1571 2567 1594 2604 i,
1611 2568 1644 2604 6,
1663 2567 1718 2606 27,
1734 2567 1786 2600 Ire

1054 2618 1149 2642 tamen
1168 2618 1271 2647 restat,
1290 2611 1390 2642 Numa
1409 2622 1465 2652 qua
1482 2612 1599 2642 devenit
1618 2616 1647 2640 et
1662 2611 1784 2641 Ancus:

1051 2654 1175 2685 scilicet
1189 2659 1225 2684 ut
1245 2653 1398 2689 ostendat,
1414 2652 1534 2684 nullum
1550 2651 1676 2684 omnino
1699 2661 1720 2682 a
1737 2651 1784 2683 fa-

1052 2695 1107 2727 tali
1122 2695 1271 2727 moriendi
1286 2695 1470 2726 necessitate
1489 2694 1619 2725 liberum
1633 2703 1713 2727 esse.
1728 2705 1784 2726 no-

1050 2738 1135 2769 mina
1148 2738 1291 2779 quaedam
1308 2737 1391 2780 apud
1404 2737 1565 2768 Romanos
1575 2735 1784 2768 celebratissi-

1049 2790 1100 2811 ma
1114 2781 1201 2822 ponit
1215 2793 1223 2819 ;
1248 2779 1293 2811 uti
1313 2780 1376 2812 sere
1396 2789 1466 2821 sup.
1482 2778 1505 2814 i,
1519 2779 1573 2814 28,
1589 2779 1621 2814 7,
1638 2779 1785 2819 Archytas

1049 2821 1082 2853 in
1099 2823 1180 2854 hanc
1202 2833 1264 2854 rem
1284 2822 1458 2858 Tantalum,
1475 2820 1648 2856 Tithonum,
1666 2820 1784 2856 Minoa,

272 2872 368 2896 terere
387 2866 515 2906 aliquem
537 2863 748 2905 significanter
766 2864 880 2895 dicitur
898 2864 936 2901 is,
951 2864 1003 2895 cui
1046 2870 1077 2896 et
1104 2866 1309 2907 Pythagoram
1335 2862 1456 2895 laudat.
1501 2862 1608 2893 Tullus
1631 2868 1660 2894 et
1683 2863 1784 2893 Ancus

271 2908 380 2939 cedere
395 2907 521 2939 omnino
537 2907 616 2938 alter
630 2907 733 2938 debet.
777 2907 947 2937 Interitura
961 2909 1001 2938 si·
1045 2907 1194 2938 dicuntur
1209 2909 1326 2942 divites,
1339 2911 1373 2937 ut
1386 2915 1487 2946 reges,
1499 2915 1632 2946 quorum
1649 2903 1784 2936 felicitas

271 2951 345 2986 mul,
361 2954 434 2982 cett.
448 2960 518 2991 quae
533 2949 599 2991 ipsa
616 2960 740 2991 quoqne
758 2959 775 2982 e
790 2949 876 2981 terris
896 2949 1001 2980 statim
1046 2949 1079 2980 in
1094 2949 1269 2981 divitiarum
1286 2947 1482 2990 possessione
1495 2947 1588 2980 simul
1606 2946 1678 2989 poni
1693 2946 1784 2977 solet.
