1904 3314
403 206 772 254 EPISTOLA
814 206 910 250 AD
950 207 1278 251 PISONES.
1530 212 1615 252 539

190 308 488 364 Spectandum
508 309 642 364 nigris
663 306 799 349 oculis
820 306 1035 361 nigroque
1057 307 1227 362 capillo.

245 376 413 419 Sumite
433 376 654 418 materiam
673 374 844 424 vestris,
867 375 943 429 qui
965 375 1170 424 scribitis,
1193 390 1362 430 aequam

189 442 371 487 Viribus
388 462 398 496 ;
429 451 474 486 et
493 450 663 486 versate
685 443 776 492 diu,
799 442 906 497 quid
926 442 1041 484 ferre
1062 451 1281 493 recusent,

100 510 159 552 40
189 511 311 560 Quid
330 512 499 554 valeant
519 511 704 553 humeri.

767 510 851 552 Cui
870 509 984 551 lecta
1004 517 1208 564 potenter
1229 511 1311 552 erit
1332 526 1417 562 res,

189 577 288 620 Nec
310 579 513 620 facundia
534 579 708 620 deseret
727 577 862 628 hunc,
882 592 963 619 nec
983 576 1154 619 lucidus
1177 578 1300 619 ordo.

188 644 370 688 Ordinis
389 645 485 687 haec
506 646 643 687 virtus
664 646 746 687 erit
768 653 812 686 et
833 644 1003 694 Venus,
1026 652 1102 685 aut
1123 659 1205 699 ego
1227 645 1367 695 fallor,

186 711 252 754 Ut
265 713 356 768 jam
376 728 491 755 nunc
511 713 629 755 dicat
643 714 735 769 jam
754 728 870 755 nunc
891 713 1099 755 debentia
1120 713 1221 763 dici,

187 779 405 836 Pleraque
426 780 600 823 differat
621 789 665 823 et
685 796 881 836 praesens
904 782 947 822 in
969 788 1139 836 tempus
1162 782 1346 824 omittat.

98 847 156 890 45

242 847 295 889 In
313 849 459 890 verbis
480 849 610 890 etiam
631 850 774 890 tenuis
796 856 1040 904 cautusque
1063 850 1276 900 serendis,

179 915 291 966 ,Hoc
311 923 438 967 amet,
461 916 545 958 hoc
567 925 746 972 spernat
765 918 968 972 promissi
989 918 1188 959 carminis
1210 925 1376 960 auctor.

185 983 367 1025 Dixeris
387 985 580 1039 egregie,
602 991 752 1026 notum
775 985 810 1026 si
831 984 987 1027 callida
1007 986 1190 1027 verbum

183 1051 451 1094 Reddiderit
464 1053 674 1107 junctura
694 1068 866 1094 novum.
930 1052 977 1093 Si
999 1052 1112 1094 forte
1133 1067 1312 1095 necesse
1334 1060 1401 1095 est

185 1117 364 1160 Indiciis
386 1127 627 1162 monstrare
647 1121 895 1162 recentibus
918 1120 1068 1162 abdita
1088 1135 1256 1172 rerum3

101 1187 158 1228 50
187 1186 376 1242 Fingere
397 1187 598 1230 cinctutis
622 1203 708 1231 non
729 1188 936 1232 exaudita
958 1188 1168 1244 Cethegis

71 1334 180 1378 itaque
202 1346 284 1367 unus
301 1335 398 1377 faber
420 1341 468 1367 est
494 1347 577 1367 unus
599 1336 682 1368 inter
704 1337 821 1373 fabros,

70 1377 128 1421 qui
150 1388 222 1427 Ρη»,
250 1378 363 1410 ceteris
391 1378 424 1409 in
453 1379 667 1421 exprimendis
697 1379 823 1421 capillis

26 1448 29 1449 γ
71 1420 271 1453 mollioribus
299 1420 450 1454 excellit:
489 1422 533 1453 cf.
561 1422 670 1453 Bentl.
691 1429 723 1454 et
747 1423 821 1453 Fea.

71 1463 148 1500 Pro,
162 1475 244 1496 unus
264 1463 370 1507 plures
392 1464 473 1496 libb.
487 1470 562 1496 vett.
578 1464 713 1496 offerunt
729 1467 818 1500 imus.

72 1510 110 1539 nt
119 1506 161 1538 sit
169 1507 204 1538 in
213 1507 279 1549 imo
295 1507 366 1539 loco
377 1507 525 1538 habitans
539 1520 548 1547 ;
564 1508 619 1539 sed
629 1508 656 1539 si
668 1508 821 1539 Horatius

72 1555 193 1581 certum
209 1549 370 1591 quendam
386 1550 510 1581 fabrum
526 1550 559 1581 in
578 1551 641 1582 imo
663 1551 750 1582 circa
770 1551 820 1582 lu-

72 1592 150 1624 dum
166 1592 336 1624 AEmilium
360 1593 431 1624 loco
450 1593 642 1625 habitantem
656 1593 822 1635 designare

71 1635 237 1671 voluisset,
254 1635 358 1667 verbis
379 1637 544 1676 exprimere
562 1642 595 1667 et
617 1638 734 1667 imitari
757 1647 820 1668 non

72 1677 171 1710 futuri
197 1678 254 1709 sed
283 1678 448 1721 praesentis
477 1679 608 1710 formam
639 1679 819 1718 induisset3

73 1730 133 1752 nec
144 1720 167 1752 ii
177 1720 277 1763 quiin
289 1724 347 1753 imo
361 1721 468 1763 aliquo
479 1722 550 1753 loco
565 1721 722 1758 habitant,
738 1725 820 1754 cir-ca

71 1773 147 1796 enm
163 1764 306 1796 habitare
321 1764 484 1796 dicuntur.

116 1807 173 1839 34.
199 1807 328 1845 Ponere,
353 1807 393 1839 de
415 1806 607 1839 artificibus:
632 1808 674 1841 cf.
689 1819 762 1851 sup.
779 1809 820 1840 ad

73 1849 139 1882 Od.
153 1849 198 1890 iv,
212 1851 246 1886 8,
262 1852 295 1883 8.

116 1893 259 1926 38-44.
281 1895 440 1932 Quartum
454 1894 676 1936 Praeceptum:
700 1893 822 1925 Carmi-

72 1946 115 1967 na
134 1947 200 1978 quae
222 1943 287 1968 tam
298 1937 460 1978 facundia
482 1948 572 1978 quam
595 1939 698 1968 lucido
718 1939 823 1968 ordine

21 1981 28 1988 ’
70 1988 102 2010 ω
120 1981 323 2012 commendent
340 1981 524 2020 scripturus,
547 1991 610 2010 rem
629 1982 744 2011 virium
760 1991 821 2011 mo-

72 2022 148 2053 aulo
161 2025 414 2055 accommodatam
428 2024 561 2065 deligere
575 2024 673 2055 debet.

115 2066 171 2098 38.
192 2066 338 2107 Equam,
353 2065 604 2114 convenientem.

115 2108 172 2140 39.
197 2108 332 2148 Ver-sate,
346 2108 543 2152 perpendite,
560 2109 742 2151 explorate3
767 2118 822 2140 ac-

72 2150 272 2184 commodate
294 2152 336 2183 ad
357 2161 451 2183 onera
473 2162 557 2193 quae,
574 2157 744 2194 antequam
762 2151 821 2183 hu·

72 2193 168 2226 meris
179 2194 394 2237 imponantur,
407 2195 554 2226 manibus
565 2194 680 2226 versari
694 2199 726 2226 et
740 2205 820 2237 pon-

73 2236 176 2286 derari
197 2237 313 2275 solent,
342 2247 384 2269 an
405 2237 488 2270 vires
513 2237 552 2268 iis
575 2237 711 2270 ferendis
733 2238 821 2269 suffi-

73 2285 174 2314 ciant.

117 2323 172 2355 40.
195 2323 257 2355 Cui
270 2324 350 2355 lecta
362 2330 502 2364 potenter
516 2325 576 2355 erit
590 2334 637 2354 res
647 2336 657 2354 :
678 2334 740 2355 rem
754 2323 821 2356 sive

71 2365 238 2398 materiam
249 2373 388 2408 potenter
405 2366 494 2408 legit,
513 2366 606 2409 cujus
625 2366 708 2398 vires
728 2366 819 2398 lectae

73 2409 215 2442 materia
234 2420 325 2453 pares
342 2415 428 2446 sunt.
449 2410 505 2451 qui
527 2419 611 2445 eam,
634 2415 671 2441 ut
694 2420 749 2452 par
763 2416 820 2447 est,

38 2467 44 2472 ·
71 2457 211 2492 menter
224 2452 379 2485 moderari
394 2457 427 2484 et
443 2453 483 2483 ad
499 2452 575 2484 artis
589 2463 730 2484 normam
744 2452 820 2484 diri-

15 2509 22 2527 π
73 2503 147 2536 gere
159 2500 281 2538 potest:
305 2505 376 2532 nos,
389 2497 444 2527 der
463 2497 558 2527 seines
573 2496 742 2538 gewiihlten
759 2496 820 2527 Ge-

70 2540 254 2580 gemtandes
267 2539 403 2581 machtig
417 2540 483 2569 und
499 2539 584 2569 Herr
599 2542 650 2570 ist.

18 2601 23 2620 3
117 2582 261 2615 ⁴2-44.
299 2581 425 2613 Ordinis
455 2582 527 2618 haec,
559 2584 648 2613 cett.'
694 2581 824 2613 Ordinis

8 2632 25 2663 ᾗ
69 2627 181 2657 tutem
205 2623 343 2667 (virtus)
367 2623 530 2667 praecipua
549 2623 606 2655 dos
627 2629 660 2655 et
682 2624 823 2666 (Venus)

27 2699 30 2702 ,
72 2666 222 2700 amabilis
237 2666 440 2710 pulchritudo
454 2668 533 2708 (haec
550 2665 628 2707 erit)
646 2666 679 2697 in
700 2677 738 2698 eo
758 2678 825 2699 cer-

75 2715 183 2748 netur,
199 2715 238 2742 ut
258 2709 292 2742 in
313 2709 472 2753 principio
495 2709 600 2741 statim
615 2711 696 2750 <jam
719 2711 821 2747 nunc)

74 2751 174 2791 dieat,
198 2764 271 2796 quae
296 2754 376 2794 (jam
399 2753 501 2793 nunc)
524 2753 558 2784 in
581 2752 736 2795 principio
758 2753 824 2785 dici

26 2804 31 2806 ”
74 2794 217 2836 debean
239 2795 362 2828 scilicet
383 2802 416 2828 ut
434 2796 533 2827 lector
550 2796 599 2827 vel
618 2800 775 2838 spectator
790 2796 823 2827 in

34 2844 45 2846 ”
74 2838 213 2872 mediam
231 2849 296 2871 rem
317 2838 467 2882 rapiatur,
491 2839 643 2882 pleraque
661 2838 822 2881 (differat)

0 2906 3 2907 ν
26 2895 55 2915 *a*
78 2887 188 2926 ,unm
209 2881 340 2915 demum
363 2887 498 2918 enarret,
526 2888 559 2914 et
585 2892 671 2913 nunc
698 2882 827 2923 quidem

81 2925 228 2967 (presens
241 2926 275 2956 in
291 2924 425 2966 tempus)
443 2925 584 2957 reticeat.

33 2999 38 3008 ,
124 2969 264 3001 45-72.
288 2968 444 3006 Quintum
470 2969 688 3010 Praeceptum:
718 2966 755 2999 In
780 2980 827 3000 vo-

27 3010 46 3053 ⁴1-.
81 3012 199 3044 abacis
211 3018 241 3044 et
258 3012 458 3044 locutionibus
473 3018 532 3044 tam
555 3011 725 3053 deligendis
740 3023 828 3053 quam

865 1337 1076 1376 repudiandis,
1090 1338 1261 1376 prudenter
1277 1336 1416 1376 loquendi
1433 1347 1513 1373 usus,
1524 1348 1615 1377 penes

864 1390 949 1419 quem
968 1386 997 1410 et
1010 1381 1068 1419 jus
1090 1386 1118 1410 et
1139 1390 1242 1410 norma
1261 1385 1290 1409 et
1313 1380 1482 1410 arbitrium
1504 1386 1558 1418 est,
1579 1384 1614 1412 in

863 1423 1022 1453 consilium
1034 1428 1172 1452 vocetur.-
1188 1422 1276 1452 verba
1288 1427 1360 1452 nota
1375 1428 1448 1461 apta
1454 1425 1615 1462 junctura

863 1471 1037 1502 nocentum
1059 1466 1149 1495 verba
1164 1466 1204 1495 ad
1220 1475 1297 1494 ποι-α
1311 1466 1435 1495 inventa
1450 1466 1615 1507 designan-

864 1509 904 1538 da
919 1507 1018 1549 efficta
1030 1509 1223 1547 recipiantur
1233 1518 1244 1544 ,·
1269 1508 1358 1538 verba
1373 1518 1405 1538 ez
1413 1507 1508 1549 fonte
1525 1508 1613 1541 Grae-

863 1561 896 1581 co
919 1551 1029 1582 hausta
1051 1556 1079 1581 et
1101 1550 1267 1591 paululum
1291 1551 1330 1580 ad
1353 1549 1474 1582 Latiuae
1498 1551 1613 1594 linguae

853 1593 993 1635 sormam
1015 1594 1128 1635 inflexa
1147 1594 1338 1633 probentur-3
1370 1600 1411 1631 et,
1432 1605 1501 1624 cum
1524 1597 1615 1627 verba

864 1638 949 1667 modo
961 1638 1100 1679 floreant
1123 1638 1206 1667 modo
1218 1636 1418 1677 flaccescunt,
1441 1638 1526 1667 modo
1544 1649 1614 1670 nas-

862 1686 976 1710 cantur
1013 1681 1108 1715 modo,
1148 1685 1185 1709 ut
1228 1689 1334 1721 regum
1370 1679 1613 1719 splendidissima.

863 1733 964 1762 opera,
989 1724 1156 1758 intereant,
1179 1731 1252 1752 suus
1278 1723 1386 1762 cuique
1407 1723 1496 1753 verbo
1519 1724 1614 1755 honor

865 1767 1037 1796 tribuatur.

907 1809 961 1846 45,
984 1809 1038 1839 46.
1076 1807 1115 1838 In
1139 1807 1233 1838 verbis
1255 1809 1359 1842 etiam,
1383 1811 1458 1838 cett.
1486 1806 1520 1839 hi
1550 1809 1614 1842 duo

866 1860 975 1882 versus
1013 1849 1087 1882 olim
1118 1849 1242 1881 inverso
1272 1849 1382 1881 ordine
1414 1849 1614 1891 legebantur.

868 1893 1062 1925 Rectissime
1085 1892 1183 1933 igitur
1205 1892 1385 1929 Bentleius,
1411 1899 1447 1924 ut
1470 1903 1519 1924 res
1543 1894 1614 1937 ipsa

866 1935 970 1972 docet,
981 1935 1183 1979 posteriorem
1192 1946 1316 1967 versum
1333 1935 1367 1966 in
1383 1935 1488 1966 locum
1505 1937 1615 1979 prioris

866 1979 997 2011 transire
1015 1978 1126 2021 jussit.
1171 1978 1225 2009 Ad
1243 1988 1339 2020 quam
1356 1978 1486 2020 quidem
1504 1990 1614 2012 versu-

864 2033 919 2053 um
947 2021 1223 2065 transpositionem
1261 2021 1493 2052 defendendam
1532 2023 1614 2056 bene

865 2066 1008 2096 observat
1032 2066 1205 2102 Gesnerus,
1232 2063 1389 2100 librarios,
1420 2065 1447 2096 si
1470 2064 1548 2106 quid
1580 2067 1614 2098 in

864 2108 973 2140 ordine
984 2114 1152 2151 peccatum
1163 2112 1255 2145 esset,
1270 2117 1310 2138 ne
1325 2107 1440 2138 librum
1456 2107 1614 2141 deforma.

864 2157 935 2183 rent
950 2151 1064 2187 liturae,
1082 2149 1213 2181 minutis
1230 2150 1314 2181 notis
1335 2149 1487 2198 appositis
1507 2162 1614 2184 verum

864 2194 1007 2225 ordinem
1023 2194 1267 2227 demonstrasse.
1288 2193 1410 2224 notulis
1427 2200 1533 2225 autem
1550 2194 1615 2228 illis

864 2237 1062 2269 tenuioribus
1077 2242 1217 2278 tempore
1231 2236 1347 2271 exesis,
1365 2246 1473 2268 versus
1491 2236 1525 2268 in
1545 2243 1614 2270 tur-

863 2280 938 2312 bato
953 2279 1063 2312 ordine
1079 2279 1230 2310 mansisse
1245 2292 1252 2310 :
1277 2279 1321 2311 cf.
1335 2280 1425 2310 Bast.
1441 2280 1613 2316 Commen-

864 2328 920 2355 tat.
949 2323 1107 2365 Palaeogr.
1137 2333 1169 2364 p.
1199 2323 1277 2354 858.
1322 2323 1455 2363 Junge:
1497 2325 1614 2357 Auctor

861 2368 1000 2406 promissi
1015 2367 1161 2398 carminis
1180 2366 1293 2408 (poeta
1313 2364 1370 2407 qui
1394 2375 1522 2398 carmen
1542 2379 1613 2411 pro-

864 2409 979 2450 mittit)
991 2411 1083 2440 etiam
1095 2411 1129 2440 in
1143 2412 1240 2441 verbis
1255 2410 1388 2440 serendis
1402 2411 1503 2440 tenuis
1519 2411 1614 2452 (sub-

864 2451 948 2492 tilis)
972 2459 1151 2493 cautusque,
1176 2453 1229 2483 hoc
1247 2459 1326 2483 amet
1350 2451 1459 2493 (aliud
1485 2454 1615 2487 verbum

865 2495 1104 2537 amplectatur),
1131 2497 1183 2527 hoc
1208 2501 1330 2535 spernat
1354 2494 1462 2537 (aliud
1485 2497 1616 2530 verbum

866 2537 1027 2580 rejiciat).,
1082 2538 1374 2573 verbis-serendis,
1409 2538 1616 2580 proferendis,

867 2581 1063 2623 spargendis,
1080 2581 1299 2624 disponendis,
1315 2580 1523 2613 adhibendis:
1548 2595 1616 2615 ver-

867 2625 903 2654 ba
934 2635 1042 2660 serere,
1066 2630 1114 2660 ut,
1136 2635 1309 2660 sermonem,
1338 2626 1487 2665 colloquia
1509 2637 1616 2660 serere.

871 2667 994 2703 Tenuis,
1033 2667 1170 2704 subtilis,
1208 2673 1336 2699 acutus:
1385 2667 1455 2699 Cic.
1495 2670 1618 2706 Quaest.

871 2710 971 2741 Acad.
987 2710 1029 2746 iv,
1051 2711 1101 2746 14,
1116 2711 1219 2742 tenuis
1232 2717 1262 2742 et
1272 2717 1363 2742 acuto
1376 2712 1552 2743 distinctio:
1576 2714 1620 2747 cf.

866 2763 937 2795 sup.
953 2752 993 2784 ad
1009 2755 1076 2784 Sat.
1093 2753 1128 2791 ii,
1145 2755 1176 2790 4.
1192 2755 1226 2785 9.

911 2797 965 2828 47.
991 2797 1320 2838 Callida—junctura,
1339 2802 1443 2834 acute,
1464 2796 1617 2836 sollerter,

867 2844 899 2870 et
922 2846 996 2881 apte
1022 2839 1178 2872 instituta.
1223 2841 1299 2871 Non
1326 2850 1396 2871 raro
1426 2841 1558 2871 callidus
1585 2842 1618 2874 in

870 2883 986 2914 bonam
1009 2889 1128 2925 partem
1151 2894 1218 2932 pro,
1242 2883 1365 2920 sollers,
1389 2889 1519 2914 acutus:
1546 2884 1618 2916 Cic.

874 2927 998 2963 Quaest.
1027 2927 1127 2958 Tusc.
1150 2937 1173 2963 1,
1201 2927 1255 2963 20,
1279 2928 1509 2957 callidissimum
1535 2930 1617 2957 arti-

862 2970 977 3010 ficium
1000 2976 1134 3005 naturae,
1159 2975 1191 3001 et
1214 2970 1292 3001 Nat.
1316 2970 1361 3002 D.
1381 2969 1414 3007 ii,
1431 2969 1484 3004 57,
1506 2978 1620 3002 natura

874 3013 953 3044 nihil
968 3020 1009 3045 est
1025 3014 1183 3045 calliditas.
