1884 3288
653 206 880 258 LIBER
910 213 997 265 ΙΙΙ,
1028 215 1072 257 5.
1113 232 1118 242 =

384 319 545 362 Fertur
564 318 738 374 pudicae
759 318 958 374 conjugis
981 317 1192 370 osculum,

382 387 637 442 Parvosque
657 393 799 436 natos,
821 394 871 428 ut
891 386 1045 442 capitis
1066 387 1220 438 minor,

442 454 518 497 Ab
541 469 587 496 se
609 454 860 505 removisse,
882 461 927 496 et
949 453 1114 496 virilem

499 522 675 564 Torvus
696 522 816 564 humi
836 523 1038 578 posuisse
1061 523 1249 565 vultum:

297 591 357 633 45
387 590 542 633 Donec
563 589 763 632 labantes
787 589 968 632 consilio
987 597 1137 646 patres

384 658 599 701 Firmaret
619 666 773 701 auctor
793 674 1015 714 nunquam
1036 658 1141 700 alias
1163 658 1282 708 dato,

443 727 651 783 Interque
672 734 906 775 moerentes
929 727 1089 769 amicos

503 795 725 851 Egregius
747 803 1009 851 properaret
1036 794 1178 837 exsul.

387 863 531 920 Atqui
552 865 732 915 sciebat,
755 880 855 919 quae
877 865 960 906 sibi
982 865 1196 906 barbarus

303 931 360 974 50
388 933 554 975 Tortor
574 939 774 989 pararet:
807 947 895 974 non
916 931 1042 974 aliter
1062 939 1209 974 tamen

447 1001 645 1043 Dimovit
666 1003 892 1044 obstantes
914 1002 1206 1057 propinquos,

505 1070 567 1112 Et
587 1069 799 1126 populum
819 1070 988 1112 reditus
1010 1077 1265 1120 morantem,

393 1139 540 1188 Quam
561 1140 597 1181 si
617 1139 822 1181 clientum
841 1138 973 1194 longa
992 1138 1171 1194 negotia

391 1206 648 1263 Dijudicata
667 1207 742 1249 lite
763 1206 1046 1262 relinqueret,

447 1275 658 1318 Tendens
680 1275 958 1318 Venafranos
979 1276 1023 1316 in
1045 1290 1190 1331 agros,

506 1344 601 1386 Aut
622 1344 1007 1386 Lacedaemonium
1028 1343 1288 1385 Tarentum.

1531 208 1642 258 ⁷141

303 1276 360 1317 55

101 1442 143 1476 de
155 1441 220 1475 vita
238 1443 300 1476 sibi
319 1444 534 1476 condonanda
557 1455 631 1476 cum
658 1443 749 1475 hoste
775 1444 851 1485 egit.

47 1498 50 1502 ’
103 1486 261 1519 Pir-abrosa
275 1488 379 1520 Altior
395 1488 497 1520 Iealiae
508 1489 632 1519 ruinis!
675 1487 850 1529 Carthago,

102 1528 179 1563 dum
194 1530 361 1574 imperium
381 1531 567 1562 Romanum
592 1531 743 1574 probrosa
765 1531 851 1562 mili-

103 1577 174 1606 tum
198 1573 328 1616 ignavia
351 1573 536 1611 destruitur,
561 1585 599 1606 eo
629 1574 726 1605 altius
755 1580 853 1617 caput

105 1625 200 1648 tuum
216 1617 352 1649 extollit.

148 1660 292 1692 41—48.
318 1660 361 1692 Ut
375 1661 486 1700 capitis
497 1662 608 1695 minor,
624 1665 660 1691 ut
673 1660 780 1696 homo,
797 1660 853 1702 qui

105 1702 291 1746 captivitate
322 1714 386 1735 non
422 1703 527 1734 solum
558 1702 649 1734 liberi
678 1702 757 1735 civis
780 1702 854 1745 jura

105 1745 224 1784 misit,
241 1745 296 1778 sed
311 1757 420 1778 servus
443 1746 523 1778 adeo
547 1746 652 1777 fact-us
675 1752 741 1784 est;
764 1746 853 1778 dice-

95 1788 224 1822 bantur
237 1789 394 1832 ejusmodi
413 1789 560 1822 homines
581 1791 733 1821 deminuti
757 1791 855 1829 capite

106 1832 192 1875 (vid.
209 1832 280 1865 Liv.
295 1833 373 1872 xxii,
388 1834 444 1868 60.
460 1833 516 1864 ubi
536 1832 682 1864 Manlius
696 1832 852 1875 captivos,

105 1880 144 1907 ut
157 1876 388 1908 redimerentur
406 1877 448 1907 ab
471 1875 656 1907 Hannibale
678 1876 802 1911 missos,
820 1884 856 1907 ut

105 1919 276 1951 deminutus
299 1921 420 1960 capitis,
442 1920 629 1950 abalienatos
640 1921 720 1959 jure
742 1921 855 1950 civium

105 1967 136 1993 et
149 1973 247 1994 servos
262 1962 576 2006 Carthaginiensium,
593 1961 679 1993 haud
693 1961 852 1993 redimen-

105 2003 166 2037 dos
179 2007 399 2047 esseceuset),
408 2006 519 2048 etipsa
528 2015 636 2036 eorum
649 2005 790 2037 conditio
801 2017 852 2036 ca-

102 2050 181 2089 pitis
199 2050 382 2086 deminutio,
398 2059 472 2091 quae
488 2048 548 2080 suit
563 2047 677 2090 triplex
691 2060 699 2087 ;
722 2050 853 2079 nnaaima

106 2091 251 2135 quidem,
261 2097 299 2124 ut
310 2091 433 2134 Reguli
443 2091 542 2123 nostri
554 2094 621 2132 capi
626 2093 663 2122 tis
673 2093 853 2128 deminutio,

108 2144 184 2167 cum
207 2134 296 2167 cives
321 2134 506 2178 captivitate
521 2135 570 2166 vel
594 2134 657 2165 alio
680 2134 774 2166 modo
791 2145 855 2166 non

108 2177 211 2210 solnm
234 2177 396 2210 civitatem
421 2184 454 2210 et
475 2177 654 2209 libertatem
678 2178 855 2220 perderent,

106 2219 165 2253 ned
187 2221 268 2253 adeo
289 2220 372 2253 servi
394 2221 526 2258 fierent;
550 2223 650 2252 minm-
670 2221 721 2252 vel
744 2222 854 2257 media,

103 2271 182 2296 'eum
201 2263 319 2296 civium
334 2269 459 2296 tantum
471 2264 527 2307 jus
543 2263 740 2302 amitterent3
763 2267 855 2295 mini·

101 2312 171 2345 ha.
199 2317 287 2344 cum,
313 2306 456 2351 pristinae
481 2307 612 2339 familiae
633 2307 707 2350 jure
729 2307 858 2344 amisso,

108 2349 280 2395 ndflptione
293 2350 327 2382 in
343 2350 438 2382 aliam
454 2349 636 2382 transirent.
659 2352 707 2381 Ab
718 2362 748 2382 se
763 2362 858 2382 remo-

99 2395 196 2433 tim,
210 2404 252 2426 ne
265 2398 302 2425 ut
324 2394 447 2426 servilis
466 2393 659 2426 conditionis
685 2394 779 2426 homo
805 2405 860 2426 eos

70 2475 73 2480 ,
190 2436 446 2470 icontaminaret
459 2436 634 2469 osculando
655 2437 707 2468 vel
730 2438 856 2469 contin-

89 2478 223 2557 ”kiffido-
271 2481 398 2512 Virilem
417 2481 531 2512 Torvus
546 2481 630 2511 humi
645 2483 774 2521 posuisse
788 2482 857 2512 vul-

58 2528 63 2538 ”
186 2535 197 2556 .-
218 2533 260 2556 en
274 2524 459 2567 praeclaram
482 2523 591 2564 magni
615 2524 757 2556 Romani
777 2523 856 2555 ima-

50 2602 55 2604 ,
73 2598 81 2605 ,
131 2565 141 2575 ‘
229 2566 238 2598 i
286 2567 446 2610 ReguluS,
460 2566 528 2610 ipse
545 2566 702 2610 captivus,
718 2578 758 2599 ne
781 2578 858 2610 cap·

30 2612 35 2639 ''-
155 2609 390 2648 irodimantur,
413 2611 545 2642 Senatui
569 2610 718 2642 Romano
739 2617 860 2648 auctor,

35 2650 80 2686 ’ῥ’
101 2654 184 2687 ’Μ
197 2659 357 2686 senatores
372 2654 412 2685 de
424 2653 580 2696 capiendo
594 2653 728 2685 consilio
743 2654 859 2685 fluctu-

42 2695 87 2722 ·',·
100 2699 165 2729 ‘flu
186 2701 222 2729 et
244 2696 390 2729 cunctari
412 2697 510 2733 videt,
539 2696 725 2736 generosius
754 2697 860 2738 indig-

60 2740 217 2777 *Quum
240 2745 274 2772 et
304 2739 388 2772 hanc
415 2739 668 2782 indignationem
699 2739 767 2782 jam
796 2751 860 2772 non

28 2779 226 2824 ’->’,’,”8.
249 2782 306 2816 sed
330 2783 423 2815 vultu
447 2783 537 2815 humi
570 2783 696 2825 dejecto
728 2783 862 2815 viriliter

35 2867 37 2870 .
55 2820 234 2881 [ζ’-’ἎΜΙ
254 2826 430 2870 ,Nunquam
445 2828 524 2859 alias
540 2828 623 2863 dato,
639 2826 737 2869 quale
752 2827 863 2859 nullus

894 1454 1037 1486 unquam
1062 1443 1094 1475 in
1120 1454 1211 1475 suam
1244 1443 1347 1486 ipsius
1377 1443 1549 1487 perniciem
1579 1449 1644 1476 tam

895 1498 1048 1530 generoso
1074 1490 1180 1518 animo
1211 1487 1310 1519 dedit.
1358 1487 1526 1530 Egregius,
1554 1487 1587 1520 h.
1612 1498 1646 1520 e.

894 1530 1010 1573 egregii
1027 1537 1059 1562 et
1074 1530 1244 1572 singularis
1256 1530 1405 1574 exempli.

940 1575 1082 1606 49—56.
1109 1577 1205 1616 Atqui
1220 1576 1342 1610 sciebat,
1356 1586 1420 1615 quar
1429 1575 1487 1606 sibi
1497 1575 1648 1606 barbarus

899 1617 1006 1649 Tortor
1030 1624 1177 1658 pararet:
1212 1618 1282 1650 Cic.
1307 1618 1403 1649 Offic.
1427 1617 1473 1653 iii,
1500 1618 1555 1654 27,
1582 1618 1648 1649 Neo

897 1672 966 1692 vero
979 1662 1156 1702 ignorabat,
1171 1672 1199 1692 se
1214 1663 1254 1692 ad
1263 1662 1507 1692 crudelissimum
1523 1661 1645 1696 hostem,

896 1710 925 1734 et
940 1706 980 1735 ad
995 1706 1143 1745 exquisita
1158 1705 1310 1744 supplicia
1325 1706 1486 1746 proficisci.
1525 1704 1644 1747 Respi-

897 1747 940 1777 cit
955 1747 1077 1778 scilicet
1095 1747 1250 1778 Horatius
1265 1746 1486 1779 crudelissima
1499 1746 1555 1778 illa
1571 1757 1648 1789 sup-

897 1789 995 1831 plicia
1010 1796 1042 1822 et
1065 1796 1233 1826 tormenta,
1248 1789 1364 1831 quibus
1389 1790 1550 1831 Regulus,
1571 1800 1646 1821 cum

899 1832 1124 1874 Carthaginem
1156 1843 1301 1864 reversus
1314 1837 1320 1843 ”
1334 1839 1428 1870 esset,
1457 1833 1590 1864 affectus
1617 1838 1649 1864 et

899 1882 1032 1907 necatus
1046 1885 1114 1907 esse
1130 1875 1282 1913 traditum
1304 1886 1440 1917 quorum
1460 1875 1648 1918 descriptio-

900 1929 970 1949 nem
988 1919 1058 1960 lege
1071 1918 1156 1962 apud
1174 1919 1231 1950 Sil.
1243 1919 1316 1950 Ital.
1327 1919 1369 1955 vi,
1382 1921 1447 1951 539
1462 1930 1533 1962 sqq.
1578 1919 1645 1950 Ex-

896 1963 986 1993 titere
1002 1970 1108 1993 autem
1133 1968 1206 2004 post
1228 1962 1425 1993 Palmerium
1450 1961 1483 1993 in
1508 1962 1650 1994 Exercit.

897 2005 936 2036 ad
954 2005 1039 2047 App.
1065 2005 1126 2047 (cf.
1146 2005 1221 2036 edit.
1244 2004 1432 2046 Schweigh.
1456 2005 1521 2036 vol.
1543 2005 1588 2043 iii,
1615 2016 1648 2047 p.

897 2048 980 2087 392)
997 2049 1113 2090 plureS,
1129 2047 1185 2090 qui
1202 2048 1362 2090 vulgarem
1377 2048 1417 2080 de
1431 2048 1552 2090 Reguli
1572 2059 1648 2090 sup-

897 2091 1002 2133 pliciis
1026 2091 1237 2122 narrationem
1252 2091 1287 2122 in
1302 2090 1533 2123 dubitationem
1554 2101 1649 2123 voca-

899 2140 980 2172 rent,
1005 2139 1038 2166 et
1061 2139 1159 2165 totam
1183 2144 1247 2165 rem
1276 2134 1315 2165 ad
1352 2134 1503 2165 invidiam
1539 2140 1651 2166 contra

901 2177 1019 2208 Cartha
1043 2177 1182 2209 inienses
1197 2177 1375 2220 augendam
1396 2178 1563 2209 confictam
1579 2188 1651 2209 esse

899 2227 1015 2252 conten
1039 2226 1149 2258 erent3
1174 2220 1245 2252 vide
1266 2220 1298 2251 in
1325 2221 1422 2257 rimis,
1439 2231 1512 2263 quae
1534 2232 1650 2263 nuper-

900 2264 976 2294 rime
992 2263 1084 2296 docte
1100 2270 1132 2295 et
1149 2263 1275 2306 copiose
1314 2275 1330 2295 e
1349 2264 1408 2295 hac
1424 2274 1455 2295 re
1472 2264 1652 2306 disputavit

903 2306 955 2338 Cl.
971 2307 1108 2350 Ruperti
1132 2307 1173 2338 ad
1198 2307 1257 2339 Sil.
1273 2307 1346 2338 Ital.
1362 2307 1386 2339 l.
1405 2307 1427 2338 1.
1446 2318 1479 2350 p.
1495 2309 1560 2339 395
1580 2318 1652 2350 sqq.

903 2350 1004 2385 Quam
1019 2352 1045 2381 si
1060 2352 1219 2389 clientum,
1235 2356 1310 2382 cett.
1321 2361 1418 2392 quam
1435 2351 1475 2386 si,
1486 2357 1520 2382 ut
1536 2361 1651 2382 causa-

901 2404 971 2424 rum
988 2393 1106 2435 aliquis
1118 2400 1280 2436 patronus,
1295 2404 1391 2425 causa
1402 2394 1545 2429 tandem,
1556 2404 1651 2435 quam

902 2447 967 2468 non
991 2437 1060 2468 sine
1087 2447 1203 2478 magna
1227 2437 1375 2469 molestia
1402 2447 1457 2480 pro
1479 2437 1653 2468 clientibus

901 2479 969 2511 suis
993 2480 1226 2512 defendendam
1249 2486 1443 2523 susceperat,
1465 2480 1655 2523 dijudicata,

902 2522 1000 2554 animi
1015 2523 1063 2554 sui
1076 2523 1237 2556 reficiendi
1251 2523 1392 2555 causain
1403 2523 1653 2556 amoenissimam

902 2566 1064 2609 quandam
1076 2567 1236 2609 regionem
1246 2566 1435 2599 rusticatum
1446 2567 1516 2599 iret.
1533 2567 1653 2608 Longa,

902 2615 934 2641 et
958 2609 1089 2652 proinde
1114 2621 1151 2641 eo
1176 2610 1354 2642 molestiore
1380 2617 1414 2642 et
1437 2610 1556 2653 majore
1579 2621 1654 2641 cum

902 2653 998 2684 taedio
1013 2652 1200 2695 conjuncta.
1250 2653 1440 2696 Venafranos
1455 2657 1489 2685 in
1504 2664 1604 2694 agros,
1623 2654 1654 2684 in

905 2696 1084 2739 Campania
1093 2696 1183 2732 sitos,
1195 2707 1252 2740 pro
1261 2707 1389 2739 quaque
1402 2697 1465 2728 alia
1481 2696 1657 2729 amoeniore

903 2739 1042 2781 regione.
1094 2740 1357 2772 Lacedaemonium
1386 2740 1553 2772 Tarentum
1568 2753 1576 2770 .·
1613 2739 1656 2771 cf.

903 2793 975 2826 sup.
990 2783 1026 2821 ii,
1041 2783 1074 2821 6,
1095 2784 1128 2815 ll
1147 2789 1180 2816 et
1195 2785 1246 2816 12.
