1904 3314
678 199 904 246 LIBER
935 203 995 254 II,
1032 205 1067 245 1.

1560 207 1646 248 515

218 302 282 346 Ut
303 304 385 346 sibi
405 305 672 360 praebentem
691 303 818 344 mimo
840 301 1090 357 spectacula
1110 301 1236 357 plura
1253 321 1263 354 3

35 426 37 429 Ι
216 371 462 427 Scriptores
483 378 627 412 autem
646 384 823 411 narrare
843 376 1019 424 putaret
1040 368 1174 411 asello

32 444 37 449 ’
98 439 185 480 200
214 438 436 483 Fabellam
455 438 611 480 surdoz
644 452 742 479 nam
762 453 861 493 quae
882 438 1134 493 pervincere
1156 452 1285 480 voces

216 507 433 550 Evaluere
453 521 621 556 sonum,
642 505 839 548 referunt
859 521 988 561 quem
1009 513 1159 547 nostra
1181 505 1352 546 theatra
1369 507 1385 547 ’ἒ

215 574 470 630 Garganum
490 574 658 628 mugire
677 581 806 628 putes
827 587 993 623 nemuS‚
1016 580 1091 614 aut
1111 587 1228 614 mare
1249 572 1470 614 Tuscum:

211 641 360 684 Tanto
378 657 477 685 cum
497 642 685 696 strepitu
705 641 797 682 ludi
818 648 1072 696 spectantur
1092 647 1136 682 et
1157 647 1287 690 artes,

214 709 478 764 Divitiaeque
499 710 766 764 peregrinae3
798 709 959 763 quibus
981 707 1143 750 oblitus
1164 715 1287 749 actor

95 775 183 816 205
214 775 363 822 Quum
383 777 503 818 stetit
523 777 567 818 in
589 790 732 825 scena,
755 777 976 818 concurrit
996 776 1179 818 dextera
1199 774 1332 816 laevae.

213 842 340 884 Dixit
360 843 505 886 adhuc
527 843 717 898 aliquid?
751 843 829 884 Nil
851 858 967 885 sane.

1031 843 1153 890 Quid
1175 843 1318 898 placet
1339 845 1474 898 ergo?

215 909 340 952 Lana
360 910 604 953 Tarentino
623 910 757 953 violas
778 911 942 952 imitata
963 926 1143 953 veneno.

212 975 281 1019 Ac
301 992 356 1020 ne
376 977 488 1020 forte
508 986 638 1034 putes
659 993 742 1028 me,
764 994 863 1033 quae
884 978 1026 1020 facere
1048 979 1142 1034 ipse
1164 993 1373 1028 recusem,

213 1044 363 1092 Quum
382 1052 501 1088 recte
517 1053 704 1088 tractent
724 1045 810 1096 alii,
831 1045 1011 1087 laudare
1031 1045 1241 1101 maligne3

97 1112 184 1156 210
213 1111 292 1154 Ille
313 1127 392 1168 per
410 1120 636 1154 extentum
658 1113 806 1154 funem
825 1113 930 1154 mihi
951 1128 1081 1168 posse
1102 1114 1274 1155 videtur

96 1249 132 1276 et
152 1243 265 1275 statuis
287 1243 360 1276 inde
384 1244 496 1276 effictis
518 1244 668 1280 nobilem,
684 1245 739 1277 sed
762 1245 845 1276 mul-

97 1292 200 1318 tarum
213 1296 315 1317 rerum
327 1287 418 1328 copia
431 1287 645 1318 abundantem
661 1287 777 1330 posuit,
791 1288 845 1326 ita,

97 1334 135 1360 ut
149 1339 205 1371 per
218 1331 372 1369 captivam
393 1329 574 1369 Corinthum
589 1330 846 1371 splendidissima

95 1376 130 1403 et
143 1370 368 1414 pretiosissima
383 1382 518 1413 quaeque
534 1372 741 1412 intelligenda
756 1373 830 1404 sint.

145 1415 327 1446 194—196.
351 1414 566 1445 Democritus:
592 1414 643 1445 hic
663 1415 846 1447 notissimus

97 1455 315 1500 philosophum,
333 1455 469 1488 Abderae
485 1463 591 1492 natus.
607 1467 680 1499 sup.
698 1458 803 1499 Epist.
822 1458 843 1494 i,

101 1501 152 1537 12,
184 1500 236 1534 12.
265 1503 331 1530 toto
362 1499 469 1530 animo
499 1499 544 1530 ita
574 1499 608 1530 in
638 1500 844 1542 philosophiae

98 1541 206 1574 studio
218 1541 344 1574 defixus
359 1541 457 1573 fuisse
471 1541 597 1577 dicitur,
609 1549 644 1573 ut
655 1553 780 1574 omnem
798 1553 844 1574 re-

97 1594 168 1616 rum
185 1594 314 1617 suarum
336 1594 447 1616 curam
467 1595 506 1616 ex
529 1585 633 1616 animo
653 1585 846 1625 dimitteret3

97 1637 151 1658 anu
176 1628 351 1664 Dimum,
378 1632 467 1664 cett„
490 1627 555 1659 sive
579 1628 745 1669 panthera,
770 1639 845 1659 con-

94 1669 170 1702 fusa
192 1669 337 1708 camelo;
360 1669 515 1701 diversum
544 1679 564 1700 a
587 1670 749 1711 panthera,
774 1681 845 1712 pro-

97 1711 166 1756 prie
203 1713 248 1744 sic
283 1711 382 1747 dicta.
415 1723 527 1753 genus,
561 1712 822 1752 camelopardalis
832 1725 844 1751 ;

97 1755 214 1797 (Varr.
230 1755 270 1786 L.
286 1754 331 1791 iv,
346 1756 400 1790 20,
417 1756 604 1786 Aleaandria
619 1757 844 1796 cumelopurda-

98 1798 138 1830 lio
151 1808 250 1838 nuper
269 1798 416 1832 adducta.
433 1809 497 1838 quoe
516 1805 579 1828 erut
593 1798 718 1839 figura,
738 1804 771 1828 ut
794 1811 844 1830 ca-

97 1841 205 1876 mm.
233 1842 374 1876 maculis,
403 1847 438 1871 ut
472 1841 647 1880 panthera.-
684 1841 727 1872 cf.
757 1841 845 1872 Plin.

99 1883 144 1915 H.
168 1884 213 1915 N.
233 1882 302 1920 viii,
323 1884 381 1923 18)
400 1882 465 1914 sive
489 1883 582 1914 albus
605 1883 734 1925 elephas
759 1883 846 1925 vulgi

97 1925 209 1958 oculos
234 1925 276 1957 ad
302 1935 336 1956 se
363 1931 504 1958 verteret.
549 1925 662 1957 Cicero
687 1926 709 1957 l.
733 1926 756 1957 1.
783 1926 842 1957 Ex-

98 1974 213 2000 tronus
236 1969 467 2009 elephantorum
485 1970 547 2000 dies
555 1969 642 2010 fuit,
660 1970 692 1999 in
708 1980 766 2009 quo
786 1971 843 2000 ad-

97 2012 224 2043 miratio
238 2013 343 2053 magni
359 2023 397 2044 vu
415 2014 446 2042 vi
459 2018 549 2054 utque
564 2013 671 2050 turbae,
687 2013 846 2043 delectatio

99 2055 191 2088 nulla
205 2055 332 2087 exstitit.

148 2097 221 2135 197,
238 2097 311 2128 198.
333 2096 489 2136 Specturet
503 2097 660 2136 populum,
677 2100 751 2127 cett.
777 2096 846 2127 De·

100 2138 257 2172 moeritus
300 2139 453 2170 attentius
491 2149 586 2180 quam
629 2138 712 2181 ipsos
754 2138 846 2170 ludos

99 2186 259 2224 spectaret
282 2181 449 2223 populum,
472 2187 610 2223 stupore.
633 2192 697 2222 quo
719 2180 774 2212 ille
799 2181 845 2212 se-

98 2234 204 2256 rarum
234 2223 407 2255 bestiarum
439 2223 699 2266 contemplationi
726 2223 848 2255 inhiare

99 2266 194 2303 solet,
217 2266 324 2307 majus
347 2265 423 2302 sibi,
450 2275 547 2308 quam
573 2266 688 2297 mimus
718 2265 846 2308 aliquiS,

99 2309 318 2352 spectaculum
333 2309 536 2351 praebentem.

147 2351 222 2386 199.
257 2350 312 2383 Ad
348 2351 547 2394 proverbium
583 2351 744 2389 Graecum,
777 2351 846 2394 ὄνῳ

100 2405 155 2432 τις
168 2393 262 2436 ἔλεγε
275 2394 396 2436 μῦθον.

142 2437 220 2472 200,
234 2437 311 2468 201.
327 2437 410 2471 Nam
424 2447 500 2477 quae,
511 2441 587 2467 cett.
619 2435 755 2466 Sensus:
774 2445 847 2466 nam

100 2478 175 2522 quis
189 2478 300 2512 histrio
313 2478 360 2510 ita
375 2489 482 2510 vocem
505 2477 668 2510 intendere
683 2484 796 2520 potest,
813 2485 850 2509 ut

101 2521 265 2564 pei-vineat
277 2521 390 2564 populi
407 2521 440 2552 in
454 2520 584 2553 theatris
601 2521 715 2551 nostris
727 2521 848 2558 ,tumul-

101 2563 224 2597 mantis
247 2563 412 2606 strepitum
435 2567 470 2594 et
491 2563 657 2600 clamores,
674 2563 704 2594 h.
726 2573 756 2594 e.
798 2563 849 2594 uis

99 2616 165 2649 pm
177 2605 306 2648 ingente
318 2607 352 2638 in
365 2605 496 2638 theatris
509 2604 624 2636 nostris
637 2603 768 2646 strepitu
806 2605 849 2636 is-

101 2647 240 2681 trionum
252 2649 349 2681 vorba
363 2647 492 2680 auribus
506 2646 663 2689 percipere
678 2649 806 2689 potest?

145 2691 222 2724 202.
245 2691 431 2734 Garganum
445 2691 566 2731 „rugire
579 2697 679 2729 putes.
723 2689 848 2731 Garga-

103 2744 175 2770 κυε,
191 2743 285 2767 mons
299 2732 431 2776 Apulia
446 2733 595 2767 silvosus
612 2732 667 2763 ubi
683 2737 849 2763 ventorum

103 2775 246 2808 frenans
269 2781 303 2809 et
322 2777 468 2808 arborum
489 2774 605 2806 stridor
619 2779 668 2805 est
681 2773 850 2805 vehemen-

103 2818 184 2858 tior3
209 2817 284 2850 hinc
305 2829 378 2860 sup.
402 2819 465 2850 Od.
488 2817 523 2855 ii,
545 2819 577 2852 9,
599 2819 631 2854 8,
650 2817 853 2858 Aquilonibus

106 2861 258 2900 Quom
273 2861 417 2903 Gargani
431 2861 584 2892 laborant.

145 2903 222 2936 203.
243 2905 346 2940 Artes,
363 2913 410 2935 sc.
424 2902 610 2934 histrionum
624 2906 658 2932 et
673 2900 852 2940 mimorum,

126 2945 162 2977 ui
182 2945 369 2989 simpliciter
392 2945 456 2977 dici
482 2945 587 2976 solent
612 2945 762 2985 artfices:
786 2943 852 2975 vid.

103 2954 230 3021 zaken
254 2988 296 3021 ad
321 2987 394 3020 Liv.
421 2988 530 3024 xxxix,
555 2988 610 3023 22,
635 2993 672 3017 ut
696 2987 854 3027 τεχνῖται

890 1245 975 1287 apud
999 1245 1153 1282 Graecos;
1177 1245 1242 1278 vid.
1259 1245 1452 1287 Wesseling.
1475 1244 1515 1276 ad
1535 1244 1637 1277 Diod.

891 1288 955 1319 Sic.
982 1287 1023 1326 iv,
1040 1290 1082 1326 5;
1108 1288 1169 1319 nisi
1191 1288 1262 1330 quis
1284 1295 1376 1325 artes,
1393 1289 1430 1319 ad
1452 1293 1639 1319 ornamenta

889 1336 955 1361 arte
981 1331 1155 1367 elaborata,
1181 1342 1253 1372 quae
1280 1332 1329 1362 vel
1355 1331 1388 1361 in
1412 1341 1509 1362 scena
1530 1330 1580 1362 vel
1604 1330 1638 1361 in

890 1372 1004 1403 vestitu
1035 1373 1223 1404 histrionum
1250 1373 1500 1415 conspiciuntur,
1525 1373 1639 1404 referre

891 1415 993 1445 malit.

931 1459 1006 1488 204.
1043 1458 1227 1505 Divitiaeque
1261 1459 1450 1499 peregriner:
1486 1467 1639 1499 purpura,

889 1510 1034 1541 gemmae,
1051 1507 1239 1541 margantae,
1254 1510 1380 1536 aurum,
1396 1505 1472 1532 cett.
1505 1501 1638 1538 Oblitus,

889 1554 957 1585 pro,
973 1543 1127 1578 obtectus,
1148 1543 1291 1580 indutus,
1308 1543 1441 1580 obsitus,
1462 1553 1535 1575 cum
1560 1553 1638 1574 con-

889 1591 989 1617 temtu
1006 1585 1112 1616 nimiae
1130 1585 1384 1626 magnificentiae.

932 1630 1008 1659 205.
1035 1629 1112 1659 Cum
1125 1631 1208 1660 stetit
1224 1631 1257 1659 in
1271 1640 1372 1663 scena,
1388 1627 1522 1659 simulac
1541 1638 1639 1659 scena

890 1677 1032 1713 apparet.
1077 1673 1243 1702 Concurrit
1266 1673 1389 1702 dextera
1415 1672 1505 1706 loeuae.
1530 1671 1637 1701 statim

890 1713 1070 1754 plauditur;
1093 1713 1275 1753 eleganter!
1301 1723 1415 1744 manus
1440 1711 1538 1749 enirn,
1563 1723 1638 1744 cum

890 1755 1083 1797 plaudimus,
1101 1761 1294 1787 concurrunt
1308 1761 1340 1786 et
1354 1754 1560 1786 colliduntur.
1647 1792 1650 1795 Ι

933 1799 1008 1829 206.
1032 1798 1121 1828 Dixit
1143 1800 1244 1828 adhuc
1263 1799 1408 1839 aliquid?
1430 1803 1504 1829 cett.
1527 1797 1636 1838 plebe-

890 1840 965 1871 cula
976 1839 1099 1871 scilicet
1108 1840 1244 1882 plaudit,
1255 1846 1426 1882 antequam
1437 1840 1525 1881 loqui
1538 1840 1639 1882 coepit

891 1890 989 1919 actor,
1015 1882 1083 1913 solo
1113 1884 1330 1925 pretiosarum,
1357 1893 1438 1924 quas
1461 1882 1516 1914 ille
1545 1883 1637 1924 gerit,

890 1926 1027 1957 vestium
1045 1926 1199 1967 adspectu
1215 1935 1365 1968 percussa
1379 1932 1473 1966 atque
1489 1926 1632 1967 abrepta.

932 1970 1007 2000 207.
1032 1968 1122 1998 Lana
1143 1967 1320 2003 Tarentino,
1343 1973 1417 1999 cett.
1441 1967 1534 1998 vestis
1559 1978 1636 1999 con-

890 2011 972 2042 fecta
989 2022 1007 2042 e
1029 2010 1115 2047 lana,
1133 2021 1204 2053 quae
1225 2011 1356 2042 Tarenti
1377 2010 1477 2042 tincta
1494 2015 1541 2041 est
1561 2021 1634 2052 pur-

890 2065 976 2095 purae
988 2053 1092 2085 colore
1103 2053 1374 2095 praestantissimo,
1384 2052 1560 2084 violaceum
1574 2054 1637 2085 fere

888 2096 954 2128 sive
969 2095 1147 2127 ianthinum
1160 2097 1296 2128 colorem
1313 2096 1479 2128 referente.
1526 2097 1638 2138 Nepos

891 2140 1057 2171 Cornelius
1079 2139 1164 2180 apud
1186 2139 1271 2170 Plin.
1289 2139 1331 2169 H.
1350 2139 1396 2170 N.
1418 2138 1462 2175 ix,
1479 2139 1533 2174 63,
1555 2139 1637 2170 Pur-

888 2193 1000 2221 purum
1019 2182 1216 2212 Tarentinam
1234 2189 1315 2212 uocat
1335 2183 1468 2212 rubram.
1506 2182 1571 2218 Me,
1590 2184 1636 2213 ιίι-

890 2225 1105 2265 quit,juve11e‚
1124 2226 1254 2255 thilucea
1273 2235 1414 2264 purpura
1436 2226 1568 2266 vigebat,
1586 2236 1639 2256 nec

890 2267 987 2297 multo
1021 2273 1086 2306 post
1123 2269 1219 2297 rubra
1258 2267 1436 2298 Tarentina.
1486 2266 1638 2298 Venenum

892 2308 1119 2352 (φάρμακον),
1129 2309 1197 2351 jam
1212 2309 1252 2341 de
1269 2310 1511 2345 medicamento,
1522 2310 1587 2341 sive
1601 2310 1638 2341 li-

891 2362 1001 2393 quore.
1018 2362 1126 2390 suem,
1142 2353 1227 2387 fuco,
1244 2363 1308 2394 quo
1330 2352 1412 2383 lanae
1433 2352 1520 2383 color
1541 2352 1636 2383 indu-

891 2394 993 2426 citur:
1027 2394 1120 2435 Virg.
1153 2395 1235 2426 Geo.
1265 2394 1299 2432 ii,
1330 2396 1406 2431 465,
1435 2395 1515 2425 Alba
1544 2406 1638 2436 neque

893 2439 1017 2479 Assyrio
1022 2436 1162 2479 fucatur
1178 2438 1251 2468 lana
1267 2448 1394 2468 veneno:
1418 2437 1563 2469 similiter
1577 2449 1637 2468 me-

893 2481 997 2511 dica-re
1012 2478 1262 2521 (φαρμάσσειν)
1277 2490 1343 2521 pro,
1354 2480 1476 2520 tingere
1490 2490 1560 2523 sup.
1574 2480 1639 2512 Od.

893 2521 938 2558 iii,
951 2525 984 2558 5,
998 2523 1053 2559 27,
1068 2522 1172 2563 Neque
1185 2525 1303 2554 amissos
1313 2524 1424 2554 colores
1438 2523 1528 2554 Luna
1543 2524 1638 2564 refert

894 2564 1142 2605 medicatusuco.

935 2608 1123 2639 208—213.
1161 2607 1207 2638 Ac
1241 2617 1277 2638 ne
1301 2607 1392 2649 forte
1424 2614 1523 2648 putes,
1562 2614 1638 2639 cett.

894 2650 990 2681 Hunc
1004 2649 1125 2685 locum,
1138 2647 1239 2680 varias
1251 2649 1453 2692 interpretum
1466 2651 1640 2682 sententias

893 2692 1069 2734 expertum,
1085 2691 1130 2722 ita
1145 2691 1351 2734 interpretor:
1378 2693 1429 2724 Ne
1444 2693 1523 2725 forte
1538 2699 1640 2735 putea

892 2734 1048 2775 Auguste,
1062 2744 1112 2765 me
1125 2744 1190 2765 non
1204 2734 1273 2766 sine
1287 2733 1406 2766 invidia
1422 2734 1531 2777 aliqua
1546 2746 1640 2777 parce

895 2775 1066 2818 (maligne)
1082 2776 1214 2808 laudare
1235 2783 1344 2819 poetas
1367 2777 1506 2809 comicos
1528 2784 1560 2809 et
1578 2785 1643 2810 tra-

895 2819 995 2860 gicos,
1019 2818 1095 2860 quia
1121 2830 1184 2850 non
1215 2819 1319 2851 facere
1348 2830 1477 2862 possum
1502 2820 1640 2862 (recuso)

894 2862 981 2903 quod
1003 2861 1058 2892 alii
1081 2868 1164 2893 recte
1188 2861 1322 2899 faciunt,
1337 2862 1404 2904 jam
1427 2862 1534 2893 dicam
1556 2863 1642 2903 quod

894 2903 1018 2935 sentio:
1058 2903 1113 2935 ille
1150 2910 1252 2947 poeta,
1288 2905 1344 2946 qui
1387 2911 1499 2947 pectus
1536 2915 1643 2934 meum

897 2945 1084 2987 (inaniter),
1099 2947 1134 2978 in
1155 2957 1186 2978 re
1208 2946 1292 2982 ficta,
1310 2953 1462 2988 tanquam
1480 2957 1561 2980 vera,
1585 2956 1642 2975 an-

898 2999 971 3030 gore
985 2989 1094 3031 opplet
1103 3001 1114 3029 3
1137 2989 1193 3030 qui
1209 2989 1351 3019 animum
1368 2989 1407 3019 ad
1423 2988 1500 3018 iram
1519 2988 1642 3024 incitat,
1688 3004 1702 3014 ο

839 3031 920 3061 1.ὶῖ
