1904 3314
656 183 884 227 LIBER
915 183 952 235 1,
989 184 1054 226 10.

1541 186 1629 228 465

201 285 364 329 Vivere
384 293 552 329 naturae
573 287 610 328 si
629 287 937 328 convenienter
956 293 1145 342 oportet,

201 353 512 410 Ponendaeque
533 354 662 395 domo
683 355 921 408 quaerenda
941 361 1008 395 est
1028 369 1130 396 area
1149 355 1351 410 primum,

200 421 434 464 Novistine
454 421 595 464 locum
615 422 830 476 potiorem
852 436 954 462 rure
974 422 1137 473 beato?

117 489 170 531 15
200 489 286 532 Est
304 490 381 532 ubi
399 489 498 545 plus
519 495 698 544 tepeant
718 488 882 532 hiemes
902 491 919 531 ἲ
948 490 1024 531 ubi
1041 490 1206 545 gratior
1228 505 1333 532 aura

198 557 357 600 Leniat
377 564 422 599 et
440 557 604 599 rabiem
622 557 770 608 Canis,
792 564 837 599 et
856 565 1073 599 momenta
1095 557 1274 608 Leonis,

201 626 349 675 Quum
370 625 502 668 semel
522 626 691 680 accepit
713 624 847 667 solem
867 625 1134 667 furibundus
1156 627 1362 668 acutum?

198 693 285 736 Est
304 693 380 735 ubi
401 692 593 748 depellat
613 709 785 737 somnos
806 694 948 736 minus
970 695 1117 736 invida
1138 709 1243 736 cura
1261 696 1278 736 2

198 760 407 804 Deterius
427 761 607 816 Libycis
627 762 715 804 olet
735 768 809 804 aut
830 762 939 804 nitet
959 762 1099 804 herba
1118 761 1305 817 lapillis?

109 829 168 872 20
198 829 356 872 Purior
377 830 421 872 in
440 830 545 872 vicis
567 845 680 886 aqua
703 831 844 872 tendit
863 845 1066 886 rumpere
1088 830 1327 887 plumbum,

197 898 342 946 Quam
361 913 461 954 quae
481 913 560 954 per
579 914 765 954 pronum
786 899 979 954 trepidat
1000 914 1098 941 cum
1118 913 1338 940 murmure
1359 898 1525 939 rivum?

196 965 371 1022 Nempe
386 967 500 1009 inter
520 968 659 1009 varias
679 969 873 1010 nutritur
895 967 1001 1009 silva
1021 967 1257 1017 columnas,

196 1033 518 1090 Laudaturque
539 1036 710 1087 domus,
731 1035 885 1091 longos
907 1049 1005 1090 quae
1026 1035 1238 1091 prospicit
1258 1049 1402 1090 agros.

195 1100 413 1144 Naturam
433 1102 627 1159 expelles
649 1103 786 1154 furca,
809 1111 955 1145 tamen
974 1118 1115 1158 usque
1138 1110 1350 1153 recurret,

109 1169 166 1210 25
198 1168 261 1211 Et
281 1169 390 1212 mala
410 1178 665 1227 perrumpet
679 1171 835 1212 furtim
855 1171 1033 1213 fastidia
1049 1172 1219 1213 victrix.

197 1236 317 1288 Non,
340 1239 415 1293 qui
436 1239 616 1281 Sidonio
637 1239 903 1281 contendere
925 1239 1106 1281 callidus
1129 1247 1249 1281 ostro

196 1304 354 1347 Nescit
374 1304 642 1360 Aquinatem
662 1307 860 1362 potantia
877 1306 1036 1349 vellera
1058 1306 1220 1357 fucum,

127 1445 181 1478 12.
203 1446 236 1478 Si
255 1452 384 1487 oportet,
403 1450 479 1478 cett.
501 1446 529 1478 si
544 1451 669 1490 oportet
690 1448 730 1479 ad
750 1457 833 1490 prae-

82 1493 177 1532 cepta
191 1488 455 1532 philosophorum
471 1492 573 1522 viver-e
593 1497 712 1522 naturae
729 1502 833 1523 conve-

82 1534 207 1563 nienter
216 1532 514 1576 (ὁμολογουμένως
527 1535 571 1576 τῇ
583 1533 679 1575 φύσει
690 1533 785 1576 ζῇν),
797 1543 835 1565 ea

85 1579 338 1624 tanturn-petere
355 1586 429 1624 qua?
451 1581 567 1607 natura
589 1576 741 1618 postulat,
760 1576 835 1608 vitae

85 1617 427 1702 smffihclgtoaztjffiaesggp}
433 1642 441 1650 ⁶
448 1671 569 1702 ponere,
578 1667 613 1692 ut
625 1660 741 1703 passim
753 1666 831 1692 tem-

85 1702 152 1746 ple,
167 1703 300 1740 moenia,
316 1705 424 1739 urbes.
440 1715 496 1747 pro
510 1710 685 1735 exstruere.

134 1747 186 1778 14.
210 1747 297 1778 Rure
323 1748 428 1778 beato?
458 1747 608 1778 reddente
638 1748 748 1778 beatos
778 1746 832 1788 qui

85 1799 157 1821 mre
168 1788 299 1821 vivunt:
325 1795 438 1833 sponte
450 1790 606 1822 succurrit
615 1789 834 1821 dulcissimum

85 1831 169 1864 illud
191 1832 318 1864 Horatii
340 1843 469 1864 carmen
494 1833 617 1876 (Epod.
640 1835 695 1875 2),
722 1833 835 1864 Beatus

83 1876 151 1912 ille,
165 1881 243 1907 cett.

133 1919 186 1950 15.
218 1918 275 1950 Est
303 1920 366 1957 ubi,
397 1923 487 1950 estne
516 1918 606 1950 locus
635 1918 690 1950 ubi
716 1918 836 1950 hiemes

86 1960 228 1993 mitiores
245 1961 321 1998 sint,
340 1961 391 1993 vel
413 1961 512 2004 frigus
531 1962 637 1993 miuus
658 1962 836 1993 sentiatur?

88 2003 143 2035 Ad
167 2004 239 2036 loca
260 2004 316 2036 ubi
338 2005 459 2036 hiemes
482 2010 612 2048 tepeant
636 2011 669 2036 et
694 2004 834 2035 mitiores

86 2045 162 2082 sint,
262 2058 294 2078 m
311 2048 521 2079 Tarentinum
542 2048 636 2079 refert
652 2057 749 2090 supra
769 2047 834 2078 Od.

85 2087 124 2125 ἱί.
139 2090 172 2128 6,
190 2091 241 2126 16,
257 2090 316 2122 Ver
329 2092 384 2122 ubi
398 2092 522 2133 longum
538 2094 711 2133 tepidasque
723 2092 833 2130 praebet

87 2132 217 2173 Jupiter
231 2134 366 2166 bmmas.

135 2176 187 2212 16,
207 2176 258 2207 17.
276 2177 318 2208 Et
328 2182 475 2208 momenta
489 2177 609 2211 Leonis,
626 2175 726 2210 Quum
739 2177 837 2213 semel,

88 2222 165 2250 cett.
179 2223 212 2250 et
227 2224 340 2250 aestum
355 2219 432 2251 solis
451 2220 548 2251 semel
570 2218 694 2260 accepti
711 2218 743 2248 in
761 2218 835 2248 furi-

87 2260 190 2293 bundi
206 2262 324 2294 Leonis
337 2262 445 2294 sidus:
470 2261 535 2293 vid.
559 2272 631 2303 sup.
651 2260 691 2291 ad
707 2261 772 2292 Od.
789 2260 835 2298 iii,

87 2303 145 2340 29,
165 2305 217 2336 19.
252 2305 420 2342 Memento,
434 2305 500 2347 jam
516 2305 556 2336 de
573 2303 739 2335 momentis
755 2309 835 2335 tem-

147 2345 184 2382 's.
209 2357 275 2389 quo
293 2357 402 2380 mense
430 2349 580 2389 Augusto
605 2347 659 2378 Sol
689 2346 721 2377 in
746 2347 835 2378 sidus

155 2388 204 2420 nis
221 2390 355 2422 transit:
378 2401 448 2433 sup.
471 2390 571 2432 Epist.
593 2390 615 2426 i,
636 2390 668 2426 6,
690 2392 722 2425 4,
741 2391 836 2421 Hunc

87 2433 189 2468 hum.
197 2438 228 2464 et
237 2433 353 2469 stellas,
363 2441 392 2464 et
404 2435 580 2465 decedentia
591 2435 680 2464 certis
693 2433 835 2473 Tempora

88 2477 255 2507 mentis.
300 2476 402 2511 Quum
431 2477 518 2508 semel
544 2478 672 2517 accepit,
701 2481 774 2507 cett.
803 2475 836 2506 in

89 2521 157 2550 toto
185 2517 246 2550 hoe
271 2529 364 2551 versu
394 2530 454 2550 vox
482 2518 617 2561 simplex
640 2519 839 2560 furibundus

204 2560 324 2593 tissime
361 2561 555 2605 amplificata
587 2567 655 2599 est3
694 2561 839 2592 similiter

89 2612 164 2646 ΜΡ.
181 2604 248 2635 Od.
271 2604 318 2643 iii,
334 2606 391 2642 29,
415 2606 468 2641 19,
488 2605 548 2635 Leo
567 2604 685 2636 dicitur
704 2615 840 2636 vesanus.

88 2647 236 2684 Aeaeum,
258 2656 383 2679 acrem:
414 2654 524 2679 acutus
545 2647 584 2679 de
607 2647 840 2679 vehementiore

87 2693 155 2720 tam
170 2689 276 2722 calore
298 2700 395 2732 quam
420 2691 556 2732 frigore3
578 2701 650 2732 sup.
674 2689 739 2721 Od.
763 2689 784 2727 i,
807 2692 839 2728 9,

90 2731 123 2769 4,
136 2732 211 2775 gelu
231 2739 358 2764 acutum
369 2745 381 2772 ,·
405 2739 442 2764 ut
460 2745 551 2765 urere
572 2733 611 2765 de
629 2733 734 2764 calore
750 2743 841 2775 aeque

90 2783 131 2806 ac
145 2774 186 2807 de
200 2774 327 2816 frigore.

138 2818 191 2850 18.
223 2817 387 2860 Depellat:
415 2817 461 2849 sic
492 2818 525 2849 in
557 2818 703 2861 plurimis
734 2818 840 2850 Codd.

91 2859 178 2903 npud
198 2860 298 2893 Fenm
317 2861 454 2904 legitur3
477 2861 511 2892 in
530 2861 720 2903 quibusdam
741 2863 840 2893 divel-

93 2902 153 2940 let,
167 2903 224 2935 sed
240 2903 301 2936 hoc
319 2905 359 2936 de
373 2914 484 2936 somno
505 2904 717 2936 insolentius:
743 2907 843 2936 minus

92 2945 238 2986 depellet.
271 2947 382 2990 pellat,
414 2947 516 2990 fuget,
550 2946 668 2988 abigat.
730 2947 843 2979 Invida

877 1447 1006 1479 ratiores
1028 1448 1078 1480 vel
1098 1447 1225 1480 ditiores
1252 1447 1372 1480 vident.
1418 1449 1490 1480 Hoc
1517 1446 1626 1490 praeci-

879 1501 940 1533 pue
956 1491 990 1522 fit
1006 1491 1038 1522 in
1054 1492 1143 1523 urbe.

925 1535 975 1565 19.
998 1535 1141 1566 Deterius
1159 1535 1282 1576 Libycis
1297 1536 1355 1566 olet
1372 1541 1427 1565 aut
1443 1535 1522 1565 nitet
1537 1534 1628 1564 herba

881 1578 1019 1617 lapillis?
1049 1589 1126 1609 num
1158 1578 1234 1609 odor
1263 1583 1320 1609 aut
1345 1577 1428 1608 nitor
1454 1577 1566 1607 florum
1592 1577 1626 1607 in

875 1619 959 1660 agris
988 1621 1228 1663 postponendus
1257 1627 1307 1652 est
1335 1619 1431 1651 nitori
1461 1619 1627 1651 marmoris

877 1662 1065 1694 Numidici?
1090 1664 1248 1705 Respexit
1270 1662 1422 1694 Horatius
1445 1662 1626 1705 pavimenta

876 1705 997 1747 lapillis
1010 1706 1192 1737 marmoreis
1204 1705 1356 1736 distincta
1371 1704 1542 1747 (Mosaik).

920 1749 974 1780 20.
999 1748 1035 1779 In
1051 1751 1137 1785 vicis,
1155 1759 1220 1791 pro,
1236 1748 1270 1778 in
1286 1749 1376 1779 urbe.
1417 1748 1525 1778 Tendit
1542 1759 1627 1778 rum-

876 1801 946 1831 pere
954 1792 1111 1831 plumbum
1125 1803 1132 1821 :
1159 1802 1213 1833 per
1225 1792 1324 1822 tendit
1337 1790 1468 1833 pulchre
1481 1790 1628 1832 exprimi-

879 1839 932 1864 tur
954 1834 1075 1865 intenta
1098 1835 1191 1876 quasi
1212 1834 1270 1870 vis,
1289 1845 1354 1876 qua
1377 1844 1461 1875 aqua
1479 1844 1628 1865 nonnun-

881 1887 977 1918 quam
994 1877 1116 1908 fistulas
1132 1878 1310 1920 plumbeas,
1327 1877 1444 1918 quibus
1466 1876 1499 1907 in
1518 1877 1627 1908 urbem

880 1919 1063 1958 deducitur,
1079 1921 1215 1962 rumpit;
1238 1920 1283 1951 sic
1301 1930 1372 1961 sup.
1389 1920 1410 1957 i,
1424 1920 1456 1955 7,
1474 1920 1528 1955 31,
1546 1919 1627 1951 nite-

879 1962 969 1999 dula,
987 1963 1100 1994 frustra
1119 1963 1213 2006 pleno
1234 1973 1362 2004 corpore
1380 1972 1398 1993 e
1420 1972 1548 1994 cumera
1564 1963 1628 1993 fru-

879 2006 977 2036 menti
991 2017 1154 2049 prorepere
1171 2006 1329 2042 annitens,
1346 2006 1469 2036 tendere
1474 2006 1567 2047 foras
1585 2008 1628 2036 ire

879 2049 1006 2079 dicitur.

924 2093 978 2122 21.
1004 2091 1149 2131 Trepidat
1166 2090 1389 2133 (κελαρύζει),
1401 2090 1551 2128 decurrit,
1567 2091 1629 2123 fes-

881 2133 973 2170 tinat,
998 2139 1034 2165 ut
1058 2145 1128 2176 sup.
1153 2134 1219 2166 Od.
1246 2134 1280 2170 ii,
1306 2136 1337 2171 4,
1365 2135 1420 2170 23,
1446 2139 1478 2165 et
1502 2134 1548 2171 iii,
1574 2135 1629 2172 27,

923 2221 1066 2251 22-25,
1084 2219 1196 2259 Nempe
1206 2220 1289 2250 inter
1300 2221 1413 2256 varias,
1424 2225 1502 2251 cett.
1539 2220 1630 2251 Nex-

881 2272 918 2293 us
931 2269 962 2294 et
978 2273 1107 2294 sensus:
1133 2267 1198 2292 arte
1214 2262 1356 2304 quidem,
1369 2263 1469 2305 quiin
1487 2263 1565 2294 urbe
1582 2264 1629 2294 vi·

880 2312 971 2341 vuut,
987 2315 1096 2348 parare
1111 2304 1171 2335 sibi
1187 2305 1318 2337 student
1333 2306 1414 2337 ruris
1428 2307 1517 2337 dotes
1533 2311 1628 2348 atque

879 2359 1011 2380 munera
1025 2361 1033 2387 ς
1057 2349 1089 2379 in
1106 2347 1254 2379 domibus
1270 2359 1383 2391 nempe
1400 2359 1528 2380 nemora
1549 2349 1630 2380 inter

880 2392 1047 2423 columnas
1082 2391 1205 2423 consita
1243 2392 1398 2429 nutriunt,
1433 2392 1630 2434 laudantque

878 2444 950 2466 eam
975 2434 1105 2466 domum
1134 2434 1220 2465 uude
1242 2434 1274 2465 in
1299 2435 1410 2477 procul
1435 2435 1513 2466 sitos
1539 2445 1631 2478 agros

881 2477 1018 2519 prospici
1044 2483 1166 2519 potest;
1196 2477 1250 2508 sed
1275 2485 1399 2515 natura,
1422 2489 1519 2520 quam
1543 2489 1628 2510 nunc

882 2520 1068 2552 contemtim
1088 2520 1256 2562 repellunt,
1277 2521 1404 2556 redibit,
1421 2527 1452 2552 et
1472 2521 1628 2563 (furtim)

882 2563 1009 2594 occulta
1025 2563 1055 2594 vi
1071 2563 1157 2594 mala
1170 2563 1318 2595 ditiorum
1333 2564 1406 2595 vitae
1424 2565 1549 2595 rusticae
1567 2565 1629 2596 fas-

883 2605 963 2636 tidia
986 2606 1106 2637 ‚vincet
1143 2605 1342 2649 fugabitque.
1408 2607 1495 2638 Inter
1529 2610 1632 2639 varias

882 2650 959 2680 silva
969 2650 1139 2680 columnas:
1159 2649 1320 2681 habebant
1329 2650 1456 2681 ditiores
1468 2650 1500 2681 iu
1515 2650 1630 2682 aedium

883 2691 1037 2734 impluvio
1048 2692 1142 2734 juxta
1159 2691 1301 2734 porticus
1320 2695 1441 2735 (varias
1459 2694 1631 2734 columnas)

884 2734 1043 2770 viridaria,
1060 2745 1131 2777 quae
1147 2734 1187 2766 ad
1203 2745 1268 2766 rem
1284 2735 1462 2778 augendam
1481 2742 1634 2768 vocantur

884 2778 966 2808 siluae
988 2778 1038 2809 vel
1061 2789 1194 2814 nemora,
1215 2785 1250 2809 ut
1272 2789 1344 2821 sup.
1370 2779 1434 2811 Od.
1458 2778 1504 2817 iii,
1526 2781 1577 2815 10,
1599 2781 1630 2817 5,

886 2831 988 2851 nemus
1010 2821 1097 2852 Inter
1112 2822 1241 2861 pulchra
1265 2828 1364 2853 satum,
1389 2829 1480 2858 recta,
1497 2827 1530 2854 et
1548 2822 1632 2864 apud

884 2863 1006 2894 Tibull.
1027 2863 1073 2900 iii,
1098 2865 1130 2901 3,
1158 2866 1210 2900 15,
1232 2865 1272 2896 Et
1298 2876 1418 2896 nemora
1441 2867 1475 2895 in
1498 2867 1633 2896 domibus

886 2917 983 2938 sacros
1011 2909 1167 2938 imitantia
1197 2909 1301 2939 lucos?
1331 2907 1385 2938 ubi
1410 2908 1480 2939 vide
1503 2918 1574 2949 quae
1599 2907 1632 2937 in

887 2949 971 2981 hanc
987 2960 1051 2981 rem
1067 2950 1244 2982 observavit
1261 2951 1418 2991 Heyuius.
1461 2950 1578 2986 Varias,
1593 2959 1633 2980 ex

93 2997 182 3027 cura,
205 2998 270 3030 qua
291 2989 475 3022 crucientur
497 2990 555 3032 qui
572 2990 653 3021 alios
678 2990 725 3022 vel
747 2991 844 3022 hono·
877 3002 1043 3065 hmarmore
1065 2993 1250 3025 versicolore
1269 2999 1446 3025 exstructas
1458 3004 1466 3031 3
1490 2992 1534 3023 sic
1555 2991 1635 3035 lapi-

838 3045 860 3065 n
