1884 3288
658 193 883 237 LIBER
915 193 976 245 II,
1007 195 1078 236 20.

1562 190 1642 233 119

379 299 479 341 Jam
500 300 592 355 jam
613 296 813 340 residunt
834 298 1036 340 cruribus
1057 312 1226 353 asperae

299 367 352 408 10
381 366 525 409 Pelles
544 383 554 407 ε
587 372 631 408 et
651 363 798 410 album
819 372 963 406 mutor
982 366 1027 406 in
1047 364 1193 407 alitem

433 434 635 489 Superna
652 449 661 474 :
694 439 1022 488 nascunturque
1042 432 1159 474 leves

491 501 579 543 Per
601 500 760 556 digitos
781 500 1076 555 humerosque
1097 498 1267 555 plumae.

378 568 479 611 Jam
499 567 712 610 Daedaleo
735 568 854 610 ocior
877 567 1002 609 Icaro

375 636 529 679 Visam
549 636 760 692 gementis
782 635 911 677 litora
932 635 1138 690 Bospori,

293 704 346 745 15

434 703 674 760 Syrtesque
696 703 898 745 Gaetulas
920 717 1107 744 canorus

490 769 598 813 Ales
621 771 1027 827 Hyperboreosque
1050 785 1241 825 campos.

378 838 456 881 Me
478 839 685 889 Colchus,
708 845 752 881 et
773 840 850 895 qui
871 838 1114 880 dissimulat
1135 847 1297 881 metum

378 906 544 949 Marsae
565 906 757 949 cohortis
780 907 947 957 Dacus,
968 914 1012 948 et
1032 906 1171 948 ultimi

434 974 636 1017 Noscent
658 974 846 1016 Geloni:

491 1042 648 1085 Discet
670 1042 785 1093 Iber,
809 1042 1106 1097 Rhodanique
1128 1048 1270 1097 potor.

289 1044 349 1084 20

879 989 946 1015 me
968 974 1136 1029 peritus

375 1109 538 1153 Absint
558 1111 675 1153 inani
697 1111 848 1152 funere
870 1110 1036 1160 naenioe,

376 1178 634 1234 Luctusque
657 1185 810 1234 turpes
832 1185 877 1220 et
897 1179 1177 1233 querimoniae
1195 1195 1204 1219 :

433 1246 675 1301 Compesce
697 1245 942 1294 clamorem,
965 1261 1015 1288 ac
1037 1245 1227 1301 sepulcri

489 1314 622 1356 Mitte
645 1329 946 1370 supervacuos
960 1314 1162 1356 honores,

85 1446 144 1479 inf.
160 1446 208 1485 iii,
223 1447 277 1483 27.
289 1448 344 1479 65.
391 1447 462 1479 Non
478 1458 542 1490 ego,
555 1458 642 1489 quem
657 1459 754 1483 vocas,
774 1448 835 1478 Di-

85 1491 162 1522 lecte
187 1490 350 1526 Moecenas.
377 1492 479 1521 obibo.-
504 1501 568 1522 non
590 1501 660 1532 ego,
685 1496 720 1522 ut
743 1491 837 1522 homo

35 1541 41 1544 “
78 1533 242 1574 ,vulgarisj
270 1533 398 1576 qualem
428 1539 464 1565 tu
491 1544 542 1565 me
567 1544 654 1564 nunc
683 1534 837 1576 appellas,

77 1574 206 1609 „dilecte
214 1577 392 1614 Maecenas,
401 1583 433 1607 et
447 1576 552 1618 qualis
564 1576 622 1607 tibi
633 1587 703 1608 esse
719 1577 836 1612 videor,

85 1619 178 1651 morti
192 1629 246 1651 ero
259 1619 427 1651 obnoxius.
474 1619 538 1650 Nec
557 1619 667 1662 Stygia
682 1621 836 1651 cohibebor

87 1663 188 1698 unda,
209 1672 268 1694 nec
284 1672 304 1694 a
323 1663 421 1704 Styge
440 1672 491 1695 me
510 1662 674 1693 cohibebit
696 1663 836 1700 Charon,

85 1704 120 1736 h.
136 1714 166 1737 e.
183 1715 241 1737 nec
257 1715 296 1737 ex
313 1705 373 1737 hac
389 1711 470 1736 terra
485 1704 626 1746 migrabo
643 1705 683 1735 ad
699 1705 827 1736 inferos.

71 1760 78 1763 ·’
129 1748 250 1779 9—12.
272 1748 345 1779 Jam
358 1750 431 1789 jam
458 1750 596 1779 residunt
623 1750 765 1779 cruribus
789 1759 837 1778 as-

85 1801 166 1831 pera
190 1791 309 1822 Pelles.-
328 1790 397 1833 jam
421 1790 535 1833 incipit
557 1790 696 1833 corporis
719 1790 782 1821 mei
804 1790 837 1821 in

87 1843 224 1876 cycnum
235 1834 369 1865 mutatio
382 1844 391 1872 ;
406 1833 500 1876 pellis
511 1833 545 1863 fit
556 1843 677 1876 aspera,
690 1839 723 1865 et
731 1835 838 1864 residit

85 1878 243 1912 cruribus,
266 1876 302 1908 h.
332 1886 362 1908 e.
393 1876 600 1914 contrahitur,
629 1882 664 1907 ut
693 1876 838 1907 tenuiora

88 1924 215 1950 tantum
227 1929 319 1951 crura
329 1918 462 1951 ambiat.
508 1920 621 1950 Album
633 1920 748 1955 alitem,
760 1929 835 1961 cyc-

88 1972 187 2002 num3
208 1972 352 2003 superna,
374 1961 458 2004 quod
478 1962 519 1993 ad
541 1972 678 2003 superna
698 1962 837 2004 corporis

86 2005 239 2041 membra,
261 2005 303 2036 ad
331 2003 523 2048 superiorem
551 2004 690 2046 corporis
717 2011 837 2047 partem

88 2047 226 2086 astinem
259 2049 303 2080 τὰ
332 2049 417 2084 ἅνω,
445 2047 591 2079 ἄνωθεν.
637 2047 730 2078 Leues
759 2047 838 2079 refer

88 2089 130 2122 ad
149 2090 352 2133 splendidum
375 2091 551 2134 pennarum
574 2100 766 2132 cycnearum
789 2090 837 2121 ni-

87 2138 198 2166 torem.

134 2177 272 2209 13—16.
294 2177 433 2208 Sensus:
464 2175 533 2218 jam
562 2186 687 2208 summa
718 2175 835 2208 veloci-

39 2241 41 2243 -
86 2223 153 2252 tate
168 2219 203 2251 in
219 2220 310 2252 terris
324 2219 508 2261 longissime
532 2230 551 2250 a
573 2219 663 2251 nobis
682 2218 837 2251 distantes

86 2262 213 2295 volabo.
256 2263 328 2294 Jam
353 2263 497 2294 Doedaleo
519 2265 601 2293 ocim-
624 2263 726 2298 Icaro,
752 2262 785 2293 h.
808 2273 837 2294 e.

82 2303 152 2381 ‚Bm
169 2310 207 2338 ut
219 2315 313 2338 verus
328 2305 405 2342 ales.
421 2310 453 2337 et
468 2305 561 2342 veris,
580 2316 643 2337 non
658 2311 696 2337 ut
710 2306 834 2343 Icarus,

77 2379 98 2385 ,⁷
124 2347 219 2380 andeli
232 2348 326 2384 filius,
343 2347 453 2384 cereis,
466 2348 526 2379 alis
536 2348 723 2385 instructus,
737 2349 837 2380 multo

87 2390 244 2424 velociore
273 2391 392 2427 volatu,
420 2396 497 2423 cett.
543 2391 640 2429 Quod
669 2391 703 2422 in
728 2392 837 2423 multis

75 2433 161 2475 ‘aliis
175 2433 465 2477 comparationibus
487 2434 656 2466 tenendum
677 2440 735 2471 est,
750 2440 785 2465 ut
798 2445 837 2466 ex

38 2494 45 2502 =¹
88 2486 123 2511 re
136 2483 319 2520 comparata
333 2477 365 2508 id
381 2481 503 2508 tantum
524 2476 611 2519 quod
629 2477 725 2510 unice
745 2488 834 2520 spec«

23 2554 35 2563 ff
89 2524 192 2552 tntum
218 2525 268 2552 est
295 2519 475 2557 eliciamus,
500 2519 532 2550 id
558 2530 684 2562 quoque
713 2520 753 2552 de
776 2520 836 2552 hac

31 2590 50 2605 ,γ
88 2572 164 2596 eum
192 2563 286 2595 Icaro
314 2562 461 2594 instituta
485 2563 720 2605 comparatione
742 2563 839 2595 valet.

75 2605 223 2643 ⁴Scilicet
244 2606 408 2642 Horatius,
431 2611 469 2637 ut
489 2615 534 2643 se,
551 2606 584 2636 in
600 2616 708 2637 verum
731 2606 839 2638 alitem

20 2647 46 2685 .,.-”;
75 2658 290 2687 ῑςοιινεῐειιω,
309 2649 411 2680 multo
429 2648 571 2680 velocius
596 2649 690 2681 Icaro
713 2649 838 2680 volatu-

23 2693 46 2719 s*
89 2701 161 2725 trun
188 2701 259 2724 esse
280 2691 470 2727 ostenderet,
493 2691 560 2733 jam
585 2691 617 2723 in
639 2692 707 2730 illo,
730 2703 839 2724 secum

23 2731 46 2774 ἷῖΐ
75 2738 286 2778 'eomparatm
317 2745 382 2766 non
411 2740 476 2765 tam
509 2735 550 2765 ad
579 2734 737 2767 infelicem
770 2735 841 2777 ejus

34 2782 55 2817 ξε
77 2786 214 2814 Ἰεαιιιιιι,
227 2787 325 2820 quam
340 2777 380 2808 ad
394 2777 466 2808 e‘us
488 2776 556 2808 alas
577 2777 731 2814 facticias,
747 2778 842 2820 longe

77 2820 209 2854 ‹nativis
222 2826 402 2870 postponen
427 2830 472 2856 as,
489 2820 665 2862 respexisse
681 2821 841 2863 putandus

74 2869 154 2903 ¹„en-
197 2863 251 2895 Sic
286 2863 366 2895 mihi
401 2862 529 2905 quidem
566 2862 618 2894 hic
656 2863 746 2895 locus
784 2874 843 2896 nec

20 2894 49 2935 ’ἓῖ
78 2899 382 2950 ,ᾑρηὶιθιιὰοιιάυε,
419 2916 478 2938 nec
514 2905 733 2939 emendandus
770 2917 843 2939 cum

882 1447 1031 1480 Bentleio
1054 1454 1087 1480 et
1112 1448 1183 1479 aliis
1207 1457 1276 1479 esse
1300 1446 1435 1478 videtur.
1479 1446 1635 1477 Gementis

880 1491 959 1522 refer
988 1491 1028 1522 ad
1058 1491 1210 1526 sonitum,
1240 1501 1305 1532 quo
1330 1490 1447 1521 fluctus
1477 1488 1523 1520 ibi
1547 1489 1632 1520 fran-

881 1540 1012 1575 guntur,
1050 1534 1186 1574 Bospori,
1203 1533 1346 1574 intellige
1358 1532 1493 1575 Bospori
1504 1531 1634 1564 Thracii

882 1578 1024 1608 accolas:
1049 1578 1198 1612 Gaetulas‚
1217 1577 1376 1618 Libycas;
1394 1576 1532 1607 Gaetulia
1546 1575 1633 1606 enim

880 1630 952 1661 pars
987 1620 1144 1651 interioris
1186 1619 1305 1661 Libyae.
1365 1619 1633 1660 Hyperboreosque

880 1674 1007 1703 campos,
1047 1669 1203 1694 extremas
1241 1662 1493 1704 Septentrionem
1524 1671 1632 1692 versus

881 1711 997 1737 terras:
1023 1706 1067 1737 cf.
1087 1705 1174 1737 Plin.
1190 1705 1232 1741 iv,
1252 1706 1304 1736 12.

929 1749 1067 1779 17—20.
1093 1749 1202 1779 Marsae
1226 1749 1366 1778 cohortis.
1410 1746 1513 1777 Marsi
1531 1746 1629 1783 enim,

881 1801 955 1822 cum
979 1791 1156 1822 fortissimis
1181 1790 1320 1822 Romani
1344 1789 1501 1820 exercitus
1522 1789 1633 1820 militi-

882 1834 942 1864 bus
971 1834 1265 1870 adnumerarentur,
1295 1832 1346 1864 vel
1376 1832 1515 1863 maxime
1549 1831 1632 1863 hosti

882 1877 1013 1908 timendi
1043 1877 1181 1907 fuerunt.
1208 1877 1350 1907 *Daca-5.-
1383 1875 1427 1906 cf.
1448 1885 1519 1917 sup.
1542 1875 1582 1906 ad
1606 1875 1630 1912 i,

882 1921 936 1956 35,
957 1922 988 1957 9.
1007 1920 1061 1951 ubi
1077 1930 1164 1958 asper
1178 1918 1306 1950 dicitur.
1352 1918 1480 1949 Geloni.-
1503 1917 1546 1949 cf.
1558 1928 1630 1961 sup.

881 1963 921 1993 ad
950 1963 984 2001 ii,
1014 1963 1047 1998 9,
1080 1964 1135 1993 23.
1180 1962 1262 1997 Iber,
1291 1960 1466 2002 Hispanus,
1493 1970 1512 1991 a
1534 1961 1631 1992 fluvio

882 2006 987 2037 Ibero'.
1035 2006 1172 2041 Perirus,
1188 2015 1234 2035 sc.
1252 2004 1424 2039 literarum,
1443 2003 1475 2034 in
1494 2013 1631 2045 quarum

882 2049 987 2079 studio
1033 2048 1197 2079 Romanos
1236 2047 1441 2077 imitabantur
1481 2046 1630 2088 Hispani.

883 2092 1000 2126 Discet,
1016 2091 1164 2122 cantibus
1180 2089 1260 2122 meis
1279 2095 1419 2120 attentas
1439 2099 1531 2120 aures
1549 2100 1630 2132 prae-

879 2134 979 2166 bebit.
1026 2134 1169 2165 Rhodani
1191 2139 1289 2174 potor,
1310 2132 1448 2169 Gallus;
1473 2142 1546 2163 narn
1570 2134 1629 2164 flu-

881 2177 1000 2209 viorum
1026 2177 1145 2209 accolae
1169 2176 1214 2206 ita
1236 2186 1255 2207 a
1278 2175 1377 2218 poetis
1398 2174 1558 2216 designari
1582 2187 1633 2207 so-

881 2220 959 2255 lent,
977 2226 1013 2251 ut
1027 2230 1066 2252 ex
1082 2219 1122 2250 iis
1137 2219 1243 2250 bibere
1262 2219 1429 2250 dicantur:
1455 2219 1497 2249 cf,
1515 2218 1572 2250 inf.
1587 2219 1630 2258 iv,

883 2265 935 2299 15,
953 2265 1008 2295 21.

922 2307 1064 2337 21—24.
1101 2306 1209 2337 Absint
1240 2307 1328 2336 inani
1355 2304 1476 2346 funere
1514 2308 1629 2344 naeniae,

881 2355 956 2382 cett.
983 2350 1024 2380 ad
1051 2349 1134 2380 illud
1158 2349 1256 2381 Ennii
1278 2347 1363 2391 apud
1389 2347 1460 2379 Cic.
1487 2348 1586 2380 Tusc.
1609 2349 1631 2387 i,

884 2394 936 2429 15,
952 2392 1046 2424 Nemo
1061 2404 1106 2424 me
1123 2393 1256 2424 lacrimis
1266 2393 1394 2427 decoret,
1407 2391 1631 2433 nequesunera

871 2437 958 2478 fletu
987 2436 1100 2467 Fazit:
1139 2437 1218 2467 cur?
1256 2436 1347 2466 volito
1383 2435 1466 2465 νήπι’
1496 2445 1551 2474 per
1577 2447 1632 2466 ora

880 2480 996 2510 virum.
1042 2479 1163 2510 Funere
1185 2479 1286 2513 inani,
1302 2477 1358 2508 ubi
1377 2487 1492 2519 corpus
1506 2477 1538 2508 in
1554 2488 1629 2520 cyc-

882 2532 960 2553 num
982 2527 1140 2553 mutatum
1163 2531 1227 2551 non
1246 2520 1372 2563 sepeliri
1390 2526 1504 2562 potest.
1551 2521 1632 2552 Tur-

881 2576 941 2605 pes,
959 2565 1084 2596 vultum
1099 2565 1322 2606 deturpantes:
1348 2563 1447 2595 Ovid.
1466 2563 1537 2595 Art.
1555 2564 1632 2596 Am.

883 2608 905 2644 i,
935 2609 1012 2643 535,
1037 2609 1070 2643 4,
1097 2608 1438 2649 Clamabat‚flebatque
1458 2608 1561 2645 simul,
1582 2609 1632 2639 sed

883 2657 1049 2692 utrumque
1068 2652 1190 2682 decebat
1202 2661 1213 2688 ,·
1240 2650 1305 2682 Nec
1318 2650 1412 2692 facta
1435 2657 1477 2681 est
1499 2651 1635 2682 lacrimis

886 2696 1008 2734 turpior
1030 2695 1086 2725 itta
1102 2695 1178 2725 suis.
1224 2693 1366 2733 Sepulcri
1386 2694 1473 2724 mitte
1490 2704 1635 2734 superva-

884 2748 954 2767 cuos
969 2738 1120 2768 'honm-es:
1146 2735 1212 2767 noli
1235 2735 1374 2777 cogitare
1391 2736 1431 2767 de
1455 2736 1578 2767 tumulo
1601 2735 1635 2768 in

886 2779 1036 2812 honorem
1054 2790 1159 2811 meum
1175 2779 1376 2814 exstruendo.
1390 2789 1461 2811 cum
1475 2779 1636 2820 ille-‚quod

885 2832 1002 2871 corpus
1020 2833 1124 2855 meum
1146 2827 1250 2864 tegere
1277 2822 1398 2864 nequit,
1418 2832 1635 2864 supervacuus

887 2871 940 2897 sit.
