1884 3288
298 186 384 227 236

859 183 1255 226 CA'RMINUM

582 286 685 333 Quo
706 285 817 340 fugit
839 285 1017 342 Venus?
1048 285 1134 326 heu
1153 288 1163 327 l
1195 299 1334 340 quove
1355 284 1504 326 color?
1533 285 1691 327 decens

586 352 688 399 Quo
709 360 848 393 motus
867 354 884 393 2
914 352 1034 399 Quid
1054 352 1189 393 habes
1210 351 1337 401 illius,
1358 349 1486 400 illius,

645 419 757 465 Quae
779 419 969 472 spirabat
989 417 1186 467 Amores,

501 486 557 526 ,⁶20

699 485 811 532 Quae
832 500 897 526 me
919 491 1146 538 surpuerat
1165 484 1282 532 mihi,

590 552 711 593 Felix
733 558 832 606 post
855 551 1052 592 Cinaram
1072 558 1258 604 notaque
1279 557 1322 592 et
1341 549 1495 590 artium

589 618 822 659 Gratarum
843 617 1002 658 facies?
1035 617 1123 657 Sed
1146 617 1315 657 Cinarae
1335 617 1486 657 breves

648 684 799 725 Annos
819 683 907 724 sata
928 683 1157 732 dederunt,

699 750 932 791 Servatum
954 750 1030 790 diu
1050 764 1199 803 parem

505 818 561 857 ,⁶25
591 817 784 858 Cornicis
809 815 960 857 vetulae
980 817 1244 870 temporibus
1267 815 1442 868 Lycen:

588 883 774 924 Possent
795 890 842 923 ut
857 883 1037 937 juvenes
1059 883 1196 924 visere
1218 882 1384 932 fervidi,

648 949 792 990 Multo
813 965 898 991 non
919 950 1009 990 sine
1031 950 1134 998 risu,

706 1015 930 1070 Dilapsam
951 1016 995 1055 in
1015 1016 1179 1056 cineres
1202 1014 1350 1055 facem.

310 1125 375 1155 lare
399 1123 516 1154 studes.
560 1124 599 1153 In
622 1123 809 1154 sententiam
833 1123 885 1155 Cl.
909 1123 1044 1154 Mitsch.

310 1171 471 1208 comparat
490 1166 548 1206 Ep.
570 1165 702 1196 Lucian.
721 1166 762 1202 vi,
786 1167 799 1195 l
821 1175 891 1207 sqq.
910 1166 1044 1196 Anthol.

312 1208 416 1239 Graec.
434 1208 471 1238 T.
489 1207 587 1249 iii..p.
606 1208 659 1237 22.
703 1207 853 1248 Ejusdem
873 1207 1046 1248 argumenti

312 1251 372 1291 Ep.
386 1249 543 1290 Antiphili
562 1260 599 1280 ex
620 1249 808 1280 membranis
825 1248 959 1290 primum
976 1260 1045 1292 pro-

312 1291 385 1322 tulit
410 1291 559 1322 Amiciss.
591 1286 721 1322 Jacobs.
750 1291 782 1322 in
810 1291 982 1323 Animadv.
1008 1291 1048 1322 ad

312 1333 444 1364 Anthol.
465 1334 568 1364 Graec.
588 1333 647 1364 vol.
664 1333 697 1370 ii,
715 1344 746 1375 p.
764 1333 797 1368 ii,
815 1344 846 1374 p.
863 1334 939 1363 412.
986 1334 1049 1364 Coae

310 1386 468 1416 pnrpurae,
506 1381 607 1406 vestes
645 1375 719 1406 Coae
756 1385 893 1417 purpura
928 1374 1046 1406 tinctae.

315 1419 414 1448 Erant
442 1422 546 1447 autem
575 1422 675 1448 vestes
705 1417 779 1448 Coae
813 1416 961 1448 tenuitate
990 1428 1048 1448 sua

314 1459 470 1501 praecipue
487 1460 518 1490 in
538 1459 712 1501 puellarum
731 1459 819 1490 cultu
839 1459 1049 1501 spectabiles;

314 1501 388 1532 hinc
408 1500 553 1532 Tibullus
569 1501 602 1537 ii,
622 1502 655 1535 3,
673 1502 725 1537 53,
742 1501 781 1532 de
801 1501 940 1536 Nemesi,
955 1512 1050 1542 quam

315 1543 439 1574 luxuria
461 1544 554 1574 fluere
577 1543 674 1584 cupit,
698 1543 760 1574 Illa
781 1550 868 1583 gerat
894 1551 984 1574 vestes
1009 1550 1050 1574 te-

315 1596 400 1623 nues,
428 1596 500 1624 quas
521 1587 643 1626 semina
677 1585 736 1615 Coa
773 1586 892 1620 Texuit,
924 1593 1050 1615 auratas

316 1629 518 1667 disposuitque
536 1630 609 1658 vias.
653 1626 756 1657 Dictae
774 1634 848 1657 sunt
871 1627 947 1662 cose,
967 1627 1051 1668 quod

318 1671 372 1700 Cos
387 1669 435 1699 vel
457 1671 539 1703 Coos,
554 1668 648 1698 maris
668 1668 773 1708 AEgaei
792 1668 907 1704 insula,
921 1669 1014 1699 bomb
1039 1687 1050 1692 -

317 1721 401 1747 cum,
420 1721 437 1741 e
459 1721 590 1751 quorum
613 1710 795 1741 tenuissima
818 1710 967 1751 lanugine
989 1680 1053 1741 ili'ae

317 1752 573 1788 conficiebantur,
596 1758 695 1783 mater
717 1752 794 1782 fuit:
820 1751 884 1782 vid.
907 1752 993 1783 Plin.
1012 1752 1054 1790 xi,

319 1796 374 1831 23,
398 1797 412 1834 §
439 1795 492 1831 27,
515 1794 557 1830 vi,
581 1795 635 1831 27,
661 1796 676 1835 §
698 1795 752 1831 20,
776 1799 806 1824 et
831 1794 875 1824 ibi
899 1794 1055 1826 Harduin.

322 1837 410 1867 Clari
445 1838 570 1875 lapides,
606 1836 749 1872 uniones.
786 1836 979 1876 margaritae:
1014 1837 1056 1867 cf.

320 1890 391 1921 sup.
414 1879 455 1908 ad
476 1878 521 1913 iii,
541 1879 595 1913 24,
617 1880 668 1909 48.
714 1879 866 1917 Tempora,
887 1891 950 1919 quae
969 1881 1056 1910 semel

322 1921 411 1951 Notis
428 1920 657 1961 conditajizstis
675 1920 804 1950 Inclusa
825 1922 955 1951 volucris
970 1922 1055 1957 Dies,

322 1962 356 1993 h.
379 1972 407 1993 e.
426 1967 575 2003 tempora,
595 1972 666 2001 quae
685 1962 792 1999 semel,
811 1968 978 2004 postquam
1000 1974 1053 1993 vo-

320 2003 401 2035 lucri
416 2003 534 2034 dierum
550 2013 642 2034 cursu
661 2003 885 2045 praeterierunt,
902 2010 938 2035 ut
956 2010 1054 2035 trans-

323 2051 394 2077 acta
417 2045 449 2076 in
468 2045 555 2076 fastis
578 2052 682 2076 notata
706 2051 737 2076 et
758 2046 913 2077 memoriae
936 2047 1057 2088 prodita

322 2094 415 2125 sunt;
440 2094 546 2118 ornate
567 2098 620 2128 pro
638 2087 770 2128 vulgari,
786 2087 960 2128 juvenilem
982 2095 1055 2120 aeta-

324 2135 386 2161 tem
402 2130 496 2160 semel
513 2135 713 2160 transactam.
757 2130 866 2167 Fastis,
883 2130 1009 2166 tabulis,
1027 2131 1059 2162 in

325 2171 441 2213 quibus
460 2171 614 2212 cujusque
636 2172 709 2202 anni
731 2171 797 2202 dies
820 2172 958 2213 adeoque
981 2183 1060 2214 prae-

323 2213 404 2245 teriti
434 2224 560 2254 quoque
588 2213 655 2244 dies
684 2213 859 2254 consignati
890 2221 980 2244 sunt:
1013 2214 1059 2245 di-

326 2261 440 2286 cuntur
468 2257 542 2291 noti,
569 2255 643 2296 quia
674 2257 713 2286 ob
742 2255 901 2295 vulgarem
930 2256 968 2286 ad
995 2256 1061 2287 dies

322 2297 395 2328 vitae
412 2297 483 2328 inde
499 2299 730 2339 cognoscendos
750 2307 838 2328 usum
853 2297 966 2338 cuique
984 2298 1059 2329 satis

324 2346 390 2371 not1
404 2345 501 2371 eraut.

371 2383 506 2413 17—21.
533 2382 597 2416 Quo
610 2380 705 2422 sugit
738 2381 856 2412 Venus?
886 2386 959 2412 cett.
988 2392 1059 2412 cum

326 2423 456 2455 Horatio
493 2423 654 2454 contendit
690 2423 742 2454 Cl.
781 2423 911 2454 Mitsch.
950 2424 1059 2455 Rufin.

327 2467 388 2508 Ep.
420 2465 538 2501 xxxvii,
574 2467 602 2502 l,
627 2467 663 2496 T.
687 2464 731 2500 iii,
759 2477 789 2507 p.
815 2467 886 2502 107,
912 2468 984 2496 Ποῦ
1008 2478 1060 2497 σοι

324 2511 430 2544 κεῖνα,
448 2507 610 2545 Μέλισσα,
627 2509 668 2539 τὰ
684 2507 811 2549 χρὺσεα
827 2509 881 2539 καὶ
893 2509 1059 2550 περίοπτα

326 2553 393 2589 Τῆς
410 2549 692 2592 πολυθρυλλὴτου
710 2549 836 2581 κάλλεα
852 2551 1060 2591 φαντασίης;

326 2599 401 2624 cett.
449 2593 558 2628 Venus,
577 2591 720 2622 amabilis
736 2592 844 2632 gratia.
890 2593 988 2628 Color.
1004 2594 1063 2624 sci·

328 2635 402 2666 licet
423 2644 550 2665 roseus:
578 2634 620 2665 cf.
649 2645 720 2676 sup.
747 2635 854 2665 Carni.
884 2634 925 2671 iv,
954 2636 1003 2670 10,
1030 2638 1062 2666 4.

329 2678 442 2708 Decem
464 2688 519 2716 quo
542 2678 657 2707 motus?
681 2676 819 2716 intellige
839 2676 973 2718 corporis
996 2687 1064 2717 ges-

327 2725 389 2756 tus,
420 2718 535 2760 quibus
573 2719 708 2749 multum
743 2718 863 2748 decoris
896 2725 927 2749 et
960 2719 1067 2759 gratiae

327 2762 421 2792 inest.
464 2760 630 2801 Ejusmodi
654 2759 686 2790 in
709 2759 843 2801 corporis
862 2766 947 2791 rnotu
971 2767 1001 2791 et
1020 2761 1066 2792 in-

326 2814 418 2834 cessu
441 2802 618 2834 decentiam
640 2808 670 2834 et
691 2801 892 2844 εὐπρέπειαν
917 2803 1066 2844 Sulpiciae

327 2845 436 2877 tribuit
463 2844 583 2876 Tibull.
606 2844 648 2880 lv,
674 2845 706 2880 2,
730 2846 761 2879 8,
786 2845 890 2879 Illam,
917 2847 1064 2886 quidquid

327 2889 406 2929 agit,
422 2898 535 2928 quoquo
554 2889 678 2929 vestigia
695 2888 798 2922 mouit,
818 2887 971 2926 Componit
983 2889 1063 2929 fur-

329 2933 383 2962 tim
419 2930 663 2971 aubsequitmque
701 2930 799 2960 decor.
859 2929 940 2964 Quid
980 2931 1064 2962 habes

1087 1125 1184 1159 illius,
1209 1124 1294 1153 illius
1317 1127 1390 1154 cett.
1414 1130 1546 1153 sensus:
1568 1120 1645 1162 quid
1665 1119 1820 1161 reliquum

1088 1165 1145 1195 tibi
1167 1170 1215 1196 est
1241 1163 1467 1196 venustissimae
1490 1162 1576 1193 illius
1601 1161 1729 1205 speciei,
1750 1171 1822 1202 quae

1090 1207 1217 1247 cuique,
1240 1206 1295 1248 qui
1317 1206 1349 1237 in
1372 1205 1442 1252 ejus
1462 1209 1663 1246 conspectum
1685 1208 1822 1239 venerat,

1089 1259 1225 1280 amorem
1254 1248 1359 1279 statim
1388 1246 1580 1289 inspirabat3
1613 1257 1685 1288 quae
1717 1255 1822 1277 meum

1090 1301 1215 1332 quoque
1234 1289 1310 1320 mihi
1329 1290 1484 1331 eripuerat
1503 1287 1662 1326 animum3
1684 1293 1717 1319 et
1737 1297 1821 1328 quae,

1091 1333 1117 1363 si
1137 1343 1154 1363 a
1175 1333 1292 1363 Cinara
1309 1331 1500 1369 discesseris,
1519 1329 1681 1372 praeclara,
1698 1328 1825 1365 nobilis,

1088 1379 1120 1405 et
1145 1374 1300 1410 omnibus,
1329 1385 1400 1415 quae
1428 1374 1556 1415 placent
1587 1371 1620 1403 in
1649 1370 1762 1414 puellis
1792 1375 1825 1402 et

1089 1416 1262 1452 deleniunt,
1286 1416 1437 1446 instructa
1462 1421 1493 1446 et
1519 1419 1628 1446 ornata
1650 1413 1732 1444 fuit?
1756 1413 1825 1452 Spi-

1092 1461 1178 1489 rabat
1210 1460 1342 1494 Amores,
1371 1467 1426 1499 pro
1458 1456 1592 1497 vulgari,
1621 1455 1662 1486 ad
1689 1464 1824 1486 amorem

1094 1500 1272 1542 pelliciebat
1284 1513 1293 1539 ;
1327 1498 1513 1530 suavissima
1546 1507 1659 1540 nempe
1690 1496 1827 1537 imagine

1095 1543 1196 1583 Lyces
1212 1542 1310 1572 forma
1324 1550 1456 1577 amoreS,
1473 1539 1528 1582 qui
1545 1539 1577 1570 in
1587 1539 1739 1582 juvenum
1753 1548 1825 1580 pec-

1092 1590 1160 1614 tora
1181 1583 1420 1619 descenderunt,
1443 1581 1614 1624 exspirasse
1635 1587 1668 1612 et
1686 1579 1827 1612 emisisse

1094 1626 1231 1666 fingitur.
1275 1627 1327 1657 Sic
1350 1625 1412 1656 sere
1435 1624 1549 1657 πνέειν
1569 1628 1602 1654 et
1623 1621 1827 1665 προσπνέειν

1089 1666 1243 1709 ’Ἔρωτας
1253 1667 1335 1709 apud
1348 1668 1496 1698 Graecos:
1517 1665 1581 1696 vid.
1591 1665 1721 1697 Mitsch.
1754 1665 1828 1699 Quae

1096 1721 1139 1740 me
1165 1716 1327 1750 surpuerat
1350 1710 1444 1740 mihi:
1468 1707 1588 1740 Catull.
1610 1706 1644 1743 li,
1668 1709 1700 1743 5,
1724 1708 1829 1737 misero

1096 1754 1172 1792 quod
1187 1763 1283 1782 omnes
1305 1752 1408 1791 Eripit
1430 1761 1529 1783 sensus
1545 1751 1637 1781 mihi:
1660 1747 1774 1780 similia
1789 1759 1829 1780 ex

1098 1794 1197 1835 poetis
1221 1793 1338 1825 Graecis
1362 1793 1494 1824 adduxit
1519 1792 1573 1824 (31.
1599 1790 1731 1822 Mitsch.
1760 1791 1829 1822 Ho-

1098 1836 1210 1867 ratium
1238 1836 1378 1866 imitatus
1405 1841 1452 1867 est
1477 1839 1587 1866 auctor
1621 1833 1682 1875 Ep.
1715 1832 1830 1870 cclxvi,

1099 1878 1153 1909 lib.
1172 1878 1218 1914 iii,
1234 1878 1366 1909 Anthol.
1387 1877 1492 1909 Latin.
1511 1877 1687 1908 Burmann.
1704 1875 1743 1906 Τ.
1762 1874 1784 1911 i,
1799 1885 1832 1917 p.

1099 1921 1174 1956 687,
1198 1921 1246 1951 Ne
1267 1921 1341 1950 mihi
1362 1921 1517 1959 suwipuit
1537 1919 1691 1950 contraria
1702 1917 1832 1959 flamma

1096 1973 1239 1998 sororum,
1260 1963 1398 1993 Pulchra
1422 1962 1506 1992 Theis
1523 1962 1628 1996 oculis,
1646 1970 1696 1991 ore
1717 1960 1832 2002 nigella

1099 2005 1208 2035 Melas.
1240 2006 1362 2035 Artium
1376 2012 1555 2045 gratarum.-
1575 2002 1669 2034 variae
1681 2007 1754 2032 sunt
1767 2001 1832 2032 illae

1099 2052 1178 2077 artes
1200 2051 1231 2078 et
1249 2046 1475 2077 lenociniorum
1497 2055 1621 2087 genera,
1639 2043 1752 2085 quibus
1774 2054 1832 2085 pu·

1101 2089 1172 2120 ellae
1203 2089 1332 2130 gratiam
1360 2089 1518 2129 quandam
1539 2087 1645 2118 sonnae
1669 2096 1735 2117 suae
1757 2095 1832 2116 con-

1103 2131 1207 2161 ciliare
1236 2131 1382 2168 student;
1410 2131 1478 2172 ipsa
1507 2139 1612 2162 earum
1643 2129 1835 2168 protervitas,

1103 2183 1173 2214 sup.
1192 2173 1212 2210 i,
1238 2174 1286 2208 19,
1306 2174 1337 2208 7,
1355 2179 1450 2213 gruta
1471 2182 1537 2203 esse
1555 2176 1587 2202 et
1604 2181 1694 2202 urere
1711 2168 1836 2201 dicitur.

1107 2215 1271 2245 Cinaram.-
1295 2214 1358 2246 vid.
1371 2225 1439 2255 sup.
1454 2213 1495 2249 iv,
1514 2215 1542 2251 1,
1559 2214 1589 2244 4.
1633 2213 1743 2243 Parem
1761 2212 1833 2242 Cor-

1103 2258 1179 2287 nicis
1197 2257 1302 2287 vetulae
1323 2257 1514 2295 temporibus,
1532 2264 1703 2296 aequaevam
1721 2254 1836 2294 grand-

1102 2309 1188 2335 aevae,
1210 2309 1236 2329 s.
1256 2309 1371 2329 annosae
1390 2300 1444 2339 (ut
1461 2308 1530 2338 sup.
1552 2297 1598 2332 iii,
1625 2296 1674 2333 17,
1697 2296 1748 2331 13,
1770 2306 1835 2326 cor-

1102 2342 1154 2370 m'ae
1167 2341 1298 2381 dicitur)
1314 2341 1443 2371 cornici.
1487 2337 1644 2370 Martialis
1657 2347 1782 2379 quoque
1805 2349 1836 2374 x,

1103 2384 1156 2418 67,
1176 2385 1206 2419 5,
1229 2383 1268 2414 de
1292 2383 1407 2418 vetula,
1430 2382 1501 2412 Jam
1518 2381 1683 2412 cornicibus
1705 2381 1839 2411 omnibus

1102 2432 1258 2472 stryge-rstes.
1301 2425 1449 2455 Similiter
1469 2424 1651 2455 observante
1673 2421 1840 2453 Mitscher.

1103 2466 1210 2503 liclno,
1233 2467 1351 2507 Agath.
1374 2466 1427 2502 vii,
1453 2467 1484 2502 1,
1509 2464 1642 2497 Anthol.
1668 2463 1774 2495 Graec.
1794 2463 1836 2495 Τ.

1106 2507 1148 2543 ἰν,
1171 2521 1204 2551 p.
1224 2511 1256 2547 5,
1278 2509 1371 2550 plane
1393 2510 1503 2551 γραῦν
1523 2506 1725 2550 τρικόρωνον
1746 2505 1839 2538 dixit.

1102 2551 1200 2582 Plura
1222 2551 1254 2582 in
1278 2551 1359 2582 hanc
1382 2562 1446 2582 rem
1468 2550 1531 2582 vid.
1553 2549 1636 2591 apud
1659 2547 1837 2580 Rittershu·

1107 2593 1187 2623 sium
1226 2593 1266 2624 ad
1298 2593 1438 2635 Oppian.
1476 2593 1598 2634 Cyneg.
1633 2589 1666 2628 ii,
1700 2590 1776 2627 292,
1807 2594 1840 2621 et

1110 2635 1268 2667 Rliunken
1292 2636 1389 2677 Epist.
1411 2634 1521 2667 Critic.
1545 2644 1576 2676 p.
1600 2633 1672 2664 113.
1717 2631 1840 2678 Possem

1107 2685 1142 2708 ut
1166 2680 1268 2714 visere,
1294 2689 1359 2720 pro,
1385 2677 1535 2708 viserent:
1556 2675 1690 2718 fervidi,
1713 2673 1769 2716 qui
1788 2683 1839 2714 Ju-

1112 2720 1207 2751 venili
1245 2720 1351 2751 ardore
1383 2719 1487 2751 adhue
1523 2718 1642 2749 fervent
1674 2721 1707 2747 et
1738 2725 1841 2746 amore

1111 2768 1245 2793 aestuant
1259 2773 1267 2800 ;
1291 2762 1335 2794 sic
1350 2762 1484 2793 suaviter
1498 2763 1699 2802 opponuntur
1714 2757 1840 2794 vetulae,

1110 2815 1181 2845 quae
1205 2805 1319 2836 fervere
1342 2803 1445 2835 desiit.
1490 2803 1647 2841 Dilapsam
1671 2801 1704 2831 in
1727 2801 1842 2830 cineres

1097 2849 1215 2887 ficem,
1239 2852 1313 2889 apta
1334 2845 1468 2887 imagine
1485 2854 1552 2886 pro,
1572 2844 1677 2884 Lycen
1696 2851 1714 2872 e
1737 2841 1843 2884 puella

1107 2889 1182 2919 olim
1214 2888 1333 2920 fervida
1360 2893 1392 2920 et
1421 2888 1554 2919 formosa
1574 2889 1725 2916 mutatam
1757 2893 1841 2914 nunc

1109 2930 1140 2962 in
1172 2931 1314 2972 frigidam
1344 2935 1377 2962 et
1403 2929 1574 2962 deformem
1600 2926 1756 2961 vetulam:
1787 2925 1841 2964 (Α,
