1884 3288
29 2469 58 2696 ffi-..a-fmr-r-
35 2444 39 2454 -

705 196 929 240 LIBER
961 196 1045 247 111,
1076 198 1147 240 25.

1602 196 1684 238 183

307 303 335 343 5
365 301 600 344 AEternum
621 299 834 342 meditans
856 300 992 341 decus

422 368 567 411 stellis
588 369 781 410 inserere
802 374 847 408 et
869 366 1050 409 consilio
1071 365 1196 408 Jovis
1213 368 1231 408 2

365 437 521 480 Dicam
542 436 726 491 insigne,
749 449 917 485 recens,
939 434 1086 476 adhuc

426 504 646 546 Indictum
665 517 740 545 ore
762 502 860 545 alio.

924 502 1031 544 Non
1053 516 1181 544 secus
1202 502 1246 543 in
1261 502 1382 557 jugis

366 573 603 615 Exsomnis
627 579 776 627 stupet
799 571 949 622 Evias,

284 642 338 684 10
426 640 629 682 Hebrum
650 640 939 695 prospicienS,
962 646 1006 681 et
1026 639 1124 681 nive
1145 638 1378 680 candidam

363 708 585 758 Thracen,
608 723 658 750 ac
679 708 794 763 pede
816 708 1005 749 barbaro

425 776 680 818 Lustratam
701 775 969 832 Rhodopen.

1033 775 1097 818 Ut
1118 775 1222 817 mihi
1245 775 1373 817 devio

368 845 510 901 Ripas
532 852 576 887 et
597 859 782 886 vacuum
802 860 955 887 nemus

424 913 582 956 Mirari
601 913 735 955 libet!

799 912 842 954 Ο
865 912 1090 954 Naiadum
1111 919 1284 968 potens,

284 983 337 1024 15
367 981 731 1036 Baccharumque
751 980 988 1024 valentium

425 1050 639 1093 Proceras
660 1050 860 1092 manibus
884 1057 1053 1092 vertere
1075 1049 1295 1092 fraxinos:

364 1118 442 1161 Nil
463 1134 646 1174 parvum
668 1125 743 1161 aut
763 1118 915 1172 humili
936 1119 1080 1169 modo,

423 1186 502 1228 Nil
524 1186 706 1229 mortale
725 1186 895 1242 loquar.

959 1186 1104 1228 Dulce
1125 1187 1369 1242 periculum
1389 1196 1470 1238 est,

369 1254 412 1296 O
435 1254 597 1297 Lenaee
617 1257 626 1297 Ξ
662 1255 786 1310 sequi
808 1255 956 1296 Deum

278 1322 335 1364 20
423 1322 684 1379 Cingentem
706 1323 834 1364 viridi
856 1330 1054 1378 tempora
1075 1323 1294 1379 pampino.

178 1463 275 1495 1-6,
296 1462 422 1505 Cogita,
435 1467 574 1506 poetam,
587 1471 716 1494 carmen
730 1459 889 1492 audacius

133 1505 168 1538 in
194 1506 335 1548 Augusti
356 1506 467 1538 laudes
491 1505 685 1542 molientem,
709 1504 888 1542 Bacchum,

133 1549 191 1591 qui
208 1549 339 1581 numine
359 1559 418 1580 suo
443 1549 513 1590 ejus
528 1553 641 1591 pectus
664 1547 821 1591 impleret,
839 1548 887 1578 in-

133 1601 286 1632 vocasse3
309 1591 433 1623 audivit
458 1598 560 1634 poetae
587 1600 697 1634 preces
726 1590 888 1628 Bacchus,

134 1635 227 1667 adest
241 1641 273 1666 et
287 1635 360 1678 ejus
377 1639 490 1677 pectus
505 1634 612 1670 intrat,
625 1633 718 1675 cujus
735 1635 798 1664 vim
815 1644 888 1665 sen-

134 1677 229 1715 tiens,
248 1678 316 1714 Quo
337 1689 394 1714 me,
411 1677 540 1715 Bacche,
555 1679 639 1717 rapis
662 1679 710 1708 tui
735 1677 889 1707 Plenum?

133 1721 303 1753 exclamat.
350 1721 439 1752 Velox
464 1727 562 1752 mente
585 1721 684 1751 nova?
708 1729 802 1755 novo,
824 1730 888 1760 quo

134 1764 292 1808 impellor,
309 1763 429 1807 impetu
446 1763 596 1795 velociter
614 1773 722 1794 ruens.
771 1763 889 1798 Quibus

134 1808 246 1840 Antris
268 1809 387 1850 egregii
411 1807 550 1844 Caesaris,
572 1811 648 1838 cett.
675 1816 731 1848 pro
752 1805 887 1846 vulgari.

135 1849 170 1882 in
197 1850 315 1894 quibus
343 1849 442 1882 antris
467 1855 617 1882 aeternam
642 1848 782 1890 Augusti
808 1849 891 1879 inter

135 1893 213 1926 deos
231 1893 322 1926 relati
342 1893 478 1935 gloriam
502 1893 643 1925 canam?
691 1893 812 1923 Audim-
832 1902 890 1922 me-

135 1939 240 1970 ditans
256 1948 324 1980 pro,
339 1936 528 1972 meditabor,
546 1941 579 1967 et
594 1936 653 1966 hoc
676 1946 743 1977 pro,
762 1945 890 1966 carmen

137 1980 318 2012 meditando
333 1980 476 2011 tentabo.
513 1979 643 2020 Egi-egit
662 1979 788 2009 Caesaris
803 1985 889 2010 aeter-

136 2035 210 2056 num
225 2025 327 2059 decus.
343 2022 505 2064 egregium
524 2021 584 2064 (cf.
603 2032 674 2064 sup.
691 2020 712 2057 i,
731 2022 763 2058 6,
783 2020 840 2061 ll)
857 2027 890 2052 et

136 2072 263 2099 aeternae
278 2065 387 2108 gloriae
406 2067 519 2099 decore
541 2064 698 2106 insignem
717 2065 890 2096 Caesarem.

137 2110 274 2142 consilio
282 2109 367 2142 Jovis
381 2111 525 2144 inserere,
539 2107 572 2138 h.
589 2119 617 2139 e.
634 2110 714 2139 inter
729 2108 805 2138 deos
823 2118 887 2139 ma-

132 2152 232 2196 jores,
250 2153 307 2196 qui
329 2153 370 2184 ab
386 2153 468 2184 Jove
482 2151 515 2182 in
537 2150 707 2182 consilium
724 2156 890 2189 vocantur,

135 2196 267 2236 referre3
283 2195 386 2228 multo
397 2194 526 2236 gravius
538 2194 634 2236 igitur
645 2195 780 2230 consilio,
792 2205 889 2235 quam

135 2240 272 2276 concilio,
288 2238 375 2282 quod
394 2239 426 2269 in
443 2237 636 2280 quibusdam
654 2237 743 2268 editt.
759 2237 889 2269 exhibe-

137 2287 212 2321 tur;
231 2284 360 2314 concilio
385 2281 470 2314 enim
502 2280 632 2319 adsunt,
655 2281 774 2322 quibus
797 2286 893 2324 capta

136 2325 272 2358 consilia.
299 2330 532 2369 proponuntur,
564 2326 689 2355 consilio
720 2334 804 2358 vero,
835 2324 891 2366 qui

136 2368 216 2414 ipsis
230 2368 376 2401 consiliis
389 2367 554 2411 capiendis
569 2367 772 2399 adhibentur.

183 2413 304 2444 7—14.
329 2412 439 2450 Poeta,
457 2417 522 2442 tam
543 2410 586 2442 rei
610 2410 764 2442 canendae
787 2409 891 2452 gravi-

137 2461 204 2488 tate
233 2465 331 2498 quam
357 2454 481 2487 Bacchi
507 2453 639 2485 numine
669 2454 795 2496 plenus,
822 2453 891 2495 jam

138 2500 281 2532 animum
291 2498 440 2537 sumit,et
452 2497 491 2529 de
502 2497 620 2539 insigni
634 2496 795 2531 carminis,
808 2497 892 2538 quod

139 2547 328 2574 cantaturus
343 2547 404 2578 est,
420 2539 616 2572 sublimitate
639 2550 713 2571 cum
732 2539 833 2570 nobili
856 2540 893 2571 fi-

138 2585 233 2618 ducia
249 2585 404 2628 loquitur.
448 2585 564 2615 Recens
580 2583 648 2625 ipse
668 2583 820 2625 explicat,
836 2584 894 2614 ad-

140 2627 210 2661 huc*
225 2630 378 2660 indictum
406 2628 467 2659 ulio
497 2638 547 2658 ore
563 2639 572 2663 ‚·
601 2626 685 2657 idem
716 2633 833 2664 autern,
861 2631 896 2657 ut

139 2672 240 2705 solent
265 2670 402 2714 graviter
425 2669 587 2705 commoti,
612 2669 662 2700 bis
689 2668 778 2700 dicit.
825 2669 895 2700 Non

139 2726 224 2748 secus
249 2717 283 2746 in
295 2716 402 2756 jugis,
423 2719 498 2745 cett.
522 2712 638 2754 cogita.
660 2719 798 2754 poetam,
821 2723 895 2743 cum

141 2757 350 2791 deferbuisset
367 2756 535 2800 paululum
553 2755 673 2798 primus
695 2755 792 2792 furor,
810 2766 896 2787 nunc

110 2833 115 2835 c
141 2800 396 2844 circumspicere,
412 2805 443 2831 et
460 2799 567 2830 mirari
590 2798 662 2830 loca
684 2798 717 2829 in
733 2809 806 2840 quae
830 2809 894 2830 cae-

114 2871 120 2879 .
141 2853 200 2877 eus
219 2855 294 2877 eum
309 2843 447 2886 rapuerit
467 2843 628 2885 impetus;
652 2847 816 2884 comparat
836 2841 895 2883 igi-

143 2892 195 2920 tur
218 2898 252 2920 se
278 2898 352 2919 curn
377 2887 540 2922 Maenade,
560 2895 634 2926 quae
655 2895 673 2916 e
699 2895 823 2922 somno,
843 2885 899 2916 cui

142 2929 316 2963 furibunda
330 2929 459 2962 taudem
475 2930 700 2963 succubuerat,
717 2934 900 2970 experrecta

145 2977 178 3005 et
200 2983 221 3006 a
243 2973 346 3006 furore
369 2982 428 3004 suo
450 2983 506 3015 per
526 2982 599 3004 eum
620 2977 773 3007 recreata,
790 2971 901 3002 oculos

145 3014 403 3053 circumflectere,
421 3020 453 3047 et
474 3015 544 3047 loca
565 3015 598 3046 in
612 3024 686 3056 quae
706 3013 801 3046 ruerit
823 3024 899 3046 con-

932 1459 1080 1503 templari
1106 1459 1228 1504 incipit.
1275 1461 1380 1500 Ευίαε,
1405 1460 1550 1498 Baccha,
1575 1462 1615 1493 ab
1638 1473 1687 1494 or.

933 1503 1055 1545 giorum
1073 1515 1148 1537 voce
1166 1506 1257 1536 Evae.
1298 1505 1466 1541 Easomnis,
1484 1505 1516 1536 h.
1531 1516 1559 1537 e.
1576 1516 1688 1537 somno

932 1555 1128 1590 experrecta,
1151 1549 1312 1586 ἔξυπνος.
1358 1549 1454 1586 Quod
1477 1548 1529 1580 Cl.
1556 1548 1689 1581 Mitsch.

932 1595 1037 1632 putat,
1054 1601 1110 1634 per
1127 1591 1290 1623 Baccbam
1305 1602 1489 1623 exsomnem
1505 1591 1688 1632 intelligen-

933 1632 1006 1664 dam
1023 1645 1094 1666 esse
1110 1645 1179 1666 eam
1194 1645 1266 1676 quae
1283 1645 1406 1671 somno,
1419 1634 1527 1666 audito
1543 1635 1689 1677 tympani

934 1686 1022 1713 sono,
1039 1684 1233 1719 experrecta,
1248 1677 1374 1720 istoque
1390 1677 1431 1708 ad
1447 1688 1547 1709 novos
1568 1677 1691 1710 furores

934 1726 1073 1751 recreata
1096 1720 1209 1752 iterum
1230 1720 1333 1752 furere
1353 1720 1500 1762 incipiat,
1516 1731 1628 1763 parum
1644 1721 1691 1753 rei

934 1763 1211 1795 accommodatum
1236 1770 1296 1795 est.
1344 1764 1473 1794 Baccha
1498 1763 1583 1794 enim
1609 1774 1691 1795 novo

935 1805 1038 1838 furore
1053 1813 1194 1850 correpta
1212 1807 1352 1849 profecto
1369 1817 1432 1838 non
1449 1806 1519 1837 loca
1533 1809 1691 1847 prospicit,

935 1858 993 1880 nec
1019 1860 1068 1886 ea,
1091 1856 1127 1880 ut
1149 1857 1253 1892 poeta,
1278 1853 1426 1881 miratur.
1470 1851 1589 1890 Stupet,
1613 1860 1690 1881 cum

936 1898 1063 1934 stupore
1086 1894 1319 1936 contemplatur
1341 1893 1412 1924 loca
1435 1892 1468 1923 in
1483 1903 1556 1934 quae
1580 1903 1613 1924 se
1635 1893 1691 1925 de-

936 1935 1035 1966 latam
1063 1936 1158 1967 videt.
1204 1938 1278 1967 Abit
1303 1936 1388 1968 enim
1419 1938 1452 1966 in
1478 1938 1578 1976 quiete
1604 1938 1690 1967 molli

935 1979 1062 2009 rabidus
1074 1979 1176 2021 furor
1196 1981 1305 2017 animi,
1322 1986 1358 2010 ut
1377 1979 1526 2010 Catullus
1551 1979 1694 2021 loquitur

933 2019 967 2052 in
996 2021 1181 2052 Galliambo
1209 2033 1239 2054 v.
1268 2024 1322 2053 38.
1371 2022 1519 2058 Hebrum,
1546 2023 1693 2055 Thraciae

934 2064 1077 2101 fluvium,
1117 2075 1203 2096 nunc
1244 2065 1378 2096 Mai-iza.
1432 2066 1513 2097 Pede
1550 2067 1691 2103 barbaro,

935 2107 968 2138 h.
984 2118 1014 2139 e.
1032 2107 1112 2150 pede
1127 2108 1341 2144 barbararum,
1356 2119 1470 2151 nempe
1489 2108 1690 2140 Baccharum

934 2150 1163 2190 Thraciarum3
1192 2151 1322 2183 Thraces
1347 2151 1446 2188 enim,
1476 2157 1512 2183 ut
1541 2153 1691 2194 Phryges,

934 2194 1021 2236 apud
1051 2201 1160 2237 poetas
1185 2195 1317 2226 Graecos
1344 2194 1519 2238 βάρβαροι
1546 2195 1694 2228 audiunt.

936 2237 1113 2278 Rhodopen,
1126 2244 1264 2269 montem
1276 2239 1434 2275 Thraciae,
1448 2249 1534 2270 nunc
1548 2239 1695 2271 Dervent.

938 2281 1046 2317 Demo,
1079 2281 1158 2313 locis
1192 2281 1391 2313 absconditis
1427 2281 1694 2323 circumvaganti.

940 2323 1047 2364 Ripas‚
1066 2324 1207 2356 Bacchae
1232 2326 1373 2356 Hebrum
1397 2325 1623 2368 prospicientis
1646 2336 1694 2357 re-

937 2373 1048 2410 spectu
1065 2367 1186 2400 habito.
1236 2369 1385 2404 Vacuum,
1403 2369 1518 2407 solum,
1535 2375 1672 2400 vastum.

987 2412 1122 2442 14—20.
1148 2412 1174 2442 Ο
1189 2412 1349 2443 Naiadum
1361 2418 1476 2452 potens,
1493 2418 1567 2443 cett.
1581 2422 1695 2452 causa,

938 2465 995 2485 cur
1012 2453 1073 2486 huc
1090 2460 1183 2486 actus
1198 2455 1294 2486 suerit
1309 2461 1414 2498 poeta,
1431 2455 1471 2487 de
1486 2455 1609 2497 integro
1623 2455 1695 2498 ejus

938 2497 1025 2528 subit
1063 2497 1229 2538 animum3
1267 2498 1382 2530 iterum
1420 2498 1517 2541 igitur
1554 2499 1696 2542 appellat

940 2540 1120 2577 Bacchum,
1138 2546 1171 2572 et
1185 2541 1218 2572 in
1240 2541 1445 2579 sublimioris,
1462 2541 1501 2573 de
1518 2553 1583 2584 quo
1602 2541 1695 2579 dixit,

939 2584 1090 2615 carminis
1113 2584 1184 2616 nisu
1208 2584 1361 2626 persistit.
1408 2586 1435 2615 Ο
1460 2585 1619 2617 Naiadum
1641 2597 1696 2626 po-

940 2634 1004 2658 tens
1030 2627 1292 2669 Baccharumque,
1313 2639 1330 2659 o
1350 2628 1441 2664 deus,
1463 2627 1497 2659 in
1521 2629 1617 2671 cujus
1640 2640 1696 2671 po-

930 2676 1055 2702 testate
1071 2670 1194 2703 Naides
1209 2677 1241 2702 et
1258 2672 1399 2703 Bacchae
1415 2678 1511 2711 sunt3
1536 2678 1572 2703 ut
1588 2683 1659 2714 sup.
1676 2682 1700 2710 ι,

941 2715 974 2749 3,
990 2715 1033 2750 .l,
1055 2713 1156 2745 Venus
1181 2715 1278 2755 Cypri
1300 2722 1417 2755 potens,
1441 2720 1474 2746 et
1497 2714 1558 2746 inf.
1587 2716 1697 2747 Carm.

942 2757 1023 2788 SaeC.
1035 2759 1047 2788 l
1057 2780 1065 2792 ,
1079 2758 1184 2788 Diana
1195 2759 1343 2789 silvarum
1355 2764 1469 2799 potens.
1494 2757 1547 2790 Cl.
1561 2758 1699 2790 Mitsch.

940 2806 1103 2843 comparat
1137 2801 1238 2843 Orph.
1275 2801 1398 2844 Hymn.
1434 2800 1492 2838 liii,
1529 2802 1561 2839 6,
1595 2801 1699 2833 Νάϊσι

942 2844 998 2875 καὶ
1015 2842 1170 2885 Βάκχαις
1183 2842 1353 2886 ἡγούμενε
1369 2845 1609 2886 κιττοφόροισι.
1637 2845 1698 2875 Va-

943 2887 1072 2918 lentimn
1092 2887 1239 2918 Procerus
1254 2890 1394 2919 manibus
1410 2887 1675 2929 vei-teresi·axinos
1686 2899 1698 2924 ;

944 2929 983 2960 de
1009 2930 1166 2972 ejusmodi
1196 2930 1368 2962 furibunda
1399 2931 1602 2961 Baccharum
1631 2931 1700 2961 vio-

946 2972 1044 3004 lentia
1054 2973 1095 3004 cf.
1110 2973 1256 3015 Euripid.
1272 2974 1393 3006 Bacch.
1407 2975 1478 3009 109,
1494 2973 1588 3009 1066,
1606 2974 1704 3014 1093,

947 3021 978 3047 ct
999 3017 1095 3048 1102.
1141 3017 1241 3048 Dulce
1256 3018 1429 3057 periculum
1443 3022 1484 3047 est
1499 3017 1581 3056 sequi
1597 3017 1698 3054 deum,
