1904 3314
702 176 930 218 LIBER
962 176 1020 227 ΙΙ,
1058 178 1092 218 1.

1583 179 1667 220 517

234 282 435 323 Carmina
455 281 652 324 rescieris
675 295 753 322 nos
773 280 954 335 fingere,
976 279 1227 322 commodus
1250 279 1365 322 ultro

231 349 460 402 Arcessas,
482 356 526 391 et
546 363 677 404 egere
698 355 834 398 vetes,
855 355 900 389 et
922 348 1113 389 scribere
1135 362 1282 403 cogas.

232 417 321 460 Sed
344 425 485 459 tamen
505 423 573 458 est
594 430 741 471 operae
760 415 948 470 pretium
970 429 1251 470 cognoscere,
1274 413 1424 470 quales

117 486 205 528 230
234 485 444 528 AEdituos
465 484 625 526 habeat
643 482 746 525 belli
768 490 964 539 spectata
986 483 1191 537 domique

231 553 401 603 Virtus,
421 552 601 608 indigno
621 566 708 593 non
729 551 1038 593 committenda
1058 558 1216 605 poetae.

231 621 400 662 Gratus
421 618 675 662 Alexandro
696 620 790 674 regi
811 618 979 674 Magno
1001 618 1083 660 fuit
1103 618 1174 660 ille

229 687 463 738 Choerilus,
485 686 660 729 incultis
681 687 756 742 qui
777 687 975 728 versibus
998 693 1041 727 et
1062 685 1171 727 male
1192 686 1304 726 natis

229 755 401 797 Retulit
421 762 639 810 acceptos,
662 753 807 810 regale
828 755 1051 803 nomisma,
1074 753 1318 808 Philippos.

112 823 199 866 235
229 822 318 865 Sed
338 822 473 864 veluti
493 830 678 864 tractata
699 829 846 864 notam
866 822 1095 877 labemque
1117 823 1342 863 remittunt

227 889 500 941 Atramenta,
522 890 613 932 fere
635 891 870 945 scriptores
892 891 1078 931 carmine
1101 889 1220 931 foedo

227 958 469 1014 Splendida
487 958 603 1000 facta
620 957 775 1000 linunt.

839 957 962 999 Idem
982 973 1062 999 rex
1082 957 1167 1008 ille,
1190 972 1346 1012 poema

229 1026 321 1074 Qui
339 1033 428 1068 tam
448 1026 692 1076 ridiculum,
714 1033 802 1067 tam
822 1040 920 1067 care
942 1025 1156 1080 prodigus
1178 1026 1295 1075 emit,

229 1093 392 1136 Edicto
412 1094 563 1144 vetuit,
586 1109 640 1135 ne
661 1094 759 1148 quis
784 1108 829 1134 se
850 1100 1013 1148 praeter
1034 1092 1223 1148 Apellen

112 1161 199 1204 240
229 1161 455 1217 Pingeret,
477 1169 552 1203 aut
571 1161 679 1202 alius
703 1160 901 1216 Lysippo
924 1161 1106 1203 duceret
1128 1173 1215 1201 aera

228 1227 374 1270 Fortis
396 1227 641 1270 Alexandri
662 1228 827 1270 vultum
850 1228 1106 1269 simulantia.

1169 1227 1304 1275 Quod
1327 1228 1363 1268 si

227 1295 452 1339 Judicium
473 1297 632 1339 subtile
653 1297 851 1338 videndis
873 1297 1040 1338 artibus
1060 1295 1168 1337 illud

114 1442 155 1475 de
173 1443 286 1486 poetis,
303 1444 359 1486 qui
381 1445 511 1477 recitata
531 1445 684 1480 carmina.
703 1444 779 1488 quia
794 1445 862 1489 pla-

114 1493 262 1522 cuerunt,
276 1486 387 1519 iterum
402 1488 533 1520 recitare
546 1488 711 1530 jubentur.

159 1531 236 1567 224,
250 1530 327 1561 225.
347 1530 419 1562 Non
433 1542 580 1571 apparere
595 1533 709 1562 labores
726 1531 861 1566 Nostros,

114 1582 209 1614 opera
222 1578 328 1604 nostra
341 1573 448 1604 nonin
463 1574 566 1605 lucem
582 1573 714 1615 produci
729 1580 760 1605 et
776 1573 860 1604 eele-

113 1614 209 1651 brari,
229 1625 292 1646 non
312 1615 400 1658 justo
421 1615 521 1659 pretio
545 1616 715 1654 aestimari;
738 1616 784 1647 sic
807 1628 860 1656 ap-

112 1669 221 1698 parere
236 1658 295 1690 inf.
307 1669 338 1690 v.
349 1660 426 1690 250.
472 1659 569 1690 Tenui
580 1661 710 1690 deducta
726 1666 863 1699 poemata

102 1701 177 1742 filo,
199 1700 342 1733 carmina
361 1712 424 1732 non
449 1701 577 1732 sublimi
601 1703 656 1732 sed
680 1702 767 1733 tenui
793 1711 862 1732 ora-

113 1742 200 1775 tioue
209 1744 401 1786 composita:
418 1744 593 1786 intelligere
609 1744 734 1776 videtur
745 1743 864 1776 Satiras

113 1791 146 1818 et
161 1786 322 1829 Epistulas
335 1797 422 1818 suas.

157 1829 236 1862 227.
262 1829 438 1861 Commodus
459 1829 576 1860 dicitur
597 1829 653 1871 qui
680 1828 754 1860 facit
776 1829 861 1870 quod

115 1871 208 1904 nobis
229 1877 351 1914 gratum
369 1879 401 1904 et
424 1878 589 1914 acceptum
607 1878 674 1903 est:
701 1883 772 1915 sup.
797 1873 861 1903 Od.

113 1913 157 1950 ἰν,
186 1916 219 1953 8,
239 1916 270 1952 l,
293 1915 447 1947 Donarem
468 1922 590 1956 pateras
609 1922 761 1957 grataque
783 1927 860 1946 rom-

113 1958 230 1989 modus.

158 2001 236 2032 228.
265 2000 305 2031 Et
324 2011 411 2043 egere
433 2006 530 2031 vetes:
553 2000 607 2042 qui
630 2006 756 2042 poetam
776 2011 862 2041 egere

117 2047 214 2081 vetat,
235 2042 264 2074 ei
286 2043 342 2074 dat
363 2048 395 2073 et
423 2043 521 2083 donat
545 2044 630 2074 unde
653 2043 750 2074 vivat.
805 2044 860 2073 Co-

113 2096 189 2128 gas:
230 2085 369 2128 Augusti
398 2085 458 2116 fuit
487 2086 554 2117 haec
578 2086 626 2117 vis
653 2097 716 2117 non
740 2086 863 2126 ingrata

176 2128 229 2160 tis.

157 2171 235 2202 230.
258 2171 412 2209 AEdituos,
434 2177 606 2208 curatores,
633 2172 664 2202 h.
688 2182 716 2202 e.
740 2177 861 2214 poetas,

116 2213 172 2256 qui
200 2224 249 2245 res
288 2213 367 2245 belli
397 2213 547 2255 domique
576 2214 727 2256 praeclare
757 2220 863 2256 gestas

117 2256 314 2288 carminibus
337 2256 545 2288 celebrandas
570 2263 694 2288 curant.
738 2257 862 2288 AEditui

116 2299 312 2342 (νεωκόροι)
334 2299 455 2342 proprie
472 2305 548 2330 sunt
566 2306 724 2331 curatores
743 2306 775 2331 et
791 2310 862 2331 cus—

115 2342 206 2374 todes
229 2341 308 2374 aedis
334 2342 383 2374 vel
409 2342 519 2384 templi
542 2342 702 2385 alicujus;
726 2343 863 2374 suaviter

115 2383 213 2427 igitur
241 2390 342 2428 poetae
370 2391 525 2416 vocantur
547 2385 655 2417 aeditui
678 2386 790 2429 templi
813 2386 863 2417 vel

119 2427 281 2471 Apollinis
296 2427 346 2459 vel
362 2429 546 2459 Musarum.

159 2471 346 2502 232—234.
361 2471 481 2502 Gratus
491 2472 676 2507 Alexandro,
686 2477 761 2502 cett.
788 2472 860 2503 Ma-

115 2512 168 2544 lus
181 2513 236 2545 ille
251 2518 354 2557 poeta,
371 2513 548 2550 Choerilus,
565 2514 620 2555 qui
635 2514 667 2545 in
687 2514 863 2545 Alexandri

118 2555 245 2597 Magni,
257 2555 310 2588 cui
321 2561 428 2598 gratus
439 2561 518 2591 erat,
534 2556 686 2588 comitatu
699 2556 760 2588 suit
772 2556 862 2599 (Cic.

117 2609 174 2642 pro
185 2598 284 2631 Arch.
299 2599 339 2630 P.
354 2610 384 2630 c.
403 2600 454 2634 10,
470 2599 569 2634 Quam
583 2600 692 2630 multos
705 2602 865 2639 scriptores

117 2653 221 2673 rerum
231 2652 356 2673 suarum
370 2642 507 2684 Magnus
520 2642 573 2672 ine.
587 2642 758 2673 Alexander
768 2653 866 2674 seeum

118 2685 255 2716 hab-tim
268 2683 439 2724 αἰσίων-ἲ),
456 2695 512 2726 pro
529 2684 669 2716 versibus
688 2684 820 2716 rudibus
836 2691 868 2716 et

118 2726 246 2759 sinistro
266 2727 420 2770 Apolline
436 2727 485 2758 vel
505 2737 611 2758 crassa
631 2727 780 2758 Minerva
801 2728 867 2759 fac-

121 2769 173 2807 tis,
189 2769 368 2813 Philippos,
391 2780 538 2801 nummos
560 2779 672 2801 aureos
691 2770 774 2812 regis
790 2771 867 2801 Phi-

118 2812 198 2856 lippi
223 2812 362 2854 imagine
384 2812 553 2854 insignitos
575 2812 708 2854 accepit.
753 2814 868 2854 Accep-

121 2862 186 2887 tum
209 2857 330 2898 aliquid
353 2855 470 2898 referre
492 2856 589 2887 alicui
612 2858 657 2886 rei
687 2861 736 2887 est
757 2856 871 2888 debere

121 2897 244 2941 aliquid
267 2897 362 2930 alicui
384 2898 443 2938 rei;
474 2909 543 2934 nos,
564 2905 654 2929 etwas
673 2901 756 2930 einer
778 2900 872 2930 Sache

122 2942 307 2973 vordonken.
354 2942 505 2973 Choerilus
520 2942 686 2973 verdankte
706 2943 755 2972 die
776 2943 873 2974 Gold-

123 2987 253 3017 miimen
275 2986 375 3016 seinen
396 2986 564 3016 schlechten
588 2984 712 3016 Ver-sen.
758 2984 792 3015 Si
817 2996 869 3017 ve-

906 1455 975 1475 rum
998 1450 1046 1476 est
1066 1443 1151 1486 quod
1172 1447 1277 1475 narrat
1296 1442 1417 1473 Acron.
1432 1441 1471 1473 ad
1494 1440 1596 1490 Epist.
1613 1440 1655 1472 ad

907 1487 976 1519 Pis.
987 1499 1018 1518 v.
1032 1488 1108 1522 357,
1122 1486 1344 1518 Alexandrum
1361 1486 1412 1516 M.
1426 1485 1570 1517 Choerilo
1584 1483 1654 1515 dix-

906 1530 978 1567 isse,
992 1541 1026 1562 se
1038 1530 1132 1561 malle
1143 1530 1309 1561 Thersiten
1324 1539 1393 1560 esse
1411 1527 1543 1559 Homeri
1556 1537 1654 1568 quam

907 1573 1042 1605 Choerili
1079 1573 1253 1610 Achillem,
1285 1571 1425 1620 profecto
1457 1569 1653 1605 Alexander,

906 1616 1022 1647 oblatis
1037 1626 1092 1658 pro
1112 1615 1205 1646 malis
1220 1615 1360 1646 vermbus
1382 1613 1552 1655 Philippis,
1568 1613 1652 1644 idem

907 1659 1020 1690 secisse
1043 1658 1165 1689 videtur
1185 1658 1269 1699 quod
1290 1657 1391 1692 Sulla,
1414 1656 1482 1698 qui,
1501 1662 1538 1687 ut
1559 1656 1654 1687 refert

908 1700 1022 1732 Cicero
1037 1711 1092 1743 pro
1109 1701 1207 1732 Arch.
1224 1710 1253 1732 c.
1272 1701 1321 1735 lO,
1334 1699 1419 1730 malo
1434 1698 1562 1730 cuidam
1579 1708 1653 1741 poe-

907 1749 947 1774 tae
963 1743 1125 1786 praemium
1145 1743 1213 1774 dari
1225 1742 1321 1784 jussit
1334 1742 1394 1773 hac
1410 1740 1606 1777 conditione,
1618 1752 1656 1772 ne

905 1789 978 1826 qnid
994 1794 1093 1826 postea
1109 1788 1263 1817 scriberet.
1308 1786 1456 1816 Ceterum
1471 1783 1534 1815 vid.
1547 1783 1655 1815 Naekii

906 1829 1049 1860 libellum
1066 1829 1104 1860 de
1121 1828 1277 1865 Choerilo,
1297 1829 1391 1859 1817.

948 1873 1025 1903 235.
1049 1871 1206 1907 Troe-eata,
1223 1882 1267 1902 sc.
1285 1871 1445 1908 manibus,
1467 1869 1540 1900 usui
1556 1869 1654 1900 alicui

905 1914 1060 1946 adhibita.

949 1959 1025 1989 236.
1049 1957 1136 1992 Fere,
1152 1967 1216 1988 non
1226 1967 1307 1994 raro,
1321 1956 1522 1999 plerumque,
1535 1961 1568 1986 ut
1582 1965 1653 1998 sup.

907 2001 974 2031 Sat.
989 2001 1012 2037 i,
1032 2001 1083 2035 10,
1104 2001 1154 2036 15,
1175 2000 1275 2043 Epist.
1290 2000 1313 2036 i,
1332 2000 1384 2035 19,
1402 2000 1434 2030 5.

948 2044 1025 2074 237.
1062 2043 1196 2079 Linunt,
1230 2042 1390 2085 polluunt,
1421 2040 1653 2078 contaminant,

906 2086 1087 2117 obscurant.
1130 2085 1213 2116 Idem
1237 2098 1290 2117 rex
1312 2086 1385 2116 ine.-
1411 2084 1445 2115 in
1472 2086 1549 2116 idem
1577 2084 1654 2115 latet

906 2128 1084 2164 admiratio,
1099 2129 1258 2169 quomodo
1272 2128 1338 2159 fieri
1350 2127 1498 2170 potuerit,
1516 2132 1550 2158 ut
1570 2137 1654 2158 unus

905 2171 1053 2214 idemque
1068 2181 1132 2206 rex,
1149 2170 1206 2213 qui
1226 2182 1245 2202 a
1266 2171 1392 2203 nemine
1414 2170 1475 2201 nisi
1495 2180 1514 2201 a
1530 2170 1653 2212 persec-

906 2213 1028 2246 tissimo
1051 2214 1171 2256 pictore
1194 2214 1322 2256 Apelle,
1346 2214 1426 2251 Coo,
1449 2214 1550 2256 pingi,
1573 2219 1605 2245 et
1634 2223 1654 2244 a

906 2257 996 2288 nullo
1012 2257 1074 2289 alio
1097 2256 1158 2287 nisi
1181 2267 1199 2288 a
1221 2257 1483 2299 praestantissimo
1502 2256 1655 2287 statuario

906 2299 1059 2343 Lysippo,
1077 2299 1238 2342 Sicyonio,
1264 2311 1325 2332 aere
1347 2299 1453 2341 effingi
1471 2299 1584 2336 voluit,
1604 2299 1653 2329 in-

904 2349 995 2385 eptos
1024 2349 1056 2375 et
1081 2343 1234 2374 ridiculos
1258 2343 1393 2375 Choerili
1418 2353 1528 2374 versus
1556 2343 1654 2383 regali

905 2386 1126 2418 munificentia
1152 2392 1288 2418 ornaret.
1334 2386 1419 2417 Mira
1449 2391 1555 2416 autem
1588 2391 1655 2416 arte

906 2429 1059 2460 Horatius
1088 2429 1147 2459 hoc
1184 2428 1360 2460 Alexandri
1397 2429 1543 2471 exemplo
1571 2428 1654 2459 viam

906 2470 967 2502 sibi
983 2472 1087 2503 munit
1101 2472 1140 2502 ad
1159 2471 1388 2503 celebrandum
1405 2473 1601 2513 Augustum,
1620 2479 1656 2503 ut

906 2514 1006 2545 virum
1031 2514 1147 2546 rectius
1169 2515 1208 2545 de
1231 2515 1331 2556 pretio
1354 2515 1446 2546 bonis
1467 2514 1568 2557 poetis
1590 2520 1655 2545 sta.

906 2556 1026 2589 tuendo
1038 2557 1250 2600 judicantem.

951 2601 1027 2631 240.
1045 2601 1135 2631 Alius
1151 2600 1282 2641 Lysippo
1295 2601 1423 2642 (ἄλλος
1437 2600 1655 2641 Λυσίππου),

909 2642 1051 2674 diversus
1066 2653 1083 2674 a
1101 2642 1254 2686 Lysippo,
1270 2643 1354 2675 alius
1366 2653 1463 2685 quarn
1477 2643 1656 2686 Lysippus3

910 2685 956 2717 sic
972 2696 1043 2727 sup.
1064 2685 1199 2727 Epism,
1218 2686 1269 2721 16,
1289 2687 1341 2722 10,
1360 2687 1442 2718 Neve
1456 2695 1543 2727 putes
1559 2688 1657 2718 alium

910 2730 1045 2769 sapiente
1074 2730 1204 2769 bonoque
1234 2730 1367 2760 beatum.
1412 2730 1548 2760 Duceret
1576 2740 1656 2760 erra:

911 2783 949 2802 aes
973 2773 1083 2802 ducere
1107 2771 1304 2812 (ἐλαύνειν)
1325 2778 1373 2803 est
1392 2782 1435 2803 aes
1455 2771 1560 2803 fabrili
1583 2778 1659 2809 arte,

912 2814 1075 2845 tundendo
1090 2820 1122 2845 et
1136 2814 1295 2852 cudendo,
1309 2815 1354 2845 ita
1374 2820 1519 2850 tractare.
1536 2820 1572 2845 ut
1588 2824 1659 2856 pro-

913 2856 1016 2900 posita
1033 2857 1138 2898 imago
1159 2858 1373 2899 exprimatur:
1398 2857 1460 2888 vid.
1481 2857 1664 2888 Broukhus.

915 2900 954 2931 ad
969 2899 1090 2932 Tibull.
1106 2899 1129 2936 i,
1146 2902 1178 2936 3,
1195 2902 1249 2932 48.

958 2944 1037 2974 241.
1066 2943 1266 2980 Simulantia,
1296 2941 1534 2975 adsimulantia,
1557 2940 1663 2983 expri-

914 2986 1044 3023 mentia,
1062 2986 1343 3028 repraesentantia3
1364 2985 1410 3016 sic
1431 2995 1502 3026 sup.
1522 2983 1624 3026 Epist.
1643 2984 1665 3021 i,
1684 2990 1697 2997 '
