1904 3314
367 210 452 250 512

851 207 1381 250 EPISTOLARUM

477 307 697 362 Poenaque
717 307 816 357 lata,
838 306 946 348 malo
968 322 1064 361 quae
1085 306 1216 348 nollet
1235 307 1419 348 carmine
1439 319 1693 361 quemquam

477 373 693 415 Describi.

750 373 934 414 Vertere
954 374 1140 422 modum,
1163 372 1386 413 formidine
1406 372 1532 413 fustis

368 439 448 479 155
476 437 549 480 Ad
570 440 679 480 bene
701 439 930 481 dicendum
949 438 1332 493 delectandumque
1352 439 1529 480 redacti.

476 505 647 547 Graecia
667 513 792 560 capta
813 505 947 546 ferum
969 506 1170 546 victorem
1191 506 1316 559 cepit,
1338 512 1382 546 et
1402 511 1515 546 artes

475 571 625 612 Intulit
645 572 804 626 agresti
825 571 965 612 Latio.

1031 571 1101 612 Sic
1121 571 1321 612 horridus
1343 570 1411 611 ille

475 637 672 679 Defluxit
692 651 891 678 numerus
914 637 1154 686 Saturnius,
1177 644 1220 678 et
1239 651 1367 691 grave
1387 637 1503 677 virus

475 703 702 744 Munditiae
723 703 951 757 pepulere3
983 703 1057 743 sed
1080 703 1123 743 in
1142 702 1315 756 longum
1335 709 1475 743 tamen
1494 716 1630 743 aevum

367 769 446 810 160
475 769 731 810 Manserunt
750 769 965 822 hodieque
985 775 1155 810 manent
1175 770 1353 823 vestigia
1373 769 1483 809 ruris
1500 784 1510 809 ε

475 835 607 876 Serus
628 836 739 876 enim
761 835 927 876 Graecis
948 835 1134 876 admovit
1153 836 1346 876 acumina
1365 835 1539 884 chartis,

473 901 534 942 Et
554 908 654 955 post
676 901 838 942 Punica
857 900 969 942 bella
988 901 1158 954 quietus
1180 916 1373 955 quaerere
1394 901 1540 955 coepit,

475 967 592 1014 Quid
615 966 851 1021 Sophocles
873 974 916 1007 et
934 966 1125 1020 Thespis
1146 975 1188 1007 et
1209 967 1444 1021 AEschylus
1466 966 1568 1009 utile
1590 966 1765 1009 ferrent.

472 1033 674 1074 Tentavit
695 1047 866 1086 quoque
886 1047 990 1081 rem,
1013 1033 1047 1072 si
1069 1033 1196 1086 digne
1217 1040 1382 1074 vertere
1402 1040 1577 1087 posset;

365 1101 444 1140 165
475 1100 535 1140 Et
555 1098 715 1152 placuit
736 1099 830 1147 sibi,
853 1106 1005 1138 natura
1026 1097 1216 1138 sublimis
1236 1106 1279 1139 et
1299 1112 1422 1148 acer3

472 1165 587 1206 Nam
608 1165 741 1218 spirat
763 1164 970 1218 tragicum
993 1164 1108 1213 satis,
1131 1170 1174 1204 et
1195 1163 1374 1205 feliciter
1395 1164 1550 1215 audet3

472 1231 558 1272 Sed
582 1238 750 1284 turpem
770 1237 893 1284 putat
913 1230 1064 1271 inscite
1085 1231 1319 1284 metuitque
1339 1229 1523 1272 lituram.

473 1297 691 1346 Creditur,
713 1311 767 1337 ex
787 1297 927 1337 medio
948 1296 1048 1350 quia
1067 1309 1136 1337 res
1157 1296 1348 1346 arcessit,
1368 1295 1530 1337 habere

357 1439 431 1466 ento
450 1433 545 1468 laesis,
564 1433 596 1463 h.
609 1443 640 1464 e.
663 1431 800 1464 nondum
822 1432 926 1474 petitis
950 1442 968 1462 a
989 1433 1085 1463 male-

358 1475 450 1507 dicis.
505 1475 588 1505 Cura
615 1476 790 1506 Conditioue
815 1485 904 1513 super
930 1477 1088 1509 communi,

358 1516 536 1548 sollicitudo
561 1516 601 1547 de
629 1517 688 1547 hoc
714 1515 858 1547 omnibus
887 1525 923 1546 ac
956 1516 1087 1556 singulis

358 1559 540 1590 imminente
563 1558 723 1600 periculo:
750 1568 820 1598 sup.
842 1558 909 1588 Sat.
930 1557 964 1593 ii,
986 1559 1016 1593 l,
1034 1559 1087 1593 23,

360 1602 435 1631 Cum
453 1602 508 1631 sibi
527 1602 648 1640 quisque
666 1606 760 1636 cavet,
778 1611 952 1639 quamquam
975 1605 1016 1630 est
1038 1601 1086 1629 in-

358 1649 467 1673 tactus.
511 1643 594 1676 Quin
608 1643 697 1672 etiam
714 1643 759 1672 Iex
773 1642 941 1681 Poenaque:
965 1640 1007 1671 cf.
1019 1650 1088 1682 sup.

358 1686 424 1715 Sat.
439 1684 473 1720 ii,
492 1685 520 1720 1,
538 1684 578 1713 82
593 1693 663 1724 sqq.

403 1727 476 1756 154.
498 1726 616 1756 Vertere
627 1725 754 1762 modum,
766 1728 839 1754 cett.
853 1730 951 1765 poetae
967 1723 1086 1760 modos,

357 1766 473 1808 quibus
496 1767 598 1797 adhuc
622 1765 760 1797 carmina
784 1765 1008 1796 contumelmsa
1032 1765 1087 1797 de-

358 1814 570 1844 cantaverant,
591 1813 763 1844 mutarunt,
782 1818 856 1839 cum
878 1813 962 1838 metu
985 1818 1088 1849 poenae

358 1851 398 1881 ad
419 1850 584 1882 scribenda
607 1849 756 1885 carmina,
779 1860 851 1890 quae
875 1849 1088 1880 benedicendo

382 1892 518 1923 lacerent
557 1898 589 1923 et
626 1893 830 1927 delectarent,
866 1891 1088 1932 redigerentur.

360 1903 532 1965 {ln-midine
548 1933 668 1975 fustis.-
694 1934 771 1965 Vct.
791 1933 909 1970 SchoL,
929 1935 999 1973 quia
1010 1934 1086 1974 fus-

360 1978 491 2006 tuarium
525 1977 704 2014 supplicium
739 1978 931 2006 constitutum
964 1982 1029 2006 erat
1055 1978 1088 2006 in

358 2023 492 2048 autorem
505 2019 671 2048 carminum
686 2017 859 2057 infamium.
893 2017 974 2048 Cum
989 2023 1088 2058 poetae

359 2058 505 2090 maledici
525 2058 696 2099 comparari
719 2058 841 2089 soleant
862 2068 934 2089 cum
958 2059 1089 2090 canibus

359 2101 558 2132 mordacibus
587 2100 669 2141 (vid.
697 2110 767 2141 sup.
797 2099 899 2146 Epod.
929 2099 980 2140 6),
1010 2110 1088 2141 quos

359 2143 440 2173 fuste
476 2142 630 2182 abigimus
667 2146 698 2172 et
733 2141 922 2182 repellimus,
953 2142 1088 2183 profecto

359 2184 434 2215 huic
452 2182 674 2226 comparationi
689 2183 767 2214 bene
786 2183 951 2224 respondet
971 2185 1086 2215 consti-

359 2231 428 2256 tuta
442 2226 474 2256 in
491 2231 597 2268 poetas
611 2224 780 2256 maledicos
794 2235 888 2266 poena
902 2225 1063 2256 fustuaria.

406 2269 480 2299 156.
503 2269 614 2298 Fer-um
629 2265 774 2309 (rudem)
789 2270 929 2298 victorem
941 2269 1031 2306 oepit,
1044 2277 1088 2298 sc.

358 2309 518 2357 voluptate
538 2309 591 2340 illa
613 2318 707 2350 quam
728 2313 840 2349 parant
856 2309 946 2339 bonae
963 2309 1086 2340 litterae.

359 2351 453 2382 Ludit
475 2351 508 2381 in
530 2351 657 2392 duplice
677 2349 904 2390 significatione
925 2350 1010 2380 verbi
1033 2362 1084 2381 ca-

355 2404 426 2434 pere
459 2393 597 2434 (Graecia
628 2391 758 2432 capta>3
797 2402 862 2433 pro,
890 2392 1023 2429 vincere,
1057 2397 1087 2423 et

357 2434 471 2466 deinde
497 2445 563 2476 pro,
587 2434 747 2476 voluptate
771 2433 825 2468 rei,
850 2444 921 2474 quae
947 2434 1086 2464 animum

358 2477 443 2518 capit
469 2482 501 2507 et
529 2486 606 2507 occu
631 2482 673 2511 at,
702 2475 866 2516 perfundi:
914 2475 1015 2517 Epist.
1046 2476 1086 2506 ad

358 2518 425 2549 Pis.
442 2529 474 2550 v.
493 2519 567 2554 362,
622 2524 634 2548 t
654 2519 786 2556 pictura,
807 2519 898 2556 poesis
917 2520 987 2553 erit,
1009 2529 1085 2558 quae,

356 2563 382 2591 si
394 2563 516 2601 propius
526 2566 592 2594 stes,
604 2560 643 2590 Te
652 2561 747 2599 capiet
762 2558 965 2600 (delectabit)
979 2561 1085 2600 magis.

403 2603 474 2634 157.
498 2603 629 2643 Agresti,
645 2601 726 2636 rudi,
742 2600 874 2632 inculto.

402 2645 474 2680 158,
497 2645 567 2675 159.
594 2644 742 2684 Defluzit,
767 2643 861 2674 fluere
885 2642 987 2674 desiit.
1030 2643 1084 2674 Sa·

355 2687 489 2717 turnius.
535 2686 586 2716 De
600 2684 731 2715 horridis
744 2689 775 2715 et
792 2684 961 2715 inconditis
975 2684 1083 2726 priscae

355 2727 457 2759 aetatis
483 2726 633 2763 versibus,
661 2726 716 2768 qui
751 2732 902 2757 vocantur
931 2726 1083 2763 saturnii,

356 2769 466 2801 Festus
485 2769 519 2800 in
533 2770 667 2800 Saturno
681 2767 773 2799 tradit
790 2767 876 2799 haec:
906 2769 1011 2799 Versus
1028 2780 1083 2799 an-

356 2813 522 2853 tiquissimi,
551 2812 655 2852 quibus
686 2810 811 2840 Faunus
831 2811 909 2850 fata
947 2812 1084 2841 cecinisse

353 2855 517 2885 hominibus
546 2855 679 2888 videtur,
709 2852 850 2882 Saturnii
878 2853 1082 2891 appellantur,

354 2898 459 2937 quibus
473 2905 502 2927 et
517 2907 534 2926 a
550 2895 652 2926 Naevio
666 2895 773 2925 bellum
786 2894 939 2924 Punicum
951 2895 1083 2934 primum

354 2940 564 2978 conscriptum,
585 2944 614 2970 et
637 2948 658 2968 a
680 2937 784 2968 multis
806 2935 875 2967 aliis
894 2937 987 2976 plura
1007 2948 1083 2968 com-

1129 1434 1223 1472 posita
1233 1439 1315 1463 sunt.
1338 1432 1414 1464 Vid.
1424 1433 1682 1465 HermanAElem.
1691 1432 1754 1464 Rei
1765 1433 1862 1464 Metr.

1131 1485 1163 1515 p.
1182 1475 1364 1504 606—640.
1408 1475 1449 1505 Et
1471 1485 1565 1515 grave
1586 1477 1670 1506 virus
1696 1475 1860 1506 Munditie

1128 1517 1289 1555 pepulere:
1333 1517 1495 1547 mundities
1522 1517 1644 1558 pepulit
1669 1516 1859 1559 spurcitiem,

1131 1557 1163 1588 h.
1175 1568 1204 1588 e.
1218 1567 1343 1599 purum,
1361 1557 1500 1598 elegans,
1519 1563 1551 1589 et
1570 1558 1760 1590 concinnum
1783 1558 1859 1589 scri-

1130 1598 1222 1629 bendi
1248 1609 1346 1640 genus
1370 1599 1490 1640 fugavit
1511 1599 1667 1632 scribendi
1690 1610 1789 1642 genus
1810 1600 1859 1630 in-

1130 1641 1263 1676 cultum,
1294 1641 1383 1676 rude,
1418 1646 1450 1672 et
1485 1641 1719 1673 inconcinnum.
1770 1642 1860 1673 Virus

1129 1693 1221 1723 grave
1250 1683 1370 1724 (gravis
1398 1683 1520 1724 odoris)
1545 1683 1727 1715 transfertur
1754 1683 1795 1715 ad
1821 1693 1860 1715 ea

1130 1734 1202 1764 quae
1218 1724 1302 1755 foeda
1316 1731 1348 1756 et
1361 1724 1582 1756 abominabilia
1599 1730 1686 1757 sunt.
1730 1726 1858 1756 Mundi-

1131 1768 1174 1796 tia
1191 1767 1240 1797 vel
1261 1769 1422 1798 mundities
1441 1767 1524 1809 apud
1539 1767 1721 1799 Ciceronem
1736 1777 1860 1809 quoque

1132 1808 1254 1839 Orator.
1267 1818 1298 1839 c.
1315 1810 1368 1844 23,
1384 1809 1565 1840 transfertur
1582 1808 1623 1840 ad
1637 1808 1784 1840 orationis
1802 1820 1860 1852 pu·

1130 1849 1251 1881 ritatem
1273 1855 1304 1881 et
1324 1851 1521 1891 elegantiam,
1545 1851 1708 1892 Elegantia
1727 1853 1811 1882 modo
1831 1858 1861 1882 et

1130 1894 1281 1923 munditia-
1295 1894 1469 1924 remanebit.
1511 1893 1554 1924 Et
1570 1893 1615 1924 sic
1637 1895 1751 1924 munda
1770 1894 1860 1924 verba

1131 1933 1214 2006 apg-d
1230 1934 1332 2006 l(33vid.
1353 1934 1421 1966 Art.
1443 1935 1518 1966 Am.
1539 1934 1584 1972 iii,
1598 1935 1674 1971 478,
1693 1935 1748 1966 ubi
1768 1935 1861 1978 plura

1153 1986 1170 2006 e
1193 1982 1216 2006 1t
1262 1985 1444 2007 urmannuS.

1176 2019 1248 2048 160.
1272 2019 1379 2056 Ruris,
1400 2017 1547 2049 orationis
1567 2017 1702 2056 rusticae,
1717 2018 1752 2050 h.
1767 2027 1796 2050 e.
1810 2018 1858 2049 in-

1131 2065 1253 2096 comtae,
1268 2059 1411 2096 inficetae,
1426 2066 1459 2091 et
1472 2069 1602 2107 asperae.

1177 2102 1247 2132 161.
1270 2102 1359 2133 Serus
1372 2104 1462 2139 enim,
1477 2102 1599 2132 sedicet
1612 2102 1758 2133 Latinus.
1793 2103 1858 2133 Ad-

1131 2145 1220 2173 movit
1235 2146 1385 2180 acumina,
1399 2143 1518 2184 ingenii
1536 2143 1712 2181 facultates,
1727 2143 1859 2184 legendo

1130 2185 1303 2224 acuendas;
1329 2185 1502 2226 elegantius
1516 2190 1548 2216 et
1561 2185 1785 2227 significantius
1825 2195 1860 2216 ro

1130 2226 1260 2274 vulgari,
1291 2226 1428 2258 admovit
1456 2236 1579 2264 manus,
1606 2237 1731 2269 operam
1758 2228 1779 2259 d
1821 2227 1857 2264 it,

1130 2273 1265 2298 vacawt·

1177 2311 1248 2340 163.
1277 2308 1414 2348 Thespis:
1448 2309 1490 2340 cf.
1514 2309 1571 2340 inf.
1599 2309 1701 2351 Epist.
1726 2311 1767 2341 ad
1792 2310 1859 2341 Pis.

1128 2352 1203 2382 276.
1246 2351 1385 2386 Fen-ent,
1401 2351 1578 2392 proferrent,
1594 2351 1839 2394 suppeditarent.

1174 2393 1246 2423 164.
1270 2393 1355 2428 Rem,
1379 2393 1492 2424 Graeca
1513 2393 1664 2430 carmina,
1684 2398 1817 2425 tractata
1840 2404 1859 2425 a

1130 2434 1251 2466 Graecis
1266 2434 1363 2476 poetis
1377 2439 1569 2475 argumenta.

1174 2478 1246 2508 166.
1278 2477 1356 2507 Nam
1381 2479 1475 2516 spirat
1501 2478 1652 2519 tragicum
1676 2479 1759 2513 meis,
1785 2487 1857 2508 nam

1126 2518 1306 2549 sublimiore
1327 2518 1512 2558 tragicorum
1534 2518 1643 2561 spiritu
1663 2517 1738 2549 satis
1759 2518 1858 2560 agita-

1129 2565 1189 2590 tur.
1227 2560 1369 2591 Feliciter
1382 2562 1491 2591 audet:
1514 2560 1559 2591 sic
1572 2559 1721 2591 Horatius
1733 2560 1857 2608 Euripi-

1128 2601 1199 2633 dem
1221 2602 1370 2640 imitatus,
1393 2602 1478 2634 felici
1499 2601 1631 2633 audacia
1651 2611 1720 2644 sup.
1738 2602 1858 2639 Od.1v,

1129 2645 1161 2679 4,
1185 2645 1238 2679 44,
1266 2644 1386 2675 Eurum
1410 2655 1465 2684 per
1487 2646 1584 2675 undas
1609 2645 1752 2684 equitare,
1775 2644 1807 2675 h.
1829 2654 1861 2676 e.

1126 2685 1217 2717 celeri
1231 2685 1347 2727 impetu
1361 2686 1443 2722 ferri,
1457 2685 1549 2717 dixit.

1178 2728 1250 2758 167.
1287 2728 1344 2758 Sed
1379 2734 1495 2768 turpem
1529 2733 1630 2768 putat,
1663 2730 1737 2758 cett.
1794 2727 1856 2758 Sed

1126 2778 1245 2804 curam,
1276 2779 1370 2810 quam
1399 2769 1432 2800 in
1463 2768 1502 2799 iis
1529 2778 1599 2811 que
1635 2768 1739 2799 minus
1773 2774 1858 2801 recte

1127 2810 1252 2853 scripsit
1264 2810 1466 2842 emendandis
1479 2815 1575 2853 atque
1589 2809 1732 2842 delendis
1744 2820 1857 2852 ponere

1124 2853 1269 2889 debebat,
1295 2858 1332 2884 ut
1358 2863 1422 2884 rem
1452 2858 1584 2894 turpem,
1611 2851 1705 2883 stulte
1733 2851 1856 2893 refugit.

1127 2895 1257 2926 Caecina
1284 2893 1318 2925 in
1347 2894 1447 2936 Epist.
1477 2895 1516 2925 ad
1543 2893 1725 2926 Ciceronem
1752 2893 1794 2930 vi,
1823 2894 1855 2929 7,

1127 2939 1266 2970 mendum
1290 2938 1446 2977 scripture
1468 2937 1564 2968 litura
1589 2937 1721 2981 tollitur.
1764 2935 1859 2973 Quod
