1884 3288
458 633 602 695 ΗΟ
615 632 866 694 RATI

878 633 916 693 I
976 630 1238 693 VITA

336 823 381 870 A
418 824 475 870 C.
514 823 872 871 SUETONIO
910 819 1367 870 CONSCRIPTA.

74 1117 155 1180 Q.
180 1128 424 1172 HoRA'rms
444 1129 665 1182 FLAccth,
689 1130 962 1180 Venusinus,
984 1136 1126 1185 patre,
1150 1134 1199 1170 ut
1221 1129 1315 1184 ipse
1339 1127 1517 1184 quidem
1542 1132 1626 1168 tra-

79 1211 158 1263 dit,
179 1211 418 1264 libertino¹‚
439 1221 483 1255 et
503 1214 809 1256 exauctionum
835 1216 1077 1255 coactore2:
1102 1211 1166 1265 (ut
1187 1224 1288 1252 vere
1310 1209 1524 1251 creditum
1544 1215 1626 1259 est,

78 1290 417 1341 salsamentario,
450 1307 585 1346 quum
617 1291 678 1333 illi
705 1292 881 1347 quidam
913 1291 958 1332 in
988 1290 1268 1332 altereatione
1299 1288 1626 1343 exprobrasset,

77 1369 274 1424 quotiens
293 1385 376 1426 ego
396 1370 487 1412 vidi
499 1376 677 1428 patrem
698 1376 812 1411 tuum
834 1369 977 1411 cubito
998 1365 1360 1423 emungentem³?)
1380 1364 1496 1407 bello
1522 1364 1628 1406 Phi-

77 1445 279 1503 lippensi,
307 1449 478 1490 excitus
506 1464 532 1490 a
557 1449 714 1491 Marco
740 1448 883 1490 Bruto
911 1448 1187 1502 imperatore,
1216 1447 1418 1488 tribunus
1445 1443 1629 1486 militum

77 1527 260 1578 meruit3
291 1527 504 1583 victisque
534 1528 749 1584 partibus,
776 1527 902 1569 venia
925 1526 1169 1582 impetrata,
1200 1525 1411 1580 scriptum
1437 1530 1628 1579 quaesto—

78 1603 214 1646 rium⁴
239 1606 517 1661 comparavit.
579 1605 649 1648 Ac
681 1606 821 1662 primo
852 1605 1102 1655 Maecenati,
1134 1604 1294 1646 deinde
1325 1603 1534 1659 Augusto
1565 1602 1628 1643 in-

71 1683 292 1736 sinuatus,
327 1700 415 1727 non
449 1685 711 1728 mediocrem
742 1685 885 1727 locum
916 1685 960 1726 in
992 1686 1217 1727 amborum
1249 1684 1435 1726 amicitia
1469 1681 1624 1724 tenuit.

78 1761 301 1805 Maecenas
336 1771 607 1819 quantopere
647 1779 747 1806 eum
787 1763 1004 1814 dilexerit,
1045 1763 1149 1805 satis
1189 1763 1514 1804 demonstratur
1553 1758 1626 1801 illo

77 1841 387 1897 epigrammate
405 1859 414 1884 :

425 1957 491 1999 Ni
513 1964 554 1999 te
574 1957 814 1999 visceribus
834 1957 951 2006 meis,
974 1955 1159 2005 Horati,

426 2036 534 2077 Plus
541 2037 642 2092 jam
663 2036 820 2092 diligo,
843 2042 887 2076 tv
908 2041 1023 2076 tuum
1042 2035 1234 2076 sodalem

426 2116 592 2162 Ninnio
609 2116 760 2157 videas
779 2116 1117 2171 strigosioreffl.

80 2227 170 2270 Sed
190 2228 326 2284 multo
347 2230 483 2286 magis
504 2230 710 2272 extremis
727 2229 904 2285 judiciis
913 2229 942 2279 ⁶,
966 2228 1042 2270 tali
1062 2229 1118 2270 ad
1140 2227 1394 2284 Augustum
1415 2226 1580 2282 elogio:

424 2353 593 2396 Horati
615 2355 783 2405 Flacci,
806 2361 852 2396 ut

873 2355 968 2405 mei,
991 2369 1148 2396 memor
1169 2360 1274 2396 esto.

135 2476 368 2534 Augustus
390 2480 431 2521 ei
458 2479 758 2535 Epistolarum
786 2479 975 2521 officium
1000 2479 1180 2530 obtulit3
1214 2486 1262 2520 ut
1283 2478 1367 2520 hoc
1389 2479 1444 2520 ad
1468 2477 1629 2520 Maece-

23 2579 41 2623 3
79 2564 224 2599 natem
245 2558 409 2613 scripto
434 2557 674 2613 significat:
708 2558 822 2600 Ante
856 2559 951 2614 ipsc
981 2559 1222 2600 scribendis
1245 2559 1442 2614 epistolis
1471 2558 1630 2600 amico-

23 2742 26 2743 ,
130 2707 161 2738 l.
184 2707 342 2738 Libertino
355 2719 366 2745 ;
390 2706 466 2739 hinc
482 2707 546 2740 Od.
560 2708 594 2746 ii,
608 2710 662 2744 20,
679 2710 700 2740 6
715 2720 829 2749 paupe-

24 2776 27 2778 .
83 2759 154 2780 rum
175 2758 342 2797 parentum
367 2753 546 2793 sanguinem
575 2762 608 2783 se
634 2757 746 2783 vocat:
786 2751 830 2783 cf.

85 2791 152 2823 Sat.
173 2802 197 2830 i,
218 2793 251 2829 6,
278 2794 332 2824 45.
375 2794 409 2824 2.
435 2793 661 2829 „Ea-auctionum
684 2801 830 2831 coactare,

22 2855 24 2859 »
40 2832 56 2877 3¹
85 2833 212 2866 homine
232 2835 301 2878 qui,
319 2835 410 2866 finita
428 2836 586 2872 auctione,
602 2838 643 2868 ab
658 2836 697 2868 iis
714 2838 833 2879 quibus

85 2886 135 2909 res
149 2877 183 2909 iu
197 2878 346 2910 auctione
360 2878 518 2911 attributae
534 2879 680 2916 fuissent,
697 2881 834 2929 pretium

22 2928 52 2957 ,ί
85 2919 224 2962 exigeret
243 2926 276 2954 et
298 2925 436 2963 cogeret.
479 2923 513 2954 3.
538 2923 645 2954 Verba
670 2933 762 2955 uncis
785 2924 834 2955 in-

85 2961 178 2995 elusa
193 2974 250 3007 pro
270 2973 377 3007 panno
399 2970 504 2997 assuto
525 2976 544 2998 a
565 2965 640 2998 viris
657 2965 760 2999 doctis
778 2966 833 2998 ha-

845 3026 868 3053 C

874 2709 1002 2740 bentur.
1053 2709 1085 2739 4.
1116 2709 1271 2749 Scriptum
1301 2711 1503 2750 quaestorium,
1534 2709 1568 2740 h.
1598 2720 1626 2741 e.

875 2762 992 2783 munus
1006 2751 1119 2783 scribae
1135 2751 1296 2794 quaestorii
1309 2764 1316 2783 z
1340 2752 1403 2784 vid.
1419 2752 1490 2784 Liv.
1504 2752 1548 2789 ix,
1562 2753 1604 2783 46
1616 2764 1625 2791 5

877 2795 921 2830 xl,
937 2795 993 2826 29.
1029 2797 1061 2827 5.
1079 2795 1126 2825 Tu
1144 2802 1231 2826 tuum
1245 2796 1375 2826 sodalem
1392 2796 1512 2827 Ninnio
1527 2796 1628 2826 videas

877 2839 1098 2878 strigosiorem:
1120 2843 1189 2869 tum
1204 2837 1328 2869 accidat
1338 2838 1416 2869 mihi
1432 2838 1505 2875 hoc,
1515 2844 1553 2869 ut
1568 2848 1627 2878 ego

879 2881 997 2912 sodalis
1021 2887 1095 2913 tuus
1117 2880 1228 2912 ninnio
1250 2882 1324 2913 fiam
1347 2882 1520 2924 strigosior.
1565 2883 1628 2913 Per

879 2926 1024 2955 ninnium
1038 2924 1089 2955 vel
1106 2934 1221 2965 parvus
1237 2935 1339 2967 equus
1359 2926 1425 2960 sive
1446 2927 1563 2961 mulus,
1579 2926 1627 2956 vel

880 2967 973 2999 homo
990 2967 1120 3010 quidam
1135 2966 1274 3008 ignotus,
1288 2969 1439 3006 Ninnius,
1449 2970 1503 3011 qui
1520 2969 1627 3000 admo-
