1884 3288
305 207 389 250 250

1043 152 1060 169 κ

904 208 1205 250 EPODON

589 307 650 349 Et
669 307 810 348 horna
827 307 946 350 dulci·-
960 310 1056 350 vina
1074 324 1273 365 promens
1295 309 1425 360 dolio,

759 375 907 430 Dapes
927 376 1105 417 inemtas
1126 384 1330 431 apparet3

587 440 691 482 Non
710 455 777 482 me
798 441 986 483 Lucrina
1001 443 1191 496 juverint
1212 442 1446 497 conchylia,

504 508 560 548 50

756 507 952 561 Magisve
973 507 1192 558 rhombus,
1214 515 1286 549 aut
1308 509 1430 558 scari,

590 573 636 614 Si
657 588 763 627 quos
786 574 891 614 Eois
912 573 1102 615 intonata
1121 574 1323 616 fluetibus

758 640 909 681 Hiems
930 641 982 682 ad
1006 640 1089 682 hoc
1110 647 1248 682 vertat
1269 655 1382 682 mare
1401 658 1410 690 ;

590 706 692 747 Non
714 705 822 748 Afra
843 707 930 747 avis
952 707 1187 748 descendat
1206 707 1250 747 in
1270 714 1458 748 ventrem
1479 720 1634 756 meum,

758 773 859 813 Non
881 779 1054 827 attagen
1077 773 1247 814 Ionicus

505 840 559 880 55
589 838 844 887 Jucundior,
867 854 994 892 quam
1013 838 1122 880 lecta
1143 840 1198 880 de
1218 840 1506 894 pinguissimis

761 905 888 946 Oliva
908 906 1033 946 ramis
1055 907 1269 955 arborum,

547 1003 557 1011 .
589 972 681 1012 Aut
700 971 836 1012 herba
854 971 1015 1026 lapathi
1039 979 1160 1026 prata
1180 973 1371 1022 amantis,
1394 980 1437 1013 et
1457 972 1577 1026 gravi

760 1037 917 1078 Malvae
939 1037 1128 1078 salubres
1150 1038 1335 1091 corpori,

590 1104 674 1146 vel
696 1119 806 1158 agna
825 1104 944 1145 festis
967 1118 1078 1144 caesa
1099 1103 1430 1154 Terminalibus,

502 1172 559 1211 (30

759 1169 843 1210 Vel
862 1170 1013 1210 haedus
1035 1176 1210 1224 ereptus
1230 1169 1348 1224 lupo.

585 1237 679 1278 Has
701 1238 811 1278 inter
830 1236 979 1291 epulas
1001 1243 1049 1277 ut
1063 1237 1187 1290 juvat
1207 1244 1352 1290 pastas
1375 1250 1474 1276 oves

753 1302 916 1343 Videre
938 1310 1220 1357 properantes
1243 1303 1439 1344 domum!

300 1400 398 1431 multa
435 1398 656 1431 exercitatione
689 1401 836 1439 paratur-3
875 1397 920 1427 sic
951 1395 1034 1438 apud

302 1442 372 1473 Liv.
405 1441 481 1479 lxiv,
513 1443 565 1476 34,
595 1451 702 1480 corpus
728 1441 974 1479 pernicissimam,
1005 1443 1035 1468 et

300 1483 407 1520 xxviii,
424 1485 478 1518 20,
495 1494 619 1522 corpora
633 1484 729 1512 multa
746 1483 955 1512 exercitatione
969 1491 1035 1519 per-

299 1526 393 1556 nicia.
433 1525 597 1556 Horatium
611 1523 750 1555 imitatus
761 1529 806 1553 est
823 1522 941 1553 Statius
955 1522 1035 1552 Silv.

299 1577 330 1602 V,
351 1570 375 1605 1,
396 1568 454 1597 122
475 1578 546 1608 sqq.
571 1567 657 1596 Velut
679 1566 799 1604 Appula
817 1566 924 1604 conjux
942 1565 1035 1604 Agri-

301 1610 369 1639 cola>
398 1611 496 1649 parci,
521 1610 564 1638 vel
590 1610 648 1638 sole
672 1608 783 1648 insecta
812 1608 932 1640 Sabino,
964 1607 1036 1640 Qaae

301 1652 381 1681 videt
419 1652 533 1681 emeriti
560 1651 629 1689 jam
663 1650 916 1688 prospectantibus
947 1649 1038 1678 astris

305 1693 428 1732 Tempus
441 1694 538 1722 adesse
550 1694 620 1726 viri.
634 1701 756 1730 propere
765 1700 932 1730 mensasque
946 1696 1036 1720 toros-

297 1746 353 1774 que
376 1735 521 1770 Instruit,
542 1740 743 1773 exspectatque
765 1744 867 1763 sonum
886 1733 1036 1762 redeuntis

299 1778 410 1808 aratri.
457 1777 582 1806 Sacrum
594 1782 620 1806 et
637 1777 758 1806 vetustis
770 1774 1035 1805 exstruat—Lassi

298 1820 351 1848 sub
365 1821 526 1849 adventum
542 1819 612 1853 viri,
633 1817 754 1848 scilicet
775 1823 808 1847 ut
831 1828 938 1856 aquam
961 1817 1036 1846 cali·

300 1863 382 1895 dam,
399 1860 571 1901 quafessas
583 1859 712 1890 maritus
729 1859 861 1893 lavetur,
876 1863 1035 1896 comparet,

301 1907 336 1932 ut
352 1901 469 1932 Tibull.
490 1902 511 1936 i,
538 1903 586 1937 10,
609 1903 650 1932 42
670 1899 812 1931 disertius
835 1899 868 1930 in
887 1910 918 1930 re
935 1899 1033 1929 simil-

301 1944 376 1974 lima
391 1943 544 1984 loquitur:
563 1955 692 1979 sacrum,
708 1954 751 1974 sc.
767 1943 920 1978 Laribus;
938 1947 1033 1972 vetus-

301 1988 338 2016 tis
370 1995 435 2026 pro,
463 1984 567 2015 aridis.
612 1985 706 2015 Pecus
737 1986 847 2021 laetum,
874 1983 1035 2014 luxurians

300 2027 478 2068 saliensque
488 2027 528 2057 ob
539 2027 651 2057 bonam
664 2026 800 2068 corporis
809 2025 1035 2056 habitudinem.

302 2070 444 2100 Distenta
462 2071 547 2099 siccet
569 2070 672 2103 ubera,
696 2068 835 2098 ornatius
857 2078 912 2109 pro
935 2067 1034 2103 tenui,

302 2111 458 2152 mulgeat:
481 2112 574 2141 horna
597 2113 678 2144 vina,
696 2110 870 2144 hornotina,
893 2109 950 2140 hoc
969 2109 1036 2150 ipso

301 2153 425 2184 demum
455 2162 537 2183 anno
566 2157 650 2189 nata,
679 2152 818 2192 adeoque
845 2151 906 2182 fere
934 2151 1035 2182 adhuc

302 2200 448 2225 mustum.
477 2195 618 2224 Promens
628 2195 711 2224 dulci
724 2195 812 2228 dolio,
826 2199 962 2223 mustum
974 2192 1035 2222 sci-

301 2237 375 2268 licet
397 2237 578 2267 servabatur
593 2235 725 2282 primum
742 2235 774 2265 in
792 2246 866 2274 cupa
880 2235 944 2264 sive
959 2236 1035 2265 dolio

301 2278 473 2320 capaciore,
491 2278 575 2309 unde
592 2277 684 2313 illud,
701 2277 827 2318 quando
849 2276 1035 2307 defaecatum

301 2322 411 2356 suerat,
429 2320 461 2351 in
481 2320 655 2361 amphoras,
680 2325 785 2354 testas,
808 2319 856 2349 vel
875 2319 967 2349 cados
983 2320 1033 2349 de-

293 2363 508 2405 sundebatar,·
526 2362 631 2392 vinum
644 2361 737 2402 igitur
749 2372 781 2391 ez
794 2362 871 2391 dolio
882 2362 1033 2395 haustum,

301 2405 348 2435 vel
370 2406 495 2441 doliare,
517 2403 622 2435 bibere
646 2403 789 2434 solebant
808 2402 960 2433 tenuiores
984 2403 1033 2433 vel

300 2446 508 2489 pauperiores,
532 2447 670 2484 defusum
685 2455 756 2475 vero
776 2450 807 2475 et
825 2446 856 2474 in
877 2444 1035 2486 apothecis

300 2488 427 2520 vinariis
435 2487 628 2519 reconditum
638 2487 806 2518 beatiores:
823 2486 886 2516 vid.
898 2486 1035 2527 Boettig.

301 2537 333 2563 et
347 2541 439 2572 quem
457 2530 578 2560 Ernesti
594 2530 625 2559 in
644 2530 736 2560 Clav.
753 2529 823 2560 Cic.
837 2538 862 2559 ε.
879 2539 906 2559 ν.
918 2530 1033 2559 dolium

302 2572 410 2604 laudat
436 2572 567 2603 Abram.
594 2572 633 2602 ad
661 2571 731 2603 Cic.
755 2571 899 2612 Philipp.
921 2570 955 2605 ii,
978 2571 1033 2602 27.

305 2616 412 2652 Dulci,
457 2613 489 2644 iu
535 2614 650 2654 quibus
691 2613 782 2644 dulce
822 2613 928 2643 vinum
971 2613 1036 2645 sive

302 2662 439 2688 mustum
455 2655 614 2686 conditum
626 2662 691 2686 est:
717 2656 872 2695 conchylia
885 2655 1034 2691 Lucrina,

302 2711 319 2731 e
335 2700 408 2730 lacu
427 2697 565 2728 Lucrino
584 2697 692 2739 petita,
717 2708 789 2738 quae
806 2696 915 2727 ceteris
929 2697 1036 2728 ostreis

302 2753 320 2773 a
335 2740 502 2772 lautiorum
516 2739 681 2781 epularum
703 2739 938 2770 aestimatoribus
957 2749 1035 2780 prae-

306 2783 376 2815 ferri
395 2782 556 2813 solebant:
583 2781 624 2812 cf.
646 2781 702 2811 inf.
728 2782 792 2812 Sat.
815 2780 848 2818 ii,
871 2782 902 2815 4,
925 2781 980 2816 32,
1006 2786 1037 2812 et

303 2825 448 2857 Macrob.
462 2822 495 2860 ii,
521 2824 572 2854 ll.
617 2824 777 2860 Rhombus,
798 2823 1035 2864 (Schollenfisch,

304 2866 428 2907 Βϊιῑιε),
451 2865 564 2906 passim
587 2864 667 2896 inter
683 2864 821 2896 melioris
839 2870 919 2895 notae
939 2865 1037 2906 pisces

301 2910 464 2941 laudatur:
488 2907 530 2939 cf.
545 2907 602 2938 inf.
614 2908 680 2938 Sat.
691 2907 713 2943 i,
728 2908 760 2941 2,
777 2907 848 2941 116,
861 2907 1030 2938 Columell.

300 2953 367 2989 viii,
382 2951 432 2988 17,
443 2950 478 2982 9‘.
518 2950 619 2981 scari.-
635 2949 854 2990 vide,qu0srde
867 2948 924 2980 hoc
941 2949 1030 2980 nobi-

1783 1346 1800 1359 0

1078 1396 1153 1426 liore
1170 1395 1254 1437 pisce
1270 1395 1377 1426 laudat
1391 1394 1519 1426 Jacobs.
1538 1393 1571 1424 in
1585 1392 1756 1424 Animadv.
1773 1392 1814 1424 ad

1079 1438 1211 1469 Anthol.
1233 1438 1337 1468 Graec.
1351 1436 1415 1467 vol.
1435 1437 1480 1471 iii,
1500 1445 1573 1478 pars
1587 1435 1609 1472 i,
1630 1447 1663 1477 p.
1679 1436 1735 1466 89.
1779 1436 1813 1466 si

1078 1491 1147 1519 quos
1175 1480 1244 1510 Eois
1268 1483 1401 1510 intonata
1415 1479 1566 1519 fluctibus
1585 1477 1685 1508 Hiems
1703 1479 1743 1508 ad
1761 1479 1814 1508 hoc

1079 1528 1177 1552 vertat
1186 1532 1268 1551 mare
1278 1533 1289 1558 ,-
1307 1520 1332 1551 si
1342 1521 1418 1550 forte
1429 1525 1605 1561 tempestas,
1614 1529 1728 1559 magno
1740 1529 1814 1550 cum

1079 1563 1215 1593 tumultu
1240 1562 1271 1592 in
1291 1562 1367 1592 mari
1392 1562 1458 1593 Eoo
1477 1566 1596 1597 exorta,
1615 1571 1718 1592 eorum
1740 1560 1815 1593 inde

1079 1604 1229 1645 quosdam
1266 1605 1304 1635 ad
1337 1614 1419 1634 mare
1453 1603 1591 1634 vicinum
1627 1602 1812 1644 dispulerit:

1080 1647 1161 1687 Afra
1167 1649 1242 1679 avis,
1251 1645 1369 1686 gallina
1376 1645 1559 1680 Numidica,
1566 1650 1697 1686 guttam,
1705 1646 1720 1687 (
1727 1645 1814 1676 Perl-

1081 1688 1182 1729 hahn)
1198 1688 1262 1718 vid.
1274 1687 1421 1719 Schneid.
1434 1686 1474 1718 ad
1485 1687 1652 1719 Columell.
1661 1686 1728 1722 viii,
1738 1689 1770 1718 2.
1781 1688 1814 1718 2.

1078 1732 1212 1772 Attagen
1232 1730 1364 1764 lonicus,
1387 1730 1501 1767 (rothes
1524 1730 1684 1771 gehaubtes
1709 1729 1813 1760 Hasel-

1079 1772 1193 1812 halim)
1215 1778 1263 1803 est
1282 1772 1335 1803 ille
1357 1771 1460 1802 adhuc
1479 1771 1639 1812 regionum
1657 1770 1814 1802 Asiatica-

1079 1825 1146 1845 rum
1178 1814 1320 1855 inprimis
1353 1814 1522 1854 indigena:
1561 1814 1651 1843 herba
1687 1814 1814 1853 lapathi,

1079 1855 1331 1898 (Sanerampfer)
1361 1866 1380 1886 a
1408 1855 1501 1886 verbo
1523 1854 1705 1891 λαπάζειν,
1728 1855 1760 1886 h.
1786 1866 1815 1887 e.

1078 1899 1209 1935 inanire,
1241 1909 1285 1929 sc.
1319 1898 1452 1936 alvum;
1490 1897 1564 1928 hinc
1592 1897 1650 1928 inf.
1681 1898 1747 1928 Sat.
1779 1897 1814 1934 ii,

1079 1943 1110 1976 4,
1139 1942 1192 1976 29,
1221 1942 1246 1971 si
1274 1942 1353 1970 dura
1381 1941 1548 1970 morabitur
1575 1939 1815 1979 alvus—pellent

1079 1985 1226 2014 obstantia
1249 1983 1374 2017 conchae,
1400 1982 1435 2012 Et
1460 1982 1691 2021 lapathi¹brevis
1712 1982 1814 2013 herba.

1081 2026 1178 2056 Prata
1209 2027 1348 2061 amantis,
1369 2023 1534 2071 pratensis,
1557 2023 1590 2054 in
1611 2022 1708 2064 pratis
1730 2033 1811 2065 prm-

1078 2066 1171 2108 cipue
1186 2072 1218 2098 et
1231 2066 1308 2098 locis
1327 2066 1396 2096 udis
1417 2071 1510 2106 atque
1530 2065 1722 2108 palustribus
1742 2074 1813 2096 nas-

1079 2109 1197 2147 centis;
1237 2108 1323 2140 Plin.
1353 2119 1404 2144 xx,
1435 2109 1488 2139 21.
1542 2107 1652 2138 Malvoe
1670 2107 1814 2139 salubres

1079 2153 1195 2190 corpori
1218 2153 1320 2191 gravi,
1342 2149 1373 2180 h.
1397 2160 1428 2181 e.
1455 2150 1562 2181 alvum
1588 2148 1812 2180 adstrictior-em

1079 2192 1240 2229 levantes;
1277 2192 1350 2222 hinc
1376 2202 1445 2233 sup.
1471 2192 1492 2230 i,
1514 2193 1568 2228 31,
1595 2191 1644 2228 16,
1666 2190 1814 2223 dicuntur

1079 2235 1151 2265 leves
1163 2246 1173 2270 ‚-
1198 2235 1297 2264 Mart.
1318 2244 1350 2269 x,
1367 2235 1420 2269 48,
1441 2235 1473 2270 7,
1497 2234 1720 2264 Exoneraturas
1743 2243 1813 2264 ven·

1079 2282 1152 2307 trem
1168 2277 1242 2306 mihi
1257 2277 1360 2307 villica
1379 2277 1491 2306 malvas
1511 2277 1640 2311 Attulit,
1656 2282 1683 2306 et
1699 2277 1812 2313 varias,

1077 2329 1150 2359 quas
1179 2319 1265 2348 habet
1295 2319 1410 2354 hortus,
1440 2327 1516 2357 opes.
1571 2317 1811 2348 Terminalibus.-

1077 2360 1316 2391 celebrabantur
1345 2359 1531 2390 Terminalia
1561 2369 1591 2390 a.
1616 2360 1648 2390 d.
1670 2359 1712 2389 vii
1741 2359 1813 2391 Cal.

1078 2403 1175 2433 Mart.
1205 2402 1275 2432 vide
1306 2402 1344 2432 de
1375 2401 1413 2432 iis
1443 2401 1539 2433 Ovid.
1570 2401 1654 2435 Fast.
1683 2401 1717 2437 ii,
1747 2401 1812 2433 639

1076 2455 1148 2485 sqq.
1199 2445 1278 2474 Caesa
1293 2455 1374 2485 agna
1391 2444 1487 2474 Ovid.
1503 2443 1526 2474 l.
1543 2443 1567 2475 l.
1582 2453 1613 2474 v-
1627 2443 1704 2479 655,
1717 2443 1811 2484 Spar-

1074 2489 1163 2526 gitur
1190 2492 1218 2516 et
1249 2497 1320 2517 casa
1351 2487 1498 2517 communi
1529 2485 1686 2517 Teminus
1713 2495 1809 2526 agna.

1078 2529 1192 2559 Haedus
1215 2534 1332 2567 ereptas
1359 2529 1450 2568 lupo:
1480 2527 1530 2559 vel
1574 2526 1638 2558 uod
1657 2526 1812 2569 ejusmodi

1079 2570 1201 2606 haedus,
1217 2570 1283 2611 jam
1304 2570 1371 2612 lupi
1393 2569 1542 2601 dentibus
1574 2579 1664 2603 aesus,
1682 2570 1812 2601 mactari

1078 2613 1206 2643 omnino
1230 2613 1343 2650 debet3
1373 2612 1424 2644 vel
1440 2612 1536 2653 *quod
1565 2621 1615 2647 ea,
1637 2621 1708 2652 quae
1728 2611 1812 2643 bona

1079 2654 1201 2685 fortuna
1217 2654 1306 2685 nobis
1320 2659 1441 2685 servata
1453 2659 1486 2684 et
1502 2653 1624 2685 reddita
1640 2659 1724 2692 sunt,
1745 2659 1812 2684 stu-

1078 2696 1197 2727 diosius
1211 2696 1244 2727 in
1257 2706 1348 2727 usum
1363 2701 1394 2728 et
1406 2696 1545 2726 fructum
1558 2694 1778 2727 convertimus.

1122 2739 1261 2770 61—70.
1285 2738 1351 2768 Has
1380 2741 1459 2770 inter
1485 2739 1598 2776 epulas,
1619 2742 1695 2768 cett.
1736 2738 1811 2769 Jam

1080 2780 1291 2811 dulcissimam
1314 2779 1401 2811 illam
1427 2779 1631 2822 voluptatem,
1656 2788 1722 2826 qua
1745 2789 1813 2810 ves-

1080 2823 1200 2864 pertino
1215 2827 1352 2864 tempore
1407 2827 1437 2852 st
1453 2827 1596 2864 peractos
1609 2820 1672 2852 diei
1690 2821 1811 2853 labores

1080 2864 1215 2895 rusticus
1243 2864 1352 2906 perfun
1377 2864 1450 2900 itur,
1479 2862 1610 2895 breviter
1636 2862 1811 2894 adumbrat.

1075 2906 1224 2949 Concipit
1245 2915 1356 2948 nempe
1376 2905 1480 2937 animo
1502 2906 1670 2937 foenerator
1687 2904 1806 2946 jucun-

1073 2948 1232 2980 dissimum
1247 2948 1336 2979 illum
1353 2957 1491 2984 sensum,
1502 2957 1566 2990 quo
1581 2946 1714 2979 rusticus
1729 2946 1808 2979 inter
