1884 3288
339 223 424 265 214

895 225 1290 269 CARMINUM

626 324 908 365 Cunctantem
930 325 1066 378 spatio
1087 324 1253 378 longius
1274 339 1415 364 annuo

963 390 1094 432 Dulci
1115 391 1291 432 distinet
1312 407 1336 431 a
1357 391 1497 441 domo,

622 455 748 497 Votis
770 457 1067 510 ominibusque
1088 465 1131 497 et
1150 458 1350 510 precibus
1373 463 1510 505 vocat,

625 522 767 564 Curvo
786 538 864 564 nec
885 523 1035 564 faciem
1054 523 1179 564 litore
1200 524 1397 565 demovet
1415 540 1423 564 :

544 589 595 629 15
625 588 695 630 Sic
716 589 939 631 desideriis
959 590 1043 630 icta
1062 587 1264 630 fidelibus

964 656 1132 702 Quaerit
1152 656 1291 709 patria
1312 655 1540 697 Caesarem.

624 720 768 762 Tutus
788 722 867 762 bos
889 722 1045 762 etenim
1066 737 1167 762 rura
1187 721 1476 775 perambulat:

622 787 775 828 Nutrit
795 803 894 828 rura
915 788 1061 837 Ceres,
1084 787 1277 843 almaque
1297 788 1512 830 Faustitas
1530 804 1540 829 :

624 852 829 894 Pacatum
850 852 1026 894 volitant
1046 869 1124 908 per
1143 869 1257 895 mare
1278 855 1431 895 navitae
1448 871 1457 896 ς

535 919 592 959 20

959 920 1134 975 Culpari
1154 922 1304 962 metuit
1324 921 1454 962 Fides
1469 937 1478 962 ε

626 986 769 1027 Nullis
790 986 994 1041 polluitur
1015 995 1130 1029 casta
1151 988 1300 1029 domus
1323 988 1505 1041 stupris:

340 1114 385 1147 tia.
399 1121 454 1147 tua
472 1116 584 1152 tristes,
606 1117 763 1148 exhilara:
789 1119 864 1148 lucis
882 1117 1015 1158 imagine
1036 1119 1075 1149 de

341 1163 425 1189 statu
447 1158 525 1189 tristi
545 1158 580 1189 in
603 1159 752 1190 laetiorem
775 1166 892 1190 mutato
915 1159 991 1190 nihil
1015 1161 1073 1191 sre-

341 1200 497 1241 quentius.
541 1201 645 1231 Instar
679 1202 761 1232 Veris
789 1204 867 1231 enim
893 1204 996 1233 vultus
1021 1204 1074 1232 ubi

344 1250 413 1273 tuus
424 1243 507 1284 Arifu
513 1245 579 1274 lsit:
597 1253 667 1273 narn
680 1244 734 1274 ubi
745 1243 849 1274 vultus
860 1243 905 1274 tui
917 1244 1073 1285 splendor,

340 1284 396 1325 qui
409 1285 488 1316 veris
503 1285 600 1316 instar
616 1291 735 1316 serenat
744 1286 859 1323 omnia,
871 1285 1072 1327 conspicitur,

341 1332 414 1358 cett.
471 1327 552 1358 Veris
579 1327 746 1367 imaginem
775 1328 884 1358 referre
913 1327 1071 1363 dicuntur,

341 1368 397 1410 qui
412 1369 531 1403 omnia,
549 1369 602 1399 ubi
617 1375 777 1410 apparent,
791 1369 966 1400 exhilarant
977 1378 1072 1411 atque

340 1421 450 1441 serena
459 1411 606 1442 reddunt:
627 1412 678 1442 Cl.
696 1412 832 1451 Boettig.
850 1411 957 1442 laudat
971 1412 1072 1442 'l'heo-

340 1453 410 1483 crit.
424 1453 491 1488 viii,
506 1454 558 1488 41,
578 1454 696 1496 παντᾷ
713 1451 919 1494 ἔαρ,-”Ενθ’
939 1453 959 1484 ἁ
982 1455 1069 1484 καλὰ

342 1497 425 1532 παῖς
440 1495 656 1527 ἐπινίσσεται·
680 1495 721 1526 cf.
746 1495 875 1525 ixlitsch.
894 1495 932 1526 ad
954 1496 985 1526 h.
1003 1496 1023 1526 l.
1040 1501 1070 1526 et

340 1537 649 1568 Jacobs.Animadv.
662 1537 700 1566 ad
712 1537 842 1567 Anthnl.
857 1538 960 1568 Graec.
973 1538 1032 1568 vol.
1047 1538 1069 1568 i.

340 1590 374 1620 p.
389 1580 464 1610 310.
508 1580 644 1619 Augusti
664 1579 757 1619 igitur
774 1579 880 1609 vultus
898 1580 991 1610 talem
1008 1580 1070 1610 fere

337 1621 402 1662 jam
419 1622 612 1663 splendorem
629 1631 691 1663 prae
707 1631 740 1652 se
756 1621 832 1651 ferre
846 1621 968 1657 dicitur,
985 1621 1071 1662 quali

340 1663 382 1693 dii
406 1663 601 1704 praesentiam
622 1673 709 1693 suam
731 1663 928 1693 manifestare
948 1663 1070 1703 fingun-

340 1711 407 1735 tur:
436 1705 477 1736 cf.
506 1706 632 1735 Homer.
664 1706 780 1746 Hymn.
805 1704 836 1734 in
863 1705 934 1735 Cer.
957 1716 985 1735 v.
1007 1706 1069 1736 277

341 1757 410 1788 sqq.
453 1748 530 1777 Soles
544 1748 648 1777 melius
660 1747 709 1788 (h.
722 1757 748 1777 e.
762 1746 940 1788 pulchrius)
953 1749 1069 1778 nitent:

339 1789 371 1819 in
410 1789 490 1820 hanc
526 1789 712 1820 sententiam
750 1788 885 1829 Boettig.
914 1795 1072 1830 comparat

342 1831 489 1872 AEsehyl.
506 1833 593 1862 Pers.
609 1832 683 1861 298.

382 1874 501 1904 9—16.
527 1874 568 1904 Ut
583 1876 835 1913 nzaterjzwenem‚
847 1879 919 1904 cett.
933 1874 980 1904 En
995 1873 1070 1904 ima-

339 1916 443 1954 ginem
479 1915 694 1945 dulcissimam
709 1916 714 1945 !
763 1915 898 1946 Romani
932 1916 1071 1955 Augusti

339 1957 470 1988 reditum
490 1957 598 1987 eodem
621 1957 771 1988 desiderio
792 1962 823 1988 et
844 1956 951 1988 eadem
974 1958 1070 1988 animi

338 1999 549 2030 sollicitudine
578 2005 772 2040 exspectant,
803 2009 865 2040 qua
893 1999 945 2041 pia
974 2005 1072 2030 mater

337 2041 394 2071 filii
415 2041 475 2078 sui,
486 2041 554 2082 jam
569 2051 651 2071 anno
668 2041 792 2082 longius
807 2042 838 2071 in
854 2042 962 2072 itinere
977 2043 1069 2072 mari-

338 2084 414 2114 timo
428 2083 588 2118 morantis,
599 2090 777 2130 exspectare
787 2083 874 2113 solet.
908 2084 946 2113 In
961 2083 1070 2114 eadem

339 2125 552 2156 adumbrantia
574 2125 708 2165 imagine
731 2135 855 2165 operam
878 2125 980 2166 posuit
1002 2127 1068 2167 Op-

339 2166 423 2208 pian.
441 2167 512 2197 Hal.
534 2167 574 2197 iv.
596 2168 659 2198 335
675 2177 742 2207 sqq.
758 2177 851 2208 quem
867 2167 981 2198 tirones
996 2178 1067 2197 cum

340 2209 469 2239 Horatio
480 2214 669 2250 comparent.
697 2209 792 2238 Notus
805 2220 811 2238 :
829 2208 974 2238 adversus
985 2209 1067 2239 enim

338 2251 391 2282 ille
407 2252 463 2282 flat
481 2251 596 2286 nautis,
616 2261 632 2281 e
656 2250 804 2291 Bithynia
822 2260 875 2291 per
891 2261 973 2281 mare
990 2252 1068 2281 Car-

337 2293 478 2334 pathium
496 2293 527 2323 iu
544 2293 669 2323 Italiam
684 2291 907 2330 redeuntibus;
924 2293 1067 2333 quamvis

337 2335 416 2365 alias
441 2335 538 2366 Notus
563 2345 616 2375 pro
641 2335 752 2375 quovis
782 2339 872 2364 vento
899 2335 1068 2375 procelloso

336 2377 481 2418 ponitur:
507 2379 618 2411 invido,
636 2377 748 2412 inviso,
766 2376 916 2413 adverso3
939 2377 984 2407 sic
1007 2387 1066 2412 res,

337 2430 408 2460 quae
423 2419 505 2449 votis
519 2418 650 2449 aliorum
673 2419 810 2453 obstant,
827 2418 940 2460 passim
960 2421 1068 2449 invidoe

336 2462 495 2498 dicuntur,
522 2466 557 2491 ut
583 2463 682 2499 paries
710 2462 836 2491 invidit-31
860 2461 942 2502 apud
971 2460 1065 2492 Ovid.

337 2504 418 2535 Met.
440 2504 482 2538 iv,
507 2504 559 2540 73,
581 2504 685 2533 invida
711 2505 797 2533 vestis
824 2503 907 2543 apud
931 2503 1064 2533 eundem

338 2546 446 2576 Amor.
461 2545 506 2579 iii,
528 2547 559 2581 2,
582 2546 636 2575 27.
682 2546 776 2575 Drilci
799 2547 893 2580 domo,
914 2555 952 2579 ex
973 2545 1066 2585 longo

334 2588 442 2618 itinere
456 2587 539 2618 enim
557 2587 698 2617 redeunti
717 2587 795 2617 nihil
811 2586 903 2617 domo
923 2596 979 2617 sua
994 2587 1065 2618 dul-

335 2630 426 2667 cius3
449 2629 522 2660 hinc
539 2629 656 2660 Catull.
669 2629 752 2664 xxxi,
769 2630 787 2660 7
804 2639 872 2670 sqq.
891 2629 916 2659 0
931 2631 1002 2668 quid
1017 2641 1061 2660 so-

336 2673 410 2702 lutis
424 2678 465 2702 est
481 2671 595 2703 beatius
608 2672 711 2701 curis!
736 2672 811 2702 Cum
827 2682 906 2701 mens
923 2682 995 2701 onus
1013 2683 1061 2702 re-

331 2716 429 2754 ponit,
453 2725 488 2744 ae
511 2715 668 2755 peregrino
700 2714 812 2743 Labore
830 2714 909 2755 fessi
932 2716 1064 2744 venimus

334 2756 443 2787 Larem
459 2758 498 2786 nd
517 2763 662 2792 nostrum,
682 2756 914 2795 Desideratoque
932 2757 1062 2795 acquies-

333 2800 427 2828 cimus
442 2801 524 2829 Iecto.
572 2798 662 2833 Votis,
680 2808 749 2838 quae
766 2802 863 2827 mater
878 2807 932 2838 pro
947 2797 1002 2827 filii
1018 2808 1063 2828 re-

334 2839 401 2870 ditu
414 2845 576 2881 nuncupat
587 2845 618 2870 et
629 2838 769 2880 suscipit.
818 2839 984 2875 Ominibus,
996 2850 1063 2870 ver-

333 2882 380 2912 bis
396 2883 475 2913 bene
493 2882 648 2912 ominatis.
697 2881 772 2915 lew,
793 2880 831 2910 ad
853 2880 1064 2912 vehementio-

330 2934 394 2955 rem
414 2923 556 2955 desiderii
571 2924 715 2954 affectum
731 2922 967 2963 designandum.
1013 2924 1063 2955 De

330 2966 497 3004 locutione,
509 2975 570 3008 qua
586 2965 655 3008 quis
667 2964 804 3007 graviore
815 2964 949 3005 quodam
961 2965 1057 2997 animi

1117 1117 1240 1154 affectu,
1257 1118 1367 1154 dolore,
1381 1118 1477 1153 malis,
1483 1117 1608 1160 furore,
1618 1121 1693 1148 cett.
1705 1117 1782 1148 ictus
1795 1117 1844 1148 di·

1116 1160 1208 1195 citur,
1231 1160 1292 1190 vid.
1314 1160 1359 1190 N.
1382 1159 1492 1190 Heins.
1513 1159 1554 1190 ad
1573 1158 1667 1190 Ovid.
1692 1158 1787 1190 Trist.
1809 1159 1844 1195 ii,

1116 1203 1191 1239 818,
1207 1207 1238 1233 et
1254 1202 1365 1232 Burin.
1377 1202 1446 1232 Sec.
1462 1201 1503 1232 ad
1519 1200 1650 1232 Anthol.
1671 1200 1744 1231 Lat.
1758 1201 1795 1232 T.
1809 1201 1844 1238 ii,

1116 1254 1146 1285 p.
1175 1245 1226 1275 66.
1282 1245 1454 1274 Fidelibus:
1478 1243 1584 1274 retulit
1605 1243 1663 1274 hoc
1684 1242 1844 1289 epitheton

1116 1291 1208 1327 poeta
1222 1286 1260 1317 ad
1272 1287 1434 1321 desideriis.
1445 1285 1530 1326 quod
1545 1295 1582 1316 ex
1593 1284 1711 1325 vulgari
1725 1285 1844 1317 ratione

1116 1328 1155 1357 ad
1175 1330 1274 1367 patria
1298 1327 1489 1359 referendum
1511 1332 1588 1358 erat.
1633 1327 1762 1362 Quaerit,
1788 1327 1843 1358 ad-

1115 1379 1182 1400 esse
1207 1370 1306 1412 cupit,
1329 1370 1412 1401 reddi
1437 1369 1496 1400 sibi
1518 1373 1623 1411 optata
1650 1368 1693 1400 cf.
1709 1378 1781 1411 sup.
1797 1368 1842 1405 iii,

1115 1412 1168 1447 24,
1182 1413 1234 1442 32.

1158 1454 1294 1484 17—20.
1312 1454 1407 1485 Tutus
1421 1454 1468 1483 bos
1483 1454 1601 1488 etenim,
1615 1456 1688 1483 cett.
1703 1462 1802 1484 nexus
1812 1459 1844 1484 et
1867 1492 1870 1495 Ι

1113 1505 1243 1526 sensus:
1278 1506 1334 1526 nec
1365 1496 1488 1530 mirum,
1518 1494 1651 1536 patriam
1681 1499 1767 1525 tanto
1796 1496 1843 1526 tui

1114 1538 1208 1567 teneri
1225 1537 1396 1575 desideri03
1419 1546 1490 1567 nam
1506 1537 1563 1567 sub
1581 1543 1636 1567 tuo
1651 1535 1692 1568 im
1717 1536 1780 1568 erio
1794 1547 1842 1568 re-

1113 1578 1168 1608 diit
1190 1579 1220 1609 in
1237 1579 1319 1609 illam
1341 1579 1501 1615 securitas,
1519 1578 1672 1614 fertilitas,
1700 1579 1842 1615 austitas,

1113 1621 1284 1661 opulentia,
1322 1621 1408 1658 fides,
1445 1621 1583 1657 castitas,
1623 1619 1841 1662 conjugiorum

1113 1663 1274 1700 sanctitas,
1291 1669 1320 1694 et
1337 1664 1439 1704 legum
1451 1663 1629 1693 auctoritas.
1658 1663 1697 1693 In
1711 1663 1842 1694 eandem

1113 1704 1175 1735 fere
1196 1705 1235 1736 de
1257 1706 1468 1736 Romanorum
1487 1705 1546 1735 sub
1561 1703 1698 1744 Augusti
1713 1704 1843 1747 imperio

1114 1746 1260 1778 felicitate
1274 1747 1461 1778 sententiam
1473 1746 1540 1788 jam
1555 1747 1595 1777 ab
1611 1746 1681 1777 aliis
1696 1747 1844 1779 laudatus

1117 1789 1232 1820 Vellei.
1252 1789 1285 1824 ii,
1307 1791 1360 1826 89,
1382 1789 1470 1820 Nihil
1488 1791 1593 1820 deinde
1616 1795 1716 1828 optare
1733 1801 1752 1819 a
1771 1790 1842 1821 Diis

1113 1831 1252 1866 homines,
1269 1833 1346 1862 nihil
1363 1832 1416 1862 Dii
1435 1832 1600 1862 hominibus
1615 1837 1758 1871 praestare
1773 1842 1839 1871 pos-

1113 1876 1315 1914 siam—quod
1332 1885 1391 1904 non
1408 1875 1713 1914 Augustus—populo
1730 1873 1840 1904 Roma-

1114 1927 1151 1945 no
1179 1918 1445 1955 repraesentaverit.
1490 1915 1594 1946 Finita
1623 1916 1700 1945 bella
1725 1916 1840 1952 civilia,

1112 1959 1229 1997 sepulta
1247 1965 1381 1994 caterua,
1399 1964 1534 1988 revocata
1551 1968 1621 1997 pax,
1638 1959 1779 1988 restituta
1799 1961 1841 1989 vis

1114 2001 1237 2040 legibus,
1249 2002 1383 2040 judiciis
1401 2001 1566 2030 auctoritas
1575 2001 1723 2036 5—rediit
1739 2001 1841 2031 cultus

1114 2044 1207 2083 agris,
1235 2045 1327 2073 sacris
1358 2043 1457 2078 honos,
1489 2045 1633 2072 seem-itas
1664 2042 1840 2078 hominibus,

1113 2091 1194 2114 certa
1213 2087 1318 2125 cuique
1331 2095 1433 2115 ‘rerum
1450 2095 1573 2114 suarum
1585 2086 1739 2124 pamma,-
1764 2086 1791 2115 [ε
1812 2096 1842 2115 es

1111 2129 1269 2157 emendum
1279 2128 1408 2162 utiliter,
1422 2127 1488 2157 latae
1497 2127 1656 2157 salubriter
1668 2131 1742 2157 cett.
1801 2139 1837 2157 u-

1112 2175 1160 2198 lus
1182 2170 1229 2199 bns
1250 2180 1325 2199 rura
1343 2169 1551 2208 perambulat:
1574 2169 1672 2209 pacis,
1693 2178 1764 2209 quae
1785 2178 1838 2210 per

1110 2209 1290 2250 Augustum
1306 2210 1394 2240 nobis
1409 2209 1550 2249 contigit,
1566 2209 1716 2241 beneficio
1732 2219 1839 2242 secure

1111 2250 1142 2282 in
1155 2253 1279 2294 pascuis
1291 2252 1384 2282 boves
1395 2251 1675 2292 circumvagantur,
1690 2251 1720 2283 h.
1733 2261 1760 2282 e.
1776 2262 1838 2283 non

1111 2294 1245 2335 amplius
1273 2293 1406 2336 expositi
1432 2303 1541 2324 sumus
1570 2293 1704 2324 hostium
1734 2293 1839 2325 incur-

1111 2336 1269 2370 sionibus·,
1291 2343 1379 2377 parta
1402 2335 1491 2366 nobis
1510 2345 1564 2376 per
1586 2337 1764 2376 Augustum
1791 2341 1840 2367 est

1111 2377 1277 2409 securitas:
1294 2378 1334 2409 ef.
1345 2377 1570 2413 'l'heocrit.'xvi,
1579 2379 1698 2419 90sqq.
1725 2377 1838 2410 Minus

1111 2419 1191 2450 bene
1203 2419 1257 2450 alii
1269 2420 1307 2451 de
1321 2421 1397 2450 bove
1413 2419 1558 2450 arationis
1570 2429 1650 2462 opus
1661 2418 1838 2462 perficiente

1108 2462 1265 2502 cogitant3
1295 2462 1375 2504 prior
1403 2462 1484 2493 enim
1509 2461 1674 2503 explicatio
1697 2461 1837 2493 felicitati

1109 2509 1293 2545 temporum,
1305 2506 1336 2534 in
1349 2506 1480 2544 priscum
1495 2515 1605 2534 aurum
1621 2504 1682 2534 fere
1693 2503 1752 2534 sub
1765 2504 1835 2534 Au·

1109 2552 1200 2585 gusto
1229 2549 1430 2582 redeuntium,
1461 2545 1559 2586 magis
1586 2545 1719 2576 coveuit.
1765 2545 1835 2576 Nu-

1110 2590 1176 2623 trit,
1201 2599 1246 2620 sc.
1267 2599 1319 2630 per
1339 2588 1487 2619 fecundas
1508 2587 1641 2629 pluvias,
1663 2586 1835 2619 secundam

1105 2630 1184 2661 aeris
1196 2630 1386 2672 temperiem,
1395 2636 1469 2660 cett.
1486 2629 1512 2659 F
1511 2631 1653 2660 austitas:
1664 2629 1721 2660 inf.
1731 2630 1836 2661 Carm-

1106 2672 1186 2703 Saee.
1202 2684 1231 2705 v.
1249 2674 1302 2707 59.
1316 2675 1401 2703 beata
1414 2674 1500 2711 pleno
1512 2671 1604 2711 Copia
1619 2682 1724 2702 cornu.
1773 2672 1831 2702 Pa-

1105 2721 1205 2744 catum
1228 2718 1353 2746 volitant
1373 2725 1427 2754 per
1449 2724 1529 2744 mare
1550 2715 1668 2750 navitae,
1688 2723 1750 2744 non
1768 2723 1834 2743 am-

1108 2756 1200 2797 plius,
1220 2762 1255 2787 ut
1275 2757 1362 2792 olim,
1381 2765 1464 2786 mare
1481 2755 1628 2786 infestant
1641 2754 1748 2797 pirate
1763 2766 1772 2794 3
1788 2756 1833 2786 vi-

1108 2805 1160 2838 get
1183 2809 1266 2830 nunc
1292 2803 1481 2829 mercatura:
1508 2798 1648 2832 volitant,
1675 2807 1738 2828 non
1763 2807 1834 2828 cum

1109 2842 1159 2872 Cl.
1190 2841 1321 2871 Mitsch.
1352 2839 1391 2870 ad
1420 2839 1578 2870 lasciviam
1608 2845 1640 2870 et
1670 2838 1834 2870 audaciam

1107 2888 1271 2914 nautarum
1282 2881 1477 2917 trahendum,
1489 2881 1542 2912 sed
1553 2881 1591 2911 ad
1603 2890 1724 2917 cursus.
1739 2891 1833 2922 quem

1107 2924 1153 2956 illi
1176 2935 1259 2956 nunc
1277 2924 1336 2955 tuti
1357 2925 1396 2954 ab
1413 2923 1558 2954 omnibus
1576 2922 1697 2959 insidiis
1711 2923 1742 2954 in
1756 2922 1834 2954 mari

1102 2967 1203 2998 facere
1229 2971 1370 3008 possunt,
1394 2965 1607 3005 celeritatem;
1638 2964 1720 2998 hinc·
1740 2974 1833 2996 naves
