1884 3288
905 185 1298 229 CARMINUM

906 353 1176 396 CARMEN
1209 355 1290 396 XI.

941 513 1009 544 AD
1062 514 1257 545 LYDEN.

630 631 863 680 Mmemu,
885 645 980 672 nam
1002 637 1042 670 te
1064 629 1212 670 docilis
1233 631 1436 684 magistro

630 698 770 739 Movit
790 697 1007 751 Amphion
1027 696 1192 751 lapides
1215 697 1423 746 canendo,

630 764 802 819 Tuque,
824 764 1036 812 Testudo,
1059 778 1260 804 resonare
1283 771 1454 818 septem-

970 829 1135 870 Callida
1154 830 1308 879 nervis,

574 898 600 937 5
630 896 726 938 Nec
747 896 903 950 loquax
926 895 1036 946 olim,
1059 910 1198 949 neque
1219 903 1352 950 grata,
1375 911 1488 939 nunc
1508 903 1552 938 et:

631 963 824 1004 Divitum
842 963 999 1004 mensis
1021 970 1062 1004 et
1083 963 1216 1003 amica
1236 962 1424 1017 templis:

347 1095 404 1115 suo
427 1083 532 1124 Ulyssi
552 1083 703 1125 probavit,
718 1083 821 1114 studio
842 1083 952 1114 alienae
972 1088 1077 1114 essent

347 1127 416 1168 (Cl.
434 1126 566 1156 Mitsch.
581 1125 612 1155 in
629 1125 710 1155 hanc
726 1135 789 1155 rem
810 1125 918 1155 laudat
933 1125 1077 1156 Athenae.

346 1169 399 1203 xii,
422 1170 453 1203 3,
476 1179 507 1209 p.
528 1168 621 1207 517),
642 1167 790 1197 Horatius
813 1177 874 1197 non
893 1167 960 1197 sine
980 1176 1078 1197 causa

346 1212 452 1251 Lycen
467 1211 608 1240 Etruscae
625 1208 752 1249 originis
768 1219 834 1240 esse
849 1215 1078 1240 commemorat.

340 1253 508 1291 Penelopen
540 1251 692 1292 difficilem
721 1253 828 1291 procis,
856 1257 919 1281 tam
946 1255 1076 1288 castam,

340 1294 443 1335 qualis
458 1293 516 1324 fuit
531 1293 701 1335 Penelope.

385 1338 521 1367 13—20.
545 1336 667 1366 Tinctus
683 1336 760 1366 viola
774 1335 873 1373 pallor
889 1336 1073 1364 amantium:

339 1378 448 1420 pallor,
466 1388 528 1419 quo
544 1388 605 1419 prae
618 1387 720 1408 amore
737 1376 1022 1411 contabescentium
1041 1387 1074 1406 os

340 1420 519 1455 obducitur,
536 1430 607 1450 cnm
623 1419 774 1450 violarum
794 1418 895 1449 colore
911 1428 978 1449 com
1003 1428 1070 1448 ara-

340 1467 402 1498 tur,
417 1462 501 1493 luteo
517 1461 572 1492 illo
586 1471 697 1503 nempe
713 1459 815 1502 (unde
829 1460 886 1490 inf.
902 1461 969 1501 Epo
994 1483 1001 1490 .
1021 1461 1071 1496 10,

340 1505 390 1542 16,
404 1506 502 1543 pallor
518 1504 634 1544 luteus)
648 1504 696 1534 vel
711 1503 781 1533 albo
794 1513 802 1539 ;
826 1512 897 1532 nam
910 1502 1072 1539 violarum,

338 1552 374 1576 ut
392 1546 476 1576 Plin.
495 1546 561 1580 xxi,
578 1547 597 1576 6
621 1546 676 1580 ait,
693 1546 828 1584 plurima
845 1554 974 1585 genera.-
997 1556 1072 1583 pur-

337 1599 449 1628 pureae,
476 1590 573 1621 luteae.
600 1589 695 1625 alboe5
722 1586 794 1616 hinc
821 1587 965 1626 pallentes
990 1588 1072 1617 eiolae

339 1631 423 1671 apud
441 1629 528 1669 Virg.
546 1628 614 1660 Ecl.
631 1629 664 1664 ii,
682 1630 734 1659 47.
772 1627 824 1658 Cl.
842 1627 971 1658 Mitsch.
987 1638 1071 1658 com-

338 1677 427 1714 parat
448 1671 600 1712 Calpurn.
615 1671 660 1706 ix,
678 1672 730 1707 41,
752 1671 902 1700 Pallidior
921 1671 994 1699 buxo
1010 1672 1069 1700 vio-

338 1716 428 1753 ltr’que
447 1714 617 1743 simillimus
631 1723 707 1743 erro.
756 1713 807 1741 Vir
821 1712 926 1751 pellice
938 1713 1069 1748 saucius,

338 1756 468 1786 maritus
481 1754 603 1797 pellicis
621 1764 724 1785 amore
745 1763 930 1796 percussus;
954 1753 1073 1785 scilicet

338 1800 433 1828 saucii
452 1797 599 1828 dicuntur
617 1802 769 1831 amantes,
787 1796 979 1835 sagittarum,
1002 1797 1071 1836 qui-

339 1840 398 1869 bus
414 1845 538 1880 pectora
553 1839 725 1869 amantium
738 1848 755 1868 a
771 1838 928 1879 Cupidine
940 1838 1073 1868 sauciari

340 1881 498 1916 (licuntur,
522 1887 663 1922 respectu
688 1881 814 1911 habito:
840 1880 982 1910 similiter
1003 1890 1074 1922 sup.

340 1922 361 1961 i,
377 1925 430 1960 27,
449 1925 499 1957 12,
516 1923 590 1954 felix
610 1923 642 1952 in
659 1932 760 1953 amore
776 1924 877 1952 beatus
893 1922 1027 1958 vulnere,
1044 1928 1075 1952 et

340 1965 450 1996 infelix
483 1965 516 1994 in
548 1974 650 1995 amore
681 1966 779 2004 perire
808 1966 920 2002 sagitta
951 1963 1075 1995 dicitur.

343 2007 459 2043 Pieria,
477 2006 641 2043 Thessala,
663 2016 682 2036 a
699 2006 815 2039 Pieria,
835 2005 1007 2036 Thessaliae
1028 2016 1073 2036 re-

340 2048 444 2089 gione.
490 2050 617 2083 (Ἰινυιιι,
639 2048 746 2084 flectit,
763 2047 941 2089 pervincere
962 2053 1073 2088 potest,

342 2101 390 2122 sc.
408 2097 443 2122 ut
458 2090 554 2121 amori
573 2100 692 2126 eorum,
709 2090 763 2130 qui
779 2095 808 2120 te
823 2095 994 2125 sectantur,
1010 2099 1074 2120 rno-

343 2143 406 2164 rem
430 2142 528 2173 geras.
569 2132 759 2171 supplicibus
786 2133 846 2162 tuis
871 2142 988 2170 parc-as,
1012 2131 1076 2162 noli

344 2180 446 2206 tamen
466 2173 668 2209 committere,
687 2179 719 2204 ut
739 2183 796 2213 ego
810 2173 941 2214 supplex
959 2179 1076 2204 amator

342 2223 415 2248 ante
437 2218 517 2247 fores
543 2221 613 2246 tuas
640 2221 808 2257 prostratus
833 2225 967 2257 peream.
1013 2216 1076 2246 Nec

341 2261 443 2300 rigida
477 2259 594 2288 mollior
623 2259 739 2292 ‹esc-ulo,
772 2262 845 2287 cett.
876 2267 894 2286 o
925 2262 970 2291 tu,
1003 2268 1073 2298 quae

343 2311 427 2331 nunc
450 2311 483 2332 es
506 2311 563 2330 nec
589 2299 711 2330 mollior
738 2299 837 2340 rigida
863 2299 991 2334 aesculo,
1017 2310 1073 2330 nec

342 2343 444 2374 mitior
463 2343 601 2373 animum
625 2341 746 2372 Mauris
768 2341 936 2382 anguibuS,
959 2341 988 2371 h.
1011 2351 1038 2372 e.
1055 2352 1073 2372 o

341 2390 387 2420 tu,
411 2396 482 2426 quae
505 2384 606 2415 adhuc
629 2383 790 2414 durissimo
812 2383 915 2414 animo
937 2392 1072 2414 amorem

342 2438 446 2458 meum
464 2427 648 2468 adspernata
663 2436 708 2456 es.
754 2426 886 2460 Mauris,
900 2425 1079 2457 saevioribus

342 2469 424 2500 enim
448 2469 602 2510 anguibus
624 2468 764 2499 scatebat
789 2467 931 2509 inprimis
954 2468 1076 2499 Mauri-

341 2517 437 2542 tama.

566 2594 766 2626 CARMEN
791 2594 851 2624 XI.

387 2638 430 2668 Ut
451 2635 483 2667 in
504 2636 640 2667 carmine
663 2635 866 2666 antecedente
890 2636 1007 2676 Lycen,
1032 2635 1074 2666 ita

340 2680 375 2710 in
396 2679 454 2710 hoc
475 2683 566 2720 poeta
586 2677 706 2720 Lyden,
726 2678 864 2719 puellam
887 2677 1001 2719 pariter
1019 2678 1074 2708 ad-

341 2722 402 2752 buc
420 2730 560 2762 asperam
575 2726 605 2751 et
621 2719 751 2750 ferocius
766 2725 934 2750 amatorum
952 2719 1074 2750 blandi-

342 2764 403 2794 tias
418 2767 625 2804 respuentem,
639 2762 791 2792 mitiorem
805 2766 837 2792 et
857 2761 916 2791 sibi
930 2761 1073 2803 proclivi-

343 2815 426 2836 orem
455 2804 580 2835 reddere
609 2805 723 2834 studet.
779 2804 818 2833 In
846 2808 950 2845 partes
980 2803 1075 2844 igitur

345 2853 434 2878 vocat
455 2852 517 2877 tam
544 2846 618 2888 lyrae
644 2845 847 2880 inventorem,
872 2845 1075 2881 Mercurium,

367 2899 438 2920 uam
449 2888 547 2930 ipsam
556 2889 654 2930 lyram
665 2899 673 2926 3
688 2897 910 2928 enarransqne,
922 2887 1077 2927 quomodo

343 2900 526 2963 dulcissimo
544 2931 612 2972 ejus
627 2935 722 2962 cantu
737 2929 882 2971 Orpheus
897 2939 958 2960 non
975 2930 1075 2960 solum

1119 1092 1218 1113 saevas
1237 1082 1353 1113 bestias
1371 1082 1569 1124 mitigaverit,
1585 1081 1709 1115 arbores
1727 1083 1849 1115 accive-

1120 1124 1169 1159 rit,
1192 1129 1223 1154 et
1251 1124 1412 1155 fluviorum
1439 1136 1562 1156 cursum
1586 1124 1768 1161 inhibuerit,
1794 1125 1850 1157 sed

1120 1167 1203 1207 apud
1218 1165 1331 1198 inferos
1349 1177 1473 1208 quoque
1493 1167 1660 1199 Cerberum
1679 1167 1758 1198 adeo
1777 1177 1850 1199 sua-

1120 1208 1197 1238 viter
1221 1208 1410 1247 demulserit,
1438 1214 1469 1240 et
1496 1209 1636 1240 Ixionem
1658 1209 1849 1251 Tityumque

1119 1251 1310 1287 recreaverit,
1329 1251 1407 1282 mira
1424 1256 1489 1282 arte
1509 1251 1550 1282 ad
1569 1251 1705 1282 fabulam
1727 1251 1848 1282 Danai-

1118 1291 1191 1322 dum
1210 1292 1241 1322 in
1259 1292 1316 1323 hoc
1331 1293 1467 1324 carmine
1482 1293 1541 1324 sibi
1555 1293 1747 1324 tractandam
1762 1293 1848 1324 dela-

1118 1333 1210 1371 bitur,
1226 1339 1331 1375 utpote
1346 1335 1478 1365 consilio
1493 1345 1550 1366 suo
1566 1335 1676 1376 Lyden
1696 1335 1736 1366 ab
1751 1335 1849 1367 animi

1117 1375 1230 1407 duritie
1245 1376 1416 1407 deterrendi
1431 1382 1462 1408 et
1475 1377 1626 1408 mollioris
1642 1377 1738 1408 animi
1754 1387 1849 1409 sensu

1115 1418 1274 1448 imbuendi
1323 1418 1687 1450 accommodatissimam.
1745 1419 1849 1451 Cardo

1115 1459 1197 1490 enirn
1221 1460 1315 1491 totius
1334 1461 1482 1491 carminis
1500 1461 1630 1492 vertitur
1650 1461 1711 1492 fere
1726 1460 1758 1491 in
1777 1461 1846 1492 his:

1118 1502 1143 1531 Ο
1167 1502 1387 1532 testudo—Dic
1406 1504 1514 1539 modos,
1535 1503 1617 1543 Lyde
1634 1504 1740 1543 quibus
1758 1504 1848 1534 obsti-

1116 1550 1202 1574 natas
1223 1545 1352 1583 applicet
1372 1546 1634 1580 aures,——Audiat
1653 1544 1737 1585 Lyde
1755 1546 1849 1576 scetus

1116 1591 1204 1625 atque
1219 1593 1303 1616 notas
1331 1586 1491 1626 Virginum
1507 1597 1619 1626 poenaS,
1637 1592 1710 1618 cett.
1755 1588 1850 1624 Quod

1116 1627 1142 1656 si
1158 1633 1311 1663 tenemus,
1324 1629 1505 1669 neutiquam
1521 1628 1560 1659 de
1575 1639 1657 1660 nexu
1671 1628 1766 1670 hujus
1780 1639 1849 1660 car-

1115 1669 1207 1699 minis
1231 1679 1301 1700 cum
1331 1670 1445 1700 Homio
1475 1676 1506 1701 et
1531 1670 1601 1701 aliis
1627 1671 1851 1708 laborabimus,

1115 1710 1176 1741 imo
1197 1717 1295 1753 poetae
1316 1711 1348 1742 in
1366 1712 1555 1743 adornandis
1573 1718 1605 1744 et
1619 1713 1696 1744 scite
1715 1713 1797 1744 inter
1816 1723 1850 1746 se

1117 1753 1276 1784 nectendis
1291 1753 1340 1786 iis.
1357 1764 1426 1795 quae
1443 1754 1596 1796 primariae
1611 1754 1758 1786 carminis
1777 1765 1849 1786 sen.

1116 1796 1221 1826 tentiae
1241 1796 1363 1836 egregie
1382 1796 1579 1838 respondent,
1597 1802 1692 1828 artem
1711 1801 1744 1828 et
1761 1797 1849 1839 inge-

1117 1837 1203 1867 nium
1220 1838 1452 1869 admirabimur.

1163 1881 1253 1910 1—8.
1278 1880 1359 1915 Nam
1389 1887 1416 1911 te
1443 1881 1550 1911 docilis
1575 1883 1720 1923 magistro
1750 1880 1848 1913 Movit

1119 1922 1264 1960 Amphion
1295 1923 1408 1962 lapides
1440 1924 1593 1953 canendo.-
1626 1932 1683 1964 pro
1716 1923 1849 1964 vulgari,

1118 1972 1252 2004 namque
1273 1970 1361 2005 potes
1384 1966 1448 2003 (sc.
1471 1964 1580 1995 modos
1596 1964 1710 2000 dicere,
1732 1965 1848 2006 quibus

1117 2004 1273 2035 durissimi
1297 2005 1394 2037 animi
1420 2007 1506 2048 Lyde
1528 2005 1719 2046 moveatur),
1743 2007 1850 2049 posuit

1116 2047 1292 2088 exemplum
1321 2047 1520 2090 AmphioniS,
1544 2058 1636 2089 quem
1660 2049 1850 2086 Mercurius,

1117 2099 1215 2119 curvoe
1232 2091 1303 2129 lyrae
1327 2091 1417 2132 (sup.
1436 2090 1458 2125 i,
1477 2091 1528 2125 10,
1546 2090 1583 2130 6)
1601 2101 1718 2130 pare-ns,
1733 2096 1766 2122 et
1782 2091 1849 2133 lyra

1118 2130 1261 2166 donasse,
1278 2137 1307 2162 et
1320 2132 1390 2172 ejus
1401 2137 1495 2163 cantu
1509 2132 1630 2174 lapides
1640 2133 1718 2163 adeo
1729 2143 1850 2166 movere

1118 2173 1262 2204 docuisse
1285 2173 1437 2212 traditum
1462 2173 1547 2212 binc,
1569 2184 1640 2205 cum
1665 2174 1719 2206 ille
1740 2175 1773 2205 in
1795 2185 1848 2207 ex-

1119 2215 1274 2245 struendis
1305 2216 1403 2246 muris
1433 2215 1591 2247 Thebanis
1617 2216 1684 2258 lyra
1712 2223 1848 2254 caneret,

1118 2256 1237 2298 lapides
1251 2257 1318 2299 ejus
1334 2263 1427 2289 cantu
1445 2258 1519 2289 moti
1540 2264 1648 2300 sponte
1662 2258 1695 2288 in
1710 2258 1849 2291 ordinem

1117 2308 1207 2329 suum
1232 2309 1264 2330 se
1286 2299 1496 2342 composuisse
1514 2300 1692 2341 finguntur:
1714 2300 1777 2332 vid.
1801 2301 1847 2334 Α-

1116 2341 1268 2382 pollodor.
1292 2341 1337 2378 iii,
1353 2344 1386 2379 5,
1401 2344 1432 2377 5,
1450 2343 1589 2373 Pausan.
1606 2341 1649 2380 ix,
1665 2344 1697 2378 5.
1737 2365 1744 2374 .
1759 2344 1820 2374 921
1837 2355 1845 2376 :

1116 2383 1156 2413 cs.
1172 2383 1226 2413 ins.
1242 2383 1340 2425 Epist.
1358 2383 1398 2414 ad
1413 2383 1478 2415 Pis.
1493 2394 1523 2415 v.
1534 2385 1596 2416 394
1606 2394 1676 2427 sqq.
1712 2353 1850 2424 gestatio,

1123 2426 1263 2473 apposite
1277 2436 1344 2467 pro,
1364 2426 1442 2467 lyra,
1458 2425 1572 2469 quippe
1593 2436 1686 2468 quam
1703 2425 1750 2458 ita
1762 2427 1849 2459 inve-

1122 2477 1205 2498 nisse
1219 2467 1333 2498 dicitur
1349 2468 1538 2506 Mercurius,
1555 2473 1589 2500 ut
1604 2468 1737 2510 primum
1757 2480 1850 2512 super

1120 2509 1277 2541 testudine
1292 2509 1342 2549 (h.
1359 2520 1388 2541 e.
1407 2514 1498 2546 testa,
1514 2509 1547 2542 in
1567 2521 1660 2552 quarn
1673 2511 1796 2542 testudo
1815 2522 1850 2544 se

1119 2551 1238 2593 recipit,
1254 2551 1411 2592 concava)
1426 2562 1534 2584 nervos
1547 2552 1738 2590 intenderet3
1761 2553 1849 2586 locus

1117 2594 1269 2625 classicus
1298 2594 1331 2624 in
1364 2594 1445 2624 hanc
1475 2604 1538 2626 rem
1565 2600 1614 2625 est
1650 2594 1684 2626 in
1717 2595 1848 2628 Homer.

1119 2636 1238 2676 Hymn.
1254 2635 1286 2666 in
1298 2637 1398 2668 Merc.
1412 2647 1442 2667 v.
1458 2637 1497 2667 47
1513 2647 1584 2678 sqq.
1628 2637 1763 2675 Callida,
1776 2648 1848 2678 quae

1118 2677 1235 2717 calles;
1257 2689 1394 2709 resonare
1411 2685 1518 2718 septem
1535 2680 1645 2714 nervis,
1665 2678 1739 2710 hinc
1760 2679 1848 2722 λύρα

1118 2719 1339 2763 ἑπτάχορδος,
1373 2719 1571 2758 ἑπτάτονος,
1601 2719 1849 2764 ἐπτάφθογγυς.

1122 2762 1182 2793 Nec
1203 2766 1308 2803 loquax
1327 2764 1408 2798 otim,
1428 2772 1520 2803 neque
1534 2769 1626 2803 grata
1637 2774 1647 2800 ‚·
1671 2773 1755 2804 quae,
1773 2774 1847 2796 cum

1117 2804 1189 2834 olim
1206 2804 1345 2835 nondum
1360 2813 1470 2835 nervos
1487 2804 1623 2836 intentos
1637 2804 1776 2845 haberes,
1791 2816 1848 2838 nec

1119 2847 1260 2887 garrulos
1282 2857 1373 2877 sonos
1395 2845 1519 2881 edebas,
1542 2857 1600 2878 nec
1621 2846 1769 2889 cuiquam
1791 2858 1847 2878 vo-

1119 2888 1268 2930 luptatem
1279 2889 1418 2919 creabas.
1447 2888 1584 2919 Divitnm
1597 2891 1703 2920 meruit
1713 2895 1740 2920 et
1750 2893 1847 2926 amica

1120 2932 1253 2969 templis:
1277 2929 1350 2961 hinc
1366 2930 1422 2961 illa
1436 2929 1547 2968 δαιτὸς
1560 2931 1675 2974 ἑταίρη
1689 2936 1722 2962 et
1733 2932 1846 2974 χοροί-
