1884 3288
338 615 1283 679 SATIRARUM

626 788 771 820 LIBER
795 787 990 820 PRIMUS.

659 1108 899 1152 SATIRA
931 1110 967 1151 Ι.

217 1218 324 1280 QUI
343 1227 408 1278 fit,
431 1228 668 1279 Maecenas,
692 1235 740 1270 ut
761 1243 902 1278 nemo,
926 1242 1057 1283 quam
1079 1227 1163 1269 sibi
1183 1234 1346 1270 sortem

192 1299 305 1342 ⁷Seu
324 1300 436 1342 ratio
457 1299 643 1350 dederit,
667 1314 746 1340 seu
767 1299 857 1340 fors
879 1299 1104 1353 objecerit,
1126 1297 1199 1339 illa

215 1368 461 1410 Contentus
483 1368 612 1418 vivat,
635 1366 785 1409 laudet
809 1368 981 1409 diversa
1003 1368 1271 1421 sequentes?

215 1435 259 1478 Ο
280 1435 491 1478 fortunati
510 1442 788 1485 mercatores,
811 1436 956 1490 gravis
978 1435 1101 1476 annis

157 1504 186 1545 5
215 1502 347 1546 Miles
369 1504 442 1553 ait,
465 1503 601 1545 multo
616 1504 708 1558 jam
729 1503 894 1544 fractus
916 1503 1110 1544 membra
1131 1502 1294 1544 labore.

215 1564 381 1614 contra
400 1578 630 1621 mereator,
654 1585 804 1613 navem
821 1571 1090 1625 jactantibus
1111 1570 1314 1612 Austris:

182 1662 195 1667 -
214 1640 376 1683 Militia
396 1646 464 1681 est
483 1640 642 1694 potior.

706 1638 828 1686 Quid
850 1639 994 1680 enim?
1045 1638 1355 1680 Concurritur:
1389 1637 1510 1679 horae

215 1708 445 1751 Momento
466 1713 542 1748 aut
563 1707 648 1748 cita
668 1721 783 1748 mors
805 1706 936 1756 venit,
959 1713 1035 1747 aut
1056 1706 1237 1748 victoria
1258 1704 1371 1746 laeta.

214 1775 466 1833 Agricolam
485 1774 638 1816 laudat
652 1774 766 1829 juris
788 1773 1022 1828 legumque
1043 1773 1227 1828 peritus,

132 1846 186 1888 lo
215 1845 310 1887 Sub
330 1842 435 1899 galli
454 1849 630 1886 cantum
651 1841 876 1884 consultor
895 1842 972 1883 ubi
993 1842 1104 1883 ostia
1131 1840 1291 1897 pulsat.

302 1975 475 2008 SATIRA
498 1976 528 2006 1.

83 2021 186 2054 Poeta
207 2021 242 2052 in
266 2029 381 2053 causas
408 2019 567 2054 vitiorum,
594 2017 713 2059 quibus
731 2016 790 2048 ho-

41 2065 146 2101 nines
158 2064 316 2099 laborant,
330 2061 466 2105 inquirit
477 2073 487 2102 3
497 2070 620 2103 easque
630 2060 790 2103 praecipue

41 2108 84 2140 nb
97 2106 232 2140 avaritia
247 2105 371 2149 repetit.

87 2151 184 2182 1—3.
212 2150 276 2186 Qui
290 2150 350 2191 fit,
372 2148 534 2185 Maecenas,
555 2150 632 2178 cett.
655 2155 787 2177 sensus:

41 2192 301 2236 opermpretium
314 2201 392 2223 saue
414 2195 464 2222 est
488 2199 642 2232 quaerere,
667 2189 788 2220 Maece-

41 2246 115 2275 nas,
140 2235 220 2279 quid
243 2235 296 2274 sit,
321 2233 409 2277 quod
429 2243 522 2264 nemo
536 2238 618 2263 sorte
634 2242 705 2267 sua,
722 2231 790 2263 sive

39 2289 150 2312 cecum
175 2276 381 2311 deliberando
406 2275 543 2311 delecta.
569 2274 636 2307 sive
661 2275 790 2306 fortuito

23 2323 160 2359 oblata.
181 2326 352 2354 contentus
377 2318 484 2358 vivat5
514 2318 579 2349 imo
604 2328 699 2349 nemo
723 2328 788 2348 non

24 2374 109 2404 eos,
131 2364 189 2408 qui
210 2363 367 2396 diversum
391 2372 412 2394 a
426 2372 486 2393 suo
507 2361 581 2392 vitae
604 2370 718 2402 genere
737 2370 787 2392 se-

25 2405 37 2452 }
63 2406 195 2447 matur,
217 2406 328 2439 felices
354 2405 517 2449 praedicet.
574 2404 680 2441 Ratio,
708 2403 787 2434 deli-

23 2453 41 2482 4
118 2451 174 2483 tio.
218 2450 384 2491 mycen-it,
401 2447 527 2490 gravius
543 2457 610 2489 pro,
627 2446 787 2478 obtulerit.

37 2491 116 2527 Bon
128 2492 247 2536 saepius
266 2492 410 2524 homines
424 2490 464 2522 ad
485 2490 559 2521 vitae
584 2489 713 2531 aliquod
736 2499 790 2531 ge-

64 2547 105 2569 ιιι
119 2535 375 2580 amplectendum
390 2534 422 2566 vi
436 2532 575 2576 quadam
598 2532 701 2575 pellit,
725 2538 790 2563 tru-

23 2578 100 2616 Ὶὶἰί,
122 2585 160 2612 et·
179 2578 291 2620 adigit.
335 2577 470 2612 Laudet,
495 2576 549 2607 sed
573 2573 792 2617 unusquisque

19 2604 41 2648 ἑ·
75 2622 164 2655 adet
206 2621 261 2654 Sic
286 2620 345 2652 inf.
370 2621 405 2651 in
430 2619 490 2650 hac
507 2620 574 2649 Sat.
597 2618 742 2656 Nemone,
756 2625 793 2649 ut

23 2675 167 2712 W,
181 2665 219 2697 Se
232 2665 350 2705 probet,
367 2669 400 2694 at
413 2663 516 2703 pocius
530 2661 606 2703 (sed
620 2661 790 2702 unusquis-

22 2710 109 2759 ᾈψ
171 2706 259 2748 tius)
279 2708 383 2739 ludet
409 2707 529 2737 diversa
555 2706 728 2745 sequentes?
761 2709 793 2735 et

23 2740 49 2789 f
139 2749 214 2784 raeci
235 2755 308 2793 post
329 2748 440 2787 οὐδεὶς
459 2753 492 2780 et
509 2747 626 2790 μηδεὶς
642 2747 794 2778 omittunt

20 2760 194 2834 ἔειπας·
209 2791 448 2826 vid.Manut.ad
456 2791 515 2823 Cic
523 2801 592 2833 .pro
601 2789 793 2827 Quinct.26.

34 2839 71 2869 ’ῑικ
87 2838 122 2877 4,
134 2838 170 2869 5.
193 2836 309 2869 Gravis
331 2835 563 2867 annis—multo
579 2836 651 2874 jam
665 2833 796 2880 fructus

23 2840 176 2921 gu*-
200 2880 313 2916 labore,
337 2878 394 2920 qui
418 2877 488 2921 jam
512 2876 609 2908 sentit
640 2875 797 2907 vementis

26 2919 217 2961 innectatis
230 2921 423 2958 molestiam,
437 2926 469 2952 et
490 2919 605 2952 virium
627 2918 730 2950 multo
750 2918 798 2950 la-

24 2958 120 2998 Vhou
131 2965 359 2999 exhaustarum
376 2963 550 2998 defectum.
598 2962 657 2995 Vir
668 2962 801 3004 quidam

21 3091 42 3166 ’ξ

833 1973 945 2006 doctus
971 1973 1005 2005 iu
1034 1974 1145 2006 Diario
1180 1973 1385 2007 Trevoltiensi
1412 1984 1464 2006 an.
1499 1975 1583 2006 1715

833 2028 934 2049 mens.
949 2018 969 2050 J
974 2028 1029 2048 un.
1045 2017 1250 2060 conjiciebat,
1268 2019 1375 2060 gravis
1389 2021 1494 2055 amis,
1509 2028 1584 2060 quae

834 2060 964 2102 quidem
982 2060 1076 2092 lectio
1093 2061 1199 2103 plures
1215 2060 1394 2092 defensores
1410 2067 1505 2092 nacta
1516 2066 1584 2099 θεῖς

834 2103 868 2134 in
893 2103 931 2134 iis
954 2113 1083 2145 quoque
1102 2110 1151 2135 est
1172 2103 1320 2139 Wolflus.
1350 2104 1466 2135 Horat.
1492 2105 1586 2136 Erste

836 2146 937 2177 Satire
962 2147 1036 2178 Lat.
1052 2146 1119 2177 und
1144 2146 1305 2178 Deutsch.
1322 2146 1452 2188 (Berol.
1470 2146 1584 2187 1813).

835 2190 883 2221 At
908 2188 987 2220 mihi
1012 2189 1146 2231 antiqua
1171 2189 1266 2221 lectio
1293 2191 1383 2221 annis
1410 2195 1442 2221 et
1460 2190 1584 2232 simpli-

835 2231 912 2268 cior,
943 2237 975 2264 et
1006 2232 1109 2264 verbis
1145 2232 1353 2274 sequentibus
1390 2234 1487 2264 multo
1511 2237 1584 2273 jam

824 2275 956 2317 fractus
970 2277 1101 2306 membra
1125 2277 1224 2307 labore
1247 2276 1514 2307 accommodatior
1536 2277 1584 2307 vi-

831 2319 935 2349 detur.
978 2318 1031 2350 Sic
1048 2318 1164 2350 milites
1179 2325 1267 2350 aetate
1282 2330 1401 2361 graves,
1412 2319 1498 2361 apud
1515 2319 1585 2351 Liv.

831 2361 886 2397 vii,
905 2362 959 2396 39,
977 2362 1070 2393 etsie
1088 2362 1174 2404 apud
1197 2361 1358 2393 Theocrit.
1377 2362 1475 2404 Idyll.
1498 2362 1584 2401 xxiv,

836 2405 909 2440 100,
926 2405 1099 2446 Τειρεσίας
1115 2406 1278 2436 πολλοῖσι
1296 2405 1408 2446 βαρύς
1432 2417 1496 2448 περ
1520 2405 1584 2438 ἐὼν
1635 2414 1646 2422 ·

833 2447 1015 2485 ἐνιαυτοῖς.
1070 2448 1203 2479 Fructus
1233 2450 1365 2479 membra
1398 2448 1523 2485 Graece,
1551 2455 1587 2480 ut

836 2490 901 2521 Od.
918 2490 942 2526 i,
965 2492 993 2526 l,
1012 2491 1051 2520 21
1069 2498 1186 2522 stratus
1202 2492 1344 2522 membra.

881 2535 911 2564 7.
937 2533 1054 2564 Militia
1072 2541 1113 2564 est
1130 2536 1239 2574 potior,
1255 2544 1301 2565 sc.
1315 2539 1504 2566 mercatura.

884 2578 934 2607 10.
975 2577 1149 2614 Consulm,
1179 2577 1234 2618 qui
1265 2576 1406 2608 consulit
1431 2577 1511 2619 juris
1541 2578 1586 2610 le-

838 2629 978 2661 gumque
990 2619 1137 2661 peritum,
1163 2620 1220 2660 qui
1244 2631 1275 2651 v.
1302 2620 1354 2656 17,
1378 2619 1497 2652 dicitur
1517 2633 1587 2652 con-

834 2663 946 2699 sultus,
973 2662 1008 2693 h.
1023 2672 1053 2693 e.
1069 2661 1124 2704 qui
1147 2661 1187 2693 de
1207 2662 1280 2704 jure
1302 2662 1482 2705 respondet.
1526 2665 1588 2695 Sub

834 2707 1067 2747 gallicantum,
1092 2705 1152 2736 sub
1174 2705 1385 2745 gallicinium,
1411 2706 1498 2747 quod
1522 2717 1589 2738 me-

837 2748 922 2779 diam
956 2754 1081 2779 noctem
1118 2748 1250 2790 excipit.
1295 2748 1438 2780 Clientes
1467 2748 1591 2781 scilicet

838 2792 924 2833 apud
948 2790 1114 2822 Romanos
1145 2791 1247 2833 primo
1271 2801 1365 2822 mane
1394 2790 1481 2823 adire
1509 2793 1592 2823 sole-

838 2834 916 2866 bant
930 2843 1098 2865 causarum
1113 2839 1271 2877 patronos.
1309 2834 1396 2865 Hinc
1413 2834 1473 2867 ins.
1489 2835 1591 2876 Epist.

840 2876 876 2913 ii,
903 2879 934 2913 1,
961 2878 1036 2914 103,
1064 2877 1164 2908 Romae
1187 2878 1279 2909 dulce
1299 2878 1373 2919 fuit
1398 2883 1427 2908 et
1450 2879 1589 2913 solemne,

841 2921 961 2952 reclusa
985 2921 1081 2952 Mane
1105 2922 1191 2953 clamo
1214 2921 1359 2962 vigilare,
1386 2921 1493 2951 clienti
1520 2931 1593 2960 pro-

843 2974 923 2995 mere
936 2975 1029 3003 jura.
