1884 3288
653 194 880 238 LIBER
910 194 947 246 Ι,
983 195 1049 237 12.
1570 196 1626 238 27

371 297 401 340 J
404 296 538 340 ulium
557 295 694 347 sidus,
715 295 836 339 velut
855 295 970 338 inter
988 296 1114 352 ignes

775 363 906 406 Luna
925 364 1129 405 minores.

374 431 534 474 Gentis
553 432 756 474 humanae
775 438 903 487 pater
924 438 1057 486 atque
1079 438 1244 482 custos,

283 500 342 542 50
372 499 484 542 Orte
502 499 710 551 Saturno,
731 500 813 542 tibi
833 514 939 542 cura
959 500 1106 555 magni

371 567 558 610 Caesaris
579 567 680 610 fatis
702 568 822 618 data,
845 574 894 609 tu
915 568 1110 609 secundo

774 635 952 677 Caesare
972 650 1147 690 regnes.

369 701 463 754 Ille,
486 717 564 745 seu
585 701 776 744 Parthos
799 702 928 744 Latio
950 702 1221 744 imminentes

373 770 530 827 Egerit
545 771 669 826 justo
689 770 878 812 domitos
901 769 1140 826 triumpho,

282 837 339 879 55
369 836 470 880 Sive
493 839 714 894 subjectos
738 838 936 880 Orientis
959 853 1048 880 orae

773 905 904 948 Seras
926 913 970 948 et
991 905 1141 956 Indos,

369 972 438 1016 Te
458 973 599 1016 minor
619 972 756 1016 latum
773 981 898 1030 reget
918 989 1071 1029 aequus
1094 975 1270 1017 orbem:

68 1078 129 1108 hs
155 1073 293 1108 honores
327 1075 502 1124 intersepta
535 1081 596 1108 est.
655 1076 747 1117 Αριο,
777 1086 833 1119 pro
876 1073 1631 1124 ὡςὸτεὃένδρεονᾷσσει-πρὸςὺγρὸναἰθέραε

43 1113 183 1156 Μαιιᾱί,
198 1128 293 1160 quem
309 1117 526 1160 possidebant,
540 1117 683 1151 modulo.
877 1119 922 1150 cf.
951 1119 1043 1160 Virg.
1068 1119 1141 1150 Ecl.
1166 1130 1198 1155 x,
1227 1119 1280 1150 73.
1326 1119 1452 1150 Occulta
1480 1131 1551 1158 oevo,
1581 1121 1630 1163 ip-

35 1173 71 1202 js-
122 1162 266 1194 45—48.
290 1162 402 1198 Poeta,
417 1167 641 1204 praetervectus
654 1161 832 1204 quasilon-
878 1171 950 1192 sum
982 1172 1086 1193 aevum
1113 1162 1210 1204 paulo
1239 1161 1409 1193 sublimius
1438 1161 1553 1210 dicitur
1579 1175 1630 1194 oc-

35 1212 154 1249 „gam
173 1214 374 1246 magnorum,
389 1205 446 1247 qui
467 1205 539 1247 ejus
558 1205 701 1236 animum
723 1204 835 1236 adver·
877 1206 1009 1241 cultum,
1036 1205 1123 1246 quod
1148 1205 1274 1236 arbores
1301 1205 1419 1236 sensim
1447 1204 1632 1248 sensimque

49 1250 147 1281 :we
167 1252 324 1290 poterant,
345 1247 483 1280 virorum
506 1248 630 1286 seriem,
652 1247 756 1279 subito
776 1247 832 1290 ju·
878 1258 951 1279 cum
972 1258 1039 1279 aevo
1058 1254 1122 1279 tam
1143 1248 1270 1280 occulte
1287 1254 1447 1284 crescunt.
1464 1253 1501 1279 ut
1521 1258 1631 1280 earum

62 1299 174 1334 me
189 1290 350 1327 Marcelli,
366 1295 519 1333 tanquam
536 1290 610 1322 novi
626 1291 834 1322 nobilissimae
878 1289 1076 1323 incrementa
1095 1290 1302 1322 animadverti
1325 1296 1497 1332 nequeant.
1543 1291 1632 1323 Inter

50 1325 160 1376 οΙιω
180 1332 289 1376 stirpis
307 1333 438 1373 surculi,
460 1333 670 1366 admiratione
688 1333 834 1376 percelli·
879 1344 978 1364 omues
989 1344 1034 1365 sc.
1049 1334 1129 1365 alios
1146 1335 1364 1365 Romanorum
1377 1333 1525 1375 juvenes.
1569 1334 1631 1365 Ju-

51 1392 53 1394 ·
78 1394 96 1402 -ι
135 1398 146 1408 .
197 1376 337 1409 Sensus:
374 1386 430 1419 per
456 1376 610 1419 juvenem
639 1376 835 1408 Marcellum
880 1377 958 1407 lium
977 1378 1075 1413 sidus,
1093 1376 1224 1419 juvenis
1246 1377 1438 1412 Marcellus,
1454 1376 1632 1408 siderisin-

66 1417 207 1467 &qui
222 1418 375 1452 Marcelli
394 1419 481 1451 fama
501 1425 534 1451 at
558 1430 598 1452 ue
619 1419 733 1461 gloria,
749 1419 854 1451 velut*
880 1425 944 1450 star
974 1419 1127 1450 virtutum
1153 1429 1282 1450 suarum
1310 1420 1478 1462 splendore
1502 1425 1630 1461 gentem

113 1477 151 1495 >m
176 1485 186 1500 ‚
208 1461 334 1495 occulte
355 1462 490 1495 crescit·
520 1462 542 1494 il
560 1474 578 1495 e
597 1462 728 1511 juvenis
749 1462 835 1494 enim
880 1472 972 1493 suam
1001 1462 1122 1495 Juliam
1153 1462 1328 1498 illustram,
1359 1473 1432 1504 spes
1466 1473 1504 1493 ac
1533 1461 1634 1494 decus

52 1510 71 1542 ἐξ
88 1521 96 1539 ς
114 1522 129 1531 ›-
146 1519 194 1531 ¹·1s
213 1521 227 1532 -ι
263 1515 383 1538 novum
410 1505 515 1548 gentis
536 1506 634 1539 Juliae
658 1505 747 1537 sidus
769 1516 835 1548 prae
880 1505 985 1545 gentis
1001 1505 1113 1537 Juliae.
1157 1505 1210 1537 Sic
1224 1506 1354 1536 Drusus
1365 1505 1633 1542 etGermanicus.

40 1554 42 1559 '
130 1547 200 1582 rio
219 1548 380 1586 omnibus,
407 1549 498 1582 velut
519 1549 596 1581 luna
618 1549 702 1581 inter
725 1549 836 1580 stellas
878 1547 998 1580 Tiberii
1015 1548 1083 1583 filii,
1105 1548 1256 1580 dicuntur
1275 1550 1520 1589 sidusjuvenile,
1537 1549 1634 1581 Ovid.

41 1589 232 1643 Amantes,
260 1591 392 1636 effulget
425 1597 521 1634 atque
552 1592 683 1625 eminet
739 1592 836 1623 Fama
880 1591 976 1622 Trist.
996 1590 1030 1627 ii,
1058 1592 1131 1628 167,
1150 1597 1183 1623 et
1204 1592 1322 1623 Fabius
1344 1591 1510 1623 Maximus
1531 1592 1636 1624 Fabiae

35 1631 232 1678 fflaroelli
245 1644 310 1666 non
325 1645 401 1667 cum
418 1635 471 1668 Cl.
484 1634 619 1668 Mitsch.
631 1634 696 1666 ad
685 1645 837 1676 Juvenem
877 1637 979 1675 gentis
995 1636 1092 1671 sidus,
1109 1634 1205 1666 Ovid.
1222 1635 1318 1666 Pont.
1334 1634 1380 1670 iii,
1397 1635 1430 1670 3,
1448 1636 1481 1666 2.

43 1673 292 1719 Marcellum
295 1677 364 1727 qui
381 1688 437 1720 per
450 1678 576 1710 Julium
587 1680 671 1709 sidus
686 1678 834 1719 designa·
924 1679 1065 1709 49—52.
1084 1679 1105 1710 J
1108 1688 1158 1708 am
1170 1677 1210 1709 ad
1221 1677 1516 1720 splendidissimum
1529 1677 1634 1719 gentis

92 1730 166 1803 13,
161 1719 218 1753 sed
223 1716 346 1771 p'otius
367 1721 408 1752 ad
430 1722 484 1752 Μ.
506 1720 678 1753 Claudium
695 1721 836 1752 Marcel·
879 1720 977 1752 Juliae
999 1721 1120 1756 lumen,
1137 1721 1297 1752 Caesarem
1319 1720 1516 1761 Augustum,
1538 1721 1635 1752 adeo-

199 1763 232 1796 ui
247 1763 422 1813 quinquies
437 1763 573 1796 consul
565 1775 599 1795 ιιι
614 1764 700 1796 bello
714 1764 838 1795 Punico
880 1773 943 1804 que
959 1762 999 1794 ad
1015 1763 1134 1810 ipsum·
1140 1763 1292 1794 carminis
1313 1763 1408 1794 finem
1433 1763 1634 1800 transiturus,

238 1806 358 1856 floruit,
372 1813 404 1839 et
418 1807 538 1850 primus
558 1807 776 1838 Hannibalem
797 1807 838 1838 ad
882 1816 957 1841 ιιοιι,
970 1806 1064 1855 quod
1080 1805 1154 1847 quis
1168 1817 1207 1837 ex
1225 1806 1347 1847 vulgari
1364 1806 1484 1837 ratione
1500 1816 1634 1848 exspec-

80 1848 206 1889 Nolam
227 1849 315 1883 vinci
338 1860 430 1900 posse
451 1850 573 1887 docuit,
593 1850 700 1882 referri
719 1850 835 1889 debet;
881 1849 1005 1884 taverit,
1037 1849 1140 1891 ipsum
1171 1849 1358 1890 Augustum
1388 1849 1550 1898 appellat;
1579 1849 1633 1881 sed

20 1888 33 1911 Ψ·
54 1903 55 1906 ’
35 1848 288 1935 γἔιιῇιιεῇιιιια
310 1893 407 1934 igitur
429 1894 590 1929 crescebat,
611 1893 687 1924 dum
707 1893 836 1942 juvenis
880 1891 1064 1923 sublimiore
1091 1898 1208 1923 conatu
1237 1898 1352 1940 praeter
1381 1892 1563 1934 opinionem
1594 1892 1636 1924 ad

67 1935 277 1973 Macellus,
303 1941 457 1978 tanquam
492 1946 594 1968 novus
625 1946 664 1968 ex
700 1935 835 1984 antiqua
880 1936 994 1966 Jovem
1017 1945 1202 1972 conversus,
1226 1945 1282 1977 pro
1304 1934 1414 1966 divina
1438 1935 1579 1977 Augusti
1602 1935 1637 1966 in

35 1989 51 2017 ι
60 1977 185 2022 ‚stirpe
195 1979 561 2018 surculusefflorescens‚
571 1989 688 2010 novum
700 1978 839 2011 eihono-
885 1977 935 2009 his
951 1978 1039 2009 terris
1054 1978 1208 2019 dignitate
1223 1983 1296 2008 vota
1313 1983 1489 2020 nuncupat.
1536 1979 1635 2014 Cura,

51 2021 373 2072 -yemconciliabat-
417 2004 718 2070 Explendescebant
733 2028 839 2054 autem
885 2020 918 2051 h.
936 2032 965 2053 e.
980 2021 1090 2052 tutela.
1136 2022 1235 2057 Fatis,
1254 2021 1285 2052 h.
1299 2031 1327 2052 e.
1345 2021 1468 2059 asam,
1486 2031 1541 2063 per
1555 2021 1633 2052 sata.

44 2059 125 2106 Qssffi
154 2064 276 2114 juvene
307 2065 480 2104 Marcello,
509 2065 666 2102 Octaviae,
697 2065 840 2106 Augusti
886 2064 932 2094 Tu.
958 2066 1088 2095 secundo
1118 2064 1236 2095 Caesare
1256 2075 1374 2105 regnes,
1402 2063 1436 2095 h.
1464 2075 1494 2095 e.
1525 2074 1636 2106 regna,

173 2106 352 2147 'sfilimet
366 2106 476 2146 Juliae,
495 2108 635 2150 Augusti
653 2107 741 2145 filiae,
759 2118 837 2140 con·
882 2117 1004 2154 precor,
1030 2107 1076 2138 ita
1100 2112 1136 2138 ut
1162 2107 1273 2138 Caesar
1298 2117 1317 2138 a
1338 2112 1369 2138 te
1395 2106 1556 2138 secundus
1582 2107 1636 2143 sit,

55 2187 62 2192 ,
167 2150 277 2184 lieet
301 2151 358 2184 vix
391 2151 616 2199 septemdecim
644 2161 744 2183 annos
771 2156 839 2182 tum
883 2149 938 2182 ille
963 2156 992 2182 te
1007 2150 1110 2181 minor
1130 2150 1184 2193 (ut
1204 2149 1307 2190 magis
1323 2149 1500 2192 explicatur
1522 2161 1552 2181 v.
1572 2150 1635 2192 57)

48 2226 52 2236 ,
69 2191 73 2197 ’
111 2208 121 2214 ’·
153 2212 157 2217 -
192 2198 415 2244 metantesque
435 2193 578 2230 virtutes,
595 2199 632 2226 ut
651 2205 715 2226 non
735 2194 839 2225 solum
883 2193 915 2224 in
932 2193 1033 2230 terris,
1050 2199 1084 2224 tu
1101 2193 1134 2223 in
1151 2193 1258 2224 coelo
1251 2193 1417 2235 imperium
1435 2198 1556 2224 teneas.

67 2240 76 2254 ⁶
135 2242 138 2245 '
195 2252 198 2255 “
225 2252 230 2265 ·
253 2237 327 2288 (qui
347 2245 425 2270 euur
435 2237 604 2280 adoptasse
624 2242 658 2269 et
675 2247 838 2269 successo-
928 2237 1010 2267 53-
1016 2237 1071 2267 56.
1101 2237 1229 2267 Parthos
1244 2236 1336 2267 Latio
1351 2237 1555 2268 imminentes.
1602 2236 1635 2268 Si

220 2279 228 2287 ⁸
256 2290 290 2312 ιιι
314 2290 412 2323 regno
441 2280 615 2313 destinasse
644 2280 772 2318 dicitur,
798 2280 840 2312 cs.
885 2289 993 2310 verum
1012 2284 1072 2315 est,
1089 2278 1198 2321 quod
1190 2289 1223 2310 ιιι
1240 2284 1426 2320 argumento
1442 2279 1637 2316 monuimus,

196 2322 215 2330 ”
231 2323 378 2364 ,30)5α1
394 2323 491 2355 etiam
515 2323 664 2355 omnibus
682 2323 841 2355 Romanis
884 2323 1069 2363 Augustum
1101 2328 1169 2353 tum
1199 2322 1350 2364 temporis
1379 2322 1500 2353 bellum
1527 2327 1638 2354 contra

209 2390 211 2393 -
229 2382 233 2393 ι
260 2371 367 2400 esset
382 2366 528 2405 deliciis;
551 2366 627 2399 hinc
647 2372 753 2398 tantus
773 2377 842 2398 om·
884 2365 1032 2402 Parthos,
1049 2365 1204 2408 populum
1218 2365 1374 2396 Romanis
1385 2364 1639 2404 Infestlsslmum

187 2407 316 2453 inejus,
326 2409 496 2445 immatura
508 2415 607 2442 morte
618 2409 793 2452 erepti(U.
803 2409 842 2442 C.
884 2418 1075 2457 apparasse,
1100 2413 1194 2451 poeta
1209 2418 1246 2439 eo
1266 2407 1361 2439 simul
1381 2408 1527 2446 consilio,
1541 2414 1579 2440 ut
1597 2408 1639 2441 de

83 2459 89 2468 ⁸
145 2468 148 2475 ·
208 2454 280 2493 31),
298 2452 421 2490 funere.
443 2452 566 2495 ingenti
588 2463 662 2485 cum
685 2459 841 2495 apparatu
883 2451 977 2483 novis
991 2457 1142 2484 terrarum
1158 2451 1280 2483 domini
1295 2451 1437 2483 victoriis
1450 2451 1636 2483 vaticinium

82 2496 89 2509 ⁴
104 2501 258 2539 §Empe
272 2495 394 2528 Martio
408 2495 504 2532 facto,
520 2497 610 2528 dolor
623 2501 719 2538 atque
735 2497 843 2528 luctus
887 2495 1004 2532 ederet,
1040 2495 1100 2527 hoc
1137 2505 1267 2526 carmen
1306 2494 1469 2537 scripsisse
1502 2494 1640 2527 videtur.

213 2537 408 2582 perhibetur.
452 2538 520 2571 Dio
542 2539 565 2572 l.
590 2550 622 2571 c.
641 2544 674 2571 et
697 2539 786 2571 Vell.
809 2539 843 2578 ii,
889 2537 998 2580 Egerit
1007 2541 1098 2580 justo
1114 2539 1240 2569 domitos
1262 2539 1428 2578 triumpho,
1441 2543 1564 2574 ornate,
1583 2549 1639 2580 pro

62 2611 66 2614 .
146 2581 430 2632 comparandus
455 2588 562 2614 autem
590 2592 666 2615 cum
691 2587 758 2614 toto
783 2582 842 2615 hoc
886 2582 1020 2623 vulgari,
1033 2581 1156 2619 vicerit,
1166 2580 1337 2613 domuerit.
1372 2581 1462 2612 Justo
1473 2582 1640 2622 triumpho,

127 2623 272 2668 Vitg
291 2626 373 2658 AEn.
386 2636 433 2663 νι,
455 2626 521 2658 856
524 2635 611 2674 sqq.
630 2625 709 2656 ubi
702 2636 730 2656 rs
747 2625 841 2675 juve·
885 2625 996 2656 Justus
1017 2606 1209 2674 triumplius,
1231 2624 1288 2666 qui
1311 2624 1352 2656 de
1374 2623 1522 2656 hostibus
1543 2624 1640 2667 plane

63 2704 66 2706 ,
96 2674 124 2719 τ’
180 2666 391 2705 Marcellum.
406 2678 503 2718 quem⁸
523 2668 556 2701 in
575 2667 749 2700 illustrium
773 2668 842 2701 ani·
887 2667 1018 2700 devictis
1041 2667 1163 2710 agitur3
1186 2677 1256 2706 nos,
1274 2669 1326 2698 εἴη
1348 2668 1490 2709 vo'llr'ger,
1501 2667 1638 2709 fdrmli-

82 2754 86 2755 ⁷
101 2706 173 2767 ἓ,
180 2721 362 2793 „lg-censu
380 2710 506 2787 anssqui
526 2711 676 2743 Marcelli
695 2711 844 2786 qpmitem
886 2712 961 2786 echer-
983 2711 1111 2786 Τέὶιῧιιρ
1092 2712 1144 2752 ph.
1188 2709 1256 2785 Slig
1271 2711 1364 2784 Jrgsta
1394 2712 1526 2785 victry-ig
1554 2711 1640 2753 apud

277 2765 308 2786 m
358 2764 402 2787 ua
450 2759 546 2791 oster,
564 2760 629 2787 arte
650 2754 683 2786 in
734 2765 755 2786 u
802 2755 844 2787 sti
919 2765 948 2786 ic
981 2764 1000 2785 a
1078 2765 1123 2786 iv.
1142 2753 1177 2790 ii,
1321 2764 1390 2785 erat
1409 2760 1439 2785 et
1479 2765 1497 2785 n
1521 2765 1563 2791 os,
1584 2764 1640 2785 ex-

47 2822 63 2834 t
130 2806 175 2850 '3'
204 2812 217 2824 v·
256 2765 392 2830 earin‘iui
427 2808 486 2830 suo
517 2796 670 2830 intexuit·
705 2808 746 2830 ex
757 2765 845 2839 gline
887 2802 1003 2829 tremos
1030 2797 1120 2829 Asiae
1146 2797 1301 2840 populos:
1332 2798 1478 2838 subjectos
1505 2797 1642 2828 Orientis

172 2855 244 2919 ’.ι
245 2839 760 2920 ffffi‘tzfissssffis‘v'ffipssssssssffs
763 2851 847 2917 253·
889 2840 1011 2916 ΜΨ
1021 2839 1642 2916 ἓοῃῗὲωὲἑῗιῖῗῖ,ἔίἶὶὲἷῗῖῗῖἓιῖῑη,

115 2931 117 2933 ’
147 2967 150 2970 Α
196 2936 238 2959 r
261 2925 446 2970 explicandi
475 2927 568 2960 ratio.
627 2927 719 2959 Velut
747 2929 849 2960 arbor.
891 2928 1003 2959 orbem.
1049 2926 1202 2959 Similiter
1219 2926 1260 2959 de
1276 2925 1427 2968 bipartito
1446 2894 1586 2973 Agugustqi
1609 2925 1642 2955 in

229 2968 299 3004 hnc
319 2970 515 3024 comparatio
535 2981 554 3003 e
577 2969 674 3003 Pind.
692 2971 792 3003 Nem.
814 2973 847 3008 8,
892 2969 985 3003 terris
1017 2975 1050 3003 et
1075 2970 1167 3003 Jovis
1195 2969 1231 3002 in
1260 2969 1345 3001 coelo
1374 2969 1516 3011 imperio,
1549 2966 1648 2998 Ovid.

143 3010 319 3054 ὶῧξᾱται
342 3011 369 3046 δ’
394 3012 513 3057 ἀρετὰ,
536 3015 694 3058 χλωραῖς
719 3013 848 3058 ἐέρσαις
893 3014 981 3046 Fast.
999 3013 1034 3052 ii,
1053 3014 1136 3052 131,
1159 3012 1227 3045 Hoc
1249 3020 1286 3045 ιιι
1304 3023 1360 3053 per
1380 3018 1491 3048 terras,
1509 3012 1587 3052 quod
1610 3011 1644 3041 in

19 3065 22 3067 ⁴
87 3073 89 3077 ,
86 3044 130 3076 ‘¹⁴2
