1884 3288
33 2763 42 2771 ·⁴
102 2752 243 2785 carmine

637 207 861 252 LIBER
898 206 980 258 IV,
1019 208 1063 248 2.

1542 203 1627 244 203

370 311 551 354 Tiburis
573 310 690 365 ripas
712 323 897 364 operosa
917 322 1079 363 parvus

775 376 978 418 Carmina
998 375 1137 430 fingo.

370 446 586 490 concines
607 445 771 500 majore
794 451 924 500 poeta
945 443 1115 499 plectro

370 517 603 563 Caesarem,
625 513 892 568 quandoque
914 512 1059 553 trahet
1080 510 1249 553 feroces

283 585 340 625 35
371 583 459 625 Per
479 596 649 624 sacrum
671 579 842 630 clivum,
864 579 1018 621 merita
1039 580 1228 621 decorus

774 647 965 695 Fronde,
989 647 1256 703 Sygambros
1275 663 1285 695 3

372 718 476 766 Quo
497 716 604 760 nihil
626 717 766 773 majus
787 706 994 758 meliusve
1018 716 1146 757 terris

371 786 483 828 Fata
503 786 736 836 donavere,
758 785 950 840 bonique
973 784 1093 834 Divi,

371 853 471 896 Nec
492 854 676 905 dabunt,
698 853 894 908 quamvis
915 852 1098 894 redeant
1119 851 1164 892 in
1184 865 1341 892 aurum

284 923 343 965 40

776 920 999 976 Tempora
1021 920 1227 975 priscum.

374 990 591 1033 Concines
612 989 824 1045 laetosque
846 989 956 1040 dies,
979 996 1023 1030 et
1046 988 1184 1030 Urbis

371 1058 603 1102 Publicum
624 1057 794 1109 ludum,
817 1072 950 1113 super
970 1058 1204 1112 impetrato

373 1126 519 1169 Fortis
542 1125 738 1182 Augusti
759 1125 921 1176 reditu,
943 1125 1174 1180 forumque

779 1193 954 1236 Litibus
978 1194 1147 1236 orbum.

86 1329 251 1363 volitando
271 1340 306 1362 se
322 1330 419 1372 agitat
434 1330 529 1373 cycni
545 1341 659 1373 corpus
674 1329 840 1372 grandius,

87 1374 211 1416 proprie
230 1379 263 1406 et
283 1374 407 1416 egregie
430 1374 471 1405 ad
492 1384 555 1406 rem
582 1375 683 1405 multa
709 1373 840 1405 dicitur.

89 1417 247 1448 Dircaeum
270 1428 413 1459 cycnum,
437 1417 615 1448 Pindarum
640 1416 841 1452 Thebanum,

43 1475 51 1484 ·
90 1469 107 1491 a
134 1460 297 1492 notissimo
318 1460 352 1492 in
377 1461 506 1492 Boeotia
529 1461 615 1491 fonte
638 1461 744 1491 Dirce.
789 1460 842 1491 Sic

89 1502 320 1547 Anacrsapud
339 1503 449 1546 Antip.
474 1503 586 1535 Sidon.
611 1503 718 1534 Carm.
742 1502 840 1540 lxxvi,

87 1546 226 1578 Anthol.
243 1549 348 1579 Graec.
364 1547 404 1578 T.
425 1546 460 1582 ii,
478 1557 511 1589 p.
529 1548 585 1584 27,
599 1546 721 1584 κὺκνος
741 1545 842 1584 Τὴῒος

87 1589 279 1632 appellatur.
324 1589 491 1620 Poetarum
516 1595 622 1620 autem
636 1599 708 1620 cum
731 1589 843 1630 cycnis

89 1635 209 1664 canoris
232 1631 307 1675 (qui
333 1642 353 1664 a
380 1634 474 1663 'nutis
501 1631 719 1673 distinguendi
748 1632 843 1671 sunt)

90 1675 287 1718 comparatio
303 1674 488 1706 notissima:
514 1674 580 1706 vid.
594 1685 666 1717 sup.
684 1674 724 1706 ad
740 1674 777 1710 ii,
789 1676 844 1712 20,

91 1717 149 1750 ubi
166 1719 235 1761 ipse
259 1718 410 1750 Horatius
433 1718 467 1749 in
491 1719 594 1749 album
615 1719 730 1754 alitem,
758 1717 789 1748 h.
813 1727 844 1748 e.

90 1770 243 1804 cycnum,
265 1771 300 1793 se
322 1761 436 1792 mutari
458 1761 560 1803 fingit.
604 1762 680 1800 Apis
701 1761 844 1799 Mutine,

93 1813 113 1836 a
127 1810 235 1836 monte
252 1804 387 1840 Matina,
403 1805 527 1836 Horatii
543 1803 665 1847 patriae,
679 1803 844 1841 Venusiae,

91 1846 219 1887 vicin03
243 1847 388 1890 apposite
400 1846 497 1888 igitur
512 1857 617 1889 apem,
630 1846 663 1877 in
678 1846 750 1888 ejus
763 1846 843 1877 vici-

93 1890 149 1922 nia
173 1890 345 1926 volantem,
376 1889 534 1931 designat.
578 1890 666 1920 More
694 1891 846 1930 modoque,

93 1943 212 1975 gnava,
233 1943 299 1976 qua
329 1933 388 1965 illa
415 1933 506 1970 solet,
532 1932 700 1964 industria.
746 1932 847 1964 Grata

93 1978 252 2017 carpentis
274 1977 378 2017 thyma
406 1987 461 2017 per
490 1977 620 2007 laborem
649 1976 847 2006 Plurimum.-

93 2019 153 2051 inf.
172 2020 253 2052 Hor.
275 2019 380 2062 Epist.
396 2019 419 2055 i,
439 2020 472 2056 3,
490 2020 546 2055 21,
563 2018 603 2050 de
624 2018 715 2050 Julio
740 2018 847 2054 Floro,

91 2068 133 2094 ut
155 2068 262 2106 poeta,
282 2062 350 2103 Ipse
373 2063 446 2104 quid
471 2063 587 2093 audes?
633 2062 707 2096 Quae
731 2063 846 2093 circum

95 2107 205 2138 volitas
241 2107 335 2147 agilis
371 2107 500 2147 thyma?
545 2106 596 2137 De
634 2104 734 2147 poetis
772 2114 845 2135 cum

95 2159 205 2192 apum,
249 2149 340 2180 flores
382 2148 632 2191 decerpentium,
676 2146 847 2179 sedulitate

95 2191 289 2235 comparatis
329 2197 508 2234 opportune
553 2190 693 2232 Boettig.
736 2190 848 2222 laudat

97 2235 205 2266 locum
225 2234 371 2266 Platonis
393 2234 426 2265 in
446 2235 496 2266 Io.
514 2235 552 2266 T.
571 2234 613 2270 iv,
630 2244 661 2276 p.
681 2234 754 2268 187,
772 2233 846 2276 Bip.

97 2277 236 2320 λέγουσι
259 2278 326 2320 γὰρ
350 2279 439 2320 πρὸς
459 2277 548 2330 ἡμᾶς
571 2277 601 2309 οἱ
622 2278 778 2316 ποιηταὶ,
797 2276 849 2309 ὅτι

98 2321 172 2354 ἀπὸ
205 2324 342 2364 κρηνῶν
374 2321 598 2364 μελιρρίιτων,
629 2320 664 2352 ἐκ
696 2323 848 2352 Μουσῶν

98 2363 222 2404 κήπων
244 2367 349 2397 τινῶν
368 2364 424 2396 καὶ
445 2367 569 2397 ναπῶν
587 2363 786 2406 δρεπόμενοι
806 2364 849 2395 τὰ

97 2407 183 2451 μέλη
201 2406 286 2450 ἡμῖν
304 2406 474 2451 φέρουσιν.
491 2408 608 2450 ὥσπερ
627 2407 662 2438 αἱ
679 2406 848 2449 μέλιτται,

99 2452 158 2484 καὶ
171 2451 270 2484 αὐτοὶ
283 2451 371 2484 οὕτω
387 2451 580 2494 πετόμενοι.
613 2450 710 2481 Plura
721 2450 754 2480 in
767 2450 850 2481 hanc

97 2504 163 2527 rem
177 2494 303 2526 dabunt
315 2495 466 2526 Muretus
480 2495 514 2525 in
531 2495 609 2525 Var.
626 2494 716 2525 Lect.
730 2492 798 2530 viii,
819 2495 848 2531 l,

98 2543 132 2574 et
146 2537 281 2570 Mitsch.
297 2537 338 2569 ad
358 2537 392 2568 h.
411 2537 433 2570 1.
479 2538 571 2568 Circa
584 2548 689 2567 nemus
703 2538 849 2576 uvidique

102 2580 227 2619 Tiburis
240 2582 337 2621 ripas,
348 2579 394 2612 ibi
408 2580 494 2612 enim
508 2579 615 2611 Musis
626 2579 748 2621 operari
765 2579 847 2610 sole-

100 2623 157 2656 bnt
180 2623 353 2661 Horatius3
376 2623 451 2655 hinc
475 2623 615 2655 carmine
645 2627 797 2664 sequente
818 2633 849 2654 v.

103 2666 158 2705 m.
179 2677 274 2708 aquas
290 2678 356 2708 ‹121oe
369 2666 484 2710 fertile
506 2666 602 2697 Tibur
624 2666 804 2707 praefluunt,
822 2671 851 2696 et

100 2711 210 2750 spitum
227 2721 381 2741 nemorum
401 2720 510 2745 emmas,
527 2719 561 2740 se
581 2708 722 2739 nobilem
741 2708 852 2739 AEolio

310 2758 373 2784 tam
382 2753 523 2784 facturas
532 2762 602 2783 esse
614 2750 712 2782 canit.
741 2751 835 2782 Uvidi
844 2764 853 2782 :

35 2814 41 2829 z
104 2794 147 2828 cf·
180 2805 254 2839 sup.
287 2796 328 2827 ad
356 2795 402 2832 iii,
430 2797 486 2831 29,
519 2796 552 2826 6.
601 2795 698 2834 Ripas
727 2796 854 2825 Anienis

39 2847 41 2849 '
102 2847 230 2882 tempe,
245 2839 378 2875 Albulae,
392 2844 468 2871 cett.
514 2839 644 2878 operosa
658 2847 783 2878 parvus,
800 2847 854 2869 ac-

105 2882 302 2913 commodate
316 2881 356 2913 ad
375 2881 456 2924 apis,
472 2891 612 2923 quacum
628 2890 661 2912 se
682 2886 855 2922 comparat,

106 2923 271 2967 ingenium
287 2930 320 2956 et
332 2930 478 2956 naturam
490 2936 500 2964 ;
511 2925 616 2965 fingo,
629 2923 676 2954 uti
691 2923 771 2966 apis,
784 2934 856 2965 quae

885 1330 1010 1365 borum,
1025 1328 1103 1361 scite
1117 1328 1156 1360 ad
1172 1329 1215 1360 rei
1227 1328 1398 1371 imaginem
1415 1328 1636 1360 accommoda·

886 1378 1000 1409 torum,
1018 1372 1142 1404 delectu
1158 1373 1310 1404 studium.

929 1417 1071 1446 33—44.
1096 1417 1242 1447 Concines
1266 1427 1321 1458 pro
1348 1414 1504 1458 simplice,
1531 1424 1638 1450 canes,

886 1464 923 1489 ut
945 1458 1082 1501 passim:
1106 1465 1215 1499 poeta,·
1241 1460 1394 1490 Antonius
1417 1458 1514 1493 enim,
1539 1463 1574 1488 ut
1599 1456 1640 1487 ad

886 1501 918 1532 h.
934 1501 956 1532 1.
973 1507 1107 1533 testatur
1122 1502 1242 1537 Acron,
1259 1507 1382 1544 poetam
1404 1511 1438 1532 se
1458 1499 1641 1532 nobilitavit

886 1545 1027 1576 carmine
1053 1543 1156 1586 epico,
1172 1545 1342 1576 duodecim
1359 1544 1448 1575 libris
1465 1542 1641 1585 composito

887 1593 930 1624 et,
960 1588 1000 1618 ad
1034 1588 1215 1629 exemplum
1246 1587 1437 1629 Virgilianae
1468 1585 1641 1621 AEneidos,

890 1631 1061 1662 Diomedeis
1076 1631 1240 1673 inscripto.
1270 1631 1390 1671 Majore
1402 1632 1529 1671 plectro,
1545 1639 1640 1670 gran-

887 1673 984 1705 dioris
1009 1673 1137 1716 spiritus
1160 1673 1313 1704 carmine.
1360 1674 1548 1714 Quandoque
1572 1682 1642 1714 pro,

888 1716 1028 1758 quando,
1045 1723 1080 1747 ut
1095 1725 1193 1746 carm.
1209 1716 1355 1747 anteced.
1371 1727 1401 1747 v.
1420 1717 1471 1746 17.
1518 1715 1643 1752 Trahet,

888 1758 1007 1801 captivi
1029 1759 1112 1790 enim
1136 1759 1236 1789 vincti
1261 1759 1470 1789 trahebantur
1491 1763 1566 1789 ante
1588 1756 1643 1788 tri·

888 1801 1074 1844 umphantis
1092 1811 1217 1832 currum
1235 1813 1242 1839 ;
1266 1801 1312 1833 sic
1328 1811 1418 1843 reges
1432 1801 1466 1832 in
1482 1799 1644 1842 triumpho

887 1847 1011 1876 retortis
1027 1846 1166 1876 manibus
1182 1845 1265 1875 trahi
1287 1845 1439 1876 dicuntur
1457 1844 1517 1875 inf.
1538 1844 1645 1886 Epist.

890 1887 924 1925 ii,
958 1890 987 1924 1,
1022 1889 1105 1919 191:
1142 1888 1185 1919 cf.
1215 1898 1288 1930 sup.
1318 1887 1353 1924 ii,
1390 1888 1440 1923 12,
1475 1888 1527 1918 ll.
1582 1887 1644 1916 Per

889 1941 1011 1962 sacrum
1023 1932 1148 1967 clivum,
1161 1930 1216 1972 qui
1231 1931 1371 1962 ducebat
1387 1930 1419 1961 in
1433 1929 1645 1972 Capitolium.

894 1974 1028 2009 Fronde,
1055 1973 1158 2004 lauro.
1201 1974 1394 2015 Sygambros,
1413 1978 1538 2014 gentem
1559 1973 1644 2004 Ger-

889 2017 1016 2052 maniae,
1033 2026 1088 2048 eas
1105 2016 1169 2047 sere
1187 2022 1275 2047 trans
1299 2016 1451 2048 Rhenum
1473 2015 1556 2047 inter
1576 2016 1645 2046 Lu-

890 2061 975 2101 piam
993 2066 1025 2091 et
1040 2059 1148 2100 Sigam
1166 2059 1285 2101 (Lippe
1299 2065 1332 2091 et
1348 2058 1452 2102 Siege)
1470 2066 1536 2090 turn
1553 2059 1643 2089 inco-

891 2103 1007 2134 lentem
1032 2109 1141 2138 terras,
1161 2113 1241 2144 quas
1267 2113 1353 2134 nunc
1380 2104 1527 2134 Ducatus
1547 2103 1643 2133 Mon-

891 2147 1002 2183 tensis,
1019 2145 1200 2178 Comitatus
1216 2146 1372 2177 Marchiae
1389 2151 1421 2177 et
1440 2155 1512 2188 pars
1529 2144 1644 2176 Cliviae

890 2190 1046 2221 obtinent.
1092 2189 1226 2225 Feroces,
1257 2189 1438 2224 bellicosos,
1468 2189 1619 2219 barbaros
1635 2200 1642 2218 :

891 2231 950 2263 i-nf.
972 2234 1014 2269 iv,
1040 2234 1092 2268 14,
1116 2233 1171 2268 51,
1194 2233 1272 2263 caede
1290 2234 1460 2273 gaudentes
1484 2231 1646 2263 dicuntur.

894 2275 961 2310 Quo
975 2276 1056 2307 nihil
1072 2278 1171 2316 mqjus
1188 2277 1331 2306 meliusve
1347 2277 1438 2306 terris
1455 2275 1534 2306 Fata
1550 2276 1645 2305 dona-

892 2330 980 2350 vere:
1001 2319 1084 2350 idem
1108 2319 1172 2349 sere
1193 2319 1344 2349 Horatius
1364 2319 1404 2350 de
1422 2319 1566 2360 Augusto
1588 2317 1647 2349 inf.

894 2362 998 2404 Epist.
1023 2362 1059 2398 ii,
1087 2363 1117 2398 l,
1145 2362 1198 2398 17,
1219 2361 1385 2404 praedicat,
1410 2362 1466 2392 Nil
1490 2364 1646 2392 oriturum

893 2406 983 2441 alias,
998 2407 1044 2436 nil
1063 2412 1163 2436 ortum
1184 2405 1415 2447 tatejatentes;
1440 2410 1472 2436 et
1488 2403 1585 2436 Ovid.
1604 2414 1645 2435 ex

896 2449 989 2480 Pont.
1012 2448 1034 2484 i,
1055 2449 1087 2483 2,
1108 2449 1180 2484 100,
1198 2449 1288 2479 Alma
1308 2449 1390 2479 nihil
1408 2450 1507 2489 majas
1529 2448 1647 2478 Ca’sare

893 2498 975 2522 terra
985 2492 1085 2532 ferat.
1118 2491 1156 2522 In
1172 2503 1283 2522 aurum
1298 2493 1447 2531 priscum,
1459 2491 1491 2521 in
1509 2490 1646 2533 priscam

895 2545 999 2566 aureae
1016 2534 1119 2566 aetatis
1138 2533 1333 2566 felicitatem.
1383 2534 1474 2565 Urbis
1487 2535 1647 2574 publicum

894 2579 1018 2609 ludum:
1033 2587 1103 2609 vere
1113 2577 1215 2608 editos
1223 2587 1293 2609 esse
1304 2577 1378 2608 illos
1388 2576 1482 2608 ludos
1492 2577 1647 2619 publiceS,

892 2631 973 2662 quos
997 2621 1079 2652 inter
1102 2620 1165 2651 alia
1189 2631 1244 2662 pro
1266 2619 1359 2652 felice
1381 2620 1522 2662 Augusti
1544 2619 1648 2651 reditu

895 2670 1025 2695 senatus
1065 2663 1264 2706 populusque
1305 2663 1473 2695 Romanus
1509 2668 1647 2699 voverat,

895 2713 1029 2738 testatur
1052 2706 1116 2737 Dio
1141 2706 1198 2742 liv,
1222 2707 1277 2743 27,
1298 2706 1457 2742 nimirum,
1479 2713 1648 2748 postquam

895 2751 1075 2791 Augustus,
1086 2749 1142 2791 qui
1159 2751 1284 2780 nimium
1301 2751 1369 2788 diu,
1385 2755 1421 2781 ut
1437 2750 1515 2780 Hor.
1530 2749 1589 2780 inf.
1606 2748 1649 2787 iv,

897 2795 930 2829 5,
954 2794 975 2824 2
1000 2793 1056 2828 ait,
1078 2794 1235 2834 affuerat,
1253 2793 1297 2825 U.
1319 2793 1360 2824 C.
1384 2803 1483 2823 neem
1509 2793 1649 2823 Romam

899 2836 1002 2868 rediit.
1048 2836 1161 2867 Forum
1179 2837 1284 2866 litibus
1297 2837 1424 2873 orbum;
1448 2846 1523 2876 ergo
1538 2845 1602 2866 non
1618 2834 1651 2864 in

899 2880 993 2911 rebus
1003 2879 1135 2922 trepidis
1148 2885 1271 2910 tanturn
1287 2885 1320 2910 et
1331 2879 1471 2910 tumultu
1483 2888 1650 2909 causarum

901 2922 1041 2954 actiones
1056 2922 1171 2953 in'foro
1186 2922 1355 2953 cessabant
1367 2921 1470 2964 (quod
1486 2921 1652 2952 dicebatur

107 2966 231 3009 proprie
258 2969 317 2999 mel
336 2968 462 3010 fingere
493 2966 699 3016 (πλάττειν)
728 2965 857 2997 dicitur.
890 2964 1087 3007 justitium),
1099 2965 1154 2997 sed
1170 2965 1201 2995 in
1216 2965 1347 3007 publiea
1358 2965 1467 3001 etiam,
1481 2970 1517 2995 ut
1529 2963 1577 2995 iex
1592 2964 1653 2993 hoc

109 3008 286 3042 obaervent
308 3010 427 3043 tirones
450 3011 576 3052 insigne
603 3015 705 3052 poetae
729 3009 761 3040 in
788 3020 856 3041 ver-

903 3010 973 3041 loco
989 3015 1129 3051 apparet,
1143 3008 1267 3039 laetitia.
