1884 3288
0 2502 19 2722 ξ

0 3018 18 3071 ᾗ.

633 209 857 253 LIBER
890 209 973 260 ΙΙΙ,
1010 210 1074 250 19.

1548 208 1623 249 171

426 313 670 355 Miscentor
690 310 858 366 cyathis
880 310 1038 366 pocula
1058 309 1310 352 commodis.

368 381 459 428 Qui
479 379 634 421 Musas
656 385 770 420 amat
791 379 992 434 impares,

422 447 596 490 Ternos
617 454 684 488 ter
706 447 887 502 cyathos
908 446 1120 488 attonitus
1143 451 1265 500 petet

285 516 337 558 15
367 515 532 558 Vates:
566 523 655 557 tres
678 514 886 570 prohibet
909 529 1042 569 supra

424 583 641 625 Rixarum
662 590 858 625 metuens
883 590 1059 638 tangere
1083 581 1255 632 Gratia,

365 651 514 694 Nudis
529 653 684 708 juncta
706 652 945 693 sororibus.

424 719 620 762 Insanire
636 721 778 776 juvat,
800 735 878 762 cur
901 719 1179 774 Berecyntiae

367 787 552 830 cessant
573 788 746 830 flamina
766 789 913 830 tibiae?

282 856 339 898 20

74 988 124 1030 μὴ
140 987 253 1028 δειλὸς
273 989 404 1024 θανεῖν,
418 990 469 1022 vel
491 990 537 1033 μὴ
559 991 672 1023 ὀκνῶν
695 991 825 1026 θανεῖν.

75 1041 133 1074 pro
146 1031 283 1074 vulgari,
298 1043 362 1064 non
377 1033 504 1070 timeus,
517 1033 571 1065 sed
587 1039 700 1076 sponte
723 1033 825 1066 susci-

75 1073 169 1117 piens
185 1085 240 1118 pro
255 1075 358 1118 patria
371 1082 514 1108 mortem.
559 1077 610 1108 De
628 1076 826 1109 nobilissimo

76 1117 186 1149 mortis
207 1129 334 1160 genere,
349 1130 413 1162 quo
436 1119 558 1151 civitati
579 1131 645 1151 suae
661 1120 826 1151 victoriam

76 1160 117 1192 de
141 1160 283 1193 hostibus
305 1168 451 1205 paratum
475 1163 531 1194 ivit
554 1163 690 1198 Codrus,
717 1173 766 1194 res
793 1163 826 1194 in

75 1202 192 1245 vulgus
208 1211 300 1236 nota:
326 1205 390 1237 vid.
407 1206 528 1238 Justin.
543 1205 578 1239 ii.
597 1207 638 1245 6;
661 1206 747 1238 Vell.
763 1207 825 1237 Pa-

78 1251 157 1278 tere.
173 1246 195 1285 i,
213 1249 256 1286 25
281 1248 351 1280 Cic.
367 1249 500 1280 Tuscul.
517 1249 538 1287 i,
555 1250 618 1288 48;
644 1249 720 1281 Val.
733 1250 826 1281 Max.

73 1299 106 1328 v,
122 1290 156 1322 6.
196 1291 326 1328 Narras,
341 1302 481 1330 enarras,
494 1292 647 1334 exponis3
672 1303 735 1323 non
752 1293 825 1334 qui-

75 1331 160 1371 dem,
177 1339 213 1365 ut
229 1334 281 1367 Cl.
298 1334 435 1366 Mitsch.
453 1341 574 1373 censet,
589 1335 827 1366 confabulando

76 1385 150 1407 eum
166 1376 277 1409 amicis
290 1377 357 1420 jam
374 1378 414 1409 de
428 1377 574 1410 convivio
590 1377 824 1413 deliber-ituris,

75 1417 131 1451 sed
153 1419 239 1451 domi
262 1421 368 1464 potius
391 1420 554 1452 historiam
580 1421 728 1452 Graecam
753 1421 825 1452 dili-

75 1463 202 1504 gentius
223 1463 398 1495 secundum
413 1464 563 1507 temporis
578 1465 714 1495 rationes
736 1463 824 1505 dige-

75 1505 174 1538 rendo
201 1511 234 1538 et
257 1507 354 1538 literis
378 1506 618 1549 consignandm
642 1507 715 1549 quis
740 1507 824 1538 enim

75 1549 252 1592 Telephum
281 1555 346 1581 tam
371 1550 513 1593 ineptum
540 1550 699 1582 hominem
727 1550 826 1582 fuisse

76 1596 210 1629 statuat,
226 1597 261 1624 ut
273 1592 426 1624 doctrinm
441 1603 508 1624 suae
524 1594 631 1635 copias
646 1593 826 1636 importuno

75 1639 215 1678 tempore
237 1636 424 1678 exponendo
445 1635 518 1667 aliis
538 1636 713 1668 molestiam
737 1647 825 1668 crea-

75 1679 146 1710 ret?
169 1684 226 1710 aut
247 1679 321 1722 quis
344 1679 512 1710 Horatium
536 1678 596 1710 hoc
622 1689 749 1711 carmen
776 1681 825 1711 vel

75 1725 193 1753 temere
214 1722 297 1754 inter
317 1721 514 1764 loquendum
536 1721 696 1758 effudisse,
721 1723 769 1753 vel
794 1734 826 1754 re

76 1768 237 1797 transacta
261 1765 388 1798 demum
415 1765 495 1797 illud
522 1766 738 1807 composuisse
765 1766 827 1797 sibi

75 1807 288 1850 persuadeat!
336 1809 405 1839 Imo
429 1814 535 1852 poeta,
560 1818 623 1850 qua
650 1808 827 1850 Telephum

77 1851 253 1893 appellavit
284 1851 419 1886 ratione.
451 1851 483 1882 id
518 1857 653 1887 tantum,
687 1858 722 1882 ut
756 1851 826 1893 ejus

77 1893 219 1925 animum
236 1905 256 1926 a
269 1905 376 1926 severo
392 1894 530 1926 historiae
553 1894 657 1926 studio
673 1895 711 1925 ad
726 1893 826 1926 hilare

77 1936 261 1969 convivium
298 1944 457 1974 avocaret,
494 1943 654 1980 spectasse
691 1937 826 1969 videtur.

79 1978 185 2013 Genus
202 1981 304 2018 AEacv',
323 1985 448 2023 gentem
471 1991 510 2012 ex
536 1981 654 2016 AEaco,
677 1981 762 2011 OEno
786 1981 824 2012 iae

76 2032 163 2064 rege,
198 2029 395 2066 prognatam,
429 2024 576 2061 Releum,
609 2023 740 2055 Telamo
785 2035 827 2062 m,

77 2065 253 2102 Achillem,
269 2067 441 2103 Teucrum,
458 2072 490 2098 et
501 2066 648 2108 Ajacem,
664 2072 739 2098 cett.
770 2068 826 2097 Sa-

76 2119 140 2146 cro,
163 2108 203 2141 ad
227 2110 414 2147 Homerum,
438 2109 491 2141 cui
510 2109 631 2147 Ἰλιος,
655 2120 728 2140 cum
755 2110 826 2152 plu-

76 2150 158 2183 rium
189 2152 323 2184 deorum
347 2153 455 2184 cultus
483 2153 527 2184 ibi
550 2153 679 2194 vigeret,
707 2153 824 2194 passim

77 2193 85 2205 ⁸
111 2195 133 2235 ἢ
155 2195 293 2235 dicitur;
315 2202 347 2228 et
369 2195 442 2227 hinc
466 2195 548 2238 apud
570 2195 659 2237 Virg.
683 2197 763 2227 AEn.
789 2196 824 2234 ii,

125 2239 154 2276 l,
171 2238 268 2271 Ilium
287 2239 402 2270 Divum
416 2240 520 2270 domus
534 2245 675 2270 vocatur.
716 2240 826 2271 Chium

77 2283 187 2314 eadum
199 2294 212 2321 ,·
235 2282 275 2314 ad
291 2282 508 2325 proestantiora
522 2282 606 2314 enim
624 2282 697 2314 vina
715 2283 826 2314 Chium

77 2334 205 2368 qnoque
246 2335 266 2357 a
310 2325 468 2357 Romanis
508 2326 719 2357 referebatur:
760 2326 824 2357 vid.

78 2367 202 2400 Athen.
229 2368 252 2405 i,
278 2380 312 2412 p.
343 2369 399 2400 28.
448 2370 639 2400 Mercemur:
664 2369 827 2400 communi

77 2408 174 2452 igitur
195 2417 316 2448 sumtu,
340 2411 406 2444 sive
428 2412 468 2443 de
490 2412 644 2454 symbolis
666 2411 827 2443 convivari

77 2453 238 2487 volebant.
284 2454 438 2495 Temperet
465 2457 600 2496 ignibus,
631 2455 800 2487 calefaciat
816 2468 825 2495 3

78 2502 153 2536 ante
171 2508 300 2530 coenam
317 2498 414 2533 enim.
430 2504 467 2529 ut
483 2498 561 2530 satis
584 2504 719 2535 constat,
737 2499 825 2530 lava-

78 2546 146 2573 tum
160 2540 205 2572 ire
227 2541 374 2572 solebant
392 2541 544 2572 Romani.
591 2542 658 2576 Quo
677 2543 829 2581 prabente

79 2584 211 2620 domum,
227 2589 304 2616 cett.
318 2583 391 2626 quis
411 2584 540 2615 domum
563 2583 706 2616 convivio
721 2590 828 2616 nostro

78 2626 270 2676 suppeditet,
292 2633 324 2658 et
348 2633 445 2669 quota
465 2627 541 2658 hora
561 2638 619 2669 ego
643 2627 683 2658 ad
708 2627 827 2664 focum,

81 2669 139 2702 ubi
159 2669 240 2702 nihil
260 2669 339 2701 mihi
358 2669 535 2702 curandum
561 2670 600 2701 sit
624 2680 696 2702 acre
719 2670 829 2711 frigus,

79 2712 279 2750 oonveniam,
295 2713 335 2744 de
358 2713 417 2745 hac
442 2724 474 2745 re
493 2724 532 2745 ne
547 2714 677 2744 verbum
701 2714 828 2755 quidem

79 2754 179 2796 “0³⁸3
202 2756 233 2787 h.
248 2766 276 2788 e.
294 2756 327 2787 id
343 2767 406 2798 prae
422 2756 571 2793 historiae,
583 2756 616 2787 in
629 2767 692 2797 quo
707 2757 828 2788 defixus

78 2806 128 2835 α,
143 2798 248 2831 studio
262 2798 508 2831 nihilmoraris:
534 2800 592 2830 inf.
606 2800 672 2830 Sat.
689 2799 710 2836 i,
727 2801 760 2836 5,
773 2801 828 2837 38,

82 2840 227 2877 Murena
249 2844 397 2883 praebente
422 2844 553 2879 domum,
580 2844 727 2883 Capitone
748 2844 828 2874 culi-

58 2906 60 2908 *
81 2894 166 2918 mm.
211 2885 364 2935 Pelignis,
379 2886 490 2928 qualia
508 2886 540 2917 in
557 2891 704 2917 montosa
719 2885 826 2928 Pelig-

81 2936 195 2961 norum
209 2939 336 2971 regione
351 2929 460 2961 saevire
474 2929 588 2961 solent.

126 2971 245 3004 9—17.
269 2972 320 3004 Du
340 2972 434 3004 Luna:
447 2984 586 3013 propere,
603 2978 680 3004 cett.
698 2972 831 3015 porrige,

82 3022 103 3049 0
117 3024 206 3058 puer,
222 3014 423 3061 festinantius
441 3017 604 3059 poculum,
620 3015 705 3058 quod
724 3016 755 3047 in
773 3027 831 3048 no-

427 856 519 899 Cur
539 857 704 912 pendet
726 857 858 899 tacita
881 855 1030 899 fistula
1050 870 1148 898 curn
1168 854 1293 910 lyra?

871 1001 921 1022 vae
937 991 1057 1027 Lunae,¹
1069 988 1182 1021 mediae
1199 988 1326 1025 Noctis,
1341 994 1374 1020 et
1396 989 1527 1030 auguris
1543 990 1623 1022 Mu-

870 1044 963 1065 raenae
979 1034 1127 1065 honorem
1146 1032 1304 1063 ebibatur.
1350 1031 1494 1063 Genitivi
1512 1032 1622 1070 Lunae,

872 1077 991 1114 Noctis,
1003 1082 1035 1108 et
1049 1077 1085 1107 M
1088 1087 1209 1112 ιιι-«τηατ,
1225 1074 1364 1117 pendent
1379 1075 1419 1106 ab
1434 1075 1550 1107 omisso
1565 1087 1624 1108 no-

870 1119 955 1151 mine
987 1121 1140 1160 poculum,
1173 1118 1259 1160 quod
1291 1117 1354 1149 dici
1386 1118 1467 1149 solet
1494 1120 1559 1159 qjus
1588 1119 1622 1151 in

870 1163 964 1205 cujus
987 1163 1137 1194 honorem
1161 1162 1241 1192 illud
1257 1161 1459 1192 exhauritur:
1484 1162 1528 1193 cf.
1550 1172 1627 1205 sup.-

870 1206 910 1237 ad
927 1206 973 1242 iii,
989 1208 1020 1242 8,
1040 1207 1091 1237 13.
1127 1206 1224 1237 Poeta
1240 1204 1374 1240 seilicet,
1390 1203 1510 1236 laetitiae
1526 1215 1622 1247 quam

870 1250 1013 1292 praecipit
1036 1259 1132 1280 sensu
1157 1249 1319 1290 abreptus,
1334 1247 1402 1289 jam
1426 1247 1486 1278 sibi
1505 1249 1622 1281 versari

869 1292 992 1323 videtur
1008 1293 1039 1324 in
1057 1293 1114 1324 hoc
1139 1291 1295 1327 convivio,
1310 1296 1340 1322 et
1358 1290 1391 1321 in
1407 1291 1540 1322 multam
1553 1291 1623 1334 jam

870 1341 994 1366 noctem
1018 1335 1182 1377 productO,
1200 1334 1255 1365 ubi
1280 1343 1355 1365 sane
1378 1334 1470 1365 Luna
1491 1340 1523 1365 et
1543 1335 1621 1372 Nox,

870 1384 983 1419 sponte
1014 1384 1048 1409 ut
1075 1379 1152 1409 deas
1185 1376 1328 1409 convivis
1359 1377 1556 1408 venerandas
1589 1390 1622 1411 se

870 1421 979 1452 offerre
995 1421 1166 1452 debebant.
1200 1420 1236 1451 M
1240 1421 1377 1456 iicentor,
1393 1420 1622 1462 symposiarchi

871 1474 955 1495 more
978 1464 1123 1506 imperat.
1171 1464 1272 1496 Jubet
1294 1469 1400 1494 autem
1417 1469 1541 1494 tantum
1558 1465 1621 1496 vini

871 1517 955 1548 aqua
970 1507 1135 1550 temperati
1156 1506 1189 1538 in
1207 1506 1324 1549 pocula
1341 1506 1461 1547 majora
1484 1507 1621 1544 infundi,

870 1557 1026 1592 quantum
1047 1561 1159 1582 novem
1179 1550 1227 1582 vel
1250 1555 1312 1580 tres
1337 1549 1445 1591 cyathi
1469 1550 1622 1592 capiunt;

870 1605 972 1625 novem
1002 1593 1130 1636 quidem
1164 1592 1296 1634 cyathos
1325 1592 1468 1624 decernit
1497 1593 1536 1624 iis
1566 1597 1626 1636 qui

870 1636 989 1677 largius
1003 1637 1078 1667 vino
1091 1647 1124 1668 se
1140 1637 1272 1667 invitare
1289 1635 1402 1672 solent,
1419 1636 1522 1678 poetis
1535 1637 1622 1669 scili-

871 1685 931 1715 cet,
949 1679 979 1710 in
998 1680 1114 1721 quibus
1130 1679 1196 1721 ipse
1211 1679 1295 1723 suits,
1318 1685 1378 1709 tres
1395 1689 1466 1710 vero
1485 1679 1525 1710 iis
1541 1691 1623 1722 quos

873 1722 1007 1758 Gratiae,
1031 1732 1167 1764 quarum
1190 1722 1325 1753 cultores
1348 1727 1434 1758 sunt,
1457 1722 1622 1755 modestiae

871 1770 902 1795 et
919 1765 1135 1808 temperantiae
1158 1765 1190 1795 in
1210 1764 1349 1795 bibendo
1371 1764 1450 1795 fines
1465 1766 1624 1798 transilire

874 1813 980 1839 vetant
997 1820 1003 1838 :
1028 1808 1067 1839 de
1083 1809 1201 1849 cyathis
1217 1807 1283 1838 vid.
1307 1818 1380 1849 sup.
1397 1807 1436 1838 ad
1452 1807 1497 1844 iii,
1519 1810 1551 1844 8.
1572 1810 1626 1842 13.

874 1851 998 1882 Misceri
1023 1852 1132 1892 pocula
1156 1850 1317 1886 dicuntur,
1341 1861 1414 1892 quae
1438 1851 1512 1882 vino
1537 1862 1623 1893 aqua

870 1900 1041 1936 temperato
1056 1894 1238 1936 implentur.
1285 1894 1461 1930 Commodis,
1478 1894 1624 1935 modicis,

871 1947 934 1978 nec*
944 1937 1038 1968 nimis
1055 1937 1190 1978 magnis.
1236 1938 1406 1974 Attonitus,
1422 1937 1525 1968 furore
1546 1949 1622 1980 poe·

868 1980 1625 2023 ῐίοοοοπῐορῐιις,ἒμβρόντητος,μουσόληπτος.

875 2023 944 2054 Tres
959 2035 1064 2064 supra,
1082 2023 1166 2054 ultra
1186 2029 1259 2054 tres.
1307 2022 1458 2054 Isim-rum
1472 2031 1620 2060 metuens.

871 2077 981 2097 verens
1004 2077 1043 2098 ne
1068 2066 1206 2097 rixarum
1232 2075 1332 2097 causa
1354 2066 1408 2096 fiat
1434 2066 1623 2100 immodicus

870 2109 935 2140 vini
957 2120 1045 2141 usus.
1092 2110 1204 2141 Gratia
1219 2112 1335 2150 juncta
1358 2111 1520 2148 sororibus,
1538 2111 1621 2143 Gra-

870 2152 921 2184 tiae
942 2153 1060 2184 sororio
1075 2152 1204 2184 vinculo
1220 2153 1299 2183 inter
1323 2163 1356 2183 se
1371 2152 1505 2194 junctae.
1551 2154 1622 2186 Nu-

869 2198 935 2226 ‹lis:
960 2199 1062 2227 nudus
1074 2195 1215 2237 quidem.
1229 2201 1264 2226 ut
1278 2195 1463 2227 Graecorum
1477 2198 1621 2239 γυμνὸς,

869 2241 985 2281 passim
1006 2240 1044 2270 de
1067 2250 1116 2275 eo,
1134 2239 1189 2280 qui
1207 2239 1317 2270 leviter
1340 2239 1475 2270 amictus
1494 2246 1554 2276 est,
1572 2241 1621 2272 di-

869 2282 971 2322 citur;
995 2282 1050 2315 sed
1068 2283 1187 2314 Gratiae
1204 2281 1236 2313 in
1251 2282 1392 2323 antiquis
1407 2285 1621 2316 monumentis

870 2336 940 2357 vere
956 2325 1052 2357 nudae
1069 2332 1243 2368 apparent:
1262 2325 1303 2356 cf.
1321 2326 1372 2357 Cl.
1384 2327 1502 2358 Mauso
1516 2327 1624 2360 Ueber

869 2368 920 2400 die
937 2370 1044 2400 Horen
1059 2370 1124 2400 und
1142 2369 1290 2404 Grazien,
1307 2379 1338 2410 p.
1354 2370 1410 2401 80.

918 2414 1054 2443 18—24.
1078 2413 1347 2452 Insa11ii·ejuvat:
1371 2418 1407 2443 ut
1430 2423 1502 2455 sup.
1526 2413 1561 2450 ii,
1588 2415 1626 2451 7,

870 2456 924 2491 28,
954 2457 1043 2487 dulce
1068 2457 1144 2487 mihi
1173 2462 1214 2486 est
1234 2454 1361 2496 furere.
1407 2456 1621 2488 Notissimum

869 2503 918 2529 est
940 2499 1020 2530 illud
1037 2499 1154 2529 Anacr.
1177 2498 1264 2535 xxxi,
1285 2497 1383 2536 θέλω,
1402 2498 1488 2531 θέλω
1509 2503 1624 2542 μανῆ-

871 2554 939 2573 ναι.
986 2541 1188 2582 Berecyntiae,
1210 2541 1370 2583 Phrygiae,
1391 2552 1408 2573 a
1427 2550 1533 2575 monte
1557 2545 1621 2575 Be-

872 2590 1001 2626 recynto
1016 2585 1048 2616 in
1067 2584 1216 2626 Phrygia,
1228 2585 1282 2615 ubi
1297 2585 1456 2628 praecipue
1469 2585 1501 2617 in
1514 2587 1625 2629 Cybe-

873 2628 918 2658 les
941 2627 1039 2659 sacris
1056 2630 1134 2659 tibica
1150 2638 1227 2658 usus
1250 2627 1330 2665 fuit3
1354 2628 1398 2658 uti
1422 2634 1527 2660 autem
1545 2631 1623 2661 tibia

873 2671 1045 2714 graviorem
1071 2670 1153 2714 (vid.
1178 2671 1398 2702 Hemsterhus.
1421 2671 1462 2703 ad
1486 2672 1628 2704 Lucian.

874 2714 918 2744 D.
942 2714 986 2744 D.
1010 2714 1065 2750 xii,
1082 2715 1118 2745 T.
1141 2715 1162 2749 i,
1186 2724 1217 2756 p.
1241 2713 1338 2754 233),
1359 2714 1401 2745 ita
1413 2717 1541 2756 fistula,
1565 2727 1621 2748 cu-

870 2756 925 2798 jus
948 2757 1051 2788 statim
1069 2757 1188 2788 mentio
1209 2757 1256 2790 fit.
1272 2757 1422 2789 leniorem
1447 2763 1480 2789 et
1502 2759 1622 2790 acutio-

873 2810 935 2830 rem
952 2810 1065 2832 sonum
1080 2799 1190 2831 edidit.
1228 2799 1315 2838 Quid
1332 2799 1525 2832 discriminis
1541 2803 1624 2834 iuter

874 2845 978 2874 tibiam
995 2845 1178 2885 etfistulam
1190 2843 1295 2880 fuerit,
1309 2843 1487 2875 docuerunt
1502 2845 1623 2876 Bulen-

874 2896 967 2927 gerus
989 2887 1028 2918 de
1044 2887 1181 2918 Theatro
1202 2886 1238 2922 ii,
1256 2887 1311 2922 23,
1329 2892 1360 2918 et
1375 2887 1566 2919 Laurentius
1590 2888 1623 2919 in

873 2929 1028 2961 Thesaur.
1054 2931 1160 2962 Graev.
1181 2930 1218 2960 T.
1245 2929 1312 2966 viii,
1338 2940 1370 2971 p.
1399 2931 1493 2961 1466.
1541 2930 1622 2960 Par-

874 2979 972 3004 centes
993 2984 1047 3015 ego
1063 2975 1199 3004 dexteras
1219 2975 1279 3008 odi,
1298 2983 1360 3004 non
1385 2972 1463 3003 ferre
1483 2983 1623 3014 possum,

875 3015 930 3058 qui
953 3022 1145 3048 cunctantur
1167 3022 1198 3048 et
1220 3027 1322 3048 moras
1342 3021 1494 3054 nectunt5
1517 3015 1623 3047 suavi-
