1884 3288
634 223 860 266 LIBER
891 223 928 274 Ι,
960 224 1030 266 25.

599 426 877 471 CARMEN
912 426 1066 469 XXV.

659 568 728 600 AD
764 567 996 600 LYDIAM.

351 675 554 717 PAncms
569 674 745 730 junctas
767 673 971 729 quatiunt
992 672 1206 715 fenestras

349 743 517 786 Ictibus
539 743 705 785 crebris
721 742 906 798 juvenes
927 742 1135 797 protervi,

349 810 450 853 Nec
471 811 551 853 tibi
572 825 745 852 somnos
767 810 988 852 adimunt:
1021 818 1224 865 amatque

872 877 1019 920 ‹Janua
1039 877 1185 928 limen,

293 949 321 990 5
352 948 467 997 Quae
486 949 610 1004 prius
633 946 814 989 multum
836 945 973 988 facilis
997 948 1200 989 movebat

350 1018 579 1060 Cardines.

639 1015 784 1058 Audis
807 1016 947 1057 minus
969 1023 1014 1058 et
1035 1017 1175 1058 minus
1191 1017 1303 1072 jam:

352 1085 432 1127 Me
452 1091 525 1127 tuo
547 1085 703 1142 longas
715 1090 930 1141 pereunte
951 1091 1112 1135 noctes,

874 1154 1042 1209 Lydia,
1065 1154 1227 1195 dormis
1240 1157 1259 1195 l

351 1221 543 1264 Invicem
562 1220 758 1264 moechos
780 1237 888 1263 anus
911 1231 1168 1278 arrogantes

266 1290 321 1332 10
350 1289 498 1332 Flebis
520 1290 564 1332 in
584 1289 675 1332 solo
696 1289 802 1331 levis
824 1291 1084 1346 angiportu:

60 1390 158 1424 tersi».
203 1390 284 1423 Fata
303 1389 400 1432 igitur
421 1391 580 1422 recludere
592 1389 686 1422 docta
706 1389 811 1421 brevi-

60 1440 126 1468 tate
147 1444 216 1478 pro,
234 1434 316 1466 viam
333 1444 372 1465 ex
389 1433 478 1465 Orco
496 1434 529 1464 in
545 1433 642 1465 vitam
664 1433 812 1465 redituris

59 1479 224 1511 occlusam
238 1477 414 1509 recludere.
446 1476 623 1518 Lenisfuta
639 1478 810 1512 recludere,

61 1521 197 1559 Graece,
215 1526 252 1553 ut
275 1531 361 1564 saepe
384 1519 469 1563 apud
495 1521 663 1556 Nostrum,
688 1526 722 1552 ut
747 1520 813 1551 fata

59 1564 218 1602 recludat,
233 1564 275 1596 ad
289 1564 355 1596 tata
369 1563 576 1595 recludenda.
614 1563 716 1605 Nigro
731 1574 810 1594 com-

56 1610 178 1650 pulerit
189 1610 299 1651 gregi:
322 1606 468 1638 similiter
483 1607 662 1638 Mercurius
676 1607 811 1644 animas,

61 1657 98 1684 ut
123 1659 232 1695 pastor
256 1660 396 1693 gregem,
421 1650 510 1691 virga
531 1660 590 1682 sua
614 1649 812 1693 compellens

60 1694 225 1728 inducitur
251 1694 338 1750 apud
375 1694 513 1725 Luciau.
571 1693 701 1736 Catapl.
733 1695 748 1734 §
778 1695 810 1729 3,

62 1738 218 1779 πλησίον
246 1739 351 1775 αυτὸς
379 1735 479 1774 οὗτος
505 1734 735 1776 (Mercurius).
767 1737 813 1774 ὡς

63 1782 82 1814 ὁ
113 1783 160 1821 “cs
176 1781 333 1819 πολλούς
344 1791 444 1817 τινας
458 1778 543 1822 ἡμῖν
554 1781 662 1822 ἄγων,
672 1780 812 1822 μᾶλλον

62 1824 82 1859 ὃ
100 1849 108 1862 ,
134 1826 250 1867 ὥσπερ
274 1837 308 1857 τι
330 1822 503 1861 αἰπόλιον,
525 1823 670 1866 ἁθρόους
686 1822 814 1861 αὐτοὺς

60 1871 106 1914 τῇ
119 1867 238 1913 ῥάβδῳ
253 1867 382 1910 σοβῶν.

273 1953 472 1986 CARMEN
496 1953 609 1985 XXV.

108 1997 256 2042 Lydiam,
277 1997 345 2040 jam
361 2007 540 2032 senescere,
556 2001 589 2027 et
611 1994 651 2026 ab
666 1995 812 2026 amatori-

63 2042 137 2079 bus,
163 2053 245 2085 quos
273 2041 407 2084 superbe
438 2040 537 2071 forma
565 2039 670 2070 adhuc
701 2045 813 2080 potens

61 2091 268 2121 tractaverat,
281 2084 382 2116 deseri
398 2083 615 2126 incipientem,
632 2082 815 2124 petulanter

64 2129 125 2162 hoc
151 2127 291 2160 carmine
317 2127 460 2168 exagitat
484 2125 653 2157 Horatius.
699 2126 813 2166 Augu-

51 2177 150 2205 ntur
170 2181 286 2215 nempe
310 2177 416 2213 poeta,
441 2171 519 2207 fore,
545 2175 580 2200 ut
602 2168 718 2210 Lydia,
741 2180 814 2211 quae

64 2220 152 2248 tauto
166 2215 252 2247 fastu
266 2219 422 2246 amatores
442 2212 600 2255 rejecerit,
616 2212 671 2243 fiat
686 2212 719 2242 in
736 2223 808 2254 pos-

62 2264 168 2292 terum
196 2257 422 2302 prostibulum.
446 2256 618 2288 -Graecum
651 2255 811 2298 quendam

54 2309 204 2347 poetam,
219 2311 314 2344 quem
339 2300 490 2332 Horatius
510 2298 704 2342 expressisse
726 2299 811 2330 vide-

62 2350 239 2386 tur‚totum
253 2354 381 2376 carmen
401 2342 510 2386 spirat.
555 2343 704 2375 Ceterum
727 2353 812 2374 com-

0 2367 1 2371 *
36 2389 214 2434 ·parainr.
226 2388 274 2425 iii,
292 2389 344 2425 15,
361 2392 395 2419 et
409 2386 452 2422 iv,
472 2387 523 2423 13,
547 2386 600 2418 ubi
623 2385 809 2418 cniofidem

61 2439 95 2466 et
105 2433 268 2475 Lycen.ut
276 2430 410 2467 vetulas,
423 2429 568 2461 similiter
581 2429 644 2461 sere
657 2428 810 2461 traducit.

109 2477 142 2514 l,
154 2477 188 2508 2.
210 2475 344 2507 Junctas
368 2475 515 2516 quatiunt
535 2472 704 2522 fenestras.
751 2473 779 2503 F
779 2484 809 2504 e-

0 2547 3 2550 .
60 2525 172 2552 ‘mtrae
185 2521 310 2560 juncte
325 2523 400 2549 sunt
420 2517 531 2554 valvae,
545 2518 698 2559 fenestris
709 2515 764 2558 (h.
781 2526 810 2548 e.

0 2559 14 2626 ἐξ

0 2630 13 2716 ξ

85 2563 218 2596 arietum
231 2561 441 2594 foraminibus
455 2559 571 2602 quibus
591 2559 646 2590 lux
660 2558 813 2591 immitte-

59 2572 174 2648 gutur)
193 2604 337 2648 junctam
360 2614 435 2635 nam
451 2608 518 2634 tum
542 2603 694 2645 temporis
710 2603 812 2634 fenes-

64 2653 134 2688 tra,
158 2647 302 2681 nondum
327 2657 368 2679 ex
393 2646 474 2679 vitro
500 2647 606 2682 factae,
633 2645 735 2678 valvis
761 2644 812 2677 in-

103 2691 175 2724 'mis
202 2690 319 2724 muniri
355 2690 524 2721 solebant:
565 2689 638 2720 hinc
663 2689 812 2732 fenestrae

63 2703 175 2780 &ories
193 2734 278 2778 apud
302 2733 400 2766 ovid.
425 2743 466 2764 ex
491 2733 588 2764 Pont.
607 2732 652 2768 iii,
678 2734 711 2769 3,
733 2734 766 2769 5,
779 2738 812 2764 et

0 2782 6 2810 ἶ.
56 2779 176 2812 Amor.
198 2779 223 2810 i.
247 2781 279 2815 5,
302 2779 335 2813 3,
360 2777 613 2816 Parsadaperta
630 2776 717 2818 fuit,
742 2787 814 2816 pars

0 2812 13 2827 e·
63 2822 164 2855 altera
193 2823 299 2854 clausa
317 2820 466 2863 fenestret
477 2830 488 2856 3
528 2819 638 2860 itaque
664 2819 814 2861 fenestrae

0 2865 5 2887 ’ν
54 2867 179 2916 juncte
193 2864 307 2902 valvis,
323 2863 373 2895 vel
391 2864 492 2895 valvae
511 2861 635 2904 junctae
658 2862 813 2897 fenestris,

159 2914 246 2945 sunt,
272 2909 392 2939 clausae.
449 2906 590 2937 Protei-vi
619 2905 813 2955 (ᾀσελγεῖς)

0 2958 7 2994 ;
62 2952 148 2984 nter
167 2953 210 2984 ad
232 2951 386 2983 lascivam
409 2949 616 2992 petulantiam
642 2959 813 2991 Juvenum,

63 2996 122 3038 ‘qui
151 2995 273 3028 iteratis
301 2994 419 3026 ictibus
449 2993 604 3025 fenestras
641 2991 816 3035 quatiendo
858 2992 1082 3035 frequentata3
1106 2993 1181 3025 hinc
1205 2994 1324 3024 dicitur
1345 2995 1437 3028 salus,
1462 2994 1492 3024 h.
1508 3004 1535 3024 e.
1552 2994 1607 3023 ‹le-

0 3039 15 3073 3.

0 3078 27 3288 ᾗ

66 3037 191 3071 arimini
206 3037 352 3081 cupiunt.

899 1392 998 1422 3—5.
1025 1391 1091 1422 Nec
1120 1393 1175 1424 tibi
1205 1402 1318 1423 somnos
1346 1394 1509 1424 adimunt.-
1544 1392 1608 1424 vim

856 1434 1009 1466 sarcasmi
1024 1435 1097 1476 quis
1112 1446 1176 1466 non
1193 1435 1313 1467 sentitl
1360 1435 1513 1468 Laudant
1529 1437 1610 1467 Pro-

856 1483 936 1518 pert.
947 1477 980 1514 ii,
998 1479 1090 1516 16,5,
1102 1478 1143 1509 ad
1160 1479 1335 1521 Cynthiam
1351 1490 1404 1510 rus
1422 1480 1608 1522 profectam,

858 1521 959 1552 Nulla
976 1533 1070 1562 neque
1092 1529 1164 1553 ante
1187 1529 1256 1554 tuas
1280 1525 1397 1554 orietur
1419 1525 1486 1554 rixa
1500 1523 1609 1565 senes-

855 1570 931 1600 tras,
956 1565 1021 1596 Nec
1037 1566 1093 1596 tibi
1109 1568 1245 1599 clamata·
1261 1577 1381 1597 somnus
1397 1578 1522 1598 amarus
1535 1567 1608 1598 erit.

855 1608 1006 1649 Amorque
1020 1608 1127 1640 Janna
1144 1611 1248 1646 limen,
1267 1611 1343 1644 Qnae
1363 1612 1452 1650 prius
1475 1611 1608 1641 multum

845 1651 959 1693 facilis
982 1653 1114 1683 movebat
1133 1653 1300 1683 cardines.-
1325 1659 1357 1684 ει
1376 1652 1490 1694 janua,
1514 1653 1609 1695 cujus

856 1694 1003 1726 cardines
1017 1705 1102 1736 saepe
1118 1695 1318 1738 multumque
1333 1705 1428 1727 antea
1439 1697 1610 1727 moveban-

858 1742 920 1772 tur.
945 1748 1030 1769 nunc
1055 1745 1200 1769 amanter
1225 1739 1317 1780 quasi
1341 1738 1446 1769 limini
1473 1750 1529 1770 suo
1552 1739 1608 1770 ad-

858 1780 976 1819 haeret;
1001 1781 1141 1812 suaviter
1167 1792 1222 1824 pro
1239 1782 1375 1822 vulgari,
1391 1788 1424 1813 et
1440 1792 1524 1813 nunc
1541 1792 1610 1814 raro

857 1829 1015 1855 amatores
1052 1825 1172 1855 intrant
1202 1825 1348 1867 januam,
1386 1835 1483 1867 quam
1521 1826 1610 1867 prius

853 1867 1039 1898 celebrabat
1067 1874 1243 1899 amatorum
1268 1867 1457 1910 frequentia.
1501 1868 1610 1900 Janua

857 1916 939 1941 amat
968 1910 1092 1953 (φιλεῖ)
1120 1912 1224 1946 limen.
1252 1917 1396 1942 amanter
1417 1911 1508 1953 quasi
1531 1923 1610 1943 con-

857 1953 978 1984 suescit
1000 1963 1072 1984 eum
1101 1954 1222 1991 limine,
1246 1954 1278 1985 h.
1300 1965 1331 1985 e.
1355 1964 1424 1986 raro
1448 1954 1608 1997 aperitur:

857 1997 898 2028 cs.
914 1996 971 2028 inf.
987 1996 1022 2032 ii,
1042 1997 1074 2034 3,
1090 1998 1141 2028 10.
1187 1998 1327 2028 Multum
1343 1998 1469 2040 facilis.
1495 1998 1612 2030 sacilli-

856 2049 921 2075 ma,
939 2040 1152 2083 paratissima,
1168 2051 1238 2082 pr0,
1255 2040 1445 2083 saepissime.

899 2084 997 2114 6--8.
1020 2084 1073 2114 Me
1089 2090 1152 2121 tuo,
1169 2090 1246 2114 cett.
1263 2090 1338 2115 sunt
1351 2084 1449 2116 verba
1465 2083 1608 2126 juvenis,

858 2134 955 2158 noctu
972 2133 1045 2158 ante
1062 2126 1147 2158 aedes
1163 2126 1279 2169 puellae
1298 2129 1434 2169 porrecti
1460 2128 1607 2170 (enpan-

858 2169 1033 2210 λοῦντος),
1051 2176 1083 2201 et
1093 2180 1221 2202 carmen
1232 2170 1339 2202 flebile
1352 2172 1611 2213 (παρακλαυσί-

855 2213 992 2254 Θυρον),
1010 2213 1105 2255 quale
1121 2219 1169 2245 est
1186 2214 1245 2245 inf.
1263 2213 1310 2250 iii,
1327 2215 1379 2250 10,
1397 2219 1432 2245 ut
1451 2214 1610 2246 intromit-

855 2261 941 2288 tatur
956 2257 1114 2288 canentis.
1164 2257 1327 2295 pereunte,
1352 2256 1467 2298 frigore
1495 2268 1610 2301 nempe

855 2305 888 2332 et
916 2300 1084 2336 imbribus,
1109 2306 1147 2332 nt
1171 2299 1241 2331 inf:
1258 2300 1281 2331 l.
1305 2300 1439 2332 l.4—7.
1486 2301 1609 2343 Longas

856 2350 975 2375 noctes:
1000 2343 1186 2375 notissimus
1202 2344 1235 2374 in
1250 2344 1336 2375 hanc
1354 2355 1418 2375 rem
1435 2350 1485 2376 est
1499 2355 1609 2376 versus

853 2385 912 2418 inf.
929 2387 1032 2430 Epist.
1050 2387 1072 2425 i,
1092 2388 1123 2423 1,
1139 2388 1195 2423 20,
1224 2387 1267 2419 Ut
1287 2398 1345 2418 nox
1369 2389 1473 2431 longa,
1497 2390 1608 2429 quibus

853 2432 1005 2462 mentitur
1028 2432 1140 2466 amica,
1156 2432 1277 2471 diesque
1301 2431 1421 2473 Longa.
1467 2432 1609 2474 Compa-

854 2479 924 2504 rant
967 2473 1172 2517 Asclepiadis
1216 2475 1279 2516 Ep.
1321 2474 1411 2511 xxiii,
1472 2475 1610 2507 Anthol.

855 2517 963 2548 Graec.
980 2517 1020 2548 T.
1034 2517 1096 2559 i,p.
1109 2518 1268 2554 148,Nt·g
1310 2519 1398 2560 ακρὴ
1415 2518 1472 2549 καὶ
1489 2519 1607 2562 χεῖμα,

854 2559 966 2603 μέσην
983 2559 1082 2592 δ’ὲπὶ
1106 2560 1256 2593 Πλειάδα
1294 2560 1377 2598 uva,
1402 2561 1510 2604 Κάγὼ
1535 2563 1608 2605 πὰρ

857 2603 1043 2646 προθύροις
1072 2605 1250 2647 νείσσομαι
1279 2604 1434 2647 ὑόμενος,
1465 2606 1609 2648 Τρωθεῑς

856 2650 920 2686 τῆς
936 2646 1054 2687 δολίης
1065 2647 1211 2687 Ἑλένης
1228 2648 1337 2690 πόθῳ.

900 2692 932 2729 9,
946 2691 996 2722 10.
1013 2691 1148 2722 Invicem
1164 2697 1242 2723 cett.
1257 2702 1389 2722 sensus:
1416 2697 1449 2723 tu
1466 2691 1607 2723 vicissim

857 2743 937 2766 anus
954 2733 1049 2769 levis,
1064 2735 1125 2765 sub
1136 2734 1384 2774 interlunia‚ubi
1395 2735 1496 2766 multo
1508 2736 1610 2777 magis

856 2782 889 2808 et
905 2777 1126 2809 vehementius
1141 2778 1244 2809 furere
1260 2779 1341 2809 solet
1357 2778 1531 2816 Boreas,in
1550 2780 1609 2809 viis

857 2820 934 2851 solis
949 2826 981 2852 et
997 2822 1143 2862 angustis
1160 2821 1285 2863 copiam
1303 2821 1350 2852 tui
1374 2822 1508 2858 factura,
1526 2833 1607 2854 moe-

856 2863 936 2896 chos
952 2865 1032 2895 adeo
1047 2870 1231 2905 arrogantes
1246 2874 1316 2896 esse
1326 2870 1608 2896 ettecontemnere

854 2907 991 2938 dolebis.
1036 2909 1225 2949 Angiportu.
1267 2909 1457 2949 Angipartns
1471 2914 1503 2939 et
1516 2910 1608 2948 angi-

855 2957 978 2990 portum
991 2950 1041 2981 via
1054 2958 1191 2991 angusta
1205 2956 1236 2982 et
1246 2961 1356 2992 parum
1374 2951 1414 2980 ab
1426 2951 1609 2981 hominibus

861 3043 982 3069 sertus:
1007 3039 1137 3070 Terent.
1156 3037 1304 3068 Eunuch.
1321 3048 1352 3074 v,
1368 3038 1400 3071 2,
1417 3038 1451 3074 6,
1465 3038 1516 3067 ubi
1533 3038 1608 3074 vidi,

808 3081 867 3111 ε’).
