1884 3288
345 193 450 229 xxxii
854 196 1097 236 HORATII
1126 199 1340 238 METRA.

614 286 736 304 υ-,υ-
806 287 855 301 υ-
883 288 931 303 υ..

495 395 531 432 Ε
561 396 619 434 od.
642 397 780 436 1-10,

342 455 460 494 XVI.
487 409 660 494 MEtrum
691 458 988 507 pythiambicum
1023 461 1199 511 primum,
1232 461 1364 499 ’δι’κωλον
1396 463 1576 513 δι’στροφον.
1651 463 1844 501 Hexame-

441 525 544 556 trum
567 518 757 556 heroicum
777 521 859 570 (qui
877 528 916 558 et
935 535 1061 560 versus
1085 523 1240 572 pythius
1262 525 1493 572 nominatur)
1514 527 1634 574 (num.
1657 524 1722 572 17)
1741 525 1842 562 exci-

440 579 497 629 pit
515 593 644 617 versus
661 580 843 619 iambicus
862 584 1125 631 quaternarius
1143 587 1267 631 (num.
1289 585 1342 631 1).
1372 606 1375 607 ν

489 639 574 653 -υυ
640 640 725 654 ι-υυ
792 647 811 652 -
891 643 943 656 νυ
1159 644 1244 658 -υυ
1325 646 1378 665 -ῦ

640 700 705 707 --
755 640 810 752 Ι-
853 641 909 750 Ι·
1275 644 1283 756 ι

638 761 688 774 υ-
726 761 775 775 υ-
810 761 817 875 Ι
855 762 905 776 υ-
933 763 983 783 νῦ

1011 643 1092 657 -υυ

490 881 615 931 Epod.
636 881 697 925 14,
719 881 780 919 15.

337 941 477 980 XVII.
499 943 670 980 Metrum
689 944 986 994 pythiambicum
1001 947 1220 991 secundum,
1236 949 1367 985 δίκωλον
1385 947 1566 997 ὃίστροφον.
1605 946 1841 986 Hexameter

434 1003 604 1041 heroicus
624 1007 746 1052 (num.
767 1004 832 1051 17)
851 1019 936 1042 cum
955 1020 1065 1044 versu
1086 1009 1230 1046 senario
1250 1008 1372 1056 (num.
1390 1009 1450 1057 3).

482 1063 566 1078 -υυ
634 1064 717 1077 —uu
785 1070 803 1076 -
885 1065 936 1080 υυ

484 1305 520 1342 Ε
550 1306 609 1344 od.
632 1307 693 1345 16.

331 1366 493 1405 XVIII.
522 1320 696 1406 {Ietrum
719 1370 961 1415 trochaicum,
981 1374 1113 1409 δι’κωλον
1131 1375 1311 1423 δίστροφον.
1364 1374 1428 1410 Ex
1448 1387 1560 1412 versu
1586 1379 1732 1411 constat
1757 1381 1834 1411 tro-

430 1430 558 1467 chaico
583 1430 842 1480 heptasyllabo
864 1433 984 1479 (num.
1007 1433 1050 1479 5)
1069 1441 1109 1471 et
1135 1435 1293 1473 iambico
1319 1436 1490 1474 trimetro
1512 1435 1692 1473 catalecto
1712 1437 1832 1483 (num.

430 1490 487 1536 2),
515 1504 606 1540 quos
633 1491 665 1529 si
693 1495 930 1542 ἀσυναρτῆτως
954 1496 1018 1542 (cf.
1046 1509 1158 1545 supra
1179 1497 1248 1534 sub
1269 1497 1325 1534 lit.
1352 1497 1397 1543 f.)
1425 1498 1625 1541 connectis,
1652 1503 1832 1546 tanquam

429 1552 563 1590 seriem
582 1553 805 1591 trochaicam
823 1568 956 1593 novem
975 1556 1115 1605 pedum
1132 1557 1290 1595 recitare
1308 1565 1425 1607 potes.

1003 1068 1087 1081 -υυ
1152 1069 1237 1083 -υν
1305 1070 1359 1084 —M

922 1187 1017 1201 -υ-
1085 1189 1219 1203 υ-υὶι

496 1611 626 1626 -υ-υ
709 1613 811 1628 -uu

529 1667 579 1680 ..-
607 1667 658 1681 υ-
697 1667 705 1722 Ι
740 1668 854 1683 ..-2-
891 1669 900 1724 Ι
938 1670 1024 1684 0-..

479 1732 601 1777 ii,18.

325 1794 443 1832 XIX.
467 1794 639 1831 Metrum
656 1795 822 1834 ionicum
845 1811 868 1834 a
885 1797 1040 1842 minore,
1060 1799 1237 1847 μονόκωλον
1254 1799 1480 1849 μονόστροφον,
1499 1812 1618 1850 usque
1635 1798 1829 1837 revolvens

425 1868 574 1894 versum
591 1855 756 1893 ionicum
774 1871 796 1895 a
813 1858 956 1896 minore
973 1865 1238 1898 tetrametrum
1257 1862 1380 1909 (num.
1399 1861 1480 1908 22).

491 1915 606 1930 ‘'⁹''
636 1915 644 1971 Ι
677 1917 794 1931 “”““
825 1921 831 1973 Ι
864 1919 971 1933 ““”“
1005 1919 1012 1974 Ι
1044 1920 1157 1934 ““““

473 1982 529 2026 iii,
549 1982 610 2019 12.

422 2043 504 2082 Alii
530 2045 583 2082 sic
609 2058 738 2083 versus
766 2047 941 2085 carminis
970 2047 1115 2085 laudati
1146 2048 1382 2098 digesserunt
1396 2063 1409 2094 3
1436 2062 1569 2099 parum
1595 2049 1758 2094 solliciti,
1785 2050 1826 2087 in

420 2107 495 2144 fine
512 2120 688 2145 versuum
706 2108 907 2158 quinquies
924 2109 1102 2147 vocabula
1117 2109 1235 2147 dividi
1250 2123 1258 2146 :

478 2168 959 2183 υυυυυυυυυυυυ

478 2223 958 2238 υυυυυυυυυυυυ

478 2279 775 2293 υυυυυυυυ

624 2345 743 2400 -υυΙ
781 2350 830 2356 -.-

417 2414 471 2452 ita
488 2420 533 2451 ut
551 2419 715 2462 systema
731 2415 886 2462 τρίκωλον
903 2417 1147 2464 τετράστροφον
1165 2421 1271 2453 esset.
1327 2415 1408 2452 Alii
1432 2415 1472 2452 in
1497 2414 1589 2452 duos
1614 2414 1816 2460 trimetros,

417 2488 508 2525 quos
543 2475 713 2524 sequitur
747 2481 978 2519 tetrameter,
1016 2489 1164 2514 carmen
1200 2476 1390 2525 redigunt,
1421 2475 1591 2513 dissectis
1625 2476 1816 2514 nonnullis

413 2536 576 2574 vocibus.
628 2535 775 2572 Rursus
793 2535 856 2573 alii
880 2536 919 2572 in
938 2535 1031 2574 duos
1057 2544 1294 2575 tetrametros
1313 2551 1397 2575 cum
1415 2550 1491 2574 uno
1509 2536 1669 2574 dimetro
1686 2537 1814 2574 distri-

413 2597 591 2634 buerunt.
643 2596 758 2641 Vide,
782 2596 815 2635 si
837 2597 936 2635 tanti
960 2604 1031 2642 est,
1058 2598 1277 2636 Bentleium
1305 2599 1352 2637 ad
1374 2599 1412 2635 h.
1434 2598 1459 2635 l.
1479 2604 1518 2636 et
1536 2597 1625 2635 Jani
1648 2598 1809 2636 Excurs.

413 2659 426 2695 i
445 2658 491 2695 ad
509 2658 574 2696 lib.
595 2658 650 2695 iii.
