1904 3314
328 174 413 215 304

863 169 1293 214 SATIRARUM

444 280 586 327 Quam
607 279 708 321 satis
729 285 807 329 est,
828 280 984 334 pugnis
1005 293 1141 321 caesus
1162 279 1362 332 ferroque
1382 278 1558 332 petitus,

443 345 661 387 Exclusus
682 346 785 395 fore,
807 361 936 400 quum
959 346 1239 400 Longarenus
1261 345 1372 386 foret
1392 347 1520 385 intus.

442 412 558 453 Huic
581 413 615 452 si
635 412 817 453 mutonis
839 413 980 453 verbis
1003 412 1110 452 mala
1131 419 1249 452 tanta
1270 412 1450 452 videntis

443 478 622 519 Diceret
641 478 733 520 haec
755 480 942 520 animus:
977 479 1095 525 Quid
1111 479 1173 519 vis
1196 479 1300 519 tibi?
1333 476 1538 530 numquid
1558 490 1639 530 ego
1659 489 1685 516 a
1702 481 1745 516 te

359 545 414 585 70
444 543 610 598 Magno
630 552 886 599 prognatum
909 545 1094 599 deposco
1116 544 1288 585 consule
1310 559 1508 592 cunnum,

442 610 728 664 velatumque
750 611 871 660 stola,
894 627 984 652 mea
1005 626 1135 665 quum
1156 611 1395 652 conferbuit
1415 611 1478 650 ira
1495 611 1512 650 2

445 677 563 724 Quid
582 678 893 731 responderet?
926 677 1088 731 Magno
1109 684 1230 731 patre
1251 684 1351 717 nata
1371 676 1512 731 puella
1533 682 1611 716 est.

443 743 506 784 At
526 751 685 797 quanto
705 744 878 785 meliora
899 751 1040 784 monet
1061 744 1381 798 pugnantiaque
1401 743 1493 783 istis

444 810 577 850 Dives
599 811 691 864 opis
713 818 865 851 natura
886 825 988 858 suae,
1012 810 1047 849 si
1069 817 1114 849 tu
1135 810 1261 850 modo
1281 817 1398 850 recte

356 876 413 916 75
443 875 708 929 Dispensare
728 875 845 925 velis,
868 890 916 916 ac
938 891 1021 916 non
1043 875 1247 929 fugienda
1268 874 1465 928 petendis

444 941 707 983 Immiscere!
740 942 840 982 Tuo
859 942 961 982 vitio
981 955 1178 981 rerumne
1199 940 1381 989 labores,
1436 943 1438 945 ’

442 1006 520 1047 Nil
540 1007 698 1048 referre
719 1009 876 1061 putas?
908 1021 1054 1060 quare,
1076 1021 1128 1046 ne
1150 1007 1359 1060 poeniteat
1379 1013 1437 1054 te,

445 1073 607 1113 Desine
628 1080 840 1114 matronas
863 1073 1078 1120 sectarier,
1100 1072 1215 1112 unde
1235 1071 1393 1111 laboris

446 1138 549 1179 Plus
570 1139 740 1179 haurire
760 1138 857 1178 mali
879 1145 958 1186 est,
981 1152 1106 1191 quam
1127 1152 1182 1178 ex
1199 1151 1245 1178 re
1267 1137 1500 1191 decerpere
1521 1136 1700 1178 fructus.

360 1205 416 1246 80
445 1204 540 1245 Nec
562 1206 695 1259 magis
718 1205 830 1254 huic,
853 1205 997 1245 niveos
1018 1204 1128 1244 inter
1150 1204 1394 1258 viridesque
1413 1202 1580 1258 lapillos

446 1271 512 1311 Sit
532 1270 646 1320 licet,
667 1271 763 1320 hoc,
788 1271 1007 1319 Cerinthe,
1031 1277 1105 1310 tuo
1125 1276 1317 1310 tenerum
1337 1276 1403 1310 est
1423 1269 1560 1310 femur
1580 1275 1654 1310 aut
1673 1282 1771 1309 crus

446 1336 640 1386 Rectius,
663 1344 792 1390 atque
813 1338 939 1377 etiam
959 1335 1108 1376 melius
1128 1350 1322 1389 persaepe
1342 1342 1500 1389 togatae
1520 1342 1600 1376 est.

445 1403 577 1444 Adde
597 1403 697 1452 huc,
719 1403 835 1456 quod
856 1415 1036 1442 mercem
1060 1402 1148 1441 sine
1170 1400 1277 1442 fucis
1298 1407 1452 1454 gestat,
1475 1406 1637 1453 aperte,

447 1469 578 1515 Quod
603 1469 745 1510 venale
766 1469 912 1517 habet,
935 1468 1136 1514 ostendit,
1159 1482 1252 1515 nec,
1276 1468 1322 1515 si,
1345 1467 1450 1520 quid
1470 1465 1640 1506 honesti
1659 1471 1740 1514 est,

331 1569 428 1599 filiam
458 1570 605 1600 Faustam
634 1569 740 1599 uxoris
770 1569 840 1600 loco
868 1568 1004 1598 habebat
1032 1566 1064 1596 in

333 1610 499 1648 adulterio,
515 1611 562 1642 vel
583 1611 680 1641 videri
699 1611 811 1646 voluit,
833 1611 880 1640 vel
895 1610 1003 1651 jocose
1022 1608 1066 1638 ita

331 1653 507 1693 appellatus
528 1658 586 1684 est.
630 1653 717 1683 Idem
741 1658 844 1683 tamen
863 1652 920 1682 hoc
939 1650 1064 1681 nomine

330 1695 435 1734 generi
452 1695 561 1729 Sullae,
575 1695 622 1725 vel
640 1694 698 1725 hac
714 1694 853 1735 gloriola,
868 1704 900 1723 se
912 1694 1062 1733 quodam-

331 1736 423 1765 modo
441 1747 588 1776 generum
609 1736 706 1766 Sullae
728 1746 806 1772 esse,
821 1735 932 1765 misere
951 1737 1064 1775 decep-

330 1783 382 1807 tus
396 1784 453 1808 est.
499 1779 582 1809 Nam
598 1788 668 1808 cum
685 1777 854 1819 aliquando
870 1777 983 1807 intrare
999 1777 1062 1806 vel-

332 1819 375 1849 let
396 1820 521 1850 domum
547 1821 683 1856 Faustae,
704 1821 755 1850 cui
771 1819 837 1860 jam
857 1820 960 1850 aderat
982 1818 1063 1849 alius

332 1860 461 1896 adulter,
499 1863 714 1901 Longarenus,
751 1862 868 1892 foribus
904 1861 1064 1896 exclusus,

332 1902 448 1943 pugnis
471 1913 583 1939 caesus,
609 1904 750 1943 ferroque
779 1903 894 1944 petitus
925 1908 981 1932 est.
1027 1902 1065 1932 In

333 1943 460 1979 Fausta,
484 1944 516 1974 in
543 1944 682 1974 libidinis
712 1945 814 1974 fructu
840 1954 911 1974 cum
937 1944 1065 1974 Fausta.

339 1985 436 2024 Usque
451 1997 594 2026 superque
617 1987 714 2020 Quam
732 1988 804 2016 sutis
819 1992 872 2021 est,
893 1995 991 2026 usque
1013 1996 1060 2022 eo,

331 2026 429 2057 donec
451 2026 525 2058 satis
542 2038 695 2068 superque
713 2034 770 2058 est.
815 2028 842 2057 F
842 2039 901 2062 ore,
919 2037 973 2068 pro
991 2028 1059 2057 vul-

331 2069 462 2108 gariore,
484 2069 626 2110 foribus.-
659 2070 812 2110 exempla,
843 2070 896 2099 ubi
916 2070 999 2110 juris
1030 2069 1061 2100 in

330 2109 480 2150 singulari
494 2110 628 2151 ponitur,
643 2110 713 2141 vide
728 2111 758 2141 in
775 2111 912 2141 Lexicis.

374 2153 427 2182 68.
451 2152 533 2183 Huic
544 2155 580 2189 si,
595 2152 790 2193 cett.junge:
807 2155 831 2182 si
842 2154 911 2182 huic
924 2151 1059 2191 (Villio)

330 2195 449 2224 animus
472 2194 581 2233 (sortis
603 2205 696 2235 quam
719 2200 862 2236 expertus
885 2194 935 2231 sit,
958 2194 1061 2224 consi-

331 2235 489 2275 derantia)
504 2240 631 2267 mutonis
643 2243 728 2266 tama
740 2238 818 2266 mala
831 2238 958 2266 videntis
970 2237 1062 2266 verbis

331 2279 441 2308 diceret
477 2279 546 2314 haec,
583 2288 637 2319 pro
671 2278 800 2319 vulgari,
833 2278 945 2318 quodsi
976 2283 1062 2309 muto

330 2324 487 2350 tantorum
514 2320 666 2350 malorum
696 2320 782 2350 testis
813 2321 895 2350 hunc
930 2320 1061 2350 Villium

331 2361 540 2402 alloqueretur
556 2362 602 2392 his
619 2362 735 2392 verbis:
766 2363 859 2398 Quid,
874 2367 947 2392 cett.

374 2404 427 2434 70.
460 2404 573 2445 Magno
596 2405 725 2438 consule,
753 2411 790 2434 ut
817 2414 846 2434 ν.
877 2405 917 2433 72
949 2404 1063 2443 Magno

328 2452 428 2484 patre,
455 2446 566 2476 Sulla:
600 2456 637 2476 ex
665 2445 722 2476 hoc
748 2456 847 2482 versu,
873 2445 1006 2476 Villium
1029 2447 1063 2475 in

331 2487 446 2518 Fausta
461 2487 555 2518 fuisse
571 2487 756 2525 adulterum,
771 2487 908 2518 dilucide
924 2493 1062 2529 apparet.

374 2529 426 2559 71.
448 2529 514 2566 Ira,
530 2530 622 2564 furor,
639 2529 736 2571 ὀργή.

373 2571 425 2602 72.
450 2571 570 2607 Puella,
590 2571 718 2606 Fausta,
736 2582 812 2602 uxor
835 2571 983 2602 Milonis:
1007 2583 1063 2610 pu-

329 2614 388 2644 ella
403 2618 433 2644 et
449 2615 534 2653 virgo
549 2613 663 2655 passim
676 2614 714 2644 de
726 2614 874 2644 uxoribus
887 2626 894 2643 ε
917 2613 980 2645 vid.
995 2623 1063 2655 sup.

330 2655 370 2686 ad
387 2654 452 2686 Od.
467 2655 511 2691 iii,
531 2657 580 2690 14,
600 2657 650 2685 10.

373 2698 425 2727 74.
450 2697 539 2728 Dives
564 2699 626 2736 opis
653 2703 763 2727 natura
786 2708 863 2727 suoe:
891 2703 924 2727 at
943 2702 1061 2737 quanto

328 2738 456 2770 meliora
479 2745 510 2769 et
536 2739 602 2769 istis
627 2739 780 2769 contraria
806 2740 917 2769 suadet
940 2745 1062 2775 natura,

329 2790 412 2821 quae,
427 2790 506 2822 quas
522 2781 625 2818 habet,
640 2790 715 2822 opes
731 2786 762 2812 et
778 2781 922 2822 praesidia
939 2780 1063 2821 largiter

329 2823 518 2864 suppeditat.

371 2865 423 2895 76.
447 2865 510 2895 Tuo
531 2866 613 2902 vitio,
636 2869 711 2896 cett.
735 2874 809 2894 num
832 2874 941 2906 parurn
964 2863 1059 2895 inter-

325 2915 395 2938 esse
417 2912 518 2948 putas,
541 2913 644 2938 utrum
667 2906 723 2937 tihi
745 2906 816 2948 ipsi,
839 2906 891 2947 qui
909 2905 1062 2946 [fugienda

1108 1565 1198 1606 petis,
1217 1576 1255 1596 an
1273 1566 1374 1599 rebus,
1390 1575 1468 1606 quas
1488 1564 1544 1594 tibi
1561 1564 1682 1595 oblatas
1697 1569 1835 1596 contem-

1110 1607 1167 1644 nis,
1183 1609 1281 1654 ‚culpa
1300 1607 1463 1638 tribuenda
1482 1606 1544 1637 sit?
1570 1607 1660 1642 Vitio,
1679 1607 1784 1648 culpa,
1802 1612 1838 1638 ut

1107 1659 1235 1690 passim.

1151 1693 1202 1722 78.
1230 1692 1328 1726 Unde,
1341 1701 1359 1721 a
1373 1690 1499 1731 quibus.

1107 1775 1126 1805 d
1151 1735 1202 1764 79.
1226 1734 1292 1770 Est,
1307 1733 1392 1770 licet,
1405 1733 1515 1763 datur:
1539 1743 1572 1763 ex
1585 1742 1629 1767 re,
1642 1731 1734 1773 cujus
1747 1732 1838 1774 copia

1130 1781 1208 1806 atur.

1149 1818 1285 1847 80—82.
1309 1817 1373 1847 Nec
1394 1818 1488 1856 magis
1511 1816 1590 1850 huic,
1614 1818 1688 1846 cett.
1709 1824 1767 1846 nec
1789 1820 1837 1846 ta-

1107 1869 1178 1889 men
1194 1860 1300 1900 (huic)
1315 1864 1476 1893 matronae,
1493 1857 1566 1888 licet
1581 1855 1678 1888 niveis
1693 1857 1837 1895 (unioni-

1108 1900 1184 1940 bus)
1204 1907 1234 1931 et
1254 1900 1404 1931 viridibus
1423 1898 1629 1940 (smaragdis)
1648 1897 1764 1940 lapillis
1781 1909 1835 1930 ex-

1109 1943 1332 1983 plendescenti,
1349 1941 1435 1983 (hoc)
1455 1942 1494 1972 ob
1516 1941 1588 1976 hoc,
1604 1940 1645 1971 ob
1659 1941 1726 1971 haec
1749 1949 1837 1971 orna-

1105 1991 1220 2021 menta,
1245 1985 1343 2015 femur
1369 1990 1428 2019 est,
1452 1983 1536 2024 quod
1559 1982 1660 2023 magis
1683 1986 1835 2018 tenerum,

1106 2033 1160 2056 aut
1174 2037 1259 2062 crus,
1271 2026 1354 2067 quod
1373 2025 1472 2065 magis
1491 2031 1609 2056 rectum
1627 2024 1669 2055 sit
1687 2028 1754 2058 tuo.
1774 2024 1851 2061 Ce->

1105 2068 1205 2099 rinthe
1220 2080 1227 2105 3
1253 2070 1358 2109 (atque
1367 2066 1487 2107 etiam),
1499 2067 1595 2097 immo
1607 2071 1714 2107 togata
1725 2065 1836 2106 (liber-

1105 2110 1197 2149 tinae)
1220 2120 1356 2150 persaepe
1378 2115 1425 2140 est
1442 2109 1585 2140 melius..
1611 2109 1689 2143 Hoc,
1707 2117 1774 2149 pro,
1797 2108 1837 2139 ob

1106 2151 1183 2182 hoc:
1208 2152 1250 2182 cf.
1267 2152 1305 2182 ad
1322 2152 1387 2182 Sat.
1401 2152 1422 2186 i,
1442 2152 1470 2186 1,
1486 2151 1539 2182 46.
1586 2150 1737 2181 Cerintho.
1781 2149 1836 2180 Ce-

1105 2194 1236 2228 rindzus,
1258 2203 1296 2223 ex
1317 2192 1444 2223 Tibullo
1465 2202 1591 2233 quoque
1609 2197 1714 2226 notus,
1731 2191 1837 2222 for-mie

1106 2234 1335 2276 pulchritudine
1351 2240 1416 2264 tum
1431 2234 1576 2275 temporis
1591 2233 1723 2274 insignis
1737 2233 1808 2264 fuit.

1150 2278 1201 2307 83.
1228 2277 1369 2312 Meroem,
1396 2274 1568 2307 venustatis
1592 2274 1766 2306 lenocinia:
1795 2274 1838 2306 cf.

1106 2318 1145 2348 ad
1162 2330 1191 2349 v.
1209 2319 1261 2349 47.
1306 2318 1375 2348 Sine
1385 2318 1484 2358 sucis,
1503 2316 1570 2347 sine
1590 2315 1725 2347 externis
1745 2326 1836 2347 orna-

1105 2360 1230 2396 mentis,
1245 2359 1360 2401 quibus
1375 2359 1483 2390 oculos
1498 2359 1538 2389 ad
1553 2369 1586 2390 se
1601 2358 1756 2390 advertere
1770 2364 1836 2389 stu-

1106 2402 1180 2432 dent
1195 2409 1355 2432 matrona).

1151 2446 1202 2480 84,
1232 2445 1285 2474 85.
1323 2443 1438 2478 Venale,
1473 2447 1545 2484 apte
1573 2441 1740 2484 respondet
1767 2442 1837 2473 voci

1106 2497 1197 2517 merx.
1244 2486 1318 2520 Nec,
1346 2487 1370 2515 si
1399 2485 1471 2525 quid
1501 2485 1613 2515 honesti
1638 2490 1692 2520 est,
1717 2484 1835 2520 Jactat,

1107 2533 1179 2559 cett.
1208 2528 1343 2558 Nullum
1358 2526 1559 2568 interpretum
1574 2526 1607 2556 in
1618 2526 1759 2557 hocloco
1773 2526 1835 2557 hae-

1106 2570 1196 2606 sisse,
1212 2570 1301 2600 valde
1318 2568 1409 2599 miror
1423 2580 1430 2598 z
1452 2568 1638 2610 particulam
1648 2579 1713 2604 nec,
1729 2567 1835 2603 unice,

1107 2618 1141 2642 ut
1165 2623 1212 2643 res
1233 2612 1360 2648 clamat,
1382 2610 1422 2641 ad
1443 2612 1550 2650 quarite
1571 2610 1773 2645 referendam,
1795 2610 1835 2640 ad

1104 2665 1201 2685 unum
1214 2663 1320 2684 omnes
1335 2652 1483 2692 adjacuit
1499 2657 1531 2683 et
1541 2653 1642 2691 palam
1653 2653 1738 2683 habet
1754 2651 1834 2682 refe-

1105 2702 1187 2733 runt,
1201 2695 1392 2735 eandemque
1413 2693 1597 2736 particulam
1613 2694 1652 2724 ad
1665 2695 1772 2734 quaerz't
1785 2703 1833 2724 re-

1105 2737 1270 2780 petendam
1286 2737 1335 2768 vel
1348 2735 1551 2778 supplendam
1565 2744 1632 2766 esse
1647 2740 1779 2777 putant:
1803 2740 1836 2765 at

1105 2781 1150 2810 sic
1183 2789 1294 2810 sensus
1322 2778 1386 2808 exit.
1419 2777 1651 2819 ineptissimus;
1678 2776 1834 2818 quomodo

1102 2822 1185 2854 enim
1210 2820 1365 2856 libertina.
1388 2830 1471 2861 quae,
1494 2819 1579 2860 quod
1601 2819 1708 2850 venale
1730 2819 1834 2856 habet,

1102 2870 1204 2904 aperte
1231 2864 1370 2898 ostendit,
1398 2861 1442 2897 id,
1470 2861 1555 2902 quod
1586 2860 1751 2892 honestum
1785 2860 1834 2891 vel
1886 2868 1890 2875 ‘

1100 2906 1266 2949 pulchrum
1287 2909 1343 2942 est,
1361 2915 1419 2935 non
1429 2905 1564 2944 jactare,
1582 2913 1644 2934 non
1660 2903 1761 2943 palam
1780 2903 1833 2934 ha-
