1904 3314
2 2874 4 2878 ’
102 2872 172 2895 nvo
200 2863 260 2906 Ep.
287 2862 322 2901 ii,
354 2865 384 2900 1,
412 2864 466 2896 62.

401 502 726 564 INDEX
764 502 1345 566 VERBORUM.

452 832 496 864 A.

94 871 152 922 A,
175 886 226 922 οι,
246 886 308 917 ab..
326 886 356 923 1,
371 887 408 917 de
432 886 493 917 1000
513 887 595 917 unde
617 887 737 928 aliquia
760 890 841 919 em.-

94 928 179 963 risus
197 928 238 960 ab
260 928 380 970 angulo
405 929 469 960 Od.
491 929 515 965 i,
537 930 569 964 9,
588 930 642 960 22.
686 930 844 973 Hesperia

32 995 39 1002 ,
96 981 205 1014 nospes
227 971 268 1003 ab
291 971 406 1003 ultima
429 971 493 1004 Od.
509 970 532 1008 i,
549 973 604 1008 36,
622 974 653 1004 4.
699 973 844 1016 Hispana

170 1013 210 1046 tit
221 1013 359 1046 Penates
374 1015 416 1046 ab
430 1025 486 1047 ora
509 1014 574 1047 Od.
591 1015 638 1052 iii,
659 1017 709 1054 14,
726 1018 758 1047 4.
804 1017 845 1049 ab

95 1057 212 1090 Arica
234 1055 329 1089 rediit
355 1057 420 1089 Od.
444 1058 489 1094 iv,
518 1059 550 1097 8,
580 1059 632 1089 18.
678 1059 846 1092 redeuntes

96 1100 230 1133 {furno
251 1101 318 1132 Sat.
338 1100 360 1138 i,
379 1102 412 1138 4,
437 1102 492 1132 37.
538 1111 556 1133 a
583 1101 728 1133 Fabricio
751 1109 845 1145 ponte

97 1142 212 1176 reverti
235 1144 304 1175 Sat.
330 1143 366 1181 ii,
396 1145 428 1180 3,
459 1143 514 1175 36.
558 1144 598 1175 ab
626 1143 738 1176 officiis
765 1145 846 1177 redit

97 1186 159 1230 Ep.
174 1186 198 1223 i.
215 1186 247 1224 7,
259 1187 316 1218 47.
360 1185 455 1218 ordiri
471 1186 513 1218 ab
533 1186 663 1219 interitu
686 1188 845 1230 Meleagri

97 1229 161 1272 Ep.
175 1229 216 1261 od
233 1227 300 1261 Pis.
318 1229 392 1261 146.
436 1229 610 1278 Trojanurn
626 1231 745 1262 bellum
759 1232 844 1263 ordi-

97 1277 150 1304 tur
168 1272 210 1303 ab
229 1281 290 1304 ovo
313 1272 375 1314 Ep.
399 1273 439 1305 ad
463 1273 530 1304 P1s.
547 1274 620 1305 147.
663 1279 808 1315 surgente
825 1285 845 1306 a

97 1314 166 1347 sole
179 1315 247 1347 Sat.
262 1313 285 1351 i,
300 1315 332 1351 4,
348 1316 403 1347 29.
447 1315 523 1346 solis
547 1315 588 1346 ab
614 1321 685 1347 ortu
708 1317 773 1348 Od.
795 1317 842 1354 iii,

97 1358 152 1396 27,
170 1358 224 1389 12.
268 1357 343 1389 solis
364 1358 404 1388 ab
429 1357 581 1400 Hesperio
602 1359 702 1390 cubili
720 1360 783 1390 Od.
798 1359 842 1395 iv,

98 1401 153 1436 15.
171 1401 225 1433 16.
269 1400 311 1432 ab
326 1410 400 1442 agro
423 1401 594 1432 decurrens
618 1401 695 1444 lupa
716 1402 781 1433 Od.
797 1402 842 1440 iii,

97 1444 152 1480 27,
166 1444 198 1476 2.
241 1443 389 1485 migravit
405 1444 445 1476 ab
467 1454 542 1475 aure
561 1444 710 1487 voluptas
734 1446 794 1487 Ep.
810 1445 844 1482 ii,

99 1487 130 1526 1,
147 1487 223 1518 187.
266 1491 427 1529 porrectus
446 1487 486 1517 ab
505 1487 636 1528 inguine
658 1487 752 1530 palus
777 1490 844 1520 Sat.

97 1528 120 1567 i,
144 1530 177 1567 8,
203 1531 236 1561 5.
279 1539 429 1572 provoces
460 1529 501 1560 ab
528 1530 659 1572 inguine
690 1531 842 1562 fascinum

101 1571 206 1615 Epod.
223 1573 255 1609 8,
275 1573 326 1603 19.
372 1573 412 1604 ab
431 1572 494 1604 imo
504 1572 544 1604 ad
559 1583 716 1605 summum
733 1575 800 1606 Sat.
811 1574 844 1610 ii,

99 1616 133 1651 3,
149 1616 227 1647 308.
269 1615 372 1647 Janus
387 1626 532 1647 summus
547 1617 588 1647 ab
604 1616 667 1647 imo
685 1618 747 1659 Ep.
766 1616 790 1653 i,
813 1619 843 1654 l,

98 1659 156 1690 54.
201 1658 242 1690 ab
261 1657 378 1690 infimis
399 1658 537 1702 eripiunt
561 1659 741 1701 aequoribus
763 1666 845 1692 rates

99 1700 164 1734 Od.
188 1700 232 1739 iv,
260 1702 292 1736 8.
322 1702 377 1733 31.
423 1711 442 1732 a
469 1701 575 1733 rostris
603 1708 709 1734 manat
740 1713 845 1734 rumor

98 1744 168 1776 Sat.
185 1743 221 1781 ii,
237 1745 271 1781 6,
285 1745 340 1776 50.
385 1744 425 1776 ab
441 1754 518 1776 orno
534 1744 707 1787 pendulum
725 1745 844 1777 collum

100 1786 166 1819 Od.
181 1786 227 1825 iii,
244 1788 301 1824 27,
325 1789 379 1820 58.
423 1788 464 1818 ab
490 1798 548 1819 ovo
572 1798 672 1828 usque
696 1788 735 1818 ad
759 1789 845 1820 mala

100 1830 168 1862 Sat.
182 1830 205 1867 i,
222 1831 255 1866 3,
271 1831 304 1862 6.
347 1841 468 1862 merces
484 1831 541 1862 tibi
557 1831 676 1862 defluat
698 1831 738 1862 ab
763 1832 845 1864 Jove

100 1873 166 1905 Od.
192 1872 215 1910 i,
239 1874 294 1909 28,
320 1874 375 1905 29.
419 1873 482 1905 ilex
506 1875 547 1905 ab
567 1874 635 1916 ipso
658 1874 748 1905 ducit
769 1885 845 1917 opes

98 1915 179 1948 ferro
199 1915 269 1948 Od.
294 1915 338 1954 iv,
366 1918 398 1952 4,
423 1918 478 1948 59.
523 1917 613 1948 duxit
636 1917 676 1948 ab
694 1927 846 1959 oppressa

100 1958 294 2000 Carthagine
317 1970 431 1991 nomen
458 1960 526 1991 Sat.
553 1959 588 1996 ii,
617 1961 645 1996 l,
672 1961 726 1992 66.
771 1970 789 1991 a
815 1967 844 1992 te

99 2000 236 2046 deposco
252 2013 392 2034 cunnum
418 2004 484 2034 Sat.
500 2002 523 2039 i,
540 2003 572 2039 2,
590 2004 643 2035 69.
686 2013 845 2036 removere

99 2045 141 2076 ab
156 2044 265 2087 aliqua
279 2056 311 2077 re
328 2046 391 2077 Od.
407 2045 453 2082 iii,
469 2047 502 2082 5,
519 2047 582 2084 43,
606 2047 674 2077 Sat.
691 2046 712 2083 i,
735 2047 767 2083 6,
787 2048 844 2085 183

100 2088 169 2121 Sat.
197 2087 232 2126 ii,
258 2089 288 2124 l,
315 2089 378 2129 713
415 2088 541 2127 Satsfi,
561 2090 594 2126 5,
620 2090 682 2128 52;
716 2090 779 2132 Ep.
804 2090 845 2121 ad

99 2131 168 2163 Pis.
183 2132 258 2163 384.
304 2141 323 2163 a
337 2131 422 2164 corio
438 2132 664 2163 absterrebitur
678 2133 746 2163 Sat.
761 2133 794 2169 ii,
810 2135 843 2170 5,

98 2174 155 2206 83.
199 2174 310 2215 matris
331 2175 371 2206 ab
386 2175 482 2207 ubere
497 2175 651 2217 depulsus
667 2175 731 2207 Od.
748 2175 790 2212 iv,
809 2178 842 2212 4,

103 2218 155 2248 14.
199 2227 219 2248 a
241 2217 360 2261 populo
375 2218 408 2249 in
431 2219 545 2250 Persas
559 2224 632 2260 aget
645 2224 765 2261 pestem
781 2220 845 2251 Od.

99 2258 192 2297 i,21,
210 2262 262 2292 14.
307 2260 397 2293 vertit
420 2261 498 2292 iram
525 2261 565 2292 ab
590 2261 652 2292 Ilio
673 2261 705 2292 in
733 2261 846 2303 Ajacis

100 2307 200 2335 ntem
223 2303 326 2347 Epod.
350 2305 402 2339 10,
431 2305 482 2336 13.
526 2314 545 2336 a
570 2303 666 2335 labris
691 2304 846 2346 fugientia

101 2345 235 2378 flumina
257 2348 324 2378 Sat.
343 2346 365 2386 i,
394 2348 423 2383 l,
449 2348 503 2379 68.
547 2347 672 2378 nullum
697 2358 715 2378 a
738 2348 845 2380 labore

100 2398 152 2421 me
174 2389 308 2422 reclinat
328 2389 427 2422 otium
452 2391 555 2433 Epod.
580 2391 630 2426 17,
647 2391 701 2422 24.
747 2391 847 2423 victor

100 2431 247 2464 discessit
259 2433 301 2464 ab
317 2433 407 2465 hoste
431 2435 493 2476 Ep.
510 2433 532 2470 i,
553 2435 603 2469 10,
618 2434 674 2465 37.
720 2439 847 2477 torquet

98 2475 142 2507 nb
168 2475 330 2508 obscoenis
358 2477 555 2508 sermonibus
582 2487 689 2508 aurem
720 2477 782 2519 Ep.
810 2477 846 2514 ii,

104 2519 134 2557 1,
159 2518 232 2550 127.
276 2525 385 2562 raptus
407 2520 448 2551 ab
474 2520 533 2551 Ida
557 2519 622 2551 Od.
647 2518 694 2556 iii,
717 2521 773 2556 20,
796 2521 848 2552 16.

99 2570 170 2593 oasa
198 2561 240 2593 ab
267 2572 320 2594 ore
351 2568 441 2604 rapta
471 2562 561 2594 canis
596 2563 700 2605 Epod.
729 2564 761 2599 5,
792 2564 848 2595 23.

42 2604 46 2609 '
74 2644 78 2646 ‚
101 2603 233 2637 distinet
247 2614 266 2636 a
279 2606 374 2637 domo
390 2605 454 2636 Od.
466 2605 508 2641 iv,
525 2607 558 2641 5,
573 2606 624 2636 12.
669 2605 814 2637 sordidus
830 2616 849 2637 a

102 2647 192 2680 tenui
215 2647 319 2680 victus
343 2647 474 2679 distabit
499 2649 566 2679 Sat.
588 2647 623 2686 ii,
635 2649 668 2684 2,
685 2650 739 2680 53.
784 2659 802 2680 a
818 2654 849 2681 te

102 2690 229 2723 abludit
244 2691 347 2733 imago
371 2692 438 2723 Sat.
453 2690 488 2727 ii,
503 2693 534 2728 3,
551 2692 627 2722 320.
672 2693 704 2728 2,
722 2693 758 2723 de
775 2698 846 2723 tem-

27 2763 39 2773 .,
99 2742 192 2774 pon:
217 2743 346 2777 apuero
363 2733 537 2778 (pueritia)
561 2735 629 2766 Sat.
642 2734 665 2770 i,
683 2737 714 2770 4,
731 2735 785 2766 97.
830 2745 849 2766 a

21 2781 34 2816 j
102 2776 196 2809 certi·
219 2777 312 2809 aunis
338 2778 406 2810 Sat.
431 2777 454 2815 i,
480 2778 512 2814 6,
539 2778 593 2810 94.
637 2778 678 2809 ad
704 2778 848 2809 umbram

101 2818 185 2852 lueis
195 2820 238 2852 ab
251 2826 322 2852 ortu
337 2821 399 2863 Ep.
414 2819 449 2857 ii,
466 2822 500 2857 2,
519 2821 594 2852 185.
640 2819 802 2863 scriptoris
811 2821 851 2852 ab

266 2905 273 2911 ·
485 2906 492 2912 .
519 2863 627 2906 qualis
658 2863 698 2894 ab
725 2863 853 2906 incepto

103 2906 428 2982 ffissfflfflassss
446 2907 522 2982 ἐζίἰ·
533 2908 621 2988 1ῗέ,
648 2907 796 2989 1³53?0⁵‘4‚
813 2907 856 2981 ²:1¹}

26 2989 44 3039 λ’
102 2994 243 3024 mione:
269 2998 362 3025 natus
371 2993 412 3025 ab
424 2993 547 3025 Inacho
560 2991 666 3029 Od.ii,
680 2994 711 3031 3,
724 2993 780 3026 21.
815 2993 856 3025 ab

888 843 938 874 his
953 843 1128 886 majoribus
1144 842 1203 874 orti
1220 842 1286 874 Sat.
1300 841 1323 877 i,
1340 844 1373 878 5,
1389 844 1444 874 55.
1490 841 1639 873 laudatur

889 887 930 917 ab
956 886 1018 923 his,
1044 887 1196 929 culpatur
1221 885 1262 916 ab
1284 884 1348 916 illis
1379 885 1445 916 Sat.
1469 885 1492 922 i,
1518 886 1550 923 2,
1583 886 1636 916 11.

889 940 958 961 mos
981 929 1114 961 traditus
1138 930 1178 960 ab
1204 928 1347 971 antiquis
1371 929 1439 959 Sat.
1466 927 1488 964 i,
1512 931 1544 964 4,
1563 928 1638 959 117.

889 973 980 1004 locus
995 983 1014 1004 a
1030 973 1186 1004 Diomede
1201 972 1350 1005 conditus
1366 971 1432 1002 Sat.
1443 970 1466 1009 i,
1480 973 1513 1006 5,
1527 972 1583 1003 92.
1618 981 1639 1002 a

890 1026 940 1047 me
956 1015 1059 1057 gratia
1074 1016 1175 1058 major
1190 1015 1323 1046 debetur
1338 1015 1404 1045 Sat.
1422 1014 1446 1050 i,
1462 1015 1493 1051 6,
1506 1015 1560 1045 88.
1596 1013 1638 1044 ri-

890 1058 982 1090 detur
998 1059 1044 1094 ,ab
1066 1059 1152 1090 omni
1177 1059 1244 1089 Sat.
1266 1057 1290 1093 i,
1311 1058 1343 1096 7,
1362 1058 1418 1088 22.
1463 1067 1483 1088 a
1505 1062 1638 1099 praetore

890 1101 984 1133 datus
1014 1102 1076 1144 Ep.
1103 1101 1126 1137 i,
1161 1103 1191 1137 1,
1220 1101 1294 1132 103.
1348 1100 1390 1131 ab
1421 1099 1503 1131 Jove
1527 1099 1639 1131 donari

890 1145 990 1187 possit
1006 1146 1064 1187 Ep.
1080 1144 1103 1181 i,
1120 1145 1170 1182 12,
1182 1145 1213 1175 3.
1258 1143 1360 1174 lassus
1374 1142 1415 1174 ab
1430 1152 1512 1184 equo
1524 1143 1592 1174 Sat.
1604 1142 1638 1181 ii,

889 1188 922 1224 2,
950 1188 1002 1219 10.
1046 1187 1086 1218 ab
1116 1187 1183 1229 ipso
1211 1186 1349 1217 audieris
1373 1185 1488 1217 melius
1511 1186 1580 1216 Sat.
1602 1184 1637 1222 ii,

888 1231 920 1266 8,
934 1231 988 1262 32.
1032 1232 1064 1267 5,
1080 1232 1116 1262 de
1127 1231 1352 1271 disjunctione.-
1375 1238 1485 1270 sospes
1499 1228 1541 1260 ab
1554 1227 1637 1270 igni-

888 1274 949 1304 bus
974 1272 1039 1305 Od.
1059 1273 1080 1308 1.
1101 1274 1155 1310 37,
1179 1273 1227 1304 13,
1272 1277 1411 1304 mentem
1430 1271 1471 1302 ab
1487 1270 1638 1303 insolenti

889 1321 1092 1359 temperatam
1108 1315 1221 1347 laetitia
1238 1315 1302 1346 Od.
1317 1314 1352 1351 11,
1365 1316 1396 1351 3,
1409 1315 1442 1346 3.
1484 1324 1582 1345 sanus
1594 1314 1635 1345 ab

889 1359 953 1390 illis
977 1360 1044 1390 Sat.
1062 1358 1083 1395 i,
1100 1361 1132 1394 4,
1152 1359 1222 1390 129.
1267 1368 1300 1389 se
1323 1357 1477 1400 pudicum
1501 1356 1637 1388 servavit

889 1402 930 1444 ab
955 1401 1041 1433 omni
1065 1402 1149 1432 facto
1176 1402 1245 1432 Sat.
1270 1399 1292 1438 i,
1317 1401 1348 1438 6,
1375 1401 1431 1431 83.
1478 1404 1568 1431 tutus
1595 1399 1638 1431 ab

888 1445 1065 1476 latronibus
1081 1446 1149 1476 Sat.
1165 1443 1200 1479 ii,
1218 1445 1248 1479 1,
1266 1445 1320 1474 42.

932 1489 1042 1518 abdere
1080 1489 1113 1528 (e
1149 1494 1307 1527 conspectu
1339 1483 1527 1524 removere):
1567 1485 1636 1527 lupi

887 1530 1017 1562 barbam
1037 1529 1216 1562 abdiderint
1236 1530 1343 1560 furtim
1366 1527 1456 1560 terris
1480 1529 1548 1559 Sat.
1562 1528 1586 1564 i,
1604 1530 1637 1565 8,

890 1574 944 1604 43.
990 1580 1120 1614 argento
1146 1573 1253 1604 abdito
1281 1571 1370 1603 terris
1393 1571 1459 1603 Od.
1483 1571 1517 1607 ii,
1541 1573 1574 1609 2,
1600 1573 1636 1603 2.

889 1616 968 1648 latet
990 1616 1118 1648 abditus
1143 1626 1218 1657 agro
1244 1616 1304 1656 Ep.
1329 1615 1351 1650 i,
1381 1616 1411 1651 1,
1436 1616 1468 1645 5.
1513 1614 1635 1656 (turri)

890 1659 997 1690 abdita
1014 1659 1100 1700 virgo
1118 1660 1180 1690 Od.
1196 1657 1242 1694 iii,
1263 1659 1314 1693 16,
1331 1659 1362 1688 5.
1408 1656 1517 1687 abdita
1532 1667 1636 1688 rerum

890 1702 950 1744 Ep.
966 1702 1018 1733 ad.
1036 1702 1105 1733 Pis.
1119 1703 1172 1737 49,
1187 1704 1224 1732 de
1244 1701 1446 1732 exauctoratis
1465 1701 1633 1732 militibus:

888 1745 1033 1776 cohortes
1048 1744 1168 1776 abdidit
1184 1743 1310 1786 oppidis
1325 1743 1388 1774 Od.
1403 1742 1450 1778 iii,
1469 1744 1500 1779 4,
1519 1743 1573 1774 38.

930 1790 1037 1819 abesse.
1081 1789 1156 1819 abes
1177 1786 1245 1828 jam
1271 1785 1405 1816 nimium
1428 1785 1484 1816 diu
1507 1785 1572 1816 Od.
1590 1784 1633 1823 iv,

888 1832 919 1867 5,
936 1832 967 1861 2.
1012 1831 1121 1862 funere
1136 1830 1242 1861 absint
1255 1829 1368 1860 naeniae
1385 1828 1449 1860 Od.
1464 1827 1498 1863 ii,-
1511 1829 1566 1864 20,
1580 1829 1635 1860 21.

888 1874 1022 1905 canities
1046 1873 1110 1905 Od.
1126 1873 1148 1910 i,
1171 1874 1204 1910 9,
1225 1873 1273 1903 17.
1318 1870 1485 1914 pauperies
1509 1871 1573 1902 Od.
1589 1870 1637 1908 iii,

891 1917 943 1952 16,
970 1918 1036 1955 37;
1060 1918 1123 1959 Ep.
1148 1915 1182 1952 ii,
1204 1917 1237 1951 2,
1266 1916 1340 1947 199.
1385 1914 1497 1945 vitium
1522 1915 1634 1956 procul

889 1959 995 1991 abfore
1022 1959 1140 1991 chartis
1163 1960 1230 1990 Sat.
1248 1958 1269 1993 i.
1290 1960 1321 1994 4,
1341 1958 1415 1988 101.
1459 1957 1550 1988 abest
1572 1957 1634 1988 vir-

890 2007 956 2034 tute
969 2003 1077 2034 diserti
1093 2003 1156 2045 Ep.
1174 2001 1214 2032 ad
1244 2001 1314 2032 Pis.
1328 2001 1403 2032 370.
1447 2010 1549 2031 uncus
1573 1999 1638 2032 Od.

890 2043 913 2082 i,
931 2047 988 2082 35,
1002 2047 1056 2077 20.
1101 2045 1178 2088 quid
1195 2045 1286 2076 abest
1299 2043 1343 2076 rei
1367 2042 1430 2074 Od.
1447 2042 1492 2078 iii,
1509 2044 1564 2081 24,
1581 2044 1637 2074 64.

890 2088 1011 2163 {i8q13i7d
1029 2089 1129 2125 abest,
1146 2088 1237 2120 Italis
1246 2086 1414 2129 adjudicat
1428 2085 1523 2117 armis
1539 2087 1600 2129 Ep.
1615 2085 1637 2125 1,

930 2174 1054 2217 affor-e.-
1078 2174 1121 2206 εἰ.
1137 2176 1245 2205 abesse.

932 2219 1065 2259 abigere.
1132 2217 1221 2248 nives
1260 2214 1394 2257 abigunt
1431 2219 1635 2247 mercatorem

890 2259 954 2292 Od.
968 2260 1014 2298 iii,
1030 2262 1085 2296 24,
1103 2262 1154 2292 40.
1200 2260 1315 2291 abacta
1332 2258 1422 2290 nulla
1437 2257 1637 2290 conscientia

890 2303 994 2346 Epod.
1007 2305 1040 2340 5.
1057 2305 1110 2335 29.
1155 2313 1249 2334 curas
1271 2303 1333 2343 Ep.
1349 2302 1371 2339 i,
1391 2303 1442 2340 15,
1462 2303 1513 2333 19.
1556 2311 1636 2344 pau·

889 2346 991 2389 peries
1006 2348 1119 2378 abacta
1133 2346 1237 2389 epulis
1252 2355 1361 2386 regum
1378 2345 1444 2376 Sat.
1462 2344 1496 2380 ii,
1511 2345 1544 2382 2,
1560 2346 1615 2375 44.

935 2392 1078 2431 abjicere.
1122 2389 1333 2420 instrumento
1347 2388 1421 2419 artis
1436 2388 1562 2430 abjecto
1573 2388 1640 2419 Sat.

892 2431 913 2468 i,
930 2434 963 2470 3,
986 2435 1060 2464 131.
1104 2433 1130 2464 si
1146 2439 1176 2464 te
1189 2438 1259 2464 uret
1271 2430 1394 2462 sarcina
1406 2431 1539 2468 chartae,
1554 2430 1636 2471 abji-

891 2475 954 2507 cito
986 2477 1050 2518 Ep.
1079 2475 1101 2513 i,
1137 2477 1188 2513 13,
1222 2476 1255 2507 7.
1312 2476 1469 2506 omittere.-
1504 2473 1639 2516 abjectis

893 2519 984 2560 nugis
1001 2520 1061 2562 Ep.
1077 2519 1112 2557 ii,
1128 2520 1161 2555 2,
1180 2520 1253 2550 141.

936 2564 1032 2594 abire.
1077 2562 1156 2594 abeo
1177 2562 1245 2592 Sat.
1266 2561 1287 2597 i,
1306 2562 1338 2599 6,
1358 2561 1414 2593 61.
1446 2560 1536 2603 cupis
1551 2559 1638 2592 abire

892 2605 959 2636 Sat.
975 2605 998 2642 i,
1013 2606 1046 2641 9,
1065 2606 1117 2636 14.
1164 2605 1190 2635 si
1210 2615 1264 2647 per
1283 2604 1452 2646 janitorem
1471 2614 1557 2635 mora
1573 2603 1638 2639 fiet,

892 2647 979 2679 abito
1003 2647 1066 2680 Od.
1089 2647 1135 2684 iii,
1162 2649 1211 2683 14,
1234 2649 1289 2679 24.
1333 2647 1385 2678 abi
1409 2648 1470 2690 Ep.
1485 2646 1507 2685 i,
1525 2648 1556 2682 7,
1574 2648 1638 2684 53;

893 2691 957 2722 Od.
986 2690 1030 2728 iv,
1063 2692 1092 2727 1,
1123 2692 1157 2722 7.
1216 2690 1345 2722 domum
1372 2690 1475 2731 Epod.
1508 2691 1559 2727 11,
1586 2690 1641 2721 20.

893 2734 987 2765 abeas
1004 2745 1114 2776 aequus
1130 2733 1268 2765 alumnis
1283 2734 1347 2766 Od.
1359 2733 1404 2771 iii,
1423 2734 1475 2769 18,
1486 2734 1518 2764 3.
1565 2732 1640 2764 abe-

894 2782 970 2809 unte
983 2787 1079 2809 curru
1097 2778 1156 2819 (sc.
1171 2778 1251 2813 solis,
1268 2779 1304 2808 de
1320 2775 1459 2818 vespera)
1472 2775 1537 2807 Od.
1548 2775 1594 2811 iii,
1607 2776 1638 2810 6,

895 2821 949 2851 44.
992 2822 1161 2852 discedere:
1177 2830 1328 2862 quorsum
1340 2821 1391 2863 (in
1401 2831 1490 2861 quam
1504 2817 1641 2865 partem.)

896 2863 1034 2895 abeant'!
1063 2865 1132 2894 Sat.
1161 2863 1196 2900 ii,
1221 2865 1254 2900 3,
1279 2865 1355 2894 246.
1399 2862 1515 2893 missus
1540 2860 1644 2892 abibis

898 2907 966 2938 Sat.
989 2906 1025 2943 ii,
1050 2907 1080 2945 1,
1096 2908 1149 2939 86.
1195 2912 1367 2938 excusatus
1388 2905 1508 2938 abirem
1535 2904 1599 2945 Ep.
1624 2902 1646 2940 i,

897 2950 931 2986 9,
955 2950 986 2981 7.
1031 2952 1064 2982 in
1092 2951 1230 2986 dicendo,
1257 2962 1276 2980 a
1302 2951 1454 2990 proposito
1474 2948 1643 2978 discedere:

899 2992 988 3032 illuc,
1016 2992 1100 3025 unde
1126 2992 1203 3030 abii,
1232 2993 1325 3024 redeo
1356 2993 1422 3023 Sat.
1451 2990 1474 3027 i,
1508 2991 1538 3025 1,
1572 2990 1646 3020 108.
