1904 3314
332 213 418 255 574

333 311 398 342 Od.
413 311 457 348 iv,
475 313 506 348 4,
524 313 578 344 76.
612 313 726 354 <subita
743 320 771 344 et
785 315 818 345 ob
833 316 864 345 id
880 316 974 353 ipsum
984 317 1063 354 peri-

333 354 466 391 culosa).
479 357 560 385 soni:
584 355 698 386 stridor
714 356 807 392 Od.i,
822 358 874 391 34,
894 358 944 387 15.
967 366 1064 387 sonus

333 395 396 436 Ep.
416 396 457 427 ad
472 397 539 427 Pis.
562 398 635 428 349.
672 408 731 428 vox
745 398 808 428 Od.
828 398 873 433 iii,
897 400 927 434 4,
949 399 980 429 3.
1023 408 1064 428 aes

334 437 398 509 og.
411 437 498 510 ἰὲὲδ,
510 440 541 470 7.
577 441 704 470 morbus
720 441 786 470 Sat.
802 439 836 476 ii,
852 442 884 476 3,
900 441 980 479 1635
1005 441 1065 481 Ep.

333 488 356 515 ¹»
394 504 402 516 ν
465 503 473 511 ·

376 523 426 551 ad.
452 523 482 556 1,
499 521 600 552 evehit
615 522 655 553 ad
671 524 757 554 Deos
770 522 831 553 Od.
848 522 868 558 i,
891 525 918 559 l,
935 524 967 554 6.
1007 524 1064 554 tol-

333 561 374 591 lis
397 563 436 593 ad
464 569 546 593 astra
567 565 632 594 Sat.
654 564 689 599 ii,
715 565 745 600 7,
768 566 820 595 29.
857 575 926 604 quae
951 575 1002 595 vos
1025 565 1064 596 ad

332 604 447 634 coelum
472 605 585 636 effertis
612 606 668 646 Ep.
694 605 717 641 i,
742 607 792 641 10,
816 607 846 636 9.
883 607 923 637 ad
947 607 1063 637 coelum

333 646 477 677 manibus
497 646 626 678 sublatis
646 649 712 678 Sat.
730 647 762 683 ii,
779 649 810 682 5,
827 648 880 677 97.
918 648 956 678 ad
980 658 1065 679 arma

332 687 466 719 concitet
482 689 544 720 Od.
562 689 584 723 i,
601 691 653 724 35,
672 691 722 720 15.
744 695 872 720 vocatus
886 690 924 719 ad
939 700 1063 721 coenam

334 730 401 760 Sat.
418 729 450 766 ii,
475 731 506 765 7,
529 731 581 761 30.
617 732 655 761 ad
675 730 769 761 libros
791 737 822 761 et
841 731 879 760 ad
899 731 965 762 haec
988 733 1063 762 Mu-

331 780 435 801 sarum
451 771 533 802 dona
547 782 671 804 vocares
687 774 746 813 Ep.
763 772 797 807 ii,
821 773 850 807 1,
870 774 945 803 243.
981 773 1063 803 missi

333 813 373 842 ad
391 814 507 844 Orcum
523 814 585 844 Od.
600 813 644 849 iii,
661 816 690 851 4,
707 815 761 845 75.
807 814 899 845 Notis
914 820 1002 845 actus
1022 815 1062 845 ad

334 854 465 886 Oricum
490 855 552 886 Od.
570 855 614 892 iii,
639 857 670 891 7,
697 858 727 886 5.
762 855 787 885 si
806 856 877 896 quis
898 857 936 886 ad
960 857 1013 887 illa
1032 862 1062 887 te

333 902 406 936 agat
421 898 486 927 Sat.
502 897 534 932 ii,
551 898 582 932 7,
598 899 651 927 24.
696 897 821 939 pertulit
847 898 1002 928 Ausonias
1023 899 1063 929 ad

333 939 423 969 urbes
438 938 498 970 Od.
511 938 553 975 iv,
565 941 595 974 4,
608 941 662 970 56.
699 950 791 979 quem
805 939 877 970 tulit
889 939 927 969 ad
938 950 1062 970 scenam

334 979 394 1020 Ep.
409 980 441 1016 ii,
463 982 492 1016 1,
517 981 587 1011 177.
632 981 751 1012 ferebar
775 981 813 1011 ad
838 987 939 1022 postes
964 982 1063 1022 Epod.

335 1022 386 1056 11,
403 1024 455 1052 21.
501 1022 527 1052 si
541 1033 619 1063 quos
634 1023 732 1053 hiems
747 1022 785 1052 ad
798 1023 855 1053 hoc
874 1027 970 1053 vertat
985 1033 1066 1054 mare

333 1063 434 1103 Epod.
454 1066 486 1100 2,
507 1066 558 1094 52.
596 1074 719 1094 carmen
738 1063 776 1094 ad
795 1064 894 1094 Italos
912 1065 1066 1095 deducere

333 1105 442 1135 modos
459 1105 520 1136 Od.
537 1105 582 1140 iii,
598 1107 651 1142 30,
669 1107 720 1135 13.
751 1110 861 1135 natura
880 1105 1012 1146 impellit
1027 1106 1066 1136 ad

332 1144 422 1182 iram,
439 1152 494 1177 aut
510 1147 550 1176 ad
569 1147 699 1177 humum
715 1157 846 1178 moerore
865 1147 991 1178 deducit
1007 1148 1067 1189 Ep.

334 1187 374 1217 ad
395 1188 460 1218 Pis.
480 1189 552 1224 109,
572 1190 644 1219 110.
681 1189 775 1218 armis
798 1188 837 1218 ad
859 1194 977 1230 postem
999 1189 1067 1220 fixis

335 1229 396 1270 Ep.
420 1229 441 1265 i,
459 1232 489 1266 1,
506 1232 538 1261 5.
573 1230 668 1260 vitem
691 1230 778 1260 ducit
800 1229 839 1260 ad
859 1230 983 1262 arbores
1006 1231 1067 1262 Od.

333 1269 375 1304 iv,
393 1273 424 1306 5,
440 1273 493 1302 30.
530 1272 671 1303 ducentis
687 1273 725 1302 ad
745 1282 776 1302 se
792 1277 903 1302 cuncta
925 1272 1067 1313 pecuniae

335 1313 399 1343 Od.
416 1313 459 1349 iv,
474 1315 506 1349 9,
523 1315 575 1344 38.
612 1320 682 1345 vota
700 1314 796 1345 bonos
811 1314 896 1344 ducit
912 1315 951 1344 ad
965 1314 1066 1345 exitus

335 1354 397 1385 Od.
420 1354 462 1390 iv,
485 1357 517 1390 8,
541 1356 596 1386 34.
635 1356 675 1386 ad
702 1355 884 1386 umbilicum
913 1356 1066 1387 adducere

334 1396 434 1437 Epod.
450 1398 500 1432 14,
512 1399 543 1428 8.
565 1397 678 1428 ducere
689 1398 729 1428 ad
740 1407 844 1428 versus
858 1397 1064 1438 (audiendos)

334 1438 396 1479 Ep.
416 1439 455 1469 ad
476 1439 542 1469 Pis.
566 1440 639 1470 427.
675 1439 789 1470 tunicae
812 1439 927 1479 inguen
950 1439 988 1470 ad
1011 1440 1065 1470 ob-

333 1489 478 1510 scoenum
494 1480 657 1512 subductae
676 1482 740 1512 Sat.
757 1480 778 1518 i,
793 1481 825 1516 2,
841 1482 893 1511 26.
931 1482 970 1511 ad
987 1482 1066 1512 talos

334 1522 414 1552 stola
429 1522 563 1553 demissa
579 1524 644 1553 Sat.
660 1523 682 1559 i,
699 1524 731 1559 2,
747 1523 799 1553 99.
837 1523 876 1552 ad
893 1523 971 1552 imos
987 1523 1065 1554 talos

335 1563 402 1593 Sat.
415 1563 435 1601 i,
447 1565 478 1600 9,
492 1565 552 1601 10;
576 1565 678 1605 Ep.ii,
690 1566 722 1598 2.
734 1566 764 1595 4.
802 1565 841 1594 ab
852 1564 914 1594 imo
929 1565 968 1595 ad
982 1575 1065 1595 sum-

334 1614 418 1635 mum
436 1607 504 1636 Sat.
520 1605 554 1641 ii,
570 1607 602 1641 3,
613 1607 687 1637 309.
715 1611 856 1647 porrecta
870 1606 1015 1646 majestas
1027 1606 1066 1637 ad

334 1652 434 1676 ortum
450 1647 524 1677 solis
541 1648 604 1678 Od.
619 1648 661 1685 iv,
678 1649 729 1683 15,
747 1649 799 1678 15.
835 1649 874 1678 ab
888 1658 946 1678 ovo
967 1658 1067 1689 usque

338 1688 378 1718 ad
404 1689 489 1719 maia
511 1690 575 1720 Sat.
601 1689 623 1725 i,
650 1691 680 1724 3,
705 1690 735 1719 7.
768 1690 806 1719 ab
831 1699 904 1720 aure
925 1690 1068 1731 voluptas

338 1730 480 1770 migravit
498 1730 536 1761 ad
549 1732 654 1762 oculos
671 1732 732 1772 Ep.
749 1731 783 1766 ii,
799 1733 827 1767 1,
842 1733 912 1762 188.
940 1731 1012 1762 hinc
1029 1733 1068 1762 ad

337 1772 410 1801 vina
426 1773 505 1803 redit
519 1773 611 1803 laetus
622 1773 685 1804 Od.
697 1774 739 1809 iv,
751 1775 782 1807 5,
795 1774 847 1803 31.
883 1774 1014 1804 veniunt
1029 1774 1069 1805 ad

338 1814 472 1844 mulctra
487 1815 615 1855 capellae
633 1815 734 1856 Epod.
753 1817 803 1849 16,
821 1816 872 1845 49.
911 1815 949 1846 ad
963 1826 995 1847 se
1015 1826 1067 1847 ve-

338 1855 404 1886 nire
425 1856 587 1887 convivam
606 1858 672 1887 Sat.
695 1857 728 1892 ii,
749 1858 780 1894 7,
800 1858 850 1886 32.
888 1857 927 1888 ad
945 1868 1069 1888 coenam

338 1897 443 1928 venire
464 1899 525 1939 Ep.
547 1898 568 1933 i.
593 1900 624 1934 7,
649 1900 701 1930 61.
736 1899 814 1929 ibid.
831 1900 887 1930 72.
925 1899 964 1930 ad
985 1910 1069 1931 mare

337 1949 436 1979 quum
452 1940 522 1970 veni
544 1941 604 1987 Ep.
625 1941 646 1975 i,
671 1943 721 1976 15,
746 1942 795 1971 18.
826 1941 865 1971 ad
888 1946 918 1971 te
940 1946 1069 1973 ventura

337 1981 665 2054 33⁹¹³2⁰¹¹¹2³2Epssgfir¹rffz
682 1983 733 2055 ἵζ’
748 1982 991 2066 ..ἳῗεὲθέξώὲῗῖ
1005 1985 1069 2055 {3³1}

338 2065 413 2094 255.
450 2075 547 2105 quum
568 2072 693 2096 ventum
714 2066 753 2096 ad
773 2077 878 2097 verum
902 2072 948 2097 est
963 2068 1029 2098 Sat.
1046 2069 1067 2103 i,

338 2106 370 2140 3,
385 2107 437 2137 97.
473 2107 616 2138 venimus
631 2108 670 2138 ad
684 2118 835 2138 summam
853 2109 982 2139 fortunae
1007 2110 1066 2151 Ep.

337 2146 372 2184 ii,
393 2150 420 2182 1,
437 2149 491 2178 32.
527 2148 568 2179 ad
583 2158 654 2188 quae
669 2149 695 2179 si
714 2159 858 2190 properas
873 2151 988 2190 gaudia
1004 2151 1067 2182 Od.

338 2189 380 2224 iv,
400 2191 450 2226 12,
472 2191 526 2221 21.
562 2190 602 2220 ad
626 2197 772 2221 eventum
798 2191 922 2222 festinat
944 2193 1004 2233 Ep.
1028 2192 1066 2223 ad

339 2231 406 2262 Pis.
441 2233 512 2262 148.
549 2233 589 2262 ad
619 2231 745 2263 miseras
774 2243 879 2273 preces
906 2233 1067 2265 decurrere

339 2273 403 2304 Od.
418 2273 464 2310 iii,
478 2275 531 2310 29,
547 2275 602 2304 58.
633 2274 672 2304 ad
691 2285 740 2305 me
760 2284 896 2305 recurres
918 2276 1018 2316 Epod.
1034 2279 1066 2311 5,

340 2316 393 2346 75.
426 2315 465 2345 ad
488 2316 694 2346 Maecenatem
711 2315 735 2347 si
752 2326 888 2347 recurras
903 2317 967 2347 Sat.
985 2317 1018 2354 ii,
1034 2319 1066 2353 6,

337 2357 375 2387 31
385 2380 393 2388 .
424 2357 522 2388 curris
533 2363 684 2388 mercator
697 2359 736 2388 ad
750 2358 845 2388 Indos
859 2359 915 2400 Ep.
931 2359 952 2394 i,
973 2361 998 2395 1,
1015 2361 1067 2391 45.

337 2408 388 2429 me
404 2399 442 2429 ad
459 2399 538 2440 porri
554 2400 648 2430 refero
662 2400 800 2430 catinum
821 2401 888 2431 Sat.
905 2400 926 2437 i,
943 2401 974 2437 6,
993 2402 1066 2433 115.

337 2450 436 2513 ¹1¹⁵‘¹1¹¹3‘³
453 2441 656 2514 assssifflffruffi
667 2442 770 2514 {13:553
783 2443 1068 2524 {essussinffisssffig‘

337 2523 377 2554 ad
397 2530 567 2555 extremum
588 2525 698 2555 similis
716 2525 792 2556 ibid.
806 2527 880 2556 254.
927 2526 1067 2569 Philippi

339 2566 438 2596 tendit
460 2566 498 2597 ad
522 2566 604 2597 aedes
627 2568 687 2608 Ep.
711 2567 731 2604 i,
755 2569 785 2602 7,
814 2569 864 2598 89.
898 2567 1006 2599 frontis
1028 2570 1067 2600 ad

338 2609 465 2638 urbanae
477 2608 623 2639 descendi
639 2609 766 2650 praemia
779 2610 836 2650 Ep.
851 2610 872 2645 i,
886 2611 918 2644 9,
935 2612 983 2641 ll.
1014 2621 1067 2642 ac-

339 2650 430 2680 cedes
441 2650 543 2681 siccus
558 2652 596 2681 ad
613 2657 741 2682 unctum
759 2652 817 2693 Ep.
833 2652 854 2689 i,
872 2653 922 2687 17,
944 2654 991 2684 12.
1028 2653 1068 2684 ad

337 2692 771 2766 ἷῗὲἒωιῗὲθοεῗέζέὶὲεὲὶ.
778 2693 1066 2777 Ἑξᾞιὲῗὲἳὲῧ·

339 2775 472 2817 procidit
490 2777 527 2806 ad
549 2776 643 2817 pedes
662 2777 798 2807 Achillei
823 2777 920 2818 Epod.
944 2780 992 2816 17,
1018 2781 1068 2810 14.

338 2827 444 2889 preces
460 2817 499 2848 ad
512 2819 621 2849 Jovem
646 2819 744 2860 Epod.
762 2820 812 2854 10,
834 2820 882 2850 18.
914 2820 1015 2861 inquit
1029 2822 1067 2852 ad

364 2870 423 2890 unc
438 2861 505 2890 Sat.
525 2860 557 2896 ii,
575 2862 605 2896 6,
622 2861 674 2891 90.
701 2866 849 2901 tanquam
873 2862 911 2891 ad
932 2873 994 2892 rem
1018 2870 1064 2894 at·

339 2901 436 2933 tineat
457 2902 520 2932 Sat.
543 2902 578 2936 ii,
598 2904 629 2937 2,
653 2903 704 2932 27.
730 2903 768 2933 ad
792 2908 831 2937 te,
858 2902 985 2943 inquam
1006 2906 1064 2946 (sc.

337 2944 396 2974 hac
412 2944 553 2985 tendant)
572 2946 637 2975 Sat.
661 2944 693 2981 ii,
711 2945 742 2980 7,
766 2946 818 2976 22.
855 2945 892 2975 ad
912 2955 1064 2977 summam

867 228 1011 257 INDEX
1043 227 1301 256 VERBORUM.

1109 314 1168 355 Ep.
1189 314 1209 352 i,
1236 315 1266 349 1,
1294 315 1366 345 106.
1410 311 1450 343 ad
1476 316 1579 343 cetera
1622 320 1688 343 aene
1710 309 1836 351 gemelli
1878 319 1879 322 ¹

1108 356 1168 396 Ep.
1183 355 1206 391 i,
1225 357 1275 392 10,
1292 358 1322 386 3.
1365 354 1440 396 quid
1459 353 1498 384 ad
1521 364 1582 385 rem

1106 397 1198 428 vilem
1215 398 1370 437 redigatur
1381 396 1420 427 ad
1436 405 1533 426 assem
1549 396 1614 426 Sat.
1625 395 1647 431 i,
1662 395 1691 430 1,
1704 395 1757 426 43.
1794 393 1835 426 ad

1106 439 1185 470 bene
1201 439 1368 471 dicendum
1385 437 1501 469 redacti
1516 438 1576 478 Ep.
1591 436 1626 472 ii,
1647 436 1671 472 i,
1687 437 1759 468 155.
1794 435 1837 466 ad

1107 481 1233 522 plenum
1257 483 1324 522 (pr.
1344 479 1555 518 abundanter)
1583 478 1645 509 Od.
1663 478 1686 514 i,
1709 478 1760 513 17,
1785 478 1836 508 15.

1109 523 1147 553 ad
1175 533 1273 554 assem
1304 521 1477 564 perdiderat
1502 522 1562 562 Ep.
1590 520 1624 554 ii.
1644 520 1677 557 2,
1698 519 1753 550 27.
1796 519 1837 550 ad.

1108 571 1236 595 mortem
1253 575 1352 595 caesus
1368 565 1431 594 Sat.
1443 564 1464 598 i.
1476 564 1508 599 2,
1522 563 1576 592 42.
1605 563 1637 596 2.
1650 563 1686 592 ἀι
1699 563 1836 601 temporis
1894 590 1902 603 ψ

1108 610 1251 637 termino.-
1269 606 1308 636 ad
1322 607 1422 648 ipsum
1439 614 1530 635 mane
1545 604 1610 634 Sat.
1622 604 1644 639 i,
1661 605 1692 639 3,
1709 603 1762 633 17.
1796 603 1836 634 ad

1107 655 1247 688 quartam
1260 648 1351 689 jaceo
1367 649 1434 678 Sat.
1450 646 1470 676 i.
1485 647 1516 682 6,
1540 646 1612 677 122.
1640 644 1680 675 ad
1699 649 1836 675 nostrum
1899 646 1904 681 ζ

1107 695 1229 731 tempus
1251 691 1310 730 Ep.
1331 690 1363 725 ii,
1390 691 1419 721 1.
1442 690 1495 719 62.
1532 688 1572 718 ad
1594 687 1734 717 umbram
1755 686 1837 717 lucis
1898 687 1900 702 ²

1107 732 1147 761 ab
1162 738 1230 762 ortu
1254 733 1314 773 Ep.
1338 731 1371 767 ii,
1393 731 1424 765 2,
1448 731 1519 761 185.
1563 730 1594 766 3,
1613 730 1648 759 de
1668 729 1754 759 rebus
1774 739 1837 774 quae

1107 776 1251 804 accedunt
1268 775 1307 803 ad
1327 774 1460 812 aliquid:
1484 771 1634 813 quidnam
1654 769 1780 801 accedet
1797 768 1838 800 ad

1107 814 1196 845 istam
1213 816 1279 845 Sat.
1294 815 1328 850 ii,
1346 816 1378 850 2,
1395 815 1447 845 86.
1492 814 1710 844 Nomentanus
1723 811 1763 842 ad
1778 810 1837 842 hoc

1105 857 1171 886 Sat.
1186 857 1219 893 ii,
1235 859 1266 891 8,
1283 859 1335 887 25.
1371 858 1402 892 4,
1423 858 1524 895 apud.-
1548 859 1661 885 stratus
1683 853 1723 884 ad
1745 862 1836 893 aquae

1105 904 1200 939 caput
1222 908 1317 929 sacrae
1345 898 1407 929 Od.
1439 898 1461 932 i,
1493 899 1520 934 1,
1542 898 1595 927 22.
1638 895 1678 926 ad
1700 894 1836 926 medium

1105 940 1220 970 Janum
1245 941 1309 970 Sat.
1327 939 1361 974 ii,
1380 941 1412 973 3,
1434 940 1486 970 19.
1525 939 1564 969 ad
1586 936 1733 968 frumenti
1751 946 1838 967 acer-

1106 991 1178 1011 vum
1202 986 1358 1022 porrectus
1386 982 1451 1012 Sat.
1480 979 1514 1018 ii,
1537 981 1568 1015 3,
1593 981 1667 1010 111.
1712 977 1836 1009 adesses

1109 1022 1148 1052 ad
1174 1023 1279 1063 puteal
1301 1032 1369 1053 cras
1392 1023 1456 1052 Sat.
1477 1022 1511 1057 ii,
1535 1023 1566 1057 6,
1588 1022 1641 1052 35.
1685 1025 1777 1051 natus
1799 1019 1839 1050 ad

1110 1064 1261 1094 Aufidum
1291 1063 1355 1094 Od.
1386 1063 1428 1100 iv,
1457 1064 1490 1098 9,
1523 1065 1556 1094 2.
1607 1063 1648 1094 ad
1675 1062 1836 1104 strepitum

1109 1105 1234 1136 citharae
1250 1111 1406 1136 cessatum
1427 1105 1540 1136 ducere
1562 1114 1668 1136 curam
1690 1104 1750 1145 Ep.
1765 1103 1787 1139 i,
1804 1105 1837 1138 2,

1110 1148 1163 1178 31.
1202 1147 1241 1177 ad
1256 1147 1415 1188 strepitum
1431 1147 1525 1178 salias
1540 1147 1601 1189 Ep.
1611 1145 1633 1181 i,
1649 1147 1701 1182 14,
1711 1146 1766 1177 26.
1804 1147 1835 1180 5.

1109 1190 1146 1219 de
1161 1195 1287 1229 tempore
1307 1201 1362 1229 quo
1377 1190 1494 1229 aliquid
1503 1189 1547 1229 fit
1559 1200 1568 1218 .·
1591 1187 1631 1219 ad
1654 1188 1761 1219 lunum
1782 1186 1837 1218 de-

1109 1230 1192 1261 lecta
1214 1232 1279 1262 Sat.
1302 1231 1335 1266 ii,
1361 1232 1392 1266 8,
1416 1232 1469 1262 32.
1512 1229 1551 1261 ad
1574 1234 1745 1261 extremum
1774 1229 1837 1272 Ep.

1110 1272 1131 1308 i,
1158 1274 1187 1308 l,
1212 1274 1243 1303 9.
1288 1273 1327 1303 ad
1348 1271 1444 1303 imum
1474 1272 1535 1314 Ep.
1565 1271 1588 1307 i,
1620 1272 1670 1306 18,
1701 1271 1756 1302 35.
1799 1271 1840 1301 ad

1110 1314 1228 1345 lumina
1250 1314 1348 1355 prima
1375 1315 1434 1356 Ep.
1454 1314 1487 1349 ii,
1506 1316 1538 1350 2,
1553 1314 1606 1344 98.
1644 1313 1683 1343 ad
1703 1313 1760 1344 hoc
1781 1313 1840 1343 fre·

1108 1362 1226 1387 mentes
1254 1356 1354 1396 Epod.
1386 1357 1417 1391 9,
1448 1356 1498 1386 17.
1542 1355 1580 1386 ad
1608 1365 1701 1386 casus
1727 1354 1839 1385 dubios

1109 1398 1175 1428 Sat.
1185 1398 1218 1434 ii,
1232 1399 1264 1432 2,
1280 1399 1351 1428 108.
1381 1399 1412 1433 6,
1425 1400 1461 1428 cle
1477 1398 1598 1428 consilio
1609 1403 1666 1427 aut
1679 1397 1788 1437 define
1802 1399 1842 1427 ad

1108 1450 1191 1478 quem
1215 1441 1331 1479 aliquid
1356 1441 1547 1470 instituitur:
1572 1438 1612 1470 ad
1634 1448 1720 1468 arma.
1742 1438 1839 1479 prosi-

1109 1481 1169 1511 luit
1192 1481 1325 1512 dicenda
1351 1482 1412 1522 Ep.
1435 1481 1457 1516 i,
1484 1481 1534 1516 19,
1554 1481 1586 1511 7.
1630 1480 1670 1510 ad
1691 1481 1839 1511 emendas

1109 1533 1226 1554 merces
1242 1525 1302 1564 Ep.
1318 1523 1358 1553 ad
1377 1523 1443 1553 Pis.
1459 1524 1531 1553 419.
1566 1522 1604 1552 ad
1621 1520 1728 1552 munia
1742 1521 1842 1562 surgit

1109 1565 1174 1594 Sat.
1194 1564 1227 1603 ii,
1245 1567 1276 1600 2,
1297 1566 1352 1595 81.
1397 1564 1560 1606 detorquet
1582 1564 1621 1595 ad
1643 1563 1751 1602 oscula
1771 1574 1838 1594 cer-

1109 1606 1209 1637 vicem
1233 1608 1294 1638 Od.
1313 1606 1346 1642 ii,
1372 1607 1422 1641 12,
1443 1607 1496 1637 25.
1540 1605 1713 1637 Caecubum
1735 1615 1839 1647 repos-

1110 1653 1175 1678 tum
1196 1649 1236 1678 ad
1255 1649 1349 1679 festas
1369 1647 1465 1690 dapes
1485 1647 1586 1690 Epod.
1601 1649 1634 1683 9,
1654 1649 1683 1678 1.
1727 1645 1841 1678 missus

1112 1691 1151 1720 ad
1170 1690 1227 1721 hoc
1249 1701 1287 1721 ne
1305 1691 1475 1721 incurreret
1491 1689 1588 1720 hostis
1608 1690 1674 1720 Sat.
1689 1688 1723 1725 ii,
1740 1690 1769 1724 1,
1786 1690 1839 1720 36.

1111 1732 1215 1762 mollis
1227 1733 1265 1763 ad
1281 1742 1376 1762 unum
1393 1742 1470 1773 opus
1484 1732 1583 1774 Epod.
1597 1733 1647 1766 12,
1668 1732 1716 1762 15.
1758 1730 1838 1762 dun-

1111 1778 1197 1804 taxat
1217 1775 1255 1804 ad
1277 1774 1335 1804 hoc
1356 1775 1421 1805 Sat.
1441 1773 1474 1809 ii,
1493 1775 1524 1810 6,
1549 1775 1602 1804 42.
1643 1773 1720 1803 alios
1739 1772 1840 1814 legere

1111 1815 1150 1846 ad
1167 1815 1280 1846 fastum
1302 1817 1366 1846 Sat.
1387 1815 1408 1851 i,
1432 1816 1464 1850 6,
1484 1817 1538 1846 95.
1581 1815 1691 1846 format
1713 1814 1752 1844 ad
1774 1825 1840 1845 om-

1112 1867 1182 1888 nem
1204 1857 1343 1888 habitum
1365 1858 1424 1899 Ep.
1447 1857 1487 1887 ad
1509 1857 1575 1888 Pis.
1601 1857 1674 1888 108.
1718 1856 1842 1897 fingeris

1111 1899 1151 1930 ad
1168 1906 1284 1930 rectum
1299 1901 1358 1941 Ep.
1375 1899 1414 1930 ad
1431 1899 1494 1930 Pis.
1510 1900 1583 1930 367.
1613 1899 1643 1934 7,
1659 1901 1817 1930 secundum
1831 1910 1838 1927 :

1112 1942 1151 1971 ad
1168 1941 1327 1972 arbitrium
1345 1942 1451 1972 matris
1471 1940 1532 1973 Od.
1549 1940 1594 1976 iii,
1615 1941 1647 1976 6,
1666 1941 1719 1971 40.
1755 1950 1840 1970 amo-

1112 1993 1174 2013 rem
1193 1994 1254 2014 non
1271 1983 1462 2014 elaboratum
1478 1984 1518 2014 ad
1537 1982 1647 2024 pedem
1668 1981 1770 2024 Epod.
1789 1983 1839 2018 14,

1115 2026 1165 2055 12.
1208 2026 1248 2056 ad
1270 2025 1428 2067 exemplar
1457 2026 1516 2066 Ep.
1543 2025 1577 2063 ii,
1604 2026 1632 2060 1,
1653 2025 1705 2056 58.
1748 2028 1841 2066 aptus

1112 2067 1151 2097 ad
1165 2072 1258 2098 nutus
1274 2067 1383 2098 heriles
1398 2067 1457 2109 Ep.
1470 2067 1503 2102 ii,
1515 2068 1548 2102 2,
1565 2067 1598 2098 6.
1624 2067 1654 2104 Β,
1672 2067 1790 2101 locutio,
1801 2067 1841 2096 ad

1111 2110 1261 2150 unguem:
1283 2109 1323 2139 ad
1344 2119 1478 2150 unguem
1499 2108 1601 2139 factus
1616 2109 1682 2139 Sat.
1697 2106 1720 2143 i,
1736 2109 1768 2144 5,
1785 2108 1840 2138 32.

1113 2161 1175 2181 non
1202 2150 1386 2192 castigavit.
1396 2150 1436 2182 ad
1461 2160 1597 2192 unguem
1622 2151 1682 2193 Ep.
1707 2147 1748 2179 ad
1773 2149 1840 2181 Pis.

1152 2236 1364 2265 adamantinus
1389 2234 1406 2275 (
1404 2233 1492 2276 ferri
1514 2231 1704 2272 durissimfi:
1733 2233 1840 2264 tunica

1110 2275 1173 2307 Od.
1189 2276 1210 2311 i,
1227 2278 1259 2312 6,
1278 2278 1329 2307 13.
1364 2275 1447 2306 clavi
1462 2276 1526 2306 Od.
1539 2275 1584 2311 iii,
1601 2276 1653 2311 24,
1670 2277 1703 2306 5.

1152 2319 1299 2349 adhibere.
1357 2327 1441 2348 nunc
1470 2317 1583 2349 adhibe
1611 2327 1688 2359 puro
1717 2321 1841 2358 pectore

1111 2360 1204 2390 verba
1218 2370 1294 2400 puer
1308 2360 1365 2401 Ep.
1379 2358 1401 2395 i,
1416 2361 1448 2394 2,
1465 2360 1516 2390 67.

1153 2403 1272 2432 addere.
1313 2403 1339 2437 1,
1362 2401 1488 2442 insuper
1510 2400 1606 2431 addes
1630 2398 1715 2441 quod
1741 2398 1840 2430 bacca

1111 2443 1227 2474 remisit
1248 2443 1337 2474 olivae
1361 2443 1426 2474 Sat.
1449 2442 1482 2478 ii,
1506 2444 1537 2478 4,
1560 2443 1615 2473 68.
1659 2441 1704 2471 nil
1724 2440 1840 2471 divitiae

1111 2490 1253 2526 poterunt
1279 2486 1339 2526 Ep.
1362 2485 1384 2520 i,
1411 2485 1462 2520 12,
1485 2486 1518 2515 6.
1563 2495 1590 2515 ο.
1612 2485 1732 2515 dativo:
1754 2482 1840 2513 addit

1111 2537 1220 2558 acervo
1242 2528 1306 2558 Sat.
1322 2527 1344 2562 i,
1363 2528 1390 2564 1,
1406 2527 1458 2558 34.
1495 2525 1679 2568 particulam
1701 2524 1840 2566 undique

1110 2569 1267 2600 desectam
1283 2568 1396 2600 addere
1406 2567 1480 2600 limo
1493 2568 1556 2600 Od.
1569 2568 1592 2604 i,
1605 2569 1656 2603 16,
1672 2567 1723 2598 13.
1767 2567 1837 2597 Me-

1111 2611 1183 2640 dum
1208 2611 1323 2641 flumen
1345 2610 1484 2642 additum
1507 2609 1594 2641 victis
1610 2609 1755 2648 gentibus
1775 2608 1839 2640 Od.

1112 2652 1144 2688 ii,
1156 2654 1187 2687 9,
1201 2654 1254 2683 21.
1284 2652 1402 2684 incesto
1413 2652 1534 2683 addidit
1545 2651 1701 2692 integrum
1713 2649 1778 2682 od.
1793 2650 1839 2687 iii,

1109 2695 1141 2729 2,
1159 2696 1211 2726 30.
1248 2694 1373 2726 additus
1388 2694 1534 2735 nequitiae
1549 2699 1653 2726 custos
1667 2693 1729 2724 od.
1743 2691 1789 2727 iii,
1805 2694 1837 2728 4,

1110 2737 1164 2767 78.
1195 2736 1311 2768 addant
1322 2746 1412 2768 avaro
1423 2736 1544 2767 divitias
1556 2735 1632 2766 mari
1649 2735 1712 2766 Od.
1727 2734 1772 2771 iii,
1782 2735 1837 2771 29,

1111 2780 1163 2809 61.
1206 2779 1307 2809 femur
1333 2778 1413 2809 suris
1436 2777 1574 2808 additum
1602 2777 1703 2819 Epod.
1728 2777 1759 2812 8,
1786 2777 1836 2808 10.

1111 2821 1212 2852 oleum
1233 2820 1312 2851 adde
1334 2820 1456 2852 camino
1476 2821 1542 2850 Sat.
1563 2818 1597 2855 ii,
1613 2820 1644 2854 3,
1661 2819 1736 2849 321.
1778 2817 1837 2848 vir-

1110 2862 1229 2893 tutibus
1244 2862 1350 2896 addas,
1366 2867 1516 2902 quantum
1532 2860 1636 2901 generi
1654 2859 1762 2891 demas
1778 2860 1839 2900 Ep.

1109 2904 1129 2941 i,
1144 2905 1197 2940 20,
1212 2905 1266 2934 22.
1299 2903 1391 2945 nugis
1407 2903 1518 2934 addere
1532 2902 1653 2945 pondus
1668 2902 1727 2942 Ep.
1742 2902 1765 2937 i,
1787 2902 1835 2936 19.

1110 2948 1160 2978 42.
1204 2945 1320 2987 flagitio
1344 2944 1456 2976 additis
1479 2946 1627 2975 damnum
1651 2943 1715 2976 Od.
1737 2943 1782 2980 iii,
1805 2946 1837 2981 5,

1632 363 1663 394 p.
1685 353 1707 389 i,
1728 353 1761 388 6,
1783 353 1834 383 12.
1888 350 1899 388 ·,
