1904 3314
624 195 852 239 LIBER
882 196 942 248 ΙΙ,
973 199 1014 239 2.
1099 230 1101 233 Α
1511 202 1596 243 533

171 296 367 349 Tollam3
399 313 480 340 nec
499 303 686 339 metuam
707 296 812 352 quid
833 297 891 339 de
911 309 980 338 me
994 297 1166 352 judicet
1186 297 1342 349 haeres,

172 365 310 413 Quod
330 381 416 407 non
436 365 562 421 plura
583 364 698 406 datis
719 364 954 415 invenerit3
988 371 1033 406 et
1054 371 1198 407 tamen
1218 366 1335 408 idem

171 432 294 476 Scire
315 433 468 484 volam,
489 439 698 488 quantum
719 431 902 488 simplex
922 431 1160 488 hilarisque
1181 434 1334 489 nepoti

171 499 420 556 Discrepet,
442 507 487 542 et
507 506 718 554 quantum
738 500 962 542 discordet
982 515 1142 555 parcus
1163 516 1307 543 avaro.

58 567 142 610 195
171 567 323 610 Distat
342 568 469 617 enim,
491 582 672 624 spargas
693 575 768 610 tua
787 569 1017 624 prodigus,
1039 584 1091 610 an
1115 584 1256 624 neque
1278 576 1467 612 sumtum

169 635 338 679 Invitus
359 635 507 686 facias,
528 651 671 691 neque
693 635 820 692 plura
841 652 996 692 parare
1017 636 1214 689 labores3

168 703 239 746 Ac
259 703 420 760 potius,
442 718 554 758 puer
573 711 622 745 ut
643 703 766 745 festis
788 704 1124 759 quinquatribus
1145 704 1259 756 olim,

170 771 348 828 Exiguo
368 778 582 827 gratoque
603 771 762 813 fruaris
787 778 982 827 tempore
1004 773 1176 828 raptim.

170 839 425 896 Pauperies,
446 840 668 882 immunda
689 840 858 890 domus,
881 839 1036 895 procul
1057 841 1195 882 absit:
1228 855 1324 896 ego,
1347 848 1494 884 utrum

53 907 142 952 200
169 907 296 950 Nave
316 908 431 950 ferar
451 922 609 964 magna
629 923 683 950 an
706 923 854 964 parva,
876 908 993 950 ferar
1013 923 1125 950 unus
1146 915 1190 951 et
1210 909 1340 952 idem.

167 975 275 1018 Non
295 976 463 1031 agimur
483 977 659 1018 tumidis
680 976 785 1018 velis
807 974 1028 1032 Aquilone
1050 979 1268 1029 secund03

169 1043 276 1087 Non
295 1051 439 1086 tamen
459 1045 652 1087 adversis
675 1052 848 1087 aetatem
868 1046 1066 1088 ducimus
1088 1044 1266 1088 Austris
1283 1063 1293 1097 3

53 1201 156 1239 malit,
185 1213 282 1246 quam
312 1202 471 1246 possidere
501 1203 632 1246 pinguia
663 1203 799 1235 Herodis

52 1245 204 1288 palmeta.
252 1246 354 1289 Ungi.-
378 1246 560 1288 unguentiS,
577 1252 612 1278 ut
630 1246 705 1278 satis
722 1257 798 1278 con-

52 1293 128 1326 stat,
142 1287 242 1321 nitere
256 1289 404 1321 solebant
415 1290 625 1330 elegantiores
639 1296 671 1321 et
684 1299 798 1320 venus-

51 1330 158 1363 tiores.

99 1375 174 1406 184.
198 1374 330 1406 Herodis
344 1374 483 1414 palmetis
496 1376 675 1417 pinguibus.
722 1375 798 1405 Pal-

52 1423 145 1454 meta,
175 1415 248 1448 loca
277 1415 392 1461 palmis
419 1417 544 1449 consita
573 1419 629 1458 (ut
657 1423 798 1459 myrteta,

52 1458 226 1502 querceta),
238 1471 311 1502 quoe
325 1459 480 1497 Herodes,
491 1471 543 1492 rex
555 1461 575 1493 J
578 1461 690 1496 udaeae,
702 1460 736 1491 in
749 1471 798 1492 re-

53 1502 147 1546 gione
158 1501 199 1534 ad
211 1503 452 1537 Hierichuntem
468 1503 616 1540 habebat,
629 1504 669 1534 ad
683 1503 798 1546 pretio-

50 1545 191 1578 sissimas
220 1545 556 1589 praestantissimasque
586 1547 799 1589 possessiones

51 1588 254 1632 pertinuisse,
266 1599 307 1621 ex
322 1589 382 1620 hoc
397 1588 466 1632 ipso
482 1589 552 1620 loco
564 1595 706 1632 apparet.
739 1589 799 1620 Di-

53 1637 170 1664 cuntur
189 1634 333 1676 pinguia,
351 1632 402 1663 vel
424 1633 465 1663 ob
487 1632 695 1674 opobalsami,
716 1632 802 1674 quod

52 1685 171 1717 magno
190 1674 290 1718 pretio
304 1674 510 1711 vendebatur,
528 1674 651 1717 copiam
665 1687 673 1714 ;
697 1675 746 1706 vel
762 1675 801 1706 ob

53 1717 182 1761 pinguis
205 1728 224 1750 a
247 1718 273 1750 ri
295 1718 550 1754 foecunditatem,
570 1725 606 1749 ut
629 1719 707 1748 horti
729 1720 798 1758 piu-

50 1772 127 1804 ἔτισε
154 1771 218 1804 apu
271 1761 362 1802 Virg.
389 1761 470 1792 Geo.
502 1760 544 1797 iv,
574 1763 646 1798 118,
673 1763 800 1802 pinguis

55 1804 208 1847 Phrygia,
223 1815 294 1847 sup.
310 1804 373 1836 Od.
389 1803 423 1840 ii,
442 1805 491 1839 12,
507 1805 563 1835 22.

103 1848 178 1879 185.
211 1847 420 1888 Importunas,
450 1847 614 1882 molestus,
647 1858 800 1881 morosus,

51 1889 202 1923 difficilis.
246 1891 296 1922 Ad
318 1891 457 1921 umbram
480 1891 557 1921 lucis
579 1892 616 1920 ab
639 1897 730 1921 ortu:
759 1891 800 1921 ab

53 1932 130 1966 solis
155 1940 225 1966 ortu
255 1943 359 1976 usque
387 1933 427 1964 ad
457 1933 527 1975 ejus
557 1943 716 1971 occasum,
746 1943 801 1975 per

53 1976 139 2008 diem
166 1976 325 2009 solidum:
354 1987 425 2019 sup.
451 1977 518 2007 Sat.
545 1975 567 2013 i,
594 1978 624 2014 4,
650 1977 705 2012 29,
732 1988 800 2007 sur-

53 2026 144 2064 gente
165 2033 186 2052 a
207 2021 264 2052 sole
286 2022 327 2051 ad
348 2029 427 2057 eum,
449 2031 506 2060 quo
529 2019 702 2059 Vesper-tina
724 2026 800 2060 tepet

51 2074 70 2095 r
109 2074 151 2095 ιο.
489 2077 494 2081 -

70 2074 174 2138 αέ186.
198 2107 318 2145 Agrum
334 2107 510 2141 silvestrem,
526 2105 671 2137 sentibus
693 2110 724 2136 et
747 2116 799 2137 ve-

53 2149 165 2193 pribus
194 2147 344 2180 obsitum.
398 2149 555 2184 Flammis,
585 2149 801 2180 comburendo

53 2203 94 2226 ea
123 2203 196 2235 quae
226 2190 419 2224 fertilitatem
450 2191 654 2234 impediunt„
690 2191 797 2228 Ferro,

53 2239 166 2268 rastro.
211 2234 349 2277 Mitiget,
371 2233 508 2270 molliat,
530 2235 638 2265 domet
660 2234 714 2273 (ut
736 2247 799 2266 ras-

54 2281 112 2311 tris
140 2285 254 2310 terram
279 2279 400 2309 domare
425 2287 444 2308 a
467 2276 511 2308 ud
534 2277 627 2318 Virg.
650 2278 731 2308 AEn.
755 2277 799 2314 ix,

53 2320 152 2362 608),
174 2319 359 2353 foecundum
386 2320 440 2352 red
466 2325 519 2350 at:
554 2319 628 2353 Cic.
653 2319 693 2351 de
722 2321 800 2352 Nat.

54 2365 156 2399 Deor.
176 2363 212 2401 ii,
231 2365 286 2402 52,
305 2363 403 2395 Indus
425 2375 506 2400 vero,
528 2366 581 2404 qui
601 2369 644 2394 est
667 2365 800 2396 omnium

43 2409 217 2452 fluminum
234 2408 393 2443 vitaz-imus,
411 2418 472 2438 non
494 2418 574 2447 aqua
595 2408 688 2438 solum
712 2419 800 2449 agros

55 2450 190 2494 letificat
203 2457 234 2482 et
246 2452 382 2492 mitigat,
396 2452 446 2481 sed
462 2452 551 2482 etiam
569 2461 614 2481 eos
627 2452 769 2482 conserit.

99 2494 286 2527 187—189.
301 2494 365 2525 Scit
382 2494 510 2529 Genius,
521 2498 597 2525 cett.
611 2493 702 2524 locus
717 2493 799 2525 clas-

54 2537 142 2571 sicus
158 2536 199 2569 de
216 2537 336 2573 Genio,-
359 2546 434 2567 nam
456 2536 535 2578 quid
556 2535 712 2567 senserint
735 2541 799 2567 sta-

53 2579 237 2623 tuerintque
251 2584 373 2612 veteres
391 2578 430 2610 de
453 2579 512 2610 hoc
527 2578 599 2614 deo,
615 2579 717 2610 tribus
732 2590 799 2611 ver-

54 2623 145 2658 sibus
165 2622 351 2666 complexus
369 2627 418 2653 est
434 2621 603 2653 Horatius:
630 2623 660 2658 l,
679 2622 802 2653 Genius

54 2665 228 2703 homiuem,
247 2665 301 2698 cui
323 2664 450 2696 additus
472 2670 521 2696 est
542 2674 658 2701 comes,
682 2665 803 2706 ubique

53 2710 216 2754 sequitur:
261 2709 295 2744 2,
333 2709 461 2740 Aser-um
505 2709 610 2739 natale
647 2714 803 2747 temperat,

54 2753 153 2792 mala,
167 2762 240 2796 quae
261 2750 422 2794 portendit
439 2755 559 2782 astrum
579 2751 638 2782 sub
651 2760 716 2792 quo
731 2751 804 2793 quis

56 2801 153 2828 natus
177 2799 236 2832 est,
261 2793 411 2825 amolitur
439 2799 470 2825 et
500 2799 670 2836 procurat,
706 2793 802 2832 bona,

19 2871 30 2874 ,,
81 2849 129 2871 un
153 2837 320 2880 affiilgent,
343 2842 508 2879 promovet
531 2842 563 2868 et
589 2836 740 2879 adjuvat:
771 2838 803 2874 3,

56 2849 188 2914 {latura
200 2883 274 2914 deus
283 2881 440 2911 hnmanae.-
466 2880 543 2911 mire
560 2880 628 2911 haec
643 2879 738 2911 verba
750 2890 804 2911 ex-

16 2927 18 2932 ’
79 2923 199 2964 licant3
221 2922 490 2966 simplicissimum
518 2928 606 2966 putu,
633 2922 712 2954 deus
732 2922 805 2964 qui-

16 2965 30 2991 ‘³T
79 2977 144 3003 em,
169 2968 224 2999 sed
251 2967 400 2998 humanae
433 2971 566 3002 naturae,
596 2966 628 2997 11.
650 2977 680 2998 e.
705 2965 808 3003 morti,

844 1205 980 1235 mortalis
996 1206 1028 1236 in
1043 1206 1278 1246 unumquodque
1294 1211 1400 1245 caput,
1418 1203 1451 1235 h.
1466 1213 1495 1236 e.
1510 1214 1592 1236 mor·

844 1246 917 1277 talis
943 1254 1002 1284 est,
1027 1258 1100 1278 cum
1123 1258 1330 1290 unoquoque,
1353 1257 1447 1289 quem
1472 1247 1503 1277 in
1528 1246 1594 1278 vita

843 1290 1014 1321 comitatus
1035 1296 1095 1327 est,
1115 1290 1196 1322 redit
1217 1301 1254 1322 eo
1278 1290 1363 1322 unde
1386 1289 1501 1320 missus
1524 1295 1591 1320 est:

844 1334 877 1368 4,
899 1333 1073 1368 Mutabilis,
1097 1333 1184 1364 albus
1206 1340 1234 1364 et
1263 1340 1342 1369 ater,
1367 1332 1467 1364 iratus
1491 1338 1539 1364 est
1566 1331 1593 1363 si

844 1374 938 1406 homo
953 1381 1119 1418 repugnat,
1135 1376 1220 1406 mitis
1243 1375 1268 1406 si
1292 1376 1386 1407 homo
1405 1386 1438 1407 se
1454 1374 1518 1417 regi
1535 1385 1591 1418 pa-

842 1417 931 1449 titur.

890 1462 963 1492 190.
992 1461 1083 1497 Utar,
1102 1460 1197 1498 fruar,
1215 1471 1260 1492 sc.
1275 1459 1432 1503 quaesitis.

889 1505 964 1536 191.
989 1503 1053 1535 Nec
1068 1511 1211 1540 metuam,
1228 1515 1285 1535 nec
1302 1504 1432 1535 curabo.

890 1548 1071 1579 192—194.
1101 1547 1169 1578 Non
1191 1549 1285 1588 plura
1309 1548 1410 1578 datis.-
1440 1545 1502 1583 vel,
1527 1556 1592 1578 non

844 1589 935 1631 plura
951 1589 989 1621 iis
1005 1601 1077 1631 quae
1101 1590 1178 1621 mihi
1194 1590 1281 1626 data,
1298 1601 1356 1622 nec
1382 1600 1400 1620 a
1422 1599 1473 1621 me
1496 1595 1594 1621 aucta

843 1638 916 1663 sunt
933 1633 1118 1674 (plurimam
1134 1633 1301 1669 bonorum,
1320 1644 1392 1674 quae
1413 1631 1595 1674 possidebat

847 1676 1009 1711 Horatius,
1034 1681 1154 1716 partem
1176 1677 1301 1707 dederat
1324 1676 1501 1713 Maecenas,
1519 1685 1593 1717 sup.

844 1718 947 1760 Epod.
967 1720 996 1754 1,
1015 1720 1054 1749 31
1076 1720 1156 1750 Satis
1178 1729 1325 1760 superque
1350 1729 1395 1749 me
1420 1719 1594 1760 benignitas

845 1767 898 1792 tua
928 1762 1088 1802 Ditnvit);
1113 1762 1176 1798 vel,
1201 1772 1263 1793 non
1291 1761 1382 1804 plura
1409 1761 1447 1792 iis
1473 1771 1546 1803 quae
1574 1771 1594 1792 a

844 1815 894 1835 me
925 1806 999 1835 data
1029 1810 1104 1835 sunt
1129 1816 1204 1836 cum
1231 1804 1377 1835 viverem.
1423 1803 1464 1834 Et
1491 1810 1594 1836 tamen

844 1849 923 1878 idem
941 1848 1024 1878 Scire
1039 1849 1153 1878 volum.-
1178 1853 1210 1879 et
1225 1854 1331 1878 tamen
1347 1846 1429 1877 idem
1445 1857 1503 1888 ego
1520 1857 1593 1888 pro·

846 1890 954 1921 batum
970 1890 1035 1926 ibo,
1054 1901 1104 1921 me
1121 1890 1199 1922 scire
1213 1896 1246 1922 et
1260 1889 1420 1926 didicisse,
1436 1895 1593 1931 quantum

845 1933 938 1964 homo
955 1933 986 1963 in
1002 1933 1074 1964 vitae
1091 1933 1296 1976 simplicitate
1311 1939 1343 1965 et
1358 1932 1515 1964 hilaritate
1537 1943 1590 1964 ac-

846 1976 1013 2017 quiescens
1035 1986 1054 2006 a
1078 1976 1208 2018 prodigo
1223 1987 1262 2007 ex
1279 1975 1451 2011 luxurioso,
1467 1980 1498 2006 et
1521 1985 1594 2007 ava-

846 2030 898 2050 rus
915 2019 956 2050 ab
973 2019 1099 2051 homine
1114 2030 1206 2061 parce
1219 2018 1346 2050 vivente
1355 2018 1489 2050 differat.
1523 2019 1592 2050 Ho-

845 2062 944 2093 ratius
965 2062 1062 2103 igitur
1083 2060 1222 2093 medium
1245 2061 1327 2092 inter
1349 2066 1520 2103 utrumque
1543 2062 1594 2093 vel

845 2116 973 2137 auream
995 2105 1244 2136 mediocritatem
1267 2104 1358 2146 sequi
1377 2105 1453 2135 vult.
1498 2104 1594 2136 Simi-

844 2148 916 2180 liter
930 2159 1000 2191 sup.
1014 2147 1117 2191 Epod.
1131 2150 1160 2184 1,
1178 2149 1218 2179 32
1236 2158 1319 2189 sqq„
1338 2148 1421 2178 haud
1435 2159 1593 2188 paravero,

847 2192 935 2226 Quod
958 2198 1025 2227 aut,
1048 2202 1160 2222 avarus
1182 2197 1219 2222 ut
1244 2191 1394 2228 Chremes,
1417 2197 1501 2222 terra
1520 2203 1591 2232 pre-

845 2246 935 2273 mam,
954 2235 1128 2266 Discinctus
1143 2241 1198 2266 aut
1212 2236 1336 2274 perdam
1352 2241 1388 2264 ut
1403 2245 1503 2274 nepos.

891 2279 965 2309 197.
982 2278 1239 2318 Quinquatribus.
1280 2278 1490 2318 Quinquatria
1507 2277 1592 2317 (um,

844 2320 965 2360 orum),
979 2321 1048 2352 dies
1065 2320 1135 2352 festi
1149 2326 1181 2351 et
1199 2320 1264 2352 laeti
1279 2320 1311 2351 in
1328 2320 1485 2352 Minervae
1502 2325 1594 2350 nata-

845 2363 882 2394 lis
905 2363 1055 2396 honorem
1079 2363 1254 2403 celebrati3
1278 2369 1321 2402 et,
1345 2363 1422 2405 quia
1443 2363 1475 2394 id
1498 2362 1595 2394 fiebat

842 2417 897 2448 per
915 2407 1056 2449 quinque
1079 2406 1158 2445 dies,
1174 2407 1223 2438 vel
1246 2411 1316 2449 post
1337 2406 1422 2438 diem
1446 2406 1593 2449 quintum

843 2450 961 2481 Iduum
1000 2449 1200 2489 Martiarum,
1239 2452 1450 2492 quinquatria,
1490 2449 1567 2481 dieti
1584 2460 1592 2479 ε

843 2492 908 2524 vid.
926 2492 1021 2525 Ovid.
1034 2494 1122 2524 Fast.
1139 2493 1186 2529 iii,
1205 2494 1268 2524 809
1284 2504 1355 2535 sqq.
1401 2494 1545 2524 Fuerunt
1562 2492 1595 2524 hi

844 2535 912 2567 dies
948 2535 1053 2578 pueris
1087 2535 1256 2577 gratissimi
1290 2535 1593 2579 jucundissimique,

845 2578 934 2621 quia,
959 2579 1060 2610 donec
1085 2581 1287 2621 quinquatria
1313 2580 1482 2616 durabant,
1508 2578 1594 2610 seriae

845 2621 877 2652 in
889 2621 1007 2653 scholis
1019 2627 1120 2653 erant.
1160 2622 1296 2664 Copiose
1308 2622 1347 2654 de
1358 2623 1595 2664 quinquatribus

845 2664 1019 2707 disputavit
1050 2665 1155 2696 Marc.
1181 2665 1329 2697 Donatus
1356 2665 1396 2696 ad
1420 2666 1490 2698 Liv.
1515 2665 1594 2702 xliv,

846 2709 899 2738 20.
937 2708 1031 2743 Olim,
1045 2708 1184 2750 exempli
1199 2718 1309 2744 causa,
1324 2718 1393 2744 1108,
1405 2716 1500 2740 etwa:
1524 2717 1596 2750 sup.

849 2751 916 2781 Sat.
932 2750 954 2786 i,
972 2752 1002 2787 1,
1018 2752 1073 2788 25,
1089 2758 1124 2782 ut
1147 2754 1250 2792 pueris
1267 2753 1339 2783 olim
1357 2753 1433 2783 dant
1455 2753 1596 2783 crustula

850 2794 955 2825 blandi
967 2795 1121 2825 Doctores.

896 2837 969 2868 198.
994 2837 1119 2877 Raptim
1131 2850 1139 2866 :
1163 2847 1234 2879 sup.
1251 2836 1354 2880 Epod.
1372 2837 1425 2873 13,
1446 2838 1477 2874 3,
1496 2839 1528 2872 4,
1546 2848 1596 2867 ra-

847 2881 967 2920 piamus
980 2882 1072 2912 amici
1089 2880 1279 2911 Occasionem
1294 2882 1332 2911 de
1346 2882 1407 2911 die.

901 2924 1082 2955 199—204.
1118 2923 1284 2958 Horatius,
1310 2923 1384 2954 vitae
1414 2921 1597 2953 felicitatem

851 2965 1067 2997 mediocritate
1082 2965 1226 3002 metiens,
1242 2965 1287 2996 uti
1312 2975 1374 2995 non
1396 2962 1598 3005 exsplendes-

57 3020 149 3053 aeque
162 3015 257 3053 atque
271 3009 571 3048 homo,obnoxius;
595 3008 669 3040 hinc
682 3008 810 3040 additur
853 3019 923 3041 cere
938 3008 1118 3041 divitiarum
1141 3008 1246 3050 copia,
1264 3009 1307 3039 ita
1330 3018 1393 3038 non
1416 3017 1500 3038 saeva
1522 3016 1599 3048 pau-
