1884 3288
670 209 896 252 LIBER
927 210 963 260 Ι,
995 211 1035 252 5.

219 314 282 357 Et
301 315 455 356 domus
475 311 599 355 exilis
622 312 848 364 Plutonia3

1584 212 1630 253 11

881 328 969 368 quo
991 313 1116 355 simul
1135 314 1307 364 mearis,

274 382 374 424 Nec
393 396 530 437 regna
548 381 636 422 vini
657 381 839 423 sortiere
860 381 974 431 talis,

215 449 314 492 Nec
333 456 532 491 tenerum
553 448 754 504 Lycidan
772 449 1002 500 mirabere,
1023 464 1111 506 quo
1132 449 1245 492 calet
1260 451 1467 506 juventus

128 517 186 559 20
271 517 406 559 Nunc
427 518 578 568 omnis,
601 524 645 559 et
664 532 765 559 mox
786 517 975 572 virgines
998 518 1225 573 tepebunt.

666 710 942 754 CARMEN
973 711 1033 753 V.

622 869 700 900 AD
746 867 1076 900 PYRRHAM.

213 985 330 1035 Qms
350 986 484 1029 multa
503 985 676 1042 gracilis
697 994 740 1029 te
760 1001 872 1042 puer
892 987 936 1028 in
957 1001 1060 1028 rosa

211 1053 423 1097 Perfusus
443 1055 619 1110 liquidis
640 1061 801 1110 urguet
822 1055 1032 1097 odoribus

267 1120 426 1172 Grato,
448 1121 634 1177 Pyrrha,
657 1123 738 1163 sub
759 1124 918 1164 antro?

325 1189 409 1231 Cui
429 1189 591 1231 flavam
602 1189 760 1245 religas
781 1205 946 1233 comam

37 1298 43 1302 '
65 1296 266 1336 adumbrata,
291 1299 457 1332 extulerit!
484 1299 568 1332 diem
596 1301 707 1333 laetum
738 1300 824 1332 enim

63 1341 260 1374 celebrantes
309 1343 419 1385 capiti,
465 1343 636 1385 unguentis
680 1343 824 1375 delibuto

62 1385 216 1433 ςπίεἰόο),
232 1385 367 1417 corollas
382 1396 400 1417 e
414 1393 515 1427 myrto
531 1386 642 1428 (cujus
662 1397 741 1418 usus
765 1386 826 1417 suit

61 1427 207 1470 inprimis
222 1428 256 1460 in
270 1429 572 1472 compotationibus,
588 1429 630 1460 cf.
644 1428 703 1460 inf.
719 1430 774 1465 38,
792 1432 824 1467 5,

60 1475 95 1502 et
113 1470 148 1508 ii,
163 1471 195 1507 7,
209 1469 282 1512 25.)
297 1477 329 1504 et
351 1471 424 1503 aliis
446 1472 577 1504 fioribus
599 1482 698 1503 nexas
720 1473 822 1514 impo-

61 1522 137 1545 nere
150 1514 308 1547 solebant.
353 1515 478 1552 Solum,
495 1526 514 1546 a
527 1515 653 1557 frigore,
670 1526 735 1557 quo
757 1515 824 1547 fue-

58 1562 136 1605 runt
156 1557 348 1596 constricte.
365 1569 420 1601 per
443 1558 579 1601 Zephyri
601 1559 694 1590 flatus
716 1564 748 1590 et
763 1558 822 1589 mi-

58 1603 171 1632 uorem
183 1601 261 1634 solis
272 1601 409 1634 calorem
421 1602 582 1633 resolutae.
605 1602 732 1634 Fauno:
748 1600 823 1632 huic

59 1642 120 1674 deo
143 1654 160 1674 a
198 1644 270 1683 esti,
286 1649 438 1686 tanquam
465 1655 610 1688 agrorum
635 1650 667 1676 et
688 1655 820 1686 gregum

60 1654 200 1724 custofil,
228 1687 277 1719 bis
306 1687 490 1729 quotannis,
517 1698 630 1730 nempe
661 1688 712 1718 Id.
743 1688 819 1719 Feb.

61 1727 184 1773 (ovid.
202 1730 291 1763 Fast.
313 1730 350 1767 ii.
370 1730 463 1771 193.)
478 1736 510 1762 et
526 1731 615 1762 Non.
638 1731 720 1762 Dec.
737 1730 819 1772 (huc

58 1773 196 1818 pertinet
222 1784 353 1806 carmen
377 1774 436 1804 inf.
466 1774 524 1806 lib.
555 1773 601 1812 iii,
630 1772 702 1813 18,)
730 1783 821 1804 sacra

60 1818 244 1859 (Faunatia
266 1817 362 1858 vulgo
388 1816 558 1855 dicuntur)
582 1816 763 1852 instaurari,
790 1822 822 1848 et
836 1854 850 1856 ἡ

57 1870 131 1893 eum
147 1870 270 1892 summa
285 1859 426 1892 omnium
443 1859 557 1891 laetitia
571 1859 723 1891 celebrari
738 1859 819 1890 sole-

56 1904 157 1943 bant;
180 1903 255 1936 hinc
282 1909 375 1946 poeta
399 1903 439 1934 ad
463 1902 607 1934 laetitiam
633 1908 821 1934 evocaturus

57 1947 173 1979 Fauno
199 1946 429 1978 immolandum
455 1956 525 1977 esse
550 1945 640 1976 dicit.
685 1947 820 1986 Agna—

58 1990 164 2022 hoedo:
188 1999 235 2022 sc.
249 1989 310 2020 sibi
325 1989 492 2020 immolari.
537 1989 697 2020 Immolare
710 1990 816 2029 atiquo

56 2043 92 2064 re
125 2034 183 2076 pro
215 2031 350 2074 vulgari,
378 2032 533 2063 immolare
566 2033 699 2072 aliquid,
733 2033 818 2073 apud

56 2075 128 2108 Liv.
158 2074 216 2112 xli,
246 2077 298 2112 14,
330 2075 556 2106 immolantibus
585 2075 655 2105 Jovi
684 2075 818 2116 singulis

55 2120 176 2158 bubus;
199 2117 319 2150 ibidem
345 2117 444 2162 paulo
467 2123 548 2160 post,
578 2119 647 2148 bove
669 2118 818 2157 perlitare

44 2164 167 2203 jussus.

102 2206 242 2237 13-15.
265 2203 392 2236 Pallida
416 2204 500 2235 Mors
527 2208 602 2235 cett.

55 2257 170 2280 sensus
193 2253 242 2280 est
263 2247 328 2280 fere
351 2246 423 2279 hic:
450 2257 549 2283 nunc,
564 2257 662 2285 nunc,
679 2258 697 2278 ο
715 2246 815 2282 Sexti,

52 2290 132 2324 dum
164 2291 252 2328 licet,
304 2290 441 2322 erfruere
471 2290 546 2321 vitae
578 2290 795 2332 voluptatibus
806 2301 815 2328 3

54 2344 131 2366 nam
155 2345 250 2372 mors,
273 2302 424 2365 J’ivitibus
447 2343 536 2375 aeque
565 2343 602 2364 ac
627 2333 819 2375 pauperibus

53 2376 190 2415 instans,
201 2388 274 2409 mox
285 2382 399 2420 praeter
407 2376 587 2419 opinionem
599 2381 630 2407 te
642 2376 798 2418 opprimet
809 2387 818 2414 ;

53 2427 128 2463 post
141 2426 273 2453 mortem
287 2426 394 2451 autem
411 2429 514 2461 neque
530 2419 819 2457 comissationibus,

53 2473 158 2506 neque
191 2462 306 2496 amoris
339 2462 463 2494 lusibus
496 2461 661 2503 indulgere
696 2461 819 2493 licebit.

55 2505 221 2543 Tabernas,
245 2505 383 2538 humiles
410 2515 514 2542 casaS,
538 2505 687 2546 tuguria;
710 2516 818 2546 regum

52 2555 168 2588 turres,
183 2550 312 2582 excelsa
327 2548 481 2580 nobilium
497 2554 529 2579 et
543 2548 717 2580 beatiorum
741 2548 818 2580 aedi-

53 2591 138 2625 ficia.
182 2593 280 2635 Reges
303 2603 387 2634 saepe
410 2591 563 2622 dicuntur
584 2592 751 2629 beatiores,
769 2591 818 2622 di-

46 2636 146 2673 vites,
169 2642 314 2679 potentes
341 2636 382 2666 ob
410 2634 558 2666 divitias:
583 2634 716 2666 eandem
745 2645 817 2666 sen-

51 2678 184 2711 tentiam
206 2689 287 2710 novo
311 2683 425 2709 ornatu
446 2677 560 2720 repetit
584 2678 736 2708 Horatius
761 2677 819 2709 inf.

53 2721 120 2754 Od.
142 2721 200 2754 lib.
225 2721 262 2758 ii,
285 2722 318 2758 3,
343 2722 387 2752 25
409 2731 479 2763 sqq.
503 2726 536 2751 et
562 2722 612 2757 14,
636 2722 690 2756 ll,
711 2727 744 2752 et
766 2722 816 2757 18,

42 2765 115 2803 *³23
139 2770 172 2798 et
185 2764 230 2802 iii,
249 2766 280 2802 1,
299 2765 339 2795 14
356 2774 428 2806 sqq.
458 2765 527 2795 Sat.
541 2762 577 2801 ii,
594 2764 626 2800 6,
642 2764 697 2799 94,
713 2764 818 2805 Neque

52 2809 122 2840 n‘lla
149 2814 194 2840 est
215 2809 282 2839 Aut
305 2818 416 2848 magno
438 2814 500 2838 -aut
527 2818 621 2847 parvo
648 2808 701 2838 leti
717 2807 819 2849 juga.

51 2850 172 2883 Bem:
203 2850 288 2882 beati
318 2850 471 2882 dicuntur
501 2849 536 2880 in
565 2850 671 2881 laetam
702 2855 817 2881 sortem

51 2893 133 2930 nati,
163 2893 326 2931 fortunati,
361 2892 417 2942 qui
452 2893 503 2931 iis,
533 2903 607 2935 quae
642 2893 816 2935 possident,

50 2936 179 2969 benum
202 2937 298 2975 vitam
323 2936 386 2968 sib1
413 2946 523 2978 parare
552 2942 696 2978 possunt.
742 2936 818 2968 Vitoe

51 2989 169 3016 mmm
190 2980 299 3016 brevis.
315 2979 451 3021 exiguus
474 2980 613 3015 dierum,
630 2978 687 3021 qui
710 2979 750 3010 a‹l
766 2979 814 3010 vi-

51 3022 193 3056 vendum
227 3022 320 3055 nobis
352 3023 497 3055 concessi
530 3027 617 3060 sunt,
652 3033 815 3055 numerus.

647 2204 761 2235 Nexus
784 2208 817 2235 et

867 1300 955 1341 Spem
970 1311 1022 1332 nos
1037 1307 1115 1332 vetat
1131 1300 1270 1332 inchoare
1285 1301 1418 1343 longam,
1432 1300 1463 1332 h.
1477 1311 1506 1333 e.
1522 1307 1631 1333 mouet

868 1354 926 1375 nos
950 1354 989 1375 ne
1012 1343 1115 1374 multa
1138 1343 1307 1374 moliamur
1329 1343 1362 1374 in
1385 1343 1534 1385 longioris
1552 1345 1627 1376 vitae

867 1397 954 1428 spem
966 1399 974 1426 3
988 1386 1083 1428 jubet
1092 1397 1150 1417 nos
1158 1388 1240 1418 brevi
1252 1388 1350 1426 spacio
1360 1388 1415 1428 (ut
1425 1387 1482 1418 inf.
1496 1387 1551 1418 lib.
1562 1387 1595 1424 ii,
1608 1388 1627 1418 7

868 1430 986 1461 Noster
1003 1429 1161 1471 loquitur)
1177 1440 1256 1470 spem
1271 1430 1392 1470 longam
1408 1440 1553 1462 resecare.

914 1473 1053 1503 16—19.
1074 1472 1145 1503 Jam
1164 1479 1191 1503 te
1206 1479 1318 1512 premet
1331 1484 1399 1510 nox,
1413 1479 1488 1504 cett.
1522 1473 1626 1510 Mors,
1672 1472 1686 1484 “

865 1525 988 1552 manes,
1001 1520 1032 1546 et
1047 1515 1118 1547 loca
1133 1515 1233 1547 infera
1249 1525 1321 1546 mox
1337 1521 1367 1547 te
1384 1521 1539 1558 prement,
1551 1515 1583 1546 h.
1599 1527 1629 1548 e.

867 1559 1012 1591 tenebras
1029 1558 1087 1589 tibi
1110 1558 1285 1590 offundent.
1331 1559 1458 1590 Fabulae
1479 1558 1630 1590 dicuntur

869 1601 989 1638 Manes,
1014 1601 1101 1643 quia,
1125 1613 1197 1643 quae
1223 1602 1263 1632 de
1287 1601 1328 1632 iis
1351 1600 1629 1638 circumferuntur,

864 1654 959 1676 merae
981 1651 1055 1676 sunt
1076 1645 1206 1676 fabulae.
1253 1644 1354 1675 Eailis
1375 1645 1493 1676 dicitur
1515 1645 1628 1676 domus

867 1688 1017 1719 Plutonis
1033 1688 1073 1718 ob
1086 1687 1200 1719 exilem
1212 1687 1328 1718 levium
1343 1694 1376 1719 et
1385 1687 1539 1724 tenuium,
1555 1698 1628 1729 quae

864 1730 909 1761 ibi
926 1737 1103 1766 versantur,
1122 1731 1312 1762 Umbrarum
1331 1733 1420 1772 (quae
1445 1731 1503 1761 inf.
1520 1731 1584 1761 Od.
1607 1731 1630 1766 i,

868 1775 919 1809 10,
939 1775 989 1810 18,
1007 1775 1079 1804 levis
1094 1775 1185 1804 turba
1199 1773 1371 1811 vocantur)
1389 1773 1542 1812 formam3
1564 1773 1627 1804 nisi

865 1815 937 1858 quis
959 1818 1064 1847 exilem
1079 1818 1197 1847 domum
1218 1815 1258 1847 de
1282 1816 1369 1858 inopi
1390 1822 1422 1847 et
1441 1825 1554 1857 egena,
1570 1815 1627 1847 ubi

866 1859 946 1890 nihil
961 1859 1113 1902 reperitur
1127 1869 1191 1900 quo
1208 1859 1289 1890 bene
1311 1859 1364 1895 sit,
1381 1869 1454 1890 cum
1480 1859 1628 1890 Bentleio

864 1903 1023 1945 explicare
1037 1902 1145 1932 malit:
1172 1902 1231 1933 hoc
1248 1912 1343 1933 sensu
1360 1908 1444 1933 certe
1454 1903 1559 1932 domus
1576 1913 1624 1932 ex-

864 1947 915 1976 ilis
929 1945 1044 1976 dicitur
1060 1944 1119 1976 inf.
1136 1944 1242 1986 Epist.
1262 1945 1283 1980 i,
1299 1945 1332 1980 6,
1349 1947 1402 1976 45.
1451 1945 1515 1976 Nec
1529 1955 1627 1986 regna

862 1991 930 2019 vini
946 1990 1070 2019 sortiere
1087 1988 1178 2018 talis:
1204 1997 1262 2019 nec
1279 1998 1413 2029 regnum
1437 1987 1576 2030 amplius
1592 1987 1626 2018 in

862 2030 1140 2062 comissationibus
1154 2030 1290 2062 talorum
1310 2031 1402 2073 jactu
1417 2030 1477 2061 tibi
1500 2030 1627 2061 contin-

863 2080 925 2115 get,
936 2073 970 2105 h.
979 2085 1007 2105 e.
1019 2084 1077 2105 nec
1087 2073 1225 2116 amplius
1235 2073 1473 2112 comissaberis;
1488 2073 1625 2104 talorum

861 2127 975 2160 nempe
1001 2117 1092 2159 jactu
1130 2116 1231 2147 creari
1265 2117 1422 2153 solebant,
1454 2116 1509 2158 qui
1545 2127 1624 2158 prae-

858 2167 967 2191 essent
988 2159 1156 2194 conviviis,
1174 2160 1325 2201 legesque
1342 2158 1484 2190 convivis
1506 2159 1625 2190 scribe-

859 2210 946 2241 rent;
965 2203 1160 2234 vocabantur
1175 2201 1196 2232 ii
1214 2213 1297 2244 reges
1312 2204 1454 2236 convivii,
1468 2202 1627 2243 βασιλεῖς

860 2249 921 2278 τοῦ
945 2257 1150 2289 συμποσιου,
1168 2245 1262 2288 (hinc
1279 2257 1376 2287 regna
1397 2247 1481 2284 vini)
1498 2247 1624 2276 modim-

858 2296 1027 2330 per-atores,
1043 2290 1171 2325 domini,
1187 2291 1330 2329 strategi,
1348 2290 1524 2323 dictatores,
1542 2290 1626 2319 arbi-

864 2335 907 2363 tri
923 2334 1044 2364 bibendi
1060 2344 1066 2362 :
1092 2332 1133 2363 cf.
1152 2337 1262 2362 notata
1277 2332 1317 2362 ad
1333 2331 1455 2363 Catull.
1479 2331 1574 2367 xxvii,
1592 2333 1626 2363 3.

866 2375 1014 2407 Tenerum
1050 2375 1193 2416 Lycidan
1221 2376 1371 2406 mirabere
1404 2374 1531 2417 pulchri
1565 2375 1625 2416 Ly-

862 2418 944 2450 cidae
961 2418 1115 2461 adspectu
1131 2418 1342 2449 delectabere.

906 2463 961 2493 20.
976 2462 1142 2502 Tepebunt.
1159 2461 1270 2500 Tepere
1280 2461 1319 2492 de
1329 2470 1446 2497 amore,
1457 2460 1625 2492 ιιῐένθάλ-

866 2505 990 2537 πεσθαι
1009 2505 1106 2547 ἔρωτι
1129 2504 1212 2546 apud
1231 2504 1374 2535 Graecos
1419 2504 1567 2536 Ceterum
1592 2503 1624 2534 in

863 2547 1053 2580 sententiam
1078 2547 1263 2578 horumvv.
1288 2546 1504 2579 Doctissimus
1528 2546 1626 2577 Mits-

863 2591 964 2623 cherl.
993 2597 1106 2633 praeter
1137 2590 1257 2632 Sapph.
1290 2601 1319 2621 c.
1353 2590 1396 2625 xi,
1429 2589 1625 2631 (secundum

862 2634 960 2665 Anal.
986 2635 1041 2665 ΒΥ.
1064 2635 1103 2665 Ὶ’.
1126 2633 1148 2670 i,
1166 2635 1240 2668 57,)
1260 2638 1424 2676 comparat
1441 2633 1627 2674 Asclepiad.

863 2678 926 2719 Ep.
950 2680 1003 2714 21,
1021 2677 1123 2708 Anth.
1140 2677 1202 2708 Gr.
1217 2677 1257 2707 T.
1280 2677 1302 2712 i,
1320 2688 1350 2718 p.
1370 2677 1430 2707 148
1448 2676 1516 2718 (ed.
1533 2675 1625 2715 Jac.)

863 2721 962 2752 Strat.
992 2721 1052 2763 Ep.
1076 2721 1131 2755 96,
1158 2719 1261 2751 Anth.
1292 2720 1351 2751 Gr.
1376 2720 1413 2750 T.
1443 2719 1488 2755 iii,
1514 2730 1545 2761 p.
1570 2720 1625 2753 90,

862 2764 1065 2805 et-elegiam,
1088 2773 1159 2804 quae
1184 2769 1233 2794 est
1255 2763 1288 2793 in
1309 2762 1486 2805 Theognid.
1507 2773 1538 2793 v.
1562 2763 1623 2793 951

864 2807 1004 2848 (Gnom.
1021 2807 1164 2838 Brunck.
1177 2817 1209 2848 p.
1225 2806 1296 2846 39.)

1107 2892 1313 2924 CARMEN
1339 2893 1384 2923 V.

908 2937 990 2968 Cum
1020 2946 1154 2979 puerum
1183 2935 1356 2977 quendam,
1380 2945 1476 2976 quem
1506 2933 1629 2974 Pyrrha

860 2979 892 3010 in
909 2990 1047 3012 amorem
1071 2990 1166 3010 suum
1182 2979 1368 3020 pellexerat,
1386 2977 1519 3008 delicias
1543 2975 1627 3017 apud

861 3033 931 3055 eam
947 3024 980 3054 in
998 3028 1089 3054 antro
1102 3022 1242 3064 quodam
1259 3022 1363 3053 facere
1379 3020 1508 3050 vidisset
1524 3019 1627 3049 Hora-
