1884 3288
289 195 345 236 54

838 190 1242 234 CARMINUM

792 370 1063 412 CARMEN
1099 370 1297 413 XXVII.

854 540 924 570 AD
974 540 1231 570 SODALES.

518 678 664 719 NATIS
684 678 729 718 in
749 693 874 718 usum
893 677 1055 718 laetitiae
1076 676 1249 730 scyphis

519 744 735 798 Pugnare,
757 744 977 785 Thracum
997 750 1088 783 est:
1122 742 1256 783 tollite
1276 743 1508 784 barbarum

576 810 759 860 BIorem,
783 810 1158 863 verecundumque
1180 809 1402 851 Bacchum

633 877 887 932 Sanguineis
909 877 1138 931 prohibete
1162 877 1279 917 rixis.

462 944 489 984 5
518 944 633 985 Vino
655 951 698 986 et
717 945 904 985 lucernis
928 943 1089 984 Medus
1110 944 1303 984 acinaces

519 1011 709 1052 Immane
730 1018 937 1066 quantum
958 1011 1197 1064 discrepat!
1228 1010 1403 1064 impium

579 1076 734 1118 Lenite
755 1078 994 1126 clamorem,
1017 1076 1198 1126 sodales,

637 1145 696 1184 Et
717 1145 863 1184 cubito
884 1150 1098 1184 remanete
1120 1157 1284 1197 presso.

518 1210 664 1252 Vultis
687 1211 823 1252 severi
841 1225 907 1251 me
929 1224 1099 1264 quoque
1122 1223 1288 1250 sumere

479 1342 677 1382 *CARMEN
702 1343 849 1374 XXVII.

339 1385 560 1426 Conspieimus
572 1385 636 1426 jam
651 1390 771 1426 poetam
785 1386 815 1415 in
832 1383 931 1414 media
945 1394 1030 1414 com-

294 1428 454 1468 potatione
469 1434 653 1461 uersantem,
664 1434 694 1457 et
710 1434 835 1458 strenue
846 1426 889 1456 ibi
901 1427 1030 1456 modim-

296 1470 446 1510 peratoris
466 1475 568 1517 partes
588 1475 741 1510 agentem.
788 1468 852 1500 Vix
875 1468 957 1498 enim
981 1479 1030 1498 so-

296 1512 396 1547 dales,
419 1522 474 1552 qui
497 1511 625 1542 nimium
650 1511 722 1541 vino
741 1511 949 1549 incaluerant,
970 1510 1032 1540 rix-

296 1560 395 1590 antes,
412 1554 650 1590 tumultuantes,
667 1559 698 1584 et
712 1552 831 1594 poculis
850 1552 984 1583 invicem
1001 1563 1034 1583 se

298 1601 439 1637 petentes
455 1595 548 1630 videt,
565 1606 637 1626 cum
651 1595 754 1625 statim
768 1605 830 1624 non
847 1594 914 1625 sine
930 1594 1033 1635 indig-

297 1638 424 1668 natione
440 1638 590 1676 exsurgit,
607 1647 660 1668 eos
680 1637 813 1677 graviter
832 1636 984 1678 increpat,
1001 1642 1032 1667 et

297 1690 360 1710 non
378 1679 478 1710 solum
499 1680 621 1710 sublato
640 1679 839 1709 barbarorum
858 1678 938 1709 inter
959 1679 1033 1709 vina

297 1732 382 1752 more
404 1731 437 1752 se
460 1721 581 1762 quietos
603 1727 707 1752 tenere
726 1721 829 1761 jubet,
851 1721 905 1751 sed
927 1730 1031 1751 eorum

298 1764 420 1794 animos
434 1773 560 1804 quoque
575 1774 617 1800 re,
634 1763 731 1793 multo
752 1762 850 1803 magis
872 1769 1030 1804 compota-

297 1806 375 1836 tioni
394 1805 612 1841 conveniente,
628 1815 793 1846 occupare,
807 1811 837 1835 et
862 1804 906 1835 sic
929 1815 947 1834 a
967 1805 1033 1836 rixa

298 1854 329 1878 et
345 1848 479 1879 clamore
494 1848 655 1878 incondito
671 1847 708 1877 ad
721 1847 830 1888 jocum
846 1853 878 1877 et
893 1839 1033 1877 hilarita-

299 1895 362 1920 tem
404 1895 541 1920 avertere
578 1890 693 1920 studet.
754 1889 901 1930 Appellat
941 1889 1036 1929 igitur

297 1931 466 1962 rixantium
482 1942 590 1966 unum,
606 1941 743 1972 quocum
756 1931 841 1961 haud
855 1930 917 1960 alio
930 1938 1034 1972 pacto,

299 1973 360 2004 nisi
382 1973 409 2003 is
431 1973 536 2003 statim
559 1974 673 2014 puellae
696 1983 791 2013 quam
814 1979 896 2002 amet
921 1983 1034 2004 nomen

299 2015 359 2045 sibi
389 2015 583 2051 indicaverit,
614 2025 647 2045 se
676 2015 846 2044 bibiturum
876 2024 944 2045 esse
971 2015 1034 2054 ait;

299 2057 354 2088 ille
366 2057 498 2099 primurn
510 2067 652 2088 recusare
662 2064 694 2087 et
705 2056 898 2096 tergiversari
909 2067 917 2093 ;
933 2057 1033 2087 Hora-

300 2099 363 2130 tius
390 2110 427 2130 eo
449 2100 554 2130 acrius
575 2099 701 2133 instare,
729 2104 761 2129 et
786 2104 847 2128 tam
876 2098 1034 2130 laudando

300 2141 370 2183 ejus
384 2141 416 2171 in
433 2151 537 2172 amore
556 2142 761 2175 honestatem,
779 2150 872 2181 quam
889 2140 979 2171 fidem
1003 2147 1034 2172 et

298 2182 540 2214 taciturnitatem
564 2194 651 2213 suam
675 2182 892 2224 promittendo,
914 2183 943 2213 ei
966 2188 1034 2213 tan-

299 2225 369 2256 dem
401 2225 596 2267 persuadere,
620 2231 654 2256 ut
678 2225 758 2255 clam
783 2224 895 2265 puellae
923 2234 1036 2256 nomen

299 2268 359 2298 sibi
378 2267 411 2297 in
434 2278 522 2298 aures
545 2267 727 2297 insusurret.
770 2267 851 2296 Tum
876 2267 1034 2303 Horatius,

300 2320 372 2340 cum
396 2310 558 2340 nominata
578 2309 694 2351 puella,
716 2319 810 2350 quam
831 2309 912 2339 bene
935 2315 1034 2344 norat,

299 2357 388 2382 tanta
417 2358 481 2382 arte
510 2358 542 2382 et
570 2351 742 2382 calliditate
763 2350 896 2391 juvenes
923 2351 1036 2382 amoris

300 2393 421 2434 laqueis
433 2394 550 2424 irretire
561 2402 592 2424 et
604 2393 736 2424 irretitos
749 2398 852 2423 tenere
864 2392 1035 2430 didicisset,

299 2442 336 2466 ut
350 2436 421 2466 inde
436 2436 574 2477 expediri
591 2446 650 2466 non
668 2441 805 2476 possent,
823 2434 906 2465 haud
929 2435 1035 2466 laetum

299 2477 337 2508 de
367 2477 483 2508 sodalis
519 2478 568 2508 sui
605 2487 708 2508 amore
744 2477 830 2507 canit
861 2477 1036 2518 augurium.

301 2520 457 2561 Compara
481 2519 594 2550 similis
618 2519 729 2550 coloris
758 2529 885 2550 carmen
916 2520 1033 2551 Anacr.

300 2562 367 2596 lvii,
386 2563 403 2592 7
421 2572 491 2603 sqq.
505 2568 537 2592 et
549 2561 693 2602 Theogn.
713 2572 741 2591 v.
757 2562 820 2591 485
835 2571 906 2602 sqq.

346 2606 440 2635 1-4,
463 2605 566 2639 Natis,
585 2604 616 2634 h.
633 2614 661 2634 e.
681 2603 784 2638 factis,
800 2604 923 2634 efflictis.
943 2604 1032 2634 Mar-

300 2646 368 2678 tial.
392 2646 455 2682 xiv,
482 2647 553 2682 102,
578 2647 685 2685 Accipe
707 2657 763 2675 uon
789 2647 844 2675 vili
869 2647 976 2676 culices
998 2648 1034 2676 de

297 2690 422 2728 pulvere
443 2695 539 2718 natos.
584 2688 621 2718 In
647 2698 734 2718 usum
759 2689 880 2722 laetitiae,
904 2687 935 2717 in
961 2698 1033 2718 eum

298 2731 403 2766 finem,
420 2735 452 2760 ut
461 2729 690 2761 essentlaetitiae
701 2729 918 2759 instrumenta.
960 2730 1033 2769 Scy—

298 2775 386 2812 phus,
403 2772 459 2814 qui
474 2771 593 2813 proprie
610 2777 643 2802 ut
657 2773 822 2802 cantharus
841 2771 900 2810 (cf.
917 2781 987 2812 sup.
1011 2771 1032 2806 i,

299 2816 354 2850 20,
377 2815 428 2855 2),
451 2813 578 2845 Baccho
600 2823 698 2850 sacer,
723 2813 886 2854 (Macrob.
906 2823 936 2850 v,
959 2812 1032 2853 21),

295 2857 361 2898 jam
379 2867 434 2898 pro
453 2856 562 2897 quovis
582 2856 706 2897 poculo.
751 2856 901 2885 Thracum
920 2862 972 2892 est,
988 2865 1033 2887 sc.

301 2910 386 2930 mos:
410 2898 452 2930 cf.
462 2909 531 2940 sup.
543 2898 583 2928 ad
594 2897 616 2933 i,
633 2899 681 2933 18,
693 2899 724 2928 9.
773 2899 1033 2937 Verecundumque

304 2941 454 2973 Bacchum
475 2941 655 2982 Sunguiueis
674 2940 824 2980 prohibete
845 2940 930 2975 rixis,
948 2938 979 2970 li.
1000 2950 1030 2971 e.

1075 1346 1106 1372 et
1129 1351 1147 1371 a
1169 1340 1411 1382 compotatione,
1434 1340 1489 1371 ubi
1512 1339 1650 1372 modeste
1671 1344 1703 1372 et
1723 1350 1809 1372 vere-

1074 1383 1177 1414 cunde
1193 1383 1310 1424 percipi
1324 1383 1439 1414 debent
1451 1383 1570 1414 Bacchi
1585 1392 1725 1418 munera,
1737 1393 1809 1424 pro-

1075 1426 1127 1456 cul
1151 1427 1260 1456 abesse
1276 1425 1386 1466 jubete
1408 1427 1490 1455 rixas
1510 1426 1702 1466 sanguineas,
1724 1424 1757 1455 h.
1777 1434 1810 1456 e.

1075 1467 1114 1497 ad
1134 1467 1193 1497 vim
1207 1474 1238 1498 et
1253 1468 1370 1498 caedem
1385 1473 1572 1509 spectantes.
1619 1468 1810 1498 Verecundus

1076 1509 1224 1546 Bacchus,
1239 1515 1273 1539 ut
1285 1520 1354 1552 sup.
1369 1510 1391 1546 i,
1413 1511 1463 1544 18.
1481 1510 1498 1540 7
1519 1509 1652 1540 Bacchus
1667 1511 1809 1544 modicus,

1075 1551 1113 1582 de
1137 1551 1312 1582 verecundo
1338 1557 1369 1582 et
1391 1551 1528 1587 modico,
1552 1549 1656 1592 qualis
1682 1550 1810 1582 Baccho

1077 1594 1193 1634 placet,
1210 1593 1272 1623 vini
1291 1604 1360 1624 usu.
1406 1593 1557 1624 Bacchum
1571 1593 1724 1633 prohibere
1735 1594 1810 1624 rixis

1076 1645 1141 1676 pro,
1165 1635 1247 1665 rixas
1270 1646 1427 1667 removere
1444 1641 1476 1666 et
1497 1645 1600 1666 arcere
1621 1643 1640 1665 a
1660 1634 1809 1674 Baccho;

1075 1677 1119 1708 sic
1147 1677 1230 1718 apud
1258 1678 1328 1710 Liv.
1353 1677 1438 1712 xxxi,
1463 1679 1517 1712 25,
1543 1679 1638 1719 Agros
1664 1678 1811 1708 sociorum

1074 1721 1319 1759 populationibus
1335 1721 1489 1760 prohibere
1507 1729 1574 1761 pro,
1592 1718 1811 1761 populationes

1075 1771 1179 1792 arcere
1194 1762 1232 1791 ab
1249 1761 1329 1802 agris
1345 1762 1511 1793 sociorum.

1118 1805 1214 1834 5-8.
1242 1804 1315 1834 Vino
1337 1811 1365 1835 et
1390 1805 1521 1834 lucernis
1545 1803 1652 1834 Medus
1674 1804 1811 1835 acinaces

1075 1845 1209 1876 Immune
1222 1852 1368 1885 quantum
1379 1846 1550 1886 discrepat!
1573 1845 1647 1876 Diei
1661 1845 1744 1876 enim
1759 1845 1811 1877 vix

1077 1893 1188 1928 potest,
1209 1894 1359 1928 quantum
1381 1889 1483 1920 caedes
1501 1898 1521 1918 a
1543 1886 1705 1918 nocturnis
1725 1897 1810 1918 com·

1077 1930 1288 1970 potationibus
1317 1930 1482 1972 discrepet.
1529 1929 1636 1960 Medus
1661 1931 1810 1965 acinaces,

1076 1971 1212 2011 gladius,
1228 1982 1321 2012 quem
1336 1972 1438 2008 Medi,
1453 1972 1486 2002 h.
1503 1982 1532 2003 e.
1545 1971 1654 2002 Parthi
1669 1971 1810 2020 (chsup.

1078 2013 1100 2047 i,
1125 2015 1156 2049 2,
1175 2013 1247 2053 51).
1269 2020 1389 2053 gestare
1411 2013 1566 2050 solebant,
1578 2013 1644 2054 jam
1665 2023 1720 2055 pro
1739 2024 1810 2055 qui-

1077 2055 1198 2096 busque
1225 2055 1318 2086 arinis
1342 2057 1458 2097 quibus
1480 2056 1583 2086 caedes
1606 2061 1812 2098 perpetratur.

1077 2097 1210 2127 Immune
1245 2105 1392 2138 quantum
1434 2108 1489 2140 pro
1525 2097 1657 2138 vulgari,
1698 2097 1811 2128 mirum

1076 2146 1240 2180 quantum,
1258 2139 1289 2170 b.
1303 2150 1330 2171 e.
1342 2139 1535 2180 longissime.
1578 2139 1722 2179 Impium,
1736 2139 1768 2171 h.
1782 2150 1812 2172 e.

1079 2181 1237 2217 insanum,
1247 2192 1309 2223 quo
1320 2189 1431 2224 praeter
1439 2182 1586 2224 pietatem
1597 2186 1628 2213 et
1639 2181 1812 2213 amicitiam

1078 2223 1200 2254 sodales
1215 2230 1322 2255 contra
1337 2224 1459 2255 sodales
1475 2229 1654 2264 assurgunt.
1697 2223 1738 2255 Et
1757 2235 1811 2255 cu-

1077 2267 1138 2296 bito
1151 2273 1300 2297 remanete
1313 2277 1421 2306 presso,
1435 2276 1536 2308 neque
1550 2277 1588 2297 ex
1601 2265 1690 2297 lectis
1703 2266 1813 2298 vestris

1079 2308 1119 2338 ad
1134 2307 1231 2338 rixam
1248 2307 1364 2349 surgite
1377 2321 1390 2348 ;.
1409 2309 1610 2340 accumbentes
1627 2308 1710 2340 enim
1728 2308 1812 2350 apud

1079 2355 1195 2381 veteres
1225 2361 1254 2381 se
1283 2352 1463 2390 reponebant
1492 2351 1546 2389 (ut
1574 2349 1631 2381 infe
1658 2351 1736 2381 Hor.
1765 2349 1811 2382 lo-

1078 2391 1184 2432 quitur
1206 2393 1273 2423 Sat.
1289 2392 1323 2428 ii,
1345 2394 1376 2428 4,
1395 2393 1455 2432 39)
1478 2394 1511 2422 in
1530 2394 1676 2428 metitum,
1699 2402 1812 2434 nempe

1078 2433 1248 2465 sinistrum.
1295 2435 1409 2472 Pressa,
1442 2434 1476 2466 h.
1506 2444 1536 2466 e.
1567 2434 1729 2476 impresso,
1762 2433 1814 2466 vel

1079 2475 1185 2507 innixo
1206 2487 1250 2508 sc.
1273 2475 1413 2518 pulvillis
1434 2475 1622 2514 substratis;
1646 2476 1719 2506 hinc
1741 2476 1821 2518 pub,

1077 2517 1170 2548 villus
1200 2518 1393 2549 coenantium
1423 2518 1529 2550 cubito
1553 2518 1733 2561 suppositus
1756 2517 1814 2550 inf.

1078 2561 1143 2591 Sat.
1166 2560 1200 2595 ii,
1227 2562 1260 2596 3,
1285 2562 1349 2591 255
1377 2560 1492 2592 dicitur
1518 2561 1644 2592 cubitat.
1687 2560 1810 2608 Oppor-

1078 2608 1151 2634 tune
1173 2604 1206 2633 in
1227 2601 1413 2634 sententiam
1431 2609 1591 2644 comparat
1609 2603 1660 2634 Cl.
1678 2601 1813 2634 Mitsch.

1079 2644 1166 2675 Phoc
1190 2644 1211 2674 l.
1226 2645 1384 2686 (Brunck.
1405 2645 1520 2676 Gnom.
1535 2654 1568 2686 p.
1583 2645 1657 2684 92).
1676 2644 1730 2675 Fr.
1755 2644 1812 2679 vii,

1078 2687 1151 2726 Χρὴ
1160 2656 1186 2717 ἐξ
1199 2686 1235 2718 ἐν
1242 2687 1416 2728 συμποσίῳ
1426 2686 1569 2718 κυλίκων
1579 2697 1813 2728 περινισσομε-

1077 2727 1170 2760 mium
1193 2727 1292 2759 Ἠδέα
1320 2730 1530 2761 κωτίλλοντα
1553 2729 1746 2771 καθήμενον
1766 2728 1813 2760 οἰ-

1077 2769 1293 2806 νοποτάζειν.

1119 2814 1237 2843 9-12,
1260 2811 1390 2844 Sodales
1405 2811 1653 2854 objurgationem
1673 2811 1814 2853 magistri

1075 2853 1203 2885 bibendi
1219 2854 1303 2885 haud
1319 2854 1428 2895 iniquo
1443 2853 1547 2885 animo
1563 2853 1733 2895 accepisse.
1749 2854 1812 2885 imo

1074 2906 1159 2932 eum,
1176 2902 1209 2928 ut
1224 2906 1287 2928 una
1305 2906 1410 2927 secum
1434 2895 1565 2931 biberet,
1582 2896 1681 2927 amice
1698 2906 1811 2938 provo-

1075 2948 1163 2970 casse
1184 2938 1348 2977 videntum
1371 2938 1443 2969 hinc
1463 2937 1561 2970 dicit:
1587 2948 1641 2969 vos
1660 2948 1709 2970 me
1730 2937 1812 2968 invi·
