1884 3288
647 215 873 260 LIBER
906 216 966 267 11,
1002 217 1043 258 5.

1560 213 1618 254 85

657 410 935 454 CARMEN
967 409 1025 452 V.

367 553 580 595 NoNDUM
602 551 786 592 subacta
806 549 921 591 ferre
936 548 1093 603 jugum
1114 546 1229 589 valet

365 621 562 671 Cervice,
583 620 778 662 nondum
797 618 942 659 munia
963 616 1177 672 comparis

423 689 640 743 AEquare,
663 701 745 728 nec
767 686 881 727 tauri
900 685 1066 727 ruentis

481 756 534 798 In
553 755 774 798 Venerem
795 752 981 795 tolerare
1001 752 1191 808 pondus.

310 825 338 866 5
368 823 496 866 Circa
515 825 706 866 virentes
728 829 796 864 est
817 822 985 863 animus
1008 828 1096 862 tuae

367 892 555 947 Campos
570 892 785 947 juvencae,
807 904 922 931 nunc
943 889 1084 930 fluviis
1106 901 1283 944 gravem

427 959 617 1002 Solantis
639 966 807 1008 aestum,
830 972 946 999 nunc
966 957 1010 998 in
1033 956 1122 998 udo

485 1027 663 1070 Ludere
684 1042 782 1069 cum
805 1026 950 1067 vitulis
973 1024 1124 1067 salicto
1179 1035 1182 1041 “

370 1095 714 1151 Praegestientis.

776 1093 904 1136 Tolle
927 1093 1176 1148 cupidinem

289 1164 341 1205 10
371 1163 552 1205 Immitis
573 1178 692 1205 uvae:
720 1163 810 1218 jam
832 1161 912 1202 tibi
930 1160 1086 1202 lividos

427 1231 684 1287 Distinguet
703 1229 981 1272 Auctumnus
1002 1243 1196 1271 racemos

485 1299 717 1354 Purpureo
738 1298 882 1339 varius
903 1296 1062 1340 colore.

320 1454 523 1487 CARMEN
548 1455 592 1487 V.

126 1497 159 1529 A
182 1495 331 1540 Lalages,
347 1497 442 1529 nimis
463 1497 567 1530 adhuc
589 1503 704 1530 tenerae
720 1502 752 1529 et
771 1497 831 1528 im-

82 1546 216 1572 matura*
238 1540 368 1583 puellae,
398 1540 558 1572 amoribus
590 1546 684 1583 poeta
714 1541 747 1571 in
773 1540 831 1572 hoc

84 1582 226 1614 carmine
256 1582 418 1614 homiuem
450 1584 622 1626 quendam,
655 1583 711 1625 qui
742 1583 833 1614 illam.

81 1625 276 1662 sectabatur,
299 1636 430 1658 avocare
452 1626 570 1658 studet.
613 1627 701 1658 Usus
724 1632 832 1657 autem

82 1675 134 1701 est
152 1667 193 1700 ad
212 1668 367 1710 Lalagen,
382 1675 420 1700 ut
435 1670 565 1700 crudam
584 1669 689 1700 adhuc
709 1668 833 1708 marito,

82 1710 325 1744 describendam
333 1710 462 1754 duplice
469 1712 715 1752 comparatione,
723 1711 834 1750 altera,

82 1753 279 1797 abjuvenca
292 1754 399 1786 adhuc
416 1754 570 1785 indomita
590 1761 622 1785 et
637 1765 710 1785 cum
728 1754 834 1786 vitulis

83 1795 116 1829 in
130 1797 260 1840 pascuis
274 1797 402 1829 ludente
419 1803 452 1829 et
465 1797 659 1834 exsultante,
670 1796 779 1832 altera,
794 1798 834 1828 ab

82 1839 261 1872 immitibus
274 1840 344 1871 uvis
360 1839 458 1882 petita
471 1852 480 1880 ;
503 1840 535 1871 in
555 1850 689 1882 quarum
705 1840 834 1881 quidem

83 1882 266 1926 posteriore,
274 1883 419 1926 ut-multo
430 1882 620 1920 honestiore,
632 1883 700 1913 sola
711 1889 834 1926 poetam

85 1925 293 1968 acquievisse,
317 1925 407 1957 malit
425 1926 556 1957 fortasse
579 1926 606 1957 is
628 1925 682 1967 qui
705 1935 769 1957 rem
794 1926 834 1957 ad

85 1975 211 1999 nostros
225 1978 328 2000 mores
343 1967 512 2010 dijudicat.
558 1968 620 2000 Sed
637 1979 710 2000 cum
732 1973 832 2000 totum

85 2011 147 2043 hoc
157 2021 285 2043 carmen
293 2022 332 2044 ex
346 2018 440 2054 poeta
449 2011 588 2054 quodam
600 2012 726 2045 Graeco.
738 2021 833 2052 quem

85 2054 164 2085 satis
178 2053 282 2102 prodit
294 2054 446 2090 colorum,
459 2053 576 2096 quibus
591 2053 671 2084 illud
687 2054 834 2085 obrutum

27 2102 40 2140 ‘p
83 2102 147 2133 est,
157 2095 528 2138 diversitas',expressum
537 2097 696 2135 videatur-5
713 2107 751 2127 ea
760 2107 833 2138 quae

27 2154 29 2157 ·
85 2149 106 2177 a
119 2138 288 2183 preceptis
304 2139 441 2183 pulchri,
457 2139 545 2175 recti,
563 2146 593 2171 et
608 2139 732 2171 honesti
750 2139 781 2170 in
797 2150 834 2171 eo

84 2181 250 2222 recedunt,
272 2193 335 2214 non
360 2181 501 2220 Horatio,
524 2183 579 2213 sed
604 2183 632 2213 ei
656 2193 748 2224 quem
779 2193 834 2213 ex-

85 2225 212 2275 pressit,
228 2225 278 2256 vel
299 2225 401 2256 aetatis
420 2235 483 2267 qua
502 2225 583 2256 illud
597 2224 751 2267 scriptum
774 2230 834 2260 est,

85 2277 215 2310 ingemo
227 2267 396 2299 tribuenda
411 2274 499 2299 sunt.

86 2304 101 2316 γ’
132 2310 228 2342 1—4.
249 2310 378 2347 Puella,
393 2311 534 2342 nondum
551 2310 676 2342 libidini
686 2321 836 2343 exercen-

17 2370 39 2387 ἡ.

11 2403 30 2446 2

16 2444 42 2467 ιφ

15 2490 42 2514 ,ἡ
63 2479 202 2527 -ἡαπρο
216 2481 319 2514 ferunt
329 2482 424 2514 boves
435 2482 607 2514 adultiores
618 2494 627 2522 ;
651 2487 682 2514 et
693 2493 769 2524 quia
780 2483 837 2514 bos

12 2529 13 2533 ’
39 2522 140 2567 *ijel
150 2523 302 2568 juvenca,
318 2536 390 2568 quae
405 2525 522 2567 jugum
542 2525 612 2563 fert,
628 2525 836 2567 conjugatum

9 2565 19 2609 ζ’
35 2563 151 2605 'fffl
172 2567 293 2600 socium
319 2568 428 2605 habet,
453 2569 484 2600 id
510 2568 696 2599 translatum
726 2574 776 2600 est
797 2569 839 2600 ad

39 2607 244 2651 (spatiantes,
260 2610 316 2653 qui
332 2611 448 2642 amoris
458 2611 588 2642 vinculo
601 2611 659 2642 rite
675 2611 840 2653 conjuncti

36 2649 165 2686 ..me
192 2653 271 2686 dicti
299 2659 374 2685 sunt
408 2657 551 2695 conjuges
581 2653 778 2696 (σύζυγες),
807 2660 839 2686 et

50 2715 55 2724 ·
99 2718 103 2721 «
116 2710 130 2721 ·=
152 2706 195 2728 ιιπ
212 2696 398 2746 conjunctio
414 2697 480 2728 sive
494 2697 627 2728 societas
640 2699 837 2738 conjugium.-

181 2748 252 2783 sup.
267 2750 292 2776 ι,
307 2741 363 2778 33,
381 2740 433 2777 11,
455 2740 554 2770 Venus
564 2742 678 2770 animos
692 2741 840 2781 subjuga

7 2790 27 2811 ζ’
61 2783 183 2819 Μαι
212 2784 344 2819 mittere,
373 2793 442 2825 pro,
473 2781 679 2824 conjungere,
711 2782 839 2814 dicitur.

23 2838 26 2861 ς
44 2819 218 2865 ›1.:Jvarvice
232 2827 370 2860 subacta,
387 2825 511 2861 adacta,
528 2830 564 2856 ut
579 2824 696 2867 jugum
716 2826 840 2862 subeat,

10 2887 11 2890 =
27 2862 157 2941 5ᾓῆ
192 2866 334 2908 domita;
357 2868 436 2917 inde
451 2867 561 2917 puella
575 2878 701 2910 quoque
721 2868 843 2899 nullius

4 2940 199 2998 {femme
219 2952 323 2984 virum
345 2959 489 2996 experta,
512 2953 598 2985 dicta
614 2959 663 2985 est
684 2955 844 2991 indomita,

43 2426 50 2434 A

34 2435 52 2452 ''-

54 3016 74 3023 ..

5 3025 25 3038 3.
84 3027 90 3030 -
131 3029 140 3035 .

4 3076 6 3078 .
27 3028 135 3080 ξῖῗιηκν

36 3079 79 3095 >sn

37 2472 68 2496 »ἢ

84 2351 139 2385 fin
151 2358 287 2390 matura,
304 2359 505 2396 comparatur
518 2365 591 2386 cum
605 2353 757 2396 juvenca,
772 2360 834 2385 tam

70 2394 212 2472 ,murm
229 2406 323 2439 quam
339 2396 504 2428 libidinem
521 2397 602 2428 tauri
617 2396 649 2428 in
665 2407 698 2428 se
715 2396 837 2429 ruentis

115 2476 117 2480 ,
150 2438 414 2472 ucvdetrectante.
461 2439 679 2480 Ferrejugum
691 2453 700 2470 .·
720 2440 836 2488 jugum

87 2936 109 2946 γ,
157 2911 199 2942 iic
221 2920 327 2943 amore
350 2921 385 2943 se
407 2921 493 2942 vinci
516 2921 622 2953 passa,
646 2910 697 2942 vel
720 2911 844 2942 nullum

75 2984 124 3026 -ὗ
169 3032 175 3034 ,
202 3007 263 3036 νος
278 2995 400 3040 ἀδμής,
420 2997 550 3028 Homer.
574 2995 692 3038 Odyss.
714 2996 756 3032 vi,
778 2998 839 3027 109

205 3061 215 3071 .
259 3039 344 3071 Hinc
360 3039 446 3083 apud
463 3039 628 3072 Catullum
646 3039 749 3076 lxviii,
767 3040 841 3071 118.

51 3110 84 3142 [ἒξ

876 1453 1074 1486 Protesilaus
1090 1465 1163 1486 cum
1186 1453 1375 1489 Laodamia,
1398 1451 1505 1495 puella
1523 1449 1628 1482 adhuc

875 1497 1011 1538 integra,
1034 1496 1169 1540 primum
1190 1496 1340 1539 conjugio
1356 1495 1560 1538 conjunctus,
1576 1496 1627 1524 in-

875 1541 1234 1583 dmnitamjugumferre
1245 1541 1377 1571 docuisse
1385 1538 1512 1569 dicitur.
1553 1537 1627 1567 Ma-

876 1585 928 1614 nia
945 1585 1093 1623 comparis
1110 1595 1239 1624 aequare,
1256 1583 1367 1614 eadem
1384 1581 1416 1612 in
1437 1592 1456 1612 o
1479 1591 1530 1613 ere
1547 1579 1625 1611 faci·

877 1627 959 1657 endo
990 1631 1150 1668 praestate,
1174 1637 1248 1668 quae
1273 1630 1401 1668 praestat
1424 1624 1454 1656 ei
1479 1634 1529 1655 em
1547 1623 1629 1665 jugo

878 1669 1068 1700 submissus.
1117 1669 1215 1700 Tauri
1231 1671 1367 1700 ruentis.-
1392 1667 1468 1699 hinc
1490 1665 1628 1703 Graecis,

878 1722 1011 1752 quorum
1030 1722 1156 1742 sensum
1169 1718 1200 1742 et
1213 1711 1375 1752 ingenium
1391 1710 1475 1741 haud
1488 1709 1629 1741 offende-

878 1754 957 1784 bant
984 1754 1034 1785 hae
1059 1765 1078 1785 a
1102 1754 1205 1785 bobus
1233 1753 1273 1785 ad
1291 1759 1442 1784 amantes
1468 1752 1629 1783 translatae

878 1797 1067 1832 locutiones,
1092 1797 1200 1839 puella
1222 1795 1365 1838 conjugii
1389 1795 1494 1827 adhuc
1517 1805 1629 1838 expers

878 1839 965 1870 dicta
981 1846 1029 1871 est
1046 1839 1256 1882 ἀταύρωτος,
1277 1839 1439 1881 Aristopb.
1462 1838 1631 1880 Lysistrat-

879 1883 956 1919 217,
990 1883 1104 1914 AEsch.
1136 1884 1254 1925 Agam.
1282 1884 1358 1913 254.
1403 1882 1442 1913 In
1477 1882 1630 1920 Venerem,

879 1936 1077 1958 συνουσιανο

881 2000 886 2004 ,
922 1969 1019 1999 5-9.
1042 1969 1151 2009 Imago
1171 1967 1331 2009 juvencae,
1356 1966 1387 1998 in
1412 1966 1541 2010 pascuis
1563 1966 1628 1998 las-

878 2010 1025 2042 civientis
1054 2017 1086 2042 et
1113 2020 1185 2041 cum
1213 2009 1321 2041 vitulis
1346 2010 1497 2047 ludentis,
1527 2020 1630 2041 mores

878 2053 966 2085 certe
982 2060 1097 2084 tenerae
1120 2053 1248 2095 puellm„
1265 2054 1360 2084 unice
1379 2053 1484 2084 adhuc
1506 2053 1630 2085 lusibus

877 2107 950 2127 cum
963 2096 1140 2138 aequalibus
1150 2096 1216 2127 suis
1229 2095 1358 2130 deditae,
1373 2095 1511 2127 suaviter
1523 2095 1629 2138 expri-

877 2138 947 2170 mit.
991 2139 1138 2171 Colorem
1158 2138 1327 2170 Horatium
1343 2138 1472 2170 duxisse
1486 2138 1577 2170 aiunt
1591 2150 1632 2171 ex

880 2183 1000 2213 Anacr.
1025 2182 1082 2218 lxi,
1104 2183 1206 2214 Πῶλε
1222 2182 1487 2224 Θρηῖκίη-Νῦν
1509 2180 1539 2213 δὲ
1563 2184 1629 2214 λει-

878 2224 996 2266 μῶνάς
1019 2237 1054 2256 τε
1076 2225 1229 2266 βόσκραι,
1254 2224 1372 2267 Κοῦφὰ
1396 2237 1430 2256 τε
1457 2228 1630 2267 σκιρτῶσα

881 2269 1025 2306 παίζεις.
1071 2268 1222 2299 Similiter
1243 2267 1404 2299 Theocrit.
1420 2267 1463 2303 xi,
1480 2269 1536 2305 21,
1559 2269 1629 2300 Ga-

881 2310 997 2342 lateam
1016 2310 1133 2352 μόσχω
1150 2309 1366 2353 γαυροτέραν
1382 2316 1492 2342 vocat:
1519 2311 1561 2342 cf.
1574 2311 1631 2343 inf.

879 2353 925 2390 iii,
943 2355 994 2390 ll,
1010 2355 1042 2385 9.
1064 2354 1083 2385 J
1090 2365 1207 2385 uvencae
1219 2366 1228 2383 .·
1246 2354 1423 2397 puellarum
1439 2354 1632 2396 comparatio

880 2407 954 2428 cum
975 2397 1122 2439 juvencis
1145 2407 1229 2439 saepe
1255 2396 1340 2439 apud
1364 2397 1496 2428 Graecos
1519 2397 1628 2429 obvia:

882 2441 924 2471 cf.
937 2439 1049 2482 Eurip.
1061 2441 1144 2471 Hec.
1157 2440 1242 2478 5263
1268 2439 1424 2471 Androm.
1438 2441 1514 2476 511,
1531 2441 1629 2480 1167;

882 2482 998 2524 pariter
1014 2482 1071 2514 inf.
1086 2482 1120 2519 ii,
1137 2484 1170 2518 8,
1184 2483 1377 2524 21,jnvenci
1388 2483 1428 2514 de
1445 2483 1630 2515 adolescen-

883 2525 979 2556 tibus.
1022 2525 1156 2557 Salamis
1177 2536 1244 2568 pro,
1264 2525 1491 2566 refrigerantis,
1510 2525 1630 2557 exstin-

883 2568 1010 2610 guentis
1024 2580 1032 2598 ι
1058 2569 1109 2600 Cl.
1124 2569 1257 2600 Mitscb.
1273 2568 1365 2600 affert
1375 2569 1483 2600 locum
1495 2569 1631 2601 Claudi-

884 2611 937 2642 ani
966 2611 1041 2647 xvii,
1066 2612 1141 2647 196,
1167 2612 1227 2642 Ille
1248 2614 1295 2643 vel
1318 2612 1497 2652 AEthiopum
1517 2613 1632 2652 pluviis

882 2655 1151 2692 solabituraestus5
1176 2654 1300 2686 scilicet
1312 2656 1404 2686 solari
1414 2655 1541 2697 ponitur
1563 2666 1631 2697 pro,

884 2697 1001 2734 levare,
1032 2697 1120 2739 quia,
1151 2708 1231 2739 quos
1256 2698 1407 2735 solamur,
1436 2697 1541 2729 levare
1564 2703 1631 2729 stu-

885 2739 1008 2771 demus.
1064 2740 1302 2782 Proegestiemis.
1356 2741 1534 2781 Praegestire
1576 2751 1632 2772 ex-

883 2782 991 2825 primit
1012 2783 1133 2814 laetitiae
1153 2793 1276 2822 sensus,
1296 2793 1376 2825 quos
1394 2782 1460 2824 jam
1483 2789 1556 2815 ante
1574 2783 1631 2821 rei,

884 2835 979 2898 ‹¹1uam
1003 2825 1118 2869 cupide
1141 2833 1363 2868 exspectamus
1388 2831 1420 2857 et
1440 2836 1456 2856 a
1484 2827 1633 2868 petimus,

899 2875 1026 2900 ructum
1056 2868 1259 2912 percipimus.
1305 2869 1359 2900 Sic
1388 2879 1450 2911 apu
1510 2869 1635 2901 Catuli.

888 2911 964 2950 xlvi,
993 2914 1232 2952 proetrepidare:
1265 2913 1336 2943 Jam
1366 2922 1447 2942 mens
1475 2914 1634 2951 praetrepi-

888 2956 966 2985 dans
991 2962 1059 2986 avet
1081 2957 1190 2997 vagari
1203 2967 1214 2994 ,-
1239 2955 1312 2987 Jam
1338 2956 1399 2986 Izrti
1423 2956 1525 2985 studio
1548 2956 1636 2994 pedes

885 2999 1053 3039 vigescunt.

927 3041 1050 3072 9—12.
1078 3039 1162 3071 Tolle
1183 3041 1372 3080 cupidinem,
1399 3043 1473 3070 cett.
1502 3048 1634 3070 sensus:
