1884 3288
635 214 861 258 LIBER
894 215 927 266 Ι,
960 216 1030 258 26.

1542 220 1598 261 53

345 320 528 362 Portare
551 319 710 361 ventis:
742 319 841 375 quis
863 321 946 362 sub
967 319 1107 363 Arcto

399 388 500 429 Rex
520 385 678 442 gelidae
699 395 919 430 metuatur
941 404 1045 439 orae,

223 457 252 498 5
283 455 405 504 Quid
426 455 680 497 Teridatem
702 462 878 506 terreat,
901 457 1028 498 unice

255 572 263 579 ¹
283 523 491 566 Securus.

553 523 612 574 O,
634 539 734 578 quae
755 523 951 566 fontibus
973 525 1152 580 integris

340 592 537 643 Gaudes,
561 592 732 648 apricos
754 600 879 634 necte
900 593 1047 644 flores,

398 661 542 703 Necte
562 675 658 702 meo
681 660 846 702 Lamiae
867 675 1084 712 coronam,

281 727 468 784 Pimplei
488 727 628 771 dulcis
646 746 656 780 ;
689 727 749 770 nil
770 729 863 771 sine
884 735 927 771 te
949 730 1032 772 mei

190 797 244 840 10
274 797 470 839 Possunt
490 797 706 839 honores:
738 797 855 839 hunc
876 798 1039 841 fidibus
1060 800 1197 849 novis,

335 865 470 908 Hunc
493 856 657 907 Lesbio
679 879 849 908 sacrare
870 866 1054 921 plectro,

394 933 551 990 Teque
573 941 759 989 tuasque
781 934 908 976 decet
931 950 1118 977 sorores.

45 1059 160 1092 Lamia
177 1066 240 1092 tam
257 1061 381 1104 generis
395 1062 585 1105 antiquitate
601 1062 660 1106 (cf.
682 1061 739 1093 inf.
757 1062 797 1094 ad

42 1101 93 1140 iii,
115 1104 172 1141 17,
199 1106 234 1143 l)
254 1115 351 1147 quam
374 1106 520 1138 doctrina
540 1113 572 1138 et
595 1107 690 1137 rebus
710 1106 797 1137 bello

45 1145 242 1179 Cantabrico
260 1149 358 1190 gestis
377 1150 485 1181 clarus
507 1155 540 1181 et
560 1149 686 1180 nobilis.
731 1150 795 1181 Ce-

8 1198 13 1221 ,·
43 1193 146 1222 terum
159 1190 218 1222 hoc
229 1201 358 1223 carmen
371 1193 414 1224 U.
431 1193 472 1224 C.
489 1204 628 1224 cccxxx
642 1192 796 1234 scriptum

42 1242 126 1272 esse,
150 1244 190 1265 ex
215 1234 260 1266 rei
289 1234 328 1266 de
354 1235 499 1267 Teridate
524 1236 610 1268 facta
637 1236 796 1268 mentione

44 1275 156 1318 colligi
170 1283 286 1319 potest.

91 1320 187 1352 1-5.
211 1321 312 1352 Musis
334 1323 470 1352 amicus.-
500 1332 570 1363 ego,
596 1322 652 1364 qui
680 1322 796 1352 Musas

43 1370 128 1399 nmo,
158 1369 191 1396 et
216 1365 257 1395 ab
291 1363 404 1396 iisdem
436 1364 574 1396 vicissim
611 1375 710 1400 amor,
741 1375 796 1406 pro

44 1405 182 1448 vulgari,
201 1417 262 1449 ego
283 1414 387 1449 poeta,
407 1413 438 1439 et
459 1407 518 1439 hoc
538 1407 606 1450 jam
629 1418 696 1450 pro,
720 1417 791 1448 ego,

3 1477 7 1480 .
43 1446 121 1480 dum
143 1458 271 1482 carmen
294 1450 327 1481 in
350 1450 493 1482 Lamiam
517 1462 622 1482 meum
650 1450 794 1481 meditor.

12 1479 22 1507 Ι
44 1491 240 1535 Comparant
266 1493 360 1535 Virg.
388 1494 466 1525 AEn.
491 1494 535 1533 ix,
560 1495 634 1531 774,
662 1495 794 1524 aruit-um

11 1563 14 1568 .
45 1532 175 1566 Crethea
193 1536 305 1575 Musis,
321 1537 450 1568 Crethea
471 1538 629 1568 Musarum
645 1538 792 1572 comitem,

42 1577 96 1610 eui
112 1581 253 1610 carmina
271 1590 386 1620 semper
410 1581 449 1611 Ee
469 1581 594 1612 citharae
615 1582 714 1616 cordi,
734 1592 793 1610 ηιι-

2 1619 11 1649 »ἶ
42 1631 195 1663 morasque
209 1624 365 1654 intendere
379 1625 488 1655 nervis.
532 1622 682 1655 Similiter
699 1624 796 1665 φίλος

13 1671 15 1674 ⁴
44 1665 196 1703 Μοίσαις
210 1676 228 1696 a
252 1665 296 1697 ud
311 1666 450 1698 Theocr.
465 1667 507 1702 vi,
524 1668 577 1698 95.
623 1666 795 1697 Tristitiarn

42 1713 74 1738 et
100 1714 198 1740 metus
255 1710 363 1740 radam
391 1711 551 1749 protervis,
580 1715 656 1740 cett.
686 1720 796 1741 omnes

43 1752 138 1782 eurus
152 1757 184 1783 et
198 1751 430 1784 sollicitudines
444 1763 483 1784 ex
496 1753 601 1784 animo
614 1752 770 1783 dimittam
783 1765 792 1791 ς

44 1801 119 1824 narn
137 1800 302 1836 poetarum
324 1795 450 1826 animus
470 1795 556 1827 omni
577 1794 794 1826 sollicitudine

43 1835 124 1868 liber
149 1842 182 1868 et
209 1848 330 1870 vacuus
354 1849 424 1870 esse
447 1838 560 1877 debet;
595 1838 669 1870 hinc
696 1838 794 1870 Ovid.

42 1878 140 1911 Trist.
159 1879 183 1918 i,
205 1882 236 1918 l.
258 1882 312 1918 39,
330 1883 477 1913 Carmina
493 1883 678 1922 proveniunt
694 1884 795 1912 animo

42 1923 176 1955 deducta
198 1935 319 1956 sereno:
343 1924 386 1956 cf.
406 1925 543 1956 eundem
566 1925 660 1956 Trist.
685 1936 716 1960 v,
738 1926 790 1960 12,

43 1965 84 2005 35
115 1972 149 1997 et
172 1966 285 2011 Eurip.
311 1968 425 2011 Suppl.
455 1969 515 1999 180
542 1978 612 2010 sqq.
661 1969 793 1998 Tradam

39 2010 344 2050 protervis—ventis.
391 2011 494 2043 Ventis
520 2013 640 2052 aliquid
672 2013 793 2042 tradere

43 2057 120 2085 nota
135 2052 145 2083 l
191 2053 287 2085 uendi
302 2053 388 2097 apud
450 2060 518 2086 etas
534 2054 612 2085 ratio
627 2054 666 2085 de
685 2053 790 2089 rebus,

43 2104 126 2138 quas
141 2105 179 2128 ve
210 2097 319 2140 procul
334 2107 354 2128 a
370 2108 410 2129 no
434 2095 615 2129 is·avertere
630 2095 790 2139 cupimus,

3 2146 20 2168 .·
43 2137 95 2170 v'el
121 2148 232 2180 parum
254 2150 404 2172 curamus
429 2146 461 2172 et
487 2140 598 2172 leviter
618 2151 658 2172 ex
686 2139 792 2171 animo

6 2186 10 2201 1
41 2177 247 2223 annittimm
269 2182 316 2215 sic
328 2182 453 2216 Graecis
463 2182 602 2227 ἀνέμοις
613 2183 794 2224 νεΙαῦραις

0 2251 3 2253 .
42 2221 186 2257 διδόναι.
228 2226 348 2259 Anacr.
367 2227 492 2268 Fragm.
507 2226 542 2264 ii,
557 2228 590 2263 9,
610 2227 661 2262 10,
678 2225 794 2269 Ἐμῶν

11 2290 30 2313 s.
41 2267 177 2347 ἓρενῶν
192 2269 256 2312 μὲν
271 2269 392 2313 αὔραις
407 2269 524 2313 Φέρειν
542 2269 645 2302 ἔδωκα
661 2269 788 2308 λύπας.

0 2315 37 2356 3422-
63 2310 143 2349 ,lura
171 2311 206 2344 in
240 2313 323 2346 hanc
357 2323 421 2345 rem
451 2314 522 2344 loca
551 2313 703 2345 excitavit
737 2314 791 2348 Cl.

0 2359 31 2385 24
42 2348 180 2394 Mitsch.
198 2354 240 2388 ad
255 2355 288 2388 h.
309 2356 332 2389 l.
349 2362 382 2388 et
401 2356 504 2388 Cerda
527 2357 568 2387 ad
593 2357 686 2398 Virg.
709 2358 789 2390 AEn.

4 2411 19 2443 ¹.
29 2393 88 2438 ἔκ,
101 2396 178 2431 873.
224 2399 392 2438 protervis,
407 2399 438 2431 h.
452 2410 482 2431 e.
496 2400 676 2442 petulanter
687 2399 788 2432 insul-

6 2440 207 2480 ³sstantibus3
230 2441 374 2475 similiter
396 2443 534 2474 Austros
555 2454 691 2484 procaces
712 2443 792 2476 dixit

19 2479 138 2526 virg.
169 2485 249 2517 AEn.
276 2485 300 2524 i,
324 2487 402 2521 536.
428 2491 461 2517 et
491 2486 595 2517 Euros
619 2487 792 2526 petulantes

3 2556 7 2566 ,,
23 2525 174 2568 Quaeret.
189 2526 232 2566 vi,
252 2530 327 2560 110.
374 2530 541 2565 Creticum,
556 2528 720 2571 epitheton
739 2540 791 2561 or-

4 2563 138 2609 mins,
167 2581 225 2614 pro
255 2571 370 2614 quovis
400 2571 482 2604 alio:
516 2573 639 2603 tradam
669 2580 792 2612 portare

10 2615 11 2618 ’
26 2611 159 2661 Gfaece
171 2613 299 2659 (φέρειν
312 2614 424 2656 δώσω)
432 2621 509 2688 [pti-o,
525 2615 647 2646 tradam
663 2621 791 2657 portan-

160 2657 238 2693 Quis
251 2658 306 2689 sub
323 2660 416 2690 Arcto
463 2668 498 2688 ex
510 2659 620 2699 gelida:
635 2665 793 2691 metuatur

42 2691 114 2740 31:13,
131 2699 218 2735 Quid
234 2699 404 2732 Teridatem
415 2707 540 2736 terreat,
551 2703 640 2732 unice
651 2701 793 2734 Securus.

25 2736 144 2783 ξορα
167 2742 294 2775 volebat
317 2744 487 2786 subjicere,
511 2754 531 2775 a
553 2743 651 2779 curis,
675 2745 794 2786 quibus

30 2779 102 2822 [Εἰ
127 2791 298 2824 terrentur,
332 2786 561 2819 alienissimus.
613 2787 631 2818 J
637 2797 688 2818 am
723 2799 796 2820 vero

41 2819 118 2861 ἳόιιι
128 2839 170 2872 eo
185 2829 255 2872 ipso
269 2834 410 2873 tempore
425 2830 474 2861 vel
495 2829 631 2861 maxime
646 2830 685 2862 de
700 2831 793 2863 rebus

130 2872 287 2905 milicitus
302 2879 386 2905 esset
406 2872 580 2911 Terfflates,
604 2872 676 2915 ejus
698 2873 791 2905 timo-

15 2916 30 2924 ''
60 2919 124 2962 χ’,
153 2920 307 2958 tanquam
333 2915 466 2953 illustre,
491 2922 524 2948 et
550 2921 617 2948 tum
646 2917 792 2949 omnibus

843 1062 1154 1104 notum,exemplum
1165 1062 1263 1104 ponit.
1293 1061 1456 1093 Teridates
1465 1072 1591 1104 nempe,

838 1105 906 1147 jam
927 1106 1026 1138 semel
1047 1116 1066 1137 a
1087 1106 1224 1137 Phraate
1246 1116 1264 1137 e
1282 1115 1378 1147 regno
1399 1106 1591 1136 Parthorum

841 1149 963 1191 pulsus,
993 1149 1048 1180 sed
1078 1149 1205 1186 deinde,
1231 1149 1370 1180 vicissim
1403 1149 1539 1180 Phraate
1570 1159 1590 1180 a

841 1193 959 1235 populo
970 1191 1071 1234 ejecto
1086 1191 1188 1223 eidem
1202 1191 1455 1234 praefectus,jam
1473 1191 1592 1223 nuncio

840 1236 950 1271 allato,
970 1246 1072 1277 regem
1095 1236 1284 1277 Scytharum
1306 1234 1452 1265 Phraatis
1467 1234 1499 1265 in
1519 1245 1590 1276 reg-

841 1289 918 1310 num
934 1279 1121 1310 restituendi
1141 1288 1236 1310 causa
1255 1288 1406 1319 magnum
1426 1283 1537 1308 contra
1556 1288 1591 1310 se

839 1321 954 1353 ducere
968 1321 1155 1357 exercitum,
1173 1321 1261 1352 novis
1275 1321 1449 1352 terrebatur
1467 1320 1589 1362 pericu-

841 1364 892 1395 lis.
939 1365 1028 1401 Quis,
1057 1364 1185 1406 quibus,
1215 1364 1269 1395 cui
1301 1363 1431 1406 populo,
1464 1363 1591 1395 Parthis

838 1418 964 1450 nempe,
984 1418 1036 1438 rex
1055 1409 1165 1449 gelidae
1184 1418 1242 1437 ora>
1261 1408 1315 1437 sub
1337 1408 1431 1438 Arcto
1453 1407 1591 1448 regionis

841 1450 979 1486 Arctoae,
1010 1450 1158 1488 borealis,
1188 1461 1242 1482 rex
1270 1449 1462 1496 Scythicus:
1501 1452 1589 1491 quid,

838 1494 934 1536 quale
950 1493 1144 1536 periculum,
1170 1495 1272 1531 unice,
1287 1503 1426 1535 prorsus,
1444 1493 1553 1535 plane.

882 1538 1002 1568 6-12,
1028 1538 1065 1575 Ο,
1076 1536 1590 1579 quaesentibus—Pimpleidulcis.

840 1581 916 1612 Jam
936 1591 1064 1611 carmen
1082 1580 1116 1610 in
1139 1580 1284 1610 Lamiam
1305 1590 1399 1610 suurn
1418 1589 1590 1612 exorsurus

841 1629 968 1696 repente
991 1634 1024 1654 se
1044 1623 1200 1654 convertit
1222 1622 1260 1654 ad
1284 1624 1428 1659 Musam,
1449 1623 1540 1664 quasi
1559 1623 1590 1655 ei

840 1666 900 1697 soi
925 1666 1120 1698 carminibus
1143 1672 1267 1697 tantum
1294 1665 1395 1696 virum
1421 1666 1590 1698 aeternitati

840 1710 1085 1741 commendandi
1101 1709 1176 1740 data
1194 1709 1234 1740 sit
1248 1709 1396 1740 facultas.
1443 1709 1590 1742 Fontibus

835 1754 977 1794 integris,
993 1764 1011 1784 a
1030 1752 1155 1784 nemine
1171 1752 1275 1782 adhuc
1293 1751 1386 1783 tactis
1398 1764 1406 1790 ;
1419 1751 1527 1794 fontes
1540 1755 1587 1783 in-

838 1798 929 1837 tegri,
956 1807 1010 1838 per
1035 1806 1115 1837 quos
1139 1795 1324 1836 designatur
1346 1795 1450 1836 poesis
1478 1794 1590 1836 lyrica,

838 1839 1030 1881 respondent
1055 1840 1138 1870 nouis
1152 1840 1274 1879 fidibus
1297 1848 1326 1869 v.
1355 1838 1406 1875 10,
1428 1843 1461 1870 et
1487 1838 1590 1870 Lesbio

838 1883 952 1922 plectro
982 1894 1010 1913 v.
1044 1883 1097 1912 11.
1144 1881 1295 1912 Horatius
1325 1891 1438 1922 nempe
1467 1881 1589 1922 primus

836 1935 875 1956 ex
891 1924 1044 1963 fontibus,
1055 1935 1134 1966 quos
1147 1934 1238 1956 nemo
1249 1923 1354 1954 adhuc
1371 1924 1590 1956 Romanorum

836 1966 993 2009 tetigerat,
1007 1967 1124 2003 hausit,
1140 1967 1172 1999 h.
1188 1978 1216 1998 e.
1233 1967 1352 2009 primus
1369 1967 1589 1998 Rornanorum

837 2011 947 2053 poesin
978 2010 1107 2053 lyricam
1138 2010 1286 2041 tentavit.
1341 2010 1468 2050 Apricos
1504 2018 1588 2042 necte

827 2056 937 2096 flores.
953 2054 1046 2085 Necte
1062 2065 1123 2084 meo
1138 2054 1251 2084 Lamioe.
1263 2064 1422 2084 caronam:
1447 2063 1503 2095 pro
1516 2053 1586 2085 vul-

837 2097 916 2138 gari,
951 2096 1092 2128 carmine
1127 2095 1270 2127 Lamiam
1307 2106 1411 2127 meum
1449 2096 1589 2129 celebra.

838 2141 970 2176 Corona,
995 2150 1090 2182 quam
1117 2145 1242 2171 nectere
1265 2145 1297 2170 et
1325 2139 1423 2182 capiti
1447 2139 1588 2182 alicujus

837 2183 997 2225 imponere
1019 2183 1172 2214 dicuntur
1212 2187 1304 2218 oetae,
1320 2182 1438 2225 passim
1458 2182 1498 2214 de
1518 2193 1588 2215 car-

838 2227 936 2263 mine,
957 2236 1021 2268 quo
1042 2225 1154 2257 laudes
1172 2194 1313 2268 alicujus
1335 2225 1518 2265 celebrant;
1541 2225 1588 2259 sic

835 2271 920 2312 apud
958 2269 1050 2310 Virg.
1084 2269 1156 2300 Ecl.
1188 2268 1255 2306 viii,
1291 2270 1341 2304 12,
1377 2268 1417 2300 de
1446 2269 1587 2302 carmine

835 2313 951 2344 Asinio
981 2311 1124 2343 Pollioni
1152 2322 1261 2344 sacro:
1293 2319 1386 2353 atque
1416 2313 1495 2343 hanc
1523 2315 1588 2345 siae

835 2363 968 2397 tempora
983 2358 1100 2387 circum
1116 2355 1204 2386 Inter
1224 2356 1363 2386 victrices
1385 2356 1506 2386 ederam
1530 2358 1586 2387 tibi

833 2410 952 2440 serpere
975 2400 1099 2435 ίαιινοες
1123 2404 1156 2430 et
1177 2398 1223 2429 sic
1249 2397 1334 2440 apud
1362 2397 1461 2429 Pind.
1491 2399 1587 2431 Nem.

836 2443 891 2479 xii,
911 2443 985 2480 113,
1001 2441 1190 2485 στεφάνους
1210 2441 1322 2484 εἴρειν·
1345 2446 1378 2472 et
1392 2441 1526 2484 Olymp.
1546 2442 1588 2481 vi,

839 2487 913 2522 147,
944 2486 1073 2528 ὕμνους
1109 2484 1265 2517 πλέκειν;
1294 2484 1386 2527 plura
1415 2484 1506 2516 dabit
1535 2486 1588 2518 Cl.

836 2529 973 2560 Mitsch.
1035 2529 1179 2569 Pimplei,
1214 2526 1386 2569 Πιμπληΐ,
1425 2528 1533 2567 Musa,
1570 2539 1590 2560 a

836 2572 976 2620 Pimpla‚
1013 2572 1063 2603 vel
1102 2571 1261 2614 Pimplea,
1306 2569 1451 2602 Thraciae
1488 2571 1587 2608 fonte,

836 2617 944 2647 Mus1s
958 2625 1059 2647 sacro.
1103 2614 1226 2652 Dulcis,
1242 2624 1260 2645 a
1276 2620 1390 2645 camus
1403 2613 1587 2652 dulcedine,

838 2657 989 2698 ἡδυεπὴς
1001 2670 1008 2689 z
1034 2659 1167 2695 honores,
1178 2657 1331 2693 carmina,
1344 2656 1389 2688 sic
1401 2658 1494 2700 τιμαὶ
1507 2659 1587 2690 κλυ-

837 2702 892 2734 rai
914 2701 999 2744 apud
1019 2700 1117 2732 Pind.
1134 2701 1230 2732 Nem.
1246 2700 1290 2737 ix,
1306 2701 1348 2731 24
1363 2713 1369 2731 :
1396 2700 1438 2731 cf.
1454 2701 1588 2734 Mitsch.

839 2745 969 2776 Fidibus
990 2746 1086 2780 novis,
1105 2743 1245 2775 carmine
1264 2755 1350 2779 novo,
1375 2743 1407 2774 h.
1425 2753 1453 2775 e.
1475 2743 1588 2786 lyrico,

838 2788 935 2829 quale
964 2798 1056 2819 nemo
1079 2786 1163 2829 apud
1193 2787 1357 2818 Romanos
1380 2790 1454 2818 ante
1482 2789 1586 2819 Hora·

836 2831 916 2862 tium
939 2830 1066 2866 cecinit,
1089 2830 1151 2866 vel,
1172 2836 1204 2860 ut
1227 2829 1294 2872 ipse
1318 2829 1362 2860 ait
1384 2829 1441 2860 inf.
1465 2828 1510 2862 iii.
1533 2832 1587 2869 30,

841 2875 892 2910 13,
911 2873 998 2916 quod
1012 2875 1151 2914 princeps
1165 2874 1205 2903 ad
1221 2873 1316 2904 Italos
1337 2874 1434 2903 modos
1448 2874 1587 2905 deduxit.

839 2918 944 2949 Lesbio
955 2918 1089 2958 plectro.-
1113 2915 1155 2947 cf.
1170 2926 1243 2958 sup.
1262 2915 1284 2951 i.
1304 2917 1333 2951 l,
1352 2917 1406 2948 34.
