1884 3288
333 210 391 237 xx
567 190 905 232 PRAEFATIO
938 190 1266 232 EDITIONIS
1298 191 1502 233 SECUN
1509 191 1630 233 DAE.

337 319 483 347 eorum
507 304 696 344 moribus
720 302 963 351 tribuenda,
994 302 1036 343 in
1062 303 1311 357 praefatione
1338 303 1392 344 ad
1421 303 1591 345 Chrest.
1617 301 1836 344 Ciceronis

331 381 531 434 diximus)
558 379 869 421 conficiendum
900 379 1268 430 demandavimus3
1311 383 1427 435 quod
1457 381 1629 435 quidem
1657 394 1709 422 eo
1740 393 1835 421 suc-

330 474 454 502 cessu
491 458 650 499 factum
689 463 768 504 est,
809 462 857 496 ut
895 471 1028 510 spem,
1063 472 1190 510 quam
1225 457 1278 498 de
1310 458 1466 512 insigni
1498 473 1646 500 eorum
1680 458 1724 498 in
1754 455 1836 497 hac

331 549 502 592 quoque
523 549 569 575 re
595 532 815 587 diligentia
845 546 1190 587 conceperamus,
1223 539 1489 587 superarent.
1549 533 1638 574 Sed
1666 532 1738 574 hic
1765 531 1836 572 In-

243 642 257 649 -
331 615 430 664 dex,
463 611 689 666 separatim
718 624 890 663 quoque
921 624 971 650 eo
1002 609 1177 651 consilio
1205 610 1474 659 divendetur‚
1501 615 1550 650 ut
1577 623 1721 650 omnes
1742 608 1836 650 Ho-

331 692 428 732 ratii
455 690 650 738 lectores,
682 701 936 742 quacunque
967 687 1137 727 demum
1167 687 1259 740 ejus
1285 687 1472 727 editione
1497 692 1688 735 utantur,
1709 699 1835 727 usum

334 769 388 810 de
418 782 470 808 eo
500 780 652 820 capere
683 765 863 819 possint.
922 764 1038 805 Nam
1069 778 1163 805 cum
1195 764 1266 804 vix
1298 763 1409 804 ullus
1437 770 1628 805 veterum
1655 763 1838 818 scriptor

333 845 478 900 plures
512 844 693 885 lectores
732 842 890 882 habeat
929 856 1055 895 quam
1095 841 1320 890 Horatius,
1361 841 1669 895 unusquisque,
1708 841 1836 882 modo

332 936 417 962 una
442 928 484 961 et
511 920 643 961 altera
672 934 755 960 vox
780 918 880 959 lecti
909 917 1088 972 alicujus
1119 917 1202 959 loci
1231 918 1270 959 ei
1296 900 1530 968 succurrat,
1556 932 1655 959 eum
1683 917 1727 959 in
1754 917 1838 959 hoc

335 998 480 1039 Indice
501 1004 692 1038 notatum
713 995 911 1036 inveniet.
1840 980 1842 982 ’

389 1075 590 1116 Ceterum
624 1073 726 1114 mihi
756 1073 983 1114 indicenda
1017 1079 1082 1113 est
1121 1071 1294 1113 Horatii
1322 1073 1454 1113 editio
1483 1072 1632 1122 minor,
1662 1072 1707 1112 in
1735 1085 1835 1125 qua,

331 1153 452 1195 brevi
472 1151 707 1206 proditura,
726 1149 961 1191 difficiliora
980 1157 1145 1191 tantum
1166 1157 1208 1191 et
1225 1151 1504 1205 implicatiora
1521 1150 1834 1192 enodabuntur.

334 1230 460 1271 Hanc
486 1229 652 1270 curabit
674 1243 819 1277 senex,
847 1227 933 1281 qui,
959 1228 1149 1282 quamvis
1169 1229 1257 1282 jam
1288 1227 1646 1282 septuagesimum
1668 1227 1840 1268 tertium

314 1307 470 1348 'aetatis
495 1321 649 1347 annum
679 1306 783 1359 agit,
808 1312 948 1345 tamen
974 1304 1177 1359 singulari
1206 1305 1292 1345 Dei
1314 1303 1477 1358 Optimi
1505 1302 1686 1344 Maximi
1704 1303 1834 1344 bene-

333 1384 432 1426 ficio
453 1384 507 1425 ad
527 1397 596 1424 res
617 1383 826 1437 gerendas
842 1381 1019 1436 juvenili
1041 1382 1185 1436 vigore
1207 1387 1488 1423 sustentatur.

391 1528 564 1578 Gothae,
586 1541 729 1568 mense
751 1526 883 1568 Mart.
910 1538 1218 1567 MDcccxxvm.

1471 1667 1716 1710 DOERIN
1723 1667 1780 1708 G.
