1884 3288
24 2713 63 2951 *ltfflswgi
38 2700 43 2701 ,
32 2639 51 2685 ‘2⁴⁴¹'
30 2619 41 2626 ;

669 174 896 218 LIBER
927 173 1010 225 IV,
1047 175 1112 215 12.

1577 173 1658 214 231

408 278 623 334 Pegasus,
644 284 866 319 terrenum
885 275 1076 330 equitem
1103 282 1310 331 gravatus

809 342 1197 398 Bellerophontem
1210 361 1220 394 ;

407 412 589 468 Semper
610 418 660 453 ut
679 418 724 454 te
745 411 879 467 digna
900 426 1099 466 sequare,
1114 418 1172 461 et,
1196 410 1311 453 ultra

321 480 380 521 30
409 480 555 528 Quam
572 478 676 522 licet
696 494 874 534 sperare
895 478 1018 520 nefas
1039 479 1253 534 putando,

406 548 643 603 Disparem
662 548 786 590 vites.
847 547 948 603 Age
963 548 1070 603 jam,
1092 562 1288 589 meorum

386 609 390 614 ⁴
811 615 932 657 Finis
953 630 1160 665 amorum,

404 683 512 725 Non
532 685 646 726 enim
666 684 851 740 posthac
871 684 953 726 alia
973 683 1126 727 calebo

407 752 601 804 Femina,
623 753 828 796 condisce
848 753 1017 803 modos,
1039 751 1224 794 amanda

319 819 377 862 35
406 819 532 863 Voce
553 836 663 876 quos
685 821 871 864 reddas:

904 821 1155 862 minuentur
1175 826 1282 861 atrae

812 889 1015 931 Carmine
1037 903 1165 931 curae.

680 1054 959 1098 CARMEN
993 1055 1099 1098 XII.

617 1197 700 1228 AD
747 1196 1161 1229 VIRGILIUM.

350 1303 446 1345 JAM
469 1303 600 1346 Veris
622 1304 816 1353 comites,
840 1319 937 1358 quae
958 1318 1075 1345 mare
1098 1310 1359 1359 temperant,

351 1371 587 1428 Impellunt
609 1373 762 1414 animae
781 1371 915 1413 lintea
938 1371 1169 1413 Thraciae:

120 1524 278 1559 numerat,
287 1530 346 1563 pro
357 1518 459 1556 tenui,
468 1519 554 1562 quod
563 1519 623 1551 hoc
634 1518 685 1551 die
701 1519 869 1550 Maecenas

121 1568 218 1595 natus
231 1568 292 1595 est.
336 1559 376 1594 In
391 1562 580 1594 sententiam
595 1562 691 1593 totius
704 1562 766 1593 loci
781 1572 868 1593 com-

121 1605 216 1638 mode
240 1605 377 1638 afferunt
399 1605 506 1637 locum
541 1605 708 1638 Censorini
734 1605 774 1636 de
807 1603 871 1635 Die

120 1648 233 1682 Natat.
257 1659 289 1681 c.
315 1649 348 1686 3,
379 1649 482 1684 Quum
508 1649 626 1691 singuli
653 1649 783 1679 homiues
806 1658 872 1678 suos

122 1693 331 1724 tantummodo
354 1693 491 1734 proprios
515 1693 618 1722 colant
644 1692 782 1727 natalem
817 1701 871 1732 ego

122 1743 224 1768 tamen
238 1737 357 1776 duplici
376 1737 538 1777 quotannis
557 1734 654 1776 officio
677 1736 801 1775 hujusce
824 1745 871 1764 re·

124 1780 248 1823 ligionis
259 1780 448 1822 adstringor.
474 1778 555 1809 Nam
567 1790 659 1819 quum
672 1789 703 1809 ez
719 1785 747 1809 te
761 1785 874 1817 tuaque

123 1823 263 1854 anuicitia
278 1823 429 1858 honorem,
445 1823 640 1863 dignitatem,
659 1822 762 1855 decus,
786 1826 874 1861 atque

121 1867 310 1907 presidium,
327 1871 440 1897 cuncta
455 1866 584 1906 denique
600 1866 668 1896 vitm
682 1865 806 1905 praemt'a
825 1873 869 1893 re·

125 1910 261 1950 cipiom‚·
285 1908 372 1951 nefas
385 1909 532 1943 arbitrer,
554 1909 580 1938 si
596 1909 675 1939 diem
699 1914 798 1942 tunm,
821 1909 874 1947 qui

125 1959 156 1984 te
168 1953 245 1984 mihi
259 1953 292 1983 in
308 1952 387 1983 hanc
402 1953 498 1983 lucem
514 1952 623 1988 edidit,
639 1962 700 1982 meo
727 1951 781 1980 illo
802 1960 871 1989 pro-

121 1996 194 2038 prio
219 1995 427 2038 negligentius
451 1995 648 2026 celebravere.
703 1993 762 2024 Ine
793 1994 874 2023 enim

124 2039 201 2071 mihi
216 2039 324 2075 vitam,
347 2039 396 2070 hic
409 2037 559 2080 fructum
583 2039 652 2069 vitae
675 2042 765 2077 atque
780 2047 870 2067 orna-

125 2087 261 2114 mentum
275 2082 403 2123 peperit.
506 2091 512 2096 ·

169 2124 312 2156 21—36.
334 2124 514 2165 occupavit,
529 2122 587 2154 tibi
607 2121 788 2164 praeripuit:
813 2133 872 2152 non

126 2175 187 2201 tue
199 2169 451 2210 wrtisjuvenern,
467 2177 531 2198 non
553 2165 600 2197 tui
624 2165 687 2196 loci
706 2165 871 2207 juvenem,

125 2210 182 2244 sed
197 2221 312 2252 genere
327 2218 360 2243 et
371 2210 498 2242 fortuna
512 2209 605 2250 longe
617 2218 635 2239 a
647 2213 678 2238 te
690 2208 874 2239 distantem.

128 2254 230 2287 Grata
248 2254 392 2294 compede
407 2255 566 2285 vinctum.-
590 2250 734 2283 similiter
756 2261 827 2293 sup.
849 2250 872 2286 i,

126 2297 183 2337 33,
198 2298 251 2334 14,
265 2297 404 2339 Myrtale
418 2301 542 2346 poetam
557 2301 651 2337 grata
664 2295 800 2335 compede
822 2296 872 2326 de-

125 2343 225 2374 tinere
231 2339 364 2377 dicitur,
373 2340 428 2372 ubi
441 2338 504 2371 vid.
518 2344 585 2370 not.
634 2337 739 2368 Terret
754 2339 874 2368 ambus-

126 2390 177 2416 tus
201 2383 360 2416 Phaethon
382 2393 492 2414 avaras
515 2383 604 2422 Spes.-
628 2391 646 2412 a
670 2391 774 2412 rerum
791 2381 874 2412 ultra

127 2433 244 2460 sortem
260 2432 398 2458 nostram
414 2426 590 2469 positarum
613 2424 790 2466 cupiditate
813 2423 873 2454 mi-

126 2480 198 2503 sera
212 2469 436 2506 Phaethontis,
450 2468 586 2500 fulmine
602 2467 621 2499 J
625 2467 693 2499 ovis
705 2467 876 2503 combusti,

125 2523 195 2546 sors
209 2524 268 2546 nos
281 2511 435 2545 deterrere
456 2512 563 2544 debet.
609 2511 807 2543 Phaethontis
828 2510 875 2541 fa-

125 2556 206 2590 bule
227 2556 278 2589 vel
301 2567 340 2588 ex
365 2555 482 2588 Ovidio
505 2555 589 2586 Met.
612 2553 647 2590 ii,
670 2555 683 2585 l
710 2551 781 2596 sqq.
795 2553 872 2585 satis

126 2606 215 2633 neta.
259 2601 343 2636 Ales,
357 2599 473 2637 alatus,
490 2604 525 2629 ut
541 2609 614 2640 sup.
632 2596 680 2633 iii,
696 2599 748 2634 12,
759 2599 791 2632 4,
810 2597 871 2639 Cy-

127 2644 235 2676 tkmae
247 2653 326 2684 puer
340 2643 414 2680 ales,
429 2642 469 2674 de
484 2641 602 2673 Amore
623 2640 726 2672 alato..
764 2641 872 2672 Terre-

125 2698 201 2719 num
213 2687 342 2728 equitem
423 2691 510 2716 vatus
529 2684 802 2724 Bellerophontem,
818 2683 875 2726 qui

128 2729 195 2763 non
218 2728 306 2766 tulit,
405 2727 562 2765 excussit,
583 2737 648 2769 quo
672 2727 873 2768 gravabatur,

126 2771 271 2806 nonalis
278 2771 474 2804 conditionis
480 2770 634 2813 equitem,
645 2770 877 2813 Bellerophon-

128 2821 206 2849 tem.
249 2814 474 2858 Bellerophon*
493 2813 628 2849 scilicet,
653 2823 728 2844 cum
754 2813 787 2844 in
815 2823 875 2844 usu

126 2858 198 2896 illo,
215 2857 256 2891 nd
272 2869 369 2902 quem
384 2857 520 2890 traditus
533 2857 562 2889 ei
578 2867 597 2887 a
613 2855 762 2888 Minerva
776 2856 878 2888 suerat

129 2900 273 2946 I’egasus
295 2901 377 2945 (vid.
402 2912 476 2944 sup.
498 2900 539 2932 ad
565 2900 588 2936 i,
614 2901 669 2938 27,
693 2898 767 2940 24),
791 2899 878 2931 haud

130 2954 150 2979 a
193 2945 359 2982 nitesceret.
374 2945 431 2977 sed
447 2954 502 2987 per
517 2942 655 2975 eundem
666 2942 786 2974 coelum
799 2943 878 2975 adeo

132 2997 149 3020 e
196 2988 587 3032 tapetiisset;.excussus
611 2992 644 3018 et
669 2985 815 3028 dejectus
838 2987 879 3018 ab

912 1515 970 1548 illo
997 1516 1031 1548 in
1055 1528 1186 1560 campos
1209 1517 1320 1550 Aleios
1346 1527 1459 1560 graves
1482 1517 1668 1549 temeritatis

914 1571 981 1592 suae
999 1571 1112 1603 poenas
1128 1561 1233 1593 dedit:
1259 1561 1324 1593 vid,
1341 1562 1511 1604 Interpret.
1529 1561 1570 1592 ad
1595 1562 1666 1603 Hy-

915 1604 981 1645 gin.
997 1605 1074 1636 Fab.
1090 1605 1157 1636 lvii.
1195 1605 1450 1647 Bellerophontis
1464 1604 1611 1647 exemplo
1627 1605 1667 1636 ed

917 1647 1060 1678 homines
1076 1658 1094 1678 a
1109 1653 1255 1679 votorum
1273 1648 1449 1679 temeritate
1464 1648 1669 1679 deterrendos

915 1700 993 1721 usus
1010 1701 1137 1732 quoque
1153 1696 1214 1728 est,
1227 1697 1263 1721 ut
1284 1691 1431 1722 observat
1446 1691 1499 1722 Cl.
1518 1691 1667 1726 Mitsch„

918 1733 1050 1764 Pindar.
1077 1733 1190 1764 Isthm.
1214 1733 1267 1771 vii,
1291 1735 1334 1764 60
1355 1744 1446 1775 sqq.:
1472 1733 1513 1764 cf.
1536 1733 1667 1765 Pallad.

916 1775 985 1812 lxii,
1011 1778 1043 1812 5,
1068 1777 1101 1813 6,
1118 1776 1252 1808 Anthol.
1276 1777 1383 1808 Graec.
1405 1777 1444 1807 T.
1467 1776 1514 1814 iii,
1537 1788 1570 1819 p.
1594 1778 1668 1808 127.

919 1819 1095 1859 Disparem‚
1112 1818 1195 1850 idem
1211 1820 1297 1861 quod
1314 1831 1344 1850 v.
1361 1820 1402 1850 22
1419 1819 1513 1855 dixit,
1532 1831 1591 1850 non
1607 1827 1668 1852 tuae

918 1865 1172 1902 sortisjuvonem.
1220 1864 1259 1894 In
1275 1863 1466 1894 sententiam
1483 1872 1547 1905 qua
1563 1863 1666 1894 homi-

919 1915 975 1936 nes
992 1906 1032 1936 ab
1048 1916 1154 1937 amore
1168 1905 1300 1948 dispari,
1325 1906 1358 1937 h.
1374 1917 1402 1937 e.
1419 1906 1498 1937 inter
1524 1906 1668 1938 homines

919 1947 990 1980 loco
1006 1954 1038 1979 et
1052 1949 1178 1980 fortuna
1192 1949 1253 1980 sibi
1264 1949 1407 1991 dispares
1415 1948 1543 1990 juncto,
1557 1959 1668 1981 cavere

919 1990 979 2021 sibi
1002 1991 1167 2033 jubentur,
1193 1991 1258 2023 vid.
1279 1992 1396 2023 AEsch.
1420 1993 1529 2024 Prom.
1558 1992 1669 2024 Vinct.

918 2035 982 2066 892
997 2045 1087 2077 sqq-5
1111 2041 1144 2066 et
1159 2035 1288 2066 Callim.
1301 2036 1364 2078 Ep.
1377 2035 1484 2067 xxxvii
1497 2047 1506 2075 ;
1533 2035 1667 2067 Anthol.

917 2077 1026 2109 Graec.
1042 2079 1079 2109 T.
1096 2078 1118 2116 i,
1133 2089 1164 2120 p.
1180 2079 1240 2109 221
1257 2091 1266 2118 ;
1291 2079 1387 2110 Ovid.
1405 2079 1484 2110 Her.
1500 2079 1544 2116 ix,
1562 2079 1617 2115 32,
1634 2080 1668 2111 Si

916 2133 975 2162 qua
988 2122 1064 2152 voles
1079 2129 1149 2162 apte
1164 2123 1288 2158 nubere,
1300 2123 1379 2153 *nube
1392 2125 1478 2163 pari.
1527 2122 1666 2154 Mem-um

918 2164 1006 2195 Finis
1020 2176 1177 2195 amorum.-
1202 2175 1220 2195 ο
1236 2171 1271 2196 tu
1288 2176 1385 2207 quam
1404 2175 1500 2196 unam
1519 2171 1551 2197 et
1567 2165 1669 2197 solam

918 2206 951 2237 in
968 2214 1130 2250 posterum
1145 2209 1282 2248 amabo;
1305 2209 1398 2251 cujus
1414 2219 1502 2240 amor
1518 2209 1607 2241 solus
1618 2220 1668 2242 me

918 2249 1038 2293 irrupta
1062 2261 1185 2294 semper
1212 2251 1245 2283 in
1276 2259 1437 2295 posterum
1465 2252 1585 2284 tenebit
1614 2263 1666 2284 co-

918 2293 1006 2336 pula.
1030 2295 1150 2326 Notum
1163 2301 1213 2326 est
1227 2294 1308 2326 illud
1328 2295 1484 2338 Propertii
1501 2296 1524 2332 i,
1547 2298 1597 2332 12,
1616 2297 1667 2335 19,

920 2337 969 2368 Mi
987 2348 1079 2378 neque
1096 2350 1199 2370 ornare
1213 2339 1321 2374 aliam,
1347 2350 1440 2380 neque
1464 2341 1503 2370 ab
1527 2341 1583 2371 hac
1606 2341 1668 2371 ‹iis-

919 2381 1085 2423 cederefas
1100 2389 1142 2413 est
1156 2395 1163 2412 :
1183 2382 1318 2423 Cynthia
1327 2383 1520 2426 primafuit,
1532 2384 1669 2425 Cynthia

907 2424 988 2465 finis
1009 2426 1082 2456 erit.
1131 2425 1276 2457 Condisce
1297 2428 1407 2462 modos,
1434 2429 1566 2458 amanda
1595 2427 1669 2458 Voce

917 2478 987 2508 quos
1003 2469 1124 2504 reddas,
1140 2468 1214 2500 veni
1230 2474 1261 2500 et
1282 2469 1382 2505 disce,
1399 2480 1480 2512 quos
1503 2470 1543 2502 ad
1567 2469 1668 2512 lyram

920 2510 978 2542 tibi
1006 2510 1137 2553 praeibo,
1163 2512 1286 2548 modos,
1319 2519 1355 2544 ut
1382 2514 1509 2545 eosdem
1537 2513 1670 2545 amabili

917 2564 994 2629 {3oe
1008 2554 1172 2588 decantes.
1219 2556 1362 2588 Reddas.-
1385 2557 1428 2588 cf.
1439 2567 1510 2600 sup.
1521 2557 1562 2589 ad
1579 2557 1621 2594 iv,
1635 2559 1669 2594 6,

1138 2641 1342 2674 CARMEN
1369 2643 1452 2675 XII.

966 2683 1070 2720 Veris,
1093 2685 1179 2726 quod
1201 2685 1280 2722 ibat,
1306 2687 1492 2719 amoeuitate
1516 2687 1669 2719 fruiturus

915 2726 1025 2768 jocose
1038 2734 1070 2759 et
1092 2727 1291 2760 familiariter
1314 2729 1488 2771 Virgilium
1511 2742 1606 2762 suum
1630 2732 1669 2762 ad

920 2770 1051 2802 hilarem
1062 2771 1330 2814 compotationem
1347 2773 1492 2805 advocat.
1538 2774 1671 2806 Dulcis-

921 2813 1000 2845 sima
1015 2813 1113 2856 igitur
1125 2816 1307 2847 amoenioris
1323 2817 1397 2847 anni
1411 2817 1571 2860 temporis,
1584 2817 1671 2860 quod

921 2864 1032 2899 sponte
1051 2857 1091 2888 ad
1116 2858 1290 2890 bibendum
1313 2859 1436 2898 invitet,
1459 2860 1673 2903 descriptione

922 2901 1096 2942 praemissa,
1114 2902 1221 2939 vinum
1240 2903 1399 2935 Calenum
1422 2910 1555 2935 venturo
1578 2904 1617 2934 ad
1639 2914 1672 2934 se

923 2943 1026 2991 amico
1041 2944 1207 2987 promittit,
1224 2945 1283 2978 bac
1301 2953 1407 2978 tamen
1431 2947 1500 2988 lege
1514 2953 1546 2978 et
1561 2946 1672 2978 condi-

923 2993 1021 3024 tione,
1050 2993 1083 3019 ut
1113 2989 1244 3021 nardum
1270 3000 1379 3022 secum
1406 2990 1528 3026 afferat,
1555 2995 1589 3021 et
1610 2989 1670 3020 hac
