1884 3288
650 189 877 233 LIBER
908 189 991 240 IV,
1022 191 1065 232 3.

1562 190 1648 233 205

661 412 940 456 CARMEN
974 413 1058 456 111.

564 566 643 598 AD
690 565 1165 598 MELPOMENEN.

380 689 529 738 QUEM
551 695 614 740 tu,
637 688 934 744 Melpomene,
958 688 1091 730 semel

433 757 703 799 Nascentem
724 756 899 813 placido
920 755 1082 798 lumine
1103 755 1281 805 videris,

380 825 508 868 Illum
528 840 616 867 non
635 824 760 868 labor
782 824 990 867 Isthmius

435 893 631 936 Clarabit
650 892 858 949 pugilem,
880 908 968 935 non
989 907 1130 949 equus
1152 882 1354 948 impiger¹

327 962 354 1002 5
384 961 532 1003 Curru
554 962 687 1004 ducet
709 960 908 1004 Achaico

439 1030 668 1074 Victorem
685 1048 695 1082 ;
727 1045 870 1086 neque

892 1045 962 1072 res
983 1029 1141 1072 bellica
1163 1029 1305 1071 Deliis

382 1099 601 1142 Ornatum
622 1099 734 1141 foliis
757 1100 929 1148 ducem,

439 1167 577 1215 Quod
597 1182 750 1223 regum
771 1167 959 1209 tumidas
981 1166 1230 1210 contuderit
1253 1166 1405 1214 minas,

385 1234 607 1277 Ostendet
628 1234 845 1291 Capitolio
863 1251 872 1276 :

299 1303 353 1344 10

321 1447 524 1482 CARMEN
550 1450 619 1481 111.

139 1491 249 1523 Poeta
277 1490 422 1533 gloriam,
449 1503 514 1535 qua
541 1493 633 1524 nulla
662 1491 847 1524 horninibus

94 1533 280 1575 contingere
309 1535 410 1577 possit
433 1537 535 1579 major
558 1542 590 1568 et
619 1534 786 1577 insignior,
813 1535 847 1566 in

95 1575 158 1608 hoc
183 1577 326 1609 carmine
349 1578 478 1621 pariter,
501 1589 539 1610 ac
562 1589 632 1621 sup.
655 1578 701 1615 iii,
726 1579 788 1615 3ος
811 1578 846 1615 ii,

95 1620 161 1660 203
181 1625 214 1651 et
226 1619 250 1656 i,
266 1621 295 1656 l,
306 1620 367 1652 sibi
379 1621 520 1653 vindicat
530 1621 705 1660 Horatius3
722 1622 778 1653 sed
791 1621 846 1657 ita,

95 1667 133 1694 ut
157 1673 330 1704 generosus
353 1663 421 1702 ille,
444 1675 508 1706 quo
534 1664 684 1696 verticem
711 1664 848 1702 extollit,

95 1705 222 1737 animus
239 1716 259 1738 a
273 1706 390 1738 stolida
404 1707 552 1750 superbia
569 1707 611 1738 sit
625 1706 850 1738 alienissimus.

98 1749 238 1780 Omnem
255 1749 342 1781 enim
362 1750 452 1782 illum
476 1750 639 1785 honorem,
656 1760 721 1792 quo
741 1756 850 1792 poeta-

96 1801 167 1822 rum
181 1791 278 1824 choro
292 1791 429 1825 insertus
443 1793 546 1825 multo
561 1794 679 1836 majore
695 1802 714 1823 a
729 1792 848 1835 populo

97 1833 249 1866 Romano
263 1835 463 1868 veneratione
486 1836 689 1878 suspiciatur,
705 1846 800 1877 quam
822 1835 849 1866 si

98 1876 263 1910 victoriam
279 1878 328 1910 vel
347 1889 365 1911 e
382 1879 467 1911 ludis
489 1879 587 1911 sacris
601 1879 652 1910 vel
666 1889 684 1910 e
699 1879 784 1910 bello
800 1889 849 1910 re-

96 1920 216 1958 tulerit,
232 1931 296 1953 non
318 1921 392 1958 sibi,
411 1922 468 1955 sed
490 1923 672 1957 Musarum,
694 1932 768 1964 quae
790 1921 851 1953 sibi

96 1963 243 1996 nascenti
263 1963 438 2002 arriserint,
453 1971 621 2008 acceptum
639 1965 733 1996 refert
753 1965 848 1996 bene-

97 2005 182 2039 ficio·
217 2007 446 2050 Melpomenen
462 2008 560 2050 igitur
573 2018 612 2040 ex
627 2007 704 2043 illis,
721 2012 756 2038 ut
772 2007 848 2050 lyri-

98 2060 148 2083 cae
343 2051 522 2094 presidem,
549 2050 583 2082 in
614 2051 674 2082 hoc
708 2051 850 2082 carmine

97 2061 251 2136 appellat,
268 2094 375 2136 eique,
397 2094 486 2130 dum,
506 2096 585 2136 quod
604 2095 711 2134 spiret,
732 2100 762 2125 et
781 2095 848 2133 pla-

99 2143 177 2173 cent,
191 2139 220 2169 si
240 2138 372 2178 placeat,
389 2139 421 2169 id
439 2143 536 2170 totum
557 2139 620 2178 ejus
639 2138 773 2168 muneris
792 2147 851 2169 esse

101 2179 274 2222 profitetur.
289 2180 503 2222 gratissimum
527 2180 625 2212 animi
644 2189 773 2212 sensum
794 2181 850 2212 de-

99 2221 213 2256 clant-
254 2223 290 2255 Si
316 2233 452 2265 quaeras,
476 2223 554 2266 quid
583 2222 664 2254 illud
693 2222 736 2254 sit
764 2223 850 2265 quod

100 2270 222 2298 tantam
238 2265 364 2298 laudem
379 2274 412 2299 et
426 2265 667 2298 admirationem
683 2265 757 2298 huic
779 2276 848 2298 car-

99 2307 179 2340 mini
198 2309 287 2352 apud
300 2319 412 2342 omnes
430 2309 658 2348 conciliaverit,
673 2309 706 2341 id
722 2320 739 2341 a
754 2320 851 2351 gene-

99 2361 184 2390 roeo.
214 2353 271 2394 qni
303 2352 339 2384 in
368 2358 434 2385 toto
463 2353 523 2385 hoc
556 2352 698 2384 carmine
727 2358 851 2394 regnat,

99 2393 214 2438 spiritu
226 2401 260 2428 et
274 2395 404 2428 amabili
418 2401 519 2439 poetae
534 2395 689 2428 modestia
707 2394 853 2438 inprimis

99 2437 305 2480 repetendum
346 2449 429 2475 esse.
471 2438 539 2482 ipse
583 2438 678 2470 facile
722 2439 852 2471 senties.

101 2480 220 2514 Demto
232 2481 317 2513 enim
334 2482 499 2514 sententiae
516 2481 698 2517 involucro,
715 2487 850 2519 naturae,

101 2523 203 2566 eujus⁴
219 2524 410 2566 benignitati
436 2524 556 2567 ingenii
587 2524 638 2555 sui
665 2525 851 2556 facultatem

101 2566 244 2609 adeoque
258 2578 384 2600 omnem
405 2578 495 2599 suam
518 2566 704 2599 felicitatem
725 2568 852 2606 debeat,

102 2614 195 2652 poeta
209 2610 243 2641 in
257 2610 318 2642 hoc
333 2610 472 2643 carmine
485 2610 604 2653 gratias
618 2610 693 2651 agit,

148 2653 266 2684 1—12.
315 2653 412 2689 Quem
442 2661 490 2690 tu,
523 2654 722 2693 Melpomene,
753 2654 852 2689 semel,

104 2700 182 2728 cett.
206 2705 340 2728 sensus:
364 2696 563 2738 quicunque,
580 2696 628 2727 uti
648 2706 719 2737 ego,
737 2694 855 2727 dextris

104 2738 212 2771 Musis
235 2744 331 2771 natus
357 2739 463 2778 fuerit,
488 2739 520 2770 h.
547 2749 575 2770 e.
604 2738 798 2780 cuicunque,
822 2744 858 2770 ut

103 2781 194 2818 mihi.
220 2781 364 2814 nascenti
390 2782 534 2823 largioris
560 2781 681 2822 ingenii
707 2791 859 2813 concessa

104 2822 200 2856 fuerit
224 2824 372 2861 facultas,
392 2824 420 2856 is
437 2825 471 2856 in
497 2835 626 2856 amoeno
644 2824 781 2865 quodam
808 2835 855 2856 se—

105 2875 210 2903 cessu.
233 2867 279 2899 uti
303 2878 363 2910 ego
388 2867 423 2899 in
450 2878 526 2909 agro
553 2867 733 2903 Tiburtino,
758 2872 859 2909 poete

105 2909 305 2942 nobilitatem
340 2917 534 2942 consecutus
569 2910 663 2941 facile
692 2909 858 2947 victorum,

106 2951 157 2984 vel
174 2962 193 2985 e
206 2953 306 2985 sacris
325 2953 411 2985 ludis
426 2954 477 2985 vel
501 2963 518 2984 e
537 2953 623 2984 bello
647 2952 860 2989 redeuntium,

107 2995 322 3037 supersedebit
356 2996 468 3038 gloria.
526 2996 705 3028 Nascentern
741 2997 862 3036 placido

442 1302 534 1345 Sed
555 1318 654 1358 quae
675 1303 822 1345 Tibur
842 1317 969 1358 aquae
991 1302 1132 1345 fertile
1152 1302 1400 1359 praefluunt,

893 1449 1009 1480 lumine
1030 1450 1154 1484 videris,
1176 1446 1323 1488 dignum,
1342 1445 1374 1477 in
1394 1455 1490 1487 quem
1511 1455 1646 1477 nascen-

892 1497 954 1523 tem
981 1491 1065 1523 dona
1087 1497 1143 1522 tua
1165 1490 1333 1526 conferres,
1349 1489 1510 1520 habueris.
1556 1490 1645 1520 Prae-

891 1534 949 1566 ivit
973 1535 1007 1566 in
1033 1535 1093 1566 hac
1119 1533 1308 1565 suavissima
1338 1532 1479 1574 imagine
1511 1532 1647 1564 Hesiod.

891 1578 1034 1620 Theogn.
1050 1579 1104 1614 82,
1115 1577 1263 1609 ’Όντινα
1276 1576 1458 1618 τιμήσουσι
1475 1576 1554 1614 Διὸς
1569 1578 1645 1607 κοῦ-

892 1633 950 1664 ραι
961 1621 1135 1663 μεγάλοιο,
1148 1619 1350 1662 Γεινόμενόν
1363 1618 1391 1651 τ’
1402 1618 1648 1661 ἐσίδωσι.-Τῲ“

892 1664 1029 1706 μὲν·ὲπὶ
1050 1664 1191 1706 γλώσσῃ
1210 1663 1382 1705 γλυκερὴν
1401 1663 1554 1704 χείουσιν
1575 1661 1646 1693 ἀοι-

894 1707 971 1746 δήν,
986 1713 1082 1738 cett.:
1107 1706 1150 1737 cf.
1167 1706 1299 1737 Callim.
1322 1706 1383 1747 Ep.
1406 1704 1441 1740 ii,
1459 1707 1491 1742 4,
1507 1710 1539 1735 et
1559 1704 1645 1736 The·

894 1750 985 1781 ocrit.
1018 1749 1062 1787 ix,
1097 1750 1150 1781 35.
1197 1749 1298 1779 Labor
1330 1748 1475 1779 Isthmius
1508 1747 1646 1790 (πόνος,

892 1793 1015 1829 ἄεθλος
1044 1792 1094 1823 vel
1125 1789 1280 1829 ἄεθλον),
1310 1796 1467 1821 certamen
1496 1789 1530 1821 in
1562 1790 1648 1821 ludis

893 1834 1070 1871 Isthmicis,
1092 1845 1173 1877 quos
1197 1833 1236 1864 ad
1262 1833 1418 1864 Isthmum
1444 1832 1646 1865 Corinthium

893 1878 926 1909 in
945 1877 1090 1921 Neptuni
1105 1883 1137 1909 et
1153 1876 1332 1908 Melicertae
1347 1876 1498 1908 honorem
1515 1875 1644 1907 institu-

895 1926 943 1952 tos
964 1931 1034 1953 esse
1057 1920 1136 1952 satis
1158 1924 1295 1951 constat.
1339 1918 1490 1950 Similiter
1511 1919 1579 1950 Elei
1599 1921 1644 1950 la-

893 1966 974 1995 bores
992 1963 1079 2006 apud
1101 1964 1183 1994 Stat.
1202 1962 1280 1994 silv.
1299 1961 1342 2000 iv,
1359 1963 1389 1997 4.
1407 1963 1461 2000 31,
1479 1963 1520 1993 de
1542 1968 1645 1993 certa·

895 2007 1033 2038 minibus
1070 2006 1103 2038 in
1135 2005 1221 2037 ludis
1253 2004 1445 2047 Olympicis.
1505 2005 1647 2036 clarabit

891 2052 1041 2092 pugilem,
1057 2050 1177 2081 clarum
1196 2049 1347 2080 victorem
1370 2047 1404 2078 in
1427 2048 1575 2090 pugilatu
1600 2048 1645 2079 sa-

894 2094 977 2132 ciet;
1001 2095 1120 2124 clurare
1134 2092 1201 2134 jam
1222 2091 1255 2122 in
1271 2090 1373 2134 prima
1387 2096 1419 2122 et
1434 2090 1559 2134 propria
1582 2091 1646 2132 sig-

894 2136 1086 2173 nificatione,
1103 2135 1200 2176 vulgo
1222 2135 1302 2166 alias
1321 2144 1388 2176 pr0,
1405 2133 1579 2173 declarare,
1595 2145 1648 2165 os-

893 2180 1032 2214 tendere,
1058 2179 1133 2221 poni
1161 2177 1253 2209 solet.
1300 2177 1370 2207 Non
1393 2187 1487 2218 equus
1516 2179 1648 2220 impiger

895 2223 999 2254 Curru
1017 2224 1106 2254 ducet
1124 2222 1255 2252 Achaico
1275 2221 1435 2257 Victorem,
1451 2230 1514 2251 non
1532 2219 1564 2251 in
1581 2231 1648 2252 cer-

893 2265 1012 2298 tamine
1035 2264 1138 2298 curuli
1159 2263 1300 2295 victoriae
1324 2262 1450 2294 laudem
1474 2263 1503 2295 ei
1526 2264 1651 2305 parabit

894 2319 1047 2351 equorum
1084 2308 1184 2340 virtus
1223 2313 1256 2339 et
1291 2305 1466 2338 velocitas:
1505 2307 1648 2343 Achaico,

896 2353 1024 2388 Graeco,
1051 2351 1193 2393 adeoque
1222 2350 1262 2382 de
1291 2360 1329 2381 eo
1355 2359 1419 2392 quo
1448 2355 1587 2381 certatur
1616 2350 1649 2381 in

896 2395 980 2426 ludis
1004 2395 1098 2437 Olym
1124 2394 1194 2426 icis.
1240 2393 1300 2424 Res
1315 2394 1434 2428 bellica,
1450 2403 1552 2424 rerum
1570 2404 1650 2435 prae-

897 2438 981 2470 clare
1000 2438 1032 2469 in
1051 2406 1137 2470 helpo
1155 2442 1314 2479 gestarum
1334 2435 1447 2477 gloria.
1495 2435 1650 2467 Ornatam

897 2481 1107 2523 Deliisfhliis,
1126 2481 1158 2512 h.
1179 2491 1208 2511 e.
1224 2485 1261 2510 ut
1284 2489 1383 2511 carm.
1402 2477 1547 2510 anteced.
1562 2491 1591 2510 v.
1608 2481 1651 2511 35

895 2524 1022 2560 dicitur,
1043 2527 1151 2555 merita
1166 2523 1286 2565 fronde
1311 2521 1420 2564 (lauro
1444 2522 1575 2564 nempe)
1600 2525 1651 2554 de-

896 2579 1012 2598 corum.
1063 2567 1184 2608 Regum
1223 2567 1357 2596 tumidas
1392 2566 1502 2601 minas,
1542 2575 1651 2606 regum

896 2610 1099 2652 superbiam3
1130 2619 1203 2640 cum
1241 2607 1366 2639 delectu
1406 2614 1509 2639 autem
1545 2619 1653 2649 regum

898 2663 954 2696 pro
971 2653 1098 2684 hostium
1119 2651 1238 2694 posuit,
1255 2650 1331 2692 quia
1351 2650 1431 2681 nihil
1451 2662 1523 2691 rege
1536 2652 1585 2682 vel
1604 2663 1650 2682 re-

896 2698 946 2738 gis
961 2695 1087 2727 nomine
1104 2693 1261 2726 Romanis
1278 2693 1338 2724 suit
1351 2693 1510 2725 infestius.
1545 2694 1652 2725 Osten-

901 2741 964 2774 det.
978 2749 1023 2770 sc.
1035 2738 1229 2780 triumphum
1243 2742 1389 2778 agentem
1405 2748 1414 2774 ς
1441 2737 1604 2777 Capitolio,
1617 2749 1655 2769 eo

902 2781 986 2813 enim
1002 2792 1057 2824 per
1065 2792 1186 2812 sacrum
1197 2781 1309 2811 clivum
1326 2779 1388 2821 (cf.
1399 2790 1498 2811 carm.
1511 2781 1656 2812 anteced.

902 2836 932 2856 v.
957 2826 1018 2865 35)
1038 2835 1111 2856 cum
1157 2833 1250 2866 ompa
1272 2822 1405 2854 solemni
1430 2823 1581 2865 pergebat
1604 2824 1657 2854 tri·

905 2868 1089 2910 umphans.·
1152 2868 1188 2898 ed
1218 2877 1283 2907 quoe
1314 2865 1411 2896 Tibur
1439 2877 1523 2906 aqnae
1542 2865 1657 2906 fertile

900 2911 1082 2953 proefluunt.
1099 2915 1176 2942 cett.
1191 2922 1198 2940 2
1223 2908 1266 2940 cf.
1288 2909 1327 2939 ad
1344 2918 1444 2939 carm.
1460 2909 1607 2939 anteced.
1624 2920 1655 2940 v.

904 2954 958 2990 31,
968 2955 1023 2985 32.
1048 2953 1224 2995 Prarfluunt
1235 2962 1301 2994 pro,
1312 2951 1540 2993 praeterfluunt,
1553 2955 1586 2980 ut
1600 2950 1656 2982 inf.

906 2996 948 3034 iv,
967 2998 1019 3033 14,
1036 2997 1091 3027 26.
1139 2995 1191 3027 Sic
1214 2996 1373 3036 pra’fluere
1395 3004 1463 3035 pro,
1487 2993 1656 3034 preterflu-
