1904 3314
667 205 894 248 LIBER
925 205 961 256 Ι,
992 204 1033 246 4.
1535 208 1615 250 321

190 313 324 356 Nunc
343 312 450 356 illud
472 317 638 354 tantum
657 323 874 364 quaeram:
904 308 1116 350 meritone
1138 306 1218 350 tibi
1241 309 1295 350 sit

101 381 160 423 65
189 380 454 436 Suspectum
472 393 610 434 genus
629 377 714 418 hoc
735 376 968 418 scribendi.
1031 375 1203 417 Sulcius
1226 390 1327 417 acer

188 447 401 492 Ambulat
419 454 465 490 et
485 445 685 501 Caprius,
706 444 828 487 rauci
847 443 971 494 male,
993 458 1178 498 cumque
1197 443 1378 494 libellis3

192 517 387 573 Magnus
406 522 591 570 uterque
612 514 740 555 timor
759 512 1001 555 latronibus
1018 531 1028 564 3
1061 519 1106 554 at
1126 513 1239 554 bene
1263 513 1297 554 si
1317 513 1415 567 quis

191 585 255 627 Et
275 585 390 628 vivat
411 584 531 639 puris
551 582 766 632 manibus,
790 587 1036 623 contemnat
1057 587 1306 636 utrumque.

192 653 257 695 Ut
277 653 336 695 sis
356 658 406 694 tu
428 650 575 693 similis
597 650 725 700 Coeli,
748 649 968 705 Birrique,
991 649 1222 700 latronum,

104 722 162 764 70
191 721 297 763 Non
316 735 399 775 ego
421 734 517 761 sum
538 719 688 774 Capri,
711 732 854 773 neque
875 716 996 760 Sulci
1014 735 1023 768 ;
1057 732 1134 759 cur
1155 724 1322 759 metuas
1343 732 1411 759 me
1430 719 1447 760 ‚⁹

191 787 328 832 Nulla
347 789 530 830 taberna
550 802 668 829 meos
689 787 866 837 habeat,
887 801 1031 841 neque
1051 786 1153 842 pila,
1174 785 1359 836 libellos,

191 857 331 906 Queis
350 871 503 898 manus
525 855 701 897 insudet
721 854 854 910 vulgi,
879 854 1261 910 Hermogenisque
1282 853 1474 909 Tigelli3

190 924 289 967 Nec
309 924 445 966 recito
465 923 680 979 cuiquam,
703 923 787 970 nisi
809 922 970 972 amicis,
991 923 1127 978 idque
1149 930 1341 973 coactus,

116 1039 119 1041 ,
188 992 296 1036 Non
314 993 471 1043 ubivis,
494 1007 692 1035 coramve
714 990 997 1047 quibuslibet.
1059 991 1112 1033 In
1133 991 1276 1033 medio
1297 991 1372 1046 qui

103 1062 161 1104 75
187 1062 365 1118 Scripta
384 1061 479 1104 foro
499 1062 697 1111 recitent,
721 1067 822 1102 sunt
842 1059 979 1110 multi,
1003 1060 1166 1115 quique
1186 1058 1381 1101 lavantes
1400 1075 1408 1100 :

191 1129 334 1172 Suave
354 1129 475 1172 locus
495 1129 591 1171 voci
611 1135 786 1170 resonat
807 1127 1051 1170 conclusus.
1114 1127 1270 1169 Inanes

191 1197 292 1240 Hoc
306 1198 448 1253 juvat,
469 1197 589 1239 haud
609 1197 716 1238 illud
737 1203 999 1251 quaerenteS,
1021 1211 1124 1237 num
1146 1196 1237 1237 sine
1260 1210 1405 1245 sensu,

190 1265 411 1321 Tempore
431 1280 534 1307 num
555 1265 715 1307 faciant
735 1264 890 1306 alieno.
953 1265 1139 1306 Laedere
1162 1264 1344 1319 gaudes,

191 1333 353 1389 Inquit,
374 1341 419 1375 et
438 1333 523 1375 hoc
545 1333 691 1375 studio
711 1347 872 1387 pravus
895 1331 1014 1373 facis.
1078 1331 1210 1373 Unde
1232 1333 1418 1386 petitum

104 1401 162 1444 80
190 1401 292 1444 Hoc
311 1401 356 1443 in
376 1415 444 1442 me
459 1400 600 1456 jacis?
632 1406 699 1441 est
720 1405 872 1440 auctor
892 1399 990 1453 quis
1013 1399 1203 1454 denique
1225 1413 1375 1441 eorum

190 1461 299 1513 Vixi
319 1484 416 1512 cum
436 1469 625 1524 quibus?
687 1466 930 1509 Absentem
951 1468 1027 1522 qui
1048 1467 1165 1509 rodit
1188 1468 1387 1516 amicum,

195 1537 288 1586 Qui
307 1553 396 1580 non
417 1536 628 1587 defendit,
652 1535 735 1578 alio
757 1534 984 1590 culpante3
1019 1535 1184 1577 solutos

15 1672 17 1675 -
76 1646 162 1680 euim
181 1657 289 1680 versus
309 1647 359 1679 vel
383 1646 509 1689 disjecti
532 1651 657 1689 poetam
681 1646 828 1687 produnt,
874 1645 1015 1688 porticus
1043 1645 1190 1687 publicas
1219 1646 1346 1677 venales
1375 1650 1535 1688 prostent:
1570 1655 1623 1675 ve-

77 1695 111 1723 αἱ
139 1690 247 1728 nostri,
277 1690 303 1722 si
332 1701 387 1722 eos
415 1690 580 1726 dissolvas,
609 1688 829 1731 quotidianum
875 1689 964 1720 nales
989 1688 1114 1720 scilicet
1136 1688 1233 1719 libros
1257 1689 1418 1720 habebant
1439 1687 1624 1730 bibliopolae

78 1743 255 1766 sermonem
271 1733 410 1776 sapiunt.
875 1732 924 1763 vel
951 1731 982 1762 in
1000 1731 1147 1767 tabernis,
1168 1731 1218 1762 vel
1236 1731 1268 1761 in
1285 1731 1424 1762 armariis
1438 1730 1479 1761 ad
1500 1731 1624 1761 colum-

120 1777 174 1808 63.
197 1777 296 1814 Alias,
313 1776 376 1808 alio
396 1782 546 1819 tempore,
566 1774 629 1807 alia
649 1773 828 1811 occasione,
876 1784 932 1805 nas
958 1774 1157 1816 porticuum3
1184 1773 1303 1809 Schol„
1327 1775 1394 1805 Hoc
1419 1775 1486 1804 ideo
1509 1776 1623 1813 posuit,

80 1829 274 1862 quaeramus.
873 1819 945 1857 qaia
971 1817 1135 1856 bibliopola
1161 1819 1303 1848 stationes
1317 1818 1363 1847 vel
1383 1818 1519 1847 armaria
1540 1818 1624 1846 circa

122 1863 264 1895 64—68.
308 1863 665 1897 Meritone—scribendi,
693 1871 734 1891 an
757 1860 830 1902 jure
872 1861 952 1900 pilas
983 1861 1029 1891 vel
1058 1861 1211 1891 columnas
1242 1861 1414 1896 ltabebaat;
1446 1865 1478 1890 et
1510 1858 1622 1890 Sehol.

77 1905 136 1937 tibi
149 1905 291 1937 invisum
313 1905 355 1936 sit
374 1905 434 1936 hoc
458 1903 616 1936 scribendi
639 1914 749 1945 genus,
766 1914 830 1945 quo
874 1903 1003 1946 Porph.‚
1019 1909 1111 1945 negat
1135 1914 1163 1933 se
1186 1904 1300 1934 libellos
1321 1913 1387 1933 snos
1412 1904 1500 1933 edere
1519 1903 1626 1932 biblio-

78 1948 221 1980 versibus
243 1948 366 1990 vulgari
398 1958 542 1980 sermone
570 1947 751 1989 compositis
773 1947 830 1977 ho·
873 1947 960 1986 palis,
974 1948 1026 1987 qni
1042 1947 1087 1977 vel
1102 1946 1241 1977 tabernas
1257 1947 1398 1981 habeant,
1413 1946 1460 1976 vel
1474 1948 1623 1983 armaria,

77 1991 201 2023 minum
217 1991 294 2024 vitia
305 1991 458 2023 ridentur.
485 1991 615 2022 Sulcius
628 1997 657 2020 et
676 1990 826 2030 Caprius.-
872 2001 936 2030 qaae
962 1995 1034 2020 sunt
1063 1990 1146 2028 apud
1173 1990 1272 2029 pilas.-
1297 1989 1339 2019 cf.
1365 1987 1423 2019 inf.
1447 1987 1550 2030 Epist.
1577 1987 1624 2024 iii,

79 2034 314 2078 Sehol.Porph.
326 2035 371 2066 Hi
381 2036 523 2066 acerrimi
533 2035 715 2064 delatores-et
725 2034 822 2064 caasi-
872 2033 948 2063 373.
981 2032 1072 2067 Qaeis
1088 2043 1195 2062 manus
1209 2032 1342 2070 insudet,
1357 2036 1433 2063 cett.
1449 2030 1505 2073 qui
1521 2036 1624 2062 teran-

80 2077 261 2121 dicifuisse
283 2079 468 2114 tradantur,
490 2084 519 2108 et
542 2079 608 2108 ideo
627 2077 728 2112 rauci,
749 2077 828 2116 quod
873 2080 924 2106 tur
949 2075 1096 2106 manibus
1119 2074 1206 2115 vulgi
1230 2080 1262 2106 et
1289 2075 1422 2106 aliorum
1448 2073 1624 2112 hominum,

77 2122 113 2152 in
135 2122 324 2152 contentione
340 2122 532 2162 judiciorum
559 2120 704 2151 clamant.
751 2119 828 2149 Cum
872 2119 978 2160 qualis
1004 2118 1062 2149 fuit
1091 2118 1308 2159 Hermogenes
1331 2117 1498 2158 Tigellius.
1542 2118 1622 2149 Haec

80 2164 192 2196 libellis
215 2170 330 2200 autem,
353 2163 424 2206 (in)
447 2165 555 2204 quibus
581 2168 742 2197 annotant,
766 2173 831 2202 ⁴111ae
874 2161 958 2193 enim
979 2161 1074 2192 satira
1089 2166 1159 2203 post
1173 2161 1245 2191 libri
1261 2160 1352 2202 primi
1367 2160 1494 2191 satiram
1509 2170 1623 2192 secun-

78 2206 235 2250 deferant.
250 2208 415 2238 Ambulat:
433 2205 690 2243 cf.Sat.i‚2‚25.
710 2205 829 2235 Rauci:
873 2204 958 2238 dam.
993 2205 1048 2235 ubi
1086 2204 1126 2235 de
1163 2204 1374 2245 Hermogenis
1411 2209 1510 2235 morte
1545 2203 1624 2245 agit,

80 2250 171 2282 rauci
188 2249 268 2281 fiunt
286 2249 438 2281 causidici
453 2249 556 2280 multa
576 2248 608 2279 in
626 2247 759 2290 judiciis
775 2258 828 2278 vo·
874 2248 992 2289 scripta
1019 2257 1088 2278 esse
1119 2247 1253 2284 videtur,
1284 2247 1361 2288 quia
1391 2252 1474 2278 totus
1506 2257 1625 2283 versus,

80 2292 284 2325 ciferatione:
309 2293 410 2324 Mart.
427 2292 468 2329 iv,
487 2293 518 2329 8,
531 2293 564 2328 2,
583 2291 708 2322 Erercet
723 2302 830 2322 raucos
873 2301 969 2332 quem
991 2290 1118 2332 scripsit
1141 2290 1293 2322 Horatius
1315 2300 1386 2333 sup.
1409 2290 1442 2320 in
1467 2290 1534 2320 Sat.
1558 2300 1623 2322 sec.

81 2337 174 2367 tertia
194 2334 308 2378 (hora)
328 2337 505 2367 causidicos.
554 2335 650 2370 Male,
665 2333 698 2364 iu
714 2334 828 2365 moles·-
875 2336 924 2374 (v.
946 2335 1021 2371 27),
1038 2334 1070 2364 in
1091 2334 1150 2365 hac
1170 2334 1218 2375 (v.
1240 2333 1301 2373 92)
1322 2332 1486 2376 repetitur.
1532 2333 1626 2364 Cete-

79 2378 157 2411 tiam
190 2387 304 2411 raucos
341 2378 560 2410 audientium:
597 2378 637 2408 de
671 2377 829 2420 particula
874 2387 942 2408 rum
971 2378 1201 2418 Hermogenes,
1230 2382 1265 2407 ut
1290 2376 1349 2407 viri
1375 2375 1460 2407 docti
1486 2376 1623 2418 speciem

82 2422 161 2454 mala
182 2421 224 2454 cf.
245 2432 317 2464 sup.
341 2421 381 2452 ad
404 2422 471 2452 Sat.
497 2421 520 2456 i,
542 2422 574 2456 3,
593 2422 648 2451 31.
696 2420 830 2460 Cumque
874 2430 936 2462 prae
955 2430 988 2452 se
1012 2420 1116 2457 ferret,
1132 2419 1248 2462 saepius
1269 2419 1302 2450 in
1318 2419 1562 2462 bibliopolarum
1580 2426 1626 2451 ta-

82 2465 202 2501 libellis,
221 2464 254 2496 in
272 2463 389 2507 quibus
408 2464 581 2506 perscripta
600 2469 648 2495 est
671 2463 830 2494 accusatio
875 2462 981 2494 bernis
997 2469 1137 2494 versatus
1151 2463 1285 2494 videtur.

81 2507 242 2550 quaesitori
270 2508 432 2539 tradenda.
477 2508 519 2538 At
546 2508 618 2538 bene
646 2508 669 2538 si
693 2509 760 2547 quis
788 2506 827 2537 Et
917 2507 1058 2537 73—81.
1083 2506 1146 2537 Nec
1156 2508 1258 2542 recito,
1269 2510 1343 2536 cett.
1357 2515 1488 2547 sc.quae
1500 2505 1624 2548 scripsi,

82 2553 168 2583 vitat
190 2552 278 2591 puris
301 2552 459 2582 manibus.-
483 2555 516 2581 at
541 2549 568 2580 si
593 2550 666 2591 quis
690 2554 774 2580 recte
799 2554 832 2580 et
875 2549 924 2580 vel
940 2560 1050 2581 versus
1064 2559 1161 2581 meos.

22 2599 23 2602 ’
82 2593 295 2643 sceleris3quo
305 2593 443 2626 latrones
454 2603 566 2624 manus
581 2602 655 2624 suas
670 2592 830 2635 polluunt,
919 2593 961 2623 75
984 2603 1056 2634 sqq.
1080 2593 1159 2623 Sunt
1178 2593 1282 2627 multi,
1301 2601 1348 2622 sc.
1371 2590 1515 2623 homines
1539 2591 1624 2629 vani,

82 2646 182 2680 purus
194 2642 281 2669 vivit.
877 2635 938 2670 vel,
963 2641 997 2666 ut
1021 2645 1110 2666 versu
1140 2641 1292 2676 sequente
1318 2640 1482 2670 vocantur,
1509 2636 1626 2666 inanes.

128 2681 183 2718 69,
199 2681 252 2712 70.
301 2679 343 2711 Ut
363 2682 404 2711 sis
419 2685 466 2717 tu,
482 2684 556 2711 cett.
572 2677 719 2721 quamvis
734 2683 770 2709 tu
791 2677 833 2709 sis
879 2678 998 2719 Quique
1008 2679 1159 2709 lavantes:
1175 2677 1322 2719 equidem
1334 2688 1389 2720 pro
1398 2679 1509 2718 quique
1519 2678 1628 2709 malim

16 2743 19 2746 -
82 2721 176 2760 latro,
193 2722 288 2754 sicuti
307 2723 432 2755 Coelius
450 2728 483 2754 et
501 2722 634 2758 Bit-rius,
649 2731 708 2762 ego
726 2726 833 2752 tamen
877 2723 965 2761 quiue
981 2722 1127 2758 lavantes,
1143 2726 1220 2751 sunt
1239 2721 1343 2757 multi,
1360 2720 1415 2762 qui
1434 2726 1489 2751 aut
1507 2720 1540 2751 in
1558 2732 1624 2752 me-

84 2775 148 2798 non
178 2776 248 2797 sum
279 2765 401 2797 delator
430 2765 481 2797 vel
516 2770 692 2800 accusator,
721 2763 833 2806 quales
877 2763 929 2795 dio
952 2764 1017 2796 foro
1036 2770 1100 2802 aut,
1116 2763 1192 2794 dum
1216 2764 1336 2801 lavant,
1354 2764 1388 2794 h.
1403 2773 1431 2795 e.
1455 2763 1488 2794 in
1505 2763 1628 2795 balneis

85 2808 212 2840 filerunt
226 2808 353 2840 Sulcius
366 2814 398 2840 et
415 2807 570 2851 Caprius;
594 2818 651 2839 cur
667 2807 763 2847 igitur
775 2817 833 2848 ego
877 2807 1008 2838 recitent
1023 2819 1032 2846 ;
1068 2807 1310 2848 distinguuntur
1358 2817 1500 2848 personae
1516 2818 1524 2845 ς
1562 2817 1626 2838 non

86 2850 145 2883 ubi
173 2851 334 2884 timendus
361 2852 441 2882 sim‘!
498 2852 557 2882 Pro
585 2853 639 2882 sim
670 2850 704 2880 in
734 2860 762 2881 v.
793 2851 835 2881 70
877 2850 963 2881 enim
984 2850 1077 2882 iidem
1096 2850 1197 2892 quiin
1221 2850 1298 2885 soro,
1316 2849 1349 2880 in
1365 2849 1488 2880 balneis
1501 2859 1628 2891 quoque

87 2893 161 2927 &di
175 2906 254 2932 mm,
269 2894 356 2938 quod
370 2900 418 2926 est
432 2894 464 2925 in
480 2894 624 2936 pluribus
645 2892 740 2925 codd.
755 2893 834 2924 Tor·
878 2893 1031 2924 recitant:
1056 2893 1094 2924 de
1114 2893 1371 2924 Recitationibus
1388 2894 1472 2923 Vett.
1488 2892 1550 2922 vid.
1569 2893 1628 2923 Gi-

89 2939 171 2968 t'eut.
879 2936 969 2978 erigii
985 2937 1119 2967 Excurs.
1134 2936 1173 2967 ad
1191 2936 1289 2967 Plinii
1310 2935 1411 2978 Epist.
1458 2935 1628 2965 Particulae

136 2979 192 3017 71,
209 2981 264 3012 72.
305 2981 406 3012 Nulla
420 2983 558 3016 taberna,
572 2985 646 3011 cett.
661 2978 760 3011 libelli
777 2978 838 3011 mei
880 2991 935 3020 que
951 2986 982 3011 et
995 2990 1030 3010 ve
1048 2990 1132 3022 saepe
1156 2979 1319 3021 permixtae
1339 2983 1414 3009 sunt
1433 2986 1451 3007 a
1473 2976 1628 3007 librariis:

64 3047 69 3051 .
94 3019 128 3052 in
145 3021 233 3055 nulla
247 3023 389 3063 taberna,
401 3034 503 3066 neque
519 3023 559 3055 ad
575 3023 738 3054 columnas
754 3022 838 3065 apud
882 3022 925 3054 cf.
947 3022 979 3053 iu
998 3022 1058 3054 hac
1081 3023 1148 3054 Sat.
1171 3022 1228 3053 ins.
1250 3032 1279 3053 v.
1301 3023 1372 3058 115,
1394 3025 1425 3050 et
1449 3020 1515 3051 Sat.
1540 3019 1575 3056 ii,
1598 3021 1631 3058 2,

858 3077 876 3097 r
