1904 3314
719 182 945 227 LIBER
979 183 1014 234 I,
1051 184 1093 224 9.

1589 185 1676 226 345

735 421 976 466 SATIRA
1008 422 1092 464 IX.
1189 442 1197 446 v

247 565 368 608 ΙΒΑΜ
388 565 500 608 forte
520 564 608 607 Via
630 577 768 615 sacra,
797 564 909 606 sicut
929 579 1051 606 meus
1073 570 1142 606 est
1163 579 1271 615 mos,

248 633 415 676 Nescio
435 633 542 688 quid
562 632 777 674 meditans
798 647 1014 688 nugarum
1031 650 1041 684 ;
1073 639 1192 674 totus
1213 633 1258 674 in
1277 631 1383 675 illis:

249 700 456 744 Accurrit
476 701 667 756 quidam,
690 707 819 742 notus
839 700 945 742 mihi
967 700 1138 742 nomine
1160 707 1343 751 tantum,

249 768 533 826 Arreptaque
554 785 697 818 manu,
721 769 843 817 Quid
865 769 973 824 agis,
996 767 1260 820 dulcissime,
1283 771 1456 811 rerum?

192 838 220 879 5
249 838 465 888 Suaviter,
486 845 536 880 ut
557 853 672 880 nunc
693 844 776 887 est,
798 838 1000 892 inquam3
1034 844 1078 879 et
1099 837 1232 892 cupio
1254 838 1396 879 omnia
1420 852 1519 892 quae
1540 837 1619 878 vis.

251 906 403 955 Quum
423 913 729 957 assentaretur,
752 905 875 947 Num
896 905 1004 961 quid
1025 905 1088 946 vis
1106 907 1122 946 ’ζ
1155 920 1338 961 occupo.

251 974 389 1017 Notis
410 990 505 1026 nos,
526 975 690 1030 inquit;
723 975 842 1016 docti
864 989 1026 1016 sumus.

252 1041 370 1094 Hoc,
392 1043 582 1098 inquam,
603 1043 708 1085 mihi
729 1043 829 1085 eris.

1402 904 1466 947 At
1487 905 1572 956 ille,

1088 973 1178 1016 Hic
1199 988 1299 1029 ego,
1322 972 1468 1015 Pluris

891 1042 1058 1084 Misere
1081 1042 1309 1084 discedere
1330 1057 1545 1098 quaerenS,

253 1110 325 1154 Ire
345 1111 475 1154 modo
497 1113 635 1162 ocius,
658 1112 878 1154 interdum
899 1111 1155 1161 consistere,
1177 1111 1220 1152 in
1243 1125 1392 1152 aurem

169 1178 223 1220 10
253 1179 416 1222 Dicere
436 1180 583 1222 nescio
605 1181 711 1235 quid
733 1195 896 1236 puero;

929 1195 1063 1235 quum
1085 1179 1220 1220 sudor
1241 1179 1296 1221 ad
1318 1179 1425 1220 imos

253 1245 461 1288 Manaret
482 1246 616 1289 talos:
651 1248 693 1289 O
716 1254 774 1298 te,
800 1247 983 1297 Bolane,
1006 1248 1176 1290 cerebri

250 1313 464 1356 Felicem!
497 1315 666 1356 aiebam
688 1316 858 1357 tacitus.

923 1315 1072 1363 Quum
1095 1314 1312 1370 quidlibet
1332 1314 1403 1356 ille

253 1382 479 1433 Garriret3
512 1382 646 1433 vicoS,
670 1384 823 1425 urbem
843 1382 1068 1424 laudaret:
1101 1390 1150 1424 ut
1171 1382 1232 1424 illi

230 1449 331 1492 >Nil
351 1452 687 1507 respondebam,
711 1452 877 1494 Misere
900 1451 1040 1506 cupis,
1062 1451 1218 1506 inquit,
1241 1451 1377 1500 abire,

181 1585 236 1616 48.
263 1585 371 1616 Altum
392 1585 521 1628 Saganoe
543 1587 755 1617 caliendrum:
788 1587 887 1627 Saga-

138 1637 190 1659 nae
206 1627 238 1658 in
256 1638 290 1659 re
305 1627 428 1670 magica
448 1635 614 1671 occupatae
637 1635 734 1671 caput
757 1630 890 1660 obvolu-

137 1675 206 1702 tum
223 1670 286 1702 suit
298 1675 482 1712 tegumento
502 1673 611 1714 aliquo
631 1672 751 1707 altiore,
769 1672 834 1703 sive
849 1683 887 1703 ex

137 1712 281 1745 crinibus
297 1713 432 1753 ficticiis,
448 1714 512 1747 sive
529 1726 567 1747 ex
583 1716 663 1746 velis
686 1715 799 1752 laneis,
824 1714 889 1746 sive

136 1765 177 1788 ex
192 1756 256 1789 alia
270 1767 304 1789 re
318 1757 484 1798 confect03
508 1758 568 1790 hoc
590 1763 809 1800 tegumentum
833 1768 887 1790 ca-

137 1798 216 1842 pitis
244 1801 420 1832 vocabatur
447 1802 649 1838 caliendrum,
688 1812 891 1844 quaecunque

138 1841 265 1874 demum
281 1842 354 1885 ejus
370 1843 469 1875 forma
489 1850 521 1875 et
543 1844 691 1876 materies
714 1843 826 1876 fuerit:
851 1844 891 1876 de

138 1887 297 1918 caliendra
319 1885 385 1918 vid.
411 1887 552 1930 Boettig.
579 1889 691 1919 Sabin.
717 1898 750 1930 p.
778 1889 838 1918 104
862 1893 893 1919 et

183 1973 239 2004 49.
261 1972 362 2013 Atque
390 1974 551 2004 incantata
580 1974 702 2004 lacertis
737 1973 889 2004 Vincula:

183 2025 197 2046 r
229 2017 355 2047 vincula
385 2015 579 2047 carminibus
610 2018 785 2052 incantata,
817 2027 890 2058 quae

141 2024 289 2090 gertrudim
313 2063 346 2090 et
367 2059 504 2100 Saganae
531 2059 680 2094 brachiis.
698 2059 818 2102 quibus
833 2059 892 2091 illa

140 2110 267 2133 annexa
283 2101 419 2139 fuerant,
436 2102 592 2134 excidisse
608 2102 770 2138 dicuntur,
795 2102 889 2134 intel-

140 2143 204 2184 lige
229 2145 284 2176 fila
303 2145 354 2176 vel
378 2144 464 2181 licia,
485 2146 581 2176 amati
606 2145 705 2176 animi
731 2145 891 2177 vinciendi

141 2193 173 2219 et
188 2187 366 2220 attrahendi
381 2198 480 2219 causa
490 2198 571 2219 nexa
585 2200 591 2219 :
613 2189 697 2231 apud
714 2189 807 2229 Virg.
820 2189 892 2221 Ecl.

141 2229 212 2267 viii,
241 2231 296 2268 78,
326 2231 478 2263 dicuntur
506 2230 563 2262 illa
597 2232 719 2263 Veneris
746 2233 890 2263 vincula:

143 2273 239 2306 Necte
253 2275 353 2306 tribus
367 2275 453 2306 nodis
473 2280 582 2308 ternos,
602 2275 770 2316 Amarylli,
783 2276 894 2307 colores

142 2315 221 2359 (tria
245 2315 363 2349 diversi
387 2316 503 2349 coloris
527 2317 641 2357 licia);
668 2319 774 2354 Necte,
799 2320 892 2349 Ama-

141 2360 231 2402 ryui,
246 2362 332 2392 modo
341 2372 353 2398 ,·
369 2367 410 2397 et,
433 2361 567 2399 Veneris,
577 2363 640 2398 dic,
657 2363 784 2394 vincula
794 2370 893 2394 necto.

383 2446 554 2478 SATIRA
579 2448 644 2478 IX.

186 2488 294 2521 Homo
318 2489 462 2532 quidam,
489 2489 546 2532 qui
566 2490 749 2532 garrulitate
764 2495 796 2521 et
813 2500 896 2522 vana

139 2529 298 2574 jactantia
312 2532 473 2564 occiderat
495 2544 587 2576 paene
612 2534 792 2570 Horatium,
816 2533 896 2564 vivis

145 2573 305 2606 coloribus
320 2575 521 2608 describitur.

189 2618 222 2649 1.
243 2617 329 2650 Ibam
343 2625 380 2650 ut
405 2619 498 2658 forte,
511 2619 579 2651 sine
601 2619 686 2651 omni
706 2619 894 2652 necessitate

38 2665 42 2668 ’
104 2683 108 2688 -
143 2661 289 2693 tentabat
312 2662 492 2694 Bentleius.
539 2663 630 2695 Bene
650 2662 736 2693 enim
757 2663 897 2694 cohaeret

143 2702 255 2741 ontio,
271 2705 358 2736 Ibam
370 2705 582 2748 forte—ecce
602 2708 725 2748 quidam
745 2708 896 2737 accurrit.

150 2746 208 2778 Via
301 2760 339 2779 a:
373 2749 514 2780 ducebat
542 2749 611 2780 baec
641 2749 694 2779 via
724 2759 742 2780 e
767 2749 834 2780 foro
863 2749 896 2781 in

144 2757 354 2832 Capiiiiffum,
369 2796 402 2823 et
416 2798 484 2823 erat
498 2791 765 2833 frequentissima.

187 2833 222 2864 2.
246 2833 432 2877 Nugarum:
457 2845 513 2878 per
538 2845 640 2876 nugas
660 2835 803 2877 intellige
825 2845 895 2867 car-

146 2884 220 2908 men
252 2876 396 2920 aliquod,
427 2877 514 2920 quod
544 2887 653 2910 secum
682 2878 898 2910 meditabatur

146 2918 323 2958 Horatium
345 2919 392 2952 sic
415 2920 474 2952 inf.
501 2920 603 2964 Epist.
627 2921 663 2958 ii,
690 2923 722 2958 2,
747 2923 820 2957 141,
844 2923 898 2953 ab·

140 2963 346 3005 juenugae,
361 2963 401 2995 de
426 2964 552 3007 abjecto
575 2964 753 2997 carminum
779 2964 897 2997 sacien-

151 3003 262 3036 dorum
277 3005 397 3038 studio.

978 1587 1008 1617 4.
1028 1586 1112 1621 Quid
1126 1585 1365 1628 agis—rerum?
1381 1583 1490 1616 Plaut.
1501 1585 1597 1628 Capt.
1608 1585 1642 1622 ii,
1653 1587 1687 1622 3,

937 1630 988 1663 16,
1009 1629 1092 1664 Quid
1109 1640 1212 1660 rerum
1229 1629 1277 1658 hic
1300 1630 1435 1668 agitem:
1459 1627 1606 1660 similiter
1627 1631 1688 1660 ali-

933 1673 1006 1712 quid
1023 1683 1126 1702 rerum.
1147 1682 1254 1714 gerere
1279 1670 1364 1712 apud
1389 1672 1517 1702 Terent.
1533 1672 1687 1704 Eunuch.

934 1725 967 1750 v,
985 1716 1017 1750 4,
1036 1716 1064 1751 l,
1083 1715 1202 1752 Reviso,
1218 1715 1364 1754 quidnam
1380 1714 1504 1744 Chaeren
1518 1725 1622 1745 rerum
1638 1716 1688 1747 hic

932 1764 1045 1798 gerat;
1069 1763 1101 1788 et
1116 1757 1234 1799 passim
1250 1756 1340 1788 alibi.
1385 1756 1448 1788 Sed
1468 1756 1610 1799 jungunt
1624 1757 1688 1789 fere

935 1811 1044 1832 omnes
1059 1801 1260 1842 Interpretes,
1272 1801 1444 1831 dulcissime
1458 1811 1574 1832 rerum.
1620 1801 1688 1832 Oc-

936 1843 1035 1874 currit
1060 1843 1190 1885 quidem
1221 1842 1306 1884 apud
1337 1842 1490 1874 Ovidium
1517 1844 1600 1874 Met.
1619 1842 1688 1880 viii,

938 1888 991 1922 49,
1017 1888 1059 1918 A.
1075 1886 1118 1918 A.
1135 1886 1156 1922 i,
1179 1887 1256 1922 213,
1286 1885 1418 1921 Heroid,
1444 1885 1487 1921 iv,
1516 1887 1590 1921 125,
1614 1888 1688 1926 pul-

935 1930 1083 1961 cherrime
1091 1941 1191 1960 rerum
1204 1941 1213 1966 ;
1227 1928 1283 1960 sed
1294 1929 1360 1960 fieri
1371 1928 1487 1971 potuit,
1495 1934 1530 1959 ut
1539 1929 1688 1966 Ovidius,

938 1972 1106 2003 Horatium
1130 1972 1319 2010 imitaturus,
1346 1982 1436 2014 aeque
1460 1978 1557 2014 atque
1579 1972 1634 2003 alii
1654 1973 1688 2004 in

934 2016 1037 2047 verbis
1052 2015 1133 2047 inter
1147 2025 1181 2047 se
1192 2015 1368 2057 jungendis
1382 2020 1511 2046 erraret.
1559 2016 1646 2047 Nam
1663 2016 1690 2047 si

935 2058 968 2089 in
983 2069 1043 2090 usu
1061 2058 1171 2090 fuisset
1195 2058 1264 2089 haec
1289 2057 1443 2089 adulandi
1470 2058 1618 2095 formula,
1637 2059 1690 2091 vix

937 2101 1085 2138 Plautus,
1101 2101 1280 2138 Terentius,
1291 2107 1322 2133 et
1333 2101 1387 2132 alii
1398 2111 1436 2133 ea
1445 2101 1687 2134 abstinuissent.

937 2146 1020 2181 Quae
1046 2150 1157 2176 contra
1182 2144 1264 2175 hanc
1284 2155 1303 2175 a
1323 2155 1371 2176 me
1394 2144 1526 2175 allatam
1545 2145 1688 2187 explica-

936 2188 1054 2219 tionem
1071 2187 1202 2230 publice
1216 2193 1408 2220 monuerunt
1432 2187 1503 2219 Viri
1528 2188 1689 2220 Doctissi-

936 2231 993 2267 mi,
1009 2231 1085 2262 dum
1103 2230 1309 2262 Latinitatem
1333 2230 1506 2262 locutionis
1519 2232 1691 2264 dulcissime

937 2285 1042 2305 rerum
1059 2274 1190 2317 prolatis
1207 2274 1362 2316 exemplis
1378 2274 1561 2306 confirmare
1577 2275 1690 2306 studu-

937 2323 1042 2353 erunt,
1077 2317 1161 2349 haud
1198 2323 1397 2360 repugnante
1428 2317 1539 2360 accepi
1571 2318 1690 2354 animo,

938 2371 1135 2403 quamquam
1154 2371 1211 2392 nec
1229 2371 1298 2392 mea
1314 2360 1531 2404 explicatione
1555 2361 1689 2393 offendi-

938 2410 988 2435 tur
1006 2404 1172 2435 Latinitas.

982 2449 1014 2478 5.
1032 2448 1193 2478 Suaviter.-
1210 2447 1357 2488 vulgares
1367 2446 1511 2478 formulae
1522 2446 1690 2490 alloquen-

940 2489 1020 2521 tium
1036 2496 1067 2522 et
1083 2490 1340 2532 respondentium
1359 2503 1367 2529 ;
1393 2492 1466 2532 quid
1485 2501 1589 2521 rerum
1613 2494 1692 2533 agis,

939 2544 1008 2569 nos,
1032 2536 1087 2565 wie
1108 2535 1181 2576 geht
1205 2545 1233 2564 es
1257 2535 1318 2571 dir,
1345 2537 1492 2571 suaviter,
1515 2544 1584 2570 n08‚
1605 2535 1690 2566 recht

938 2583 1008 2619 gut,
1025 2584 1061 2607 >ut
1078 2589 1160 2608 nunc
1175 2583 1229 2614 est,
1249 2587 1306 2619 pro
1327 2588 1378 2616 ea,
1404 2587 1470 2619 qua
1495 2587 1582 2608 nunc
1606 2584 1690 2615 utor,

939 2630 1043 2651 rerum
1067 2619 1263 2650 conditione.
1319 2621 1361 2651 Et
1388 2623 1477 2661 cupio
1501 2622 1602 2652 omnia
1629 2633 1693 2662 quae

940 2666 1006 2694 υἷες
1029 2663 1089 2694 hac
1105 2663 1240 2694 formula
1260 2663 1383 2704 quaevis
1405 2664 1492 2694 bona
1515 2663 1611 2694 alicui
1636 2674 1692 2707 ap-

941 2705 1092 2748 precandi
1108 2706 1156 2737 usi
1174 2706 1334 2748 praecipue
1349 2717 1419 2738 esse
1432 2706 1579 2738 videntur
1590 2706 1694 2738 disce-

940 2749 1052 2781 dentes
1068 2750 1107 2780 ab
1124 2749 1245 2791 aliquo,
1262 2749 1356 2792 eique
1377 2749 1612 2788 valedicentes3
1638 2750 1694 2781 sed

940 2793 1056 2824 frustra
1080 2793 1231 2823 Horatius
1257 2793 1316 2824 hac
1340 2793 1477 2824 formula
1499 2793 1539 2823 ab
1565 2793 1694 2824 homine

940 2836 1122 2878 importuno
1138 2846 1170 2867 se
1186 2835 1356 2868 dissolvere
1373 2837 1531 2867 tentabat.

952 2899 954 2902 >
985 2880 1018 2910 6.
1051 2880 1184 2920 Occupo,
1215 2889 1406 2922 praeoccupo
1441 2889 1515 2910 eum
1545 2878 1694 2914 diceudo,

943 2922 1029 2953 Num
1054 2924 1129 2964 quid
1153 2923 1218 2954 vis?
1241 2923 1311 2953 haec
1335 2933 1462 2964 quoque
1486 2926 1535 2952 est
1560 2921 1695 2952 formula

938 2964 1072 3007 jamjam
1104 2964 1230 3002 abituri,
1262 2970 1294 2996 et
1322 2975 1398 2996 num
1430 2963 1510 3006 quid
1541 2963 1582 2994 sit
1611 2963 1696 3004 quod

942 3008 1008 3040 fieri
1046 3008 1210 3050 jubeatur,
1243 3008 1404 3049 rogantis3
1445 3017 1514 3043 nOS,
1552 3007 1617 3037 has:
1652 3009 1696 3038 du
