1884 3288
662 175 888 218 LIBER
926 175 988 226 II,
1023 177 1088 218 16.

439 277 752 332 Praescriptum
771 283 817 327 et
837 277 999 318 intonsi
1021 277 1200 319 Catonis

495 344 736 398 Auspiciis,
759 350 1043 399 veterumque
1064 359 1229 387 norma.

381 411 583 453 Privatus
605 410 687 452 illis
709 425 866 453 census
887 418 982 453 erat
1001 412 1162 462 brevis,

383 478 622 520 Commune
642 493 870 533 magnum3
902 477 1021 520 nulla
1041 479 1322 534 decempedis

1551 181 1633 223 107

298 546 350 586 15

437 545 610 587 Metata
630 546 810 600 privatis
832 561 1014 600 opacam

498 611 700 654 Porticus
722 613 972 668 excipiebat
993 611 1186 655 Arcton:

379 677 479 720 Nec
501 679 727 720 fortuitum
749 694 956 735 spernere
976 681 1188 734 cespitem

381 745 527 801 Leges
550 747 765 797 sinebant,
788 747 954 801 oppida
977 747 1157 802 publico

439 813 598 855 Sumtu
613 815 821 869 jubentes
843 821 888 856 et
910 815 1110 856 Deorum

291 881 349 923 20

493 881 679 937 Templa
699 897 813 924 novo
834 882 1043 924 decorare
1066 897 1188 924 saxo.

648 1059 926 1103 CARMEN
959 1061 1090 1105 XVI.

617 1198 696 1229 AD
742 1199 1109 1231 GROSPHUM.

378 1294 540 1336 OTIUM
562 1293 702 1335 Divos
724 1300 851 1348 rogat
871 1293 915 1334 in
936 1293 1106 1347 patenti

380 1360 575 1402 Prensus
597 1360 775 1416 AEgaeo,
799 1359 926 1401 simul
946 1367 1042 1402 atra
1062 1360 1203 1402 nubes

85 1461 180 1492 ramis
194 1461 301 1492 laurea
307 1459 450 1502 fervidos
464 1458 616 1490 Excludet
629 1461 728 1491 ictus:
749 1469 841 1502 porro

85 1500 171 1534 lauri
183 1513 222 1534 eo
237 1507 362 1534 tantum
377 1502 440 1533 fine
455 1507 624 1545 ponentur,
638 1507 673 1533 nt
685 1502 744 1533 sub
759 1501 839 1544 spis-

87 1544 137 1576 sis
161 1545 230 1577 suis
256 1545 354 1577 ramis
381 1545 584 1577 ambulantes
612 1555 632 1575 a
657 1545 733 1576 solis
760 1550 840 1576 aestu

87 1586 274 1624 defendant,
297 1587 331 1618 h.
358 1598 390 1620 e.
420 1587 552 1618 lauretis
577 1597 668 1630 porro
698 1586 839 1619 delecta-

87 1629 208 1662 buntur
221 1630 378 1662 homines.
424 1630 522 1666 Ictus,
539 1639 586 1660 sc.
603 1629 693 1660 solis.

134 1674 274 1705 10—16.
300 1672 370 1703 Non
393 1674 440 1704 ita
470 1673 595 1703 Romuli
620 1673 841 1712 Praescriptum

89 1720 120 1747 et
146 1717 261 1748 intonsi
297 1716 422 1747 Catonis
453 1716 619 1755 Auspiciis,
651 1721 842 1755 veterumque

89 1769 214 1791 mma:
238 1757 312 1789 huic
327 1757 459 1800 quidem
481 1757 594 1788 insano
608 1757 712 1794 luxui,
727 1767 842 1787 secun-

89 1800 166 1832 dum
181 1799 309 1832 vivendi
328 1810 471 1831 normam
496 1809 515 1830 a
537 1799 689 1835 Romulo,
708 1799 842 1834 Catone,

89 1847 123 1875 et
136 1841 209 1874 aliis
219 1842 378 1875 veteribus
390 1841 619 1885 praescriptam,
633 1841 753 1872 nemini
767 1841 844 1872 olim

90 1883 260 1927 indulgere
296 1885 398 1917 licuit.
444 1884 620 1916 Commode
659 1887 766 1915 autern
804 1884 845 1914 ad

90 1927 211 1971 priscos
226 1938 328 1960 mores
345 1926 615 1959 commendandos
630 1926 765 1958 Catonis
786 1935 844 1956 an-

90 1969 248 2012 tiquioris,
286 1975 352 2002 tam
395 1980 518 2000 morum
561 1979 658 2010 quam
702 1979 845 2000 censurae

91 2012 260 2045 severitate
269 2011 348 2044 satis
359 2012 439 2048 noti,
449 2012 642 2043 mentionem
656 2011 733 2042 facit
746 2023 754 2049 ;
777 2010 846 2052 qui,

91 2055 170 2097 quia
193 2056 367 2098 priscorum
395 2065 519 2086 morum
547 2053 847 2085 observantissimus

90 2096 177 2129 haud
191 2098 234 2130 ad
248 2097 351 2129 metatis
363 2107 432 2129 suoe
443 2107 559 2128 morem
573 2096 709 2127 barbam
723 2095 847 2126 tonderi

91 2138 280 2185 passus‘est,
293 2141 434 2171 intonsus
447 2144 590 2173 vocatur.
605 2144 641 2170 ut
657 2149 693 2169 su
721 2161 729 2169 .
746 2137 769 2173 i,
790 2139 843 2175 12,

92 2183 148 2220 41,
183 2182 484 2215 Curius—incamus
516 2182 650 2220 capillis.
727 2182 846 2211 rivatus

91 2224 159 2258 min
171 2235 276 2257 census
289 2231 359 2256 erat
373 2226 481 2260 brevis,
499 2223 662 2255 Commune
677 2235 823 2265 magnum
835 2236 843 2253 .-

91 2267 246 2300 bonornm
299 2267 455 2300 'vatorum
470 2271 538 2298 tum
554 2276 662 2309 parva,
678 2267 735 2297 sed
756 2276 843 2297 com·

91 2309 239 2343 munium
280 2315 335 2342 ata
357 2309 419 2341 suit
448 2309 625 2352 possessio:
654 2319 759 2340 census
790 2318 847 2350 pro

93 2348 189 2384 bonis
203 2363 278 2396 que
299 2362 401 2384 censu
424 2351 644 2390 aestimantur,
667 2350 743 2382 hinc
762 2351 848 2383 bona

93 2394 214 2432 tenuit„
236 2394 294 2427 inf.
312 2394 415 2438 Epist.
437 2394 460 2430 i,
477 2395 509 2431 7,
532 2395 587 2431 56,
609 2395 709 2425 tenuis
733 2405 849 2425 census.

95 2436 199 2470 Nulla
217 2439 411 2478 decempedis,
429 2442 506 2468 cett.
526 2447 591 2468 non
615 2435 794 2478 ampliores,
814 2443 851 2468 ut

93 2481 194 2516 nnnc.
217 2490 238 2512 a
259 2479 391 2522 privatis
410 2478 595 2510 hominibus
618 2479 659 2509 ad
682 2478 845 2520 decempe-

93 2521 206 2555 domm
228 2532 409 2554 mensuram
433 2521 554 2553 exstrui
579 2521 726 2552 solebant
748 2520 847 2564 porti-

94 2571 155 2597 cus
174 2575 249 2608 (με
275 2563 523 2608 septentrionem
545 2563 738 2606 exciperent,
763 2564 796 2595 h.
819 2573 848 2595 e.

31 2614 34 2615 ’
93 2606 340 2652 septentrionem
358 2617 469 2639 versus
492 2605 562 2638 sitae
584 2611 704 2642 essent,
725 2605 851 2638 scilicet

31 2662 34 2663 ⁷
93 2653 134 2682 nt
146 2649 224 2684 solis
237 2655 353 2682 aestum
364 2649 410 2680 ibi
423 2649 559 2680 vitarent
571 2648 733 2680 molliores
744 2647 847 2680 homi-

26 2693 39 2727 ,⁴
95 2701 168 2726 nes.
201 2692 397 2734 Dec-cmpedis
411 2698 536 2727 metata,
553 2691 681 2733 passive
697 2692 751 2732 (ut
764 2690 850 2733 apud

12 2759 17 2763 -
35 2734 42 2762 s
96 2734 168 2776 Liv-
192 2734 271 2772 xliv,
292 2736 327 2772 7,
348 2736 518 2775 metarique
541 2734 595 2765 sub
616 2735 680 2774 ipso
697 2736 851 2773 templo—

17 2775 35 2810 ᾖ
85 2775 218 2821 justit),
234 2777 275 2812 ad
294 2787 476 2809 mensuram
496 2775 762 2818 decempedamm
783 2776 850 2808 fac-

96 2822 157 2859 123
179 2821 322 2861 privatis,
349 2829 393 2851 sc.
421 2818 626 2851 hominibus:
651 2819 691 2850 τὸ
720 2821 851 2859 privatis

94 2855 186 2903 fiand
210 2872 286 2894 cum
314 2861 387 2894 aliis
417 2861 458 2892 ad
486 2862 681 2902 decempedis,
708 2860 742 2892 in
773 2871 850 2893 casu

97 2906 188 2939 sexto
213 2904 365 2948 positum,
390 2904 602 2940 referendum,
631 2903 687 2934 sed
713 2903 747 2935 in
773 2913 852 2935 casu

11 2934 38 2967 ’ᾗ
97 2943 189 2980 tertio
218 2946 443 2991 accipiendum
471 2957 542 2980 esse
566 2945 724 2978 existimo.
770 2947 853 2988 Opa-

884 1470 963 1496 cam,
980 1458 1056 1500 quia
1072 1459 1190 1490 Arctos
1212 1458 1280 1491 sive
1303 1459 1485 1502 Septentrio
1507 1459 1579 1492 loca
1598 1457 1639 1490 ad

885 1511 917 1534 se
934 1511 1023 1533 versa
1039 1511 1140 1544 opaca
1155 1501 1272 1533 reddit.

931 1545 1071 1576 17—20.
1096 1544 1162 1576 Nec
1175 1545 1353 1586 fortuitum
1379 1555 1519 1586 spernere
1544 1546 1639 1585 cespi-

886 1593 944 1617 tem
958 1587 1052 1629 Leges
1064 1589 1214 1623 sinebant,
1229 1597 1360 1619 sensus:
1379 1598 1450 1624 nec,
1462 1587 1640 1619 secundum

883 1629 971 1670 leges
997 1641 1070 1671 quae
1093 1635 1161 1661 tum
1184 1629 1346 1671 vigebant,
1370 1630 1553 1661 hominibus
1576 1629 1640 1672 pri-

884 1672 966 1702 vatis
985 1671 1096 1703 domos
1118 1672 1152 1702 in
1176 1673 1259 1714 agris
1282 1678 1443 1704 exstruere
1467 1673 1587 1704 licebat
1601 1682 1641 1703 ex

887 1714 1011 1753 magnis
1036 1714 1209 1756 lapidibus,
1233 1715 1352 1756 quibus
1376 1715 1495 1757 oppida
1516 1720 1641 1745 tantum

887 1761 919 1787 et
932 1757 1062 1787 deorum
1078 1757 1198 1798 templa
1218 1757 1349 1799 publico
1371 1763 1480 1788 sumtu
1500 1756 1643 1788 decorari

883 1798 1091 1840 jubebantur,
1109 1799 1166 1830 sed
1190 1809 1280 1830 casas
1297 1810 1336 1831 ex
1361 1799 1481 1841 cespite
1502 1798 1642 1830 fortuito.

889 1841 1081 1877 For-tultum,
1104 1842 1268 1882 vulgarem
1293 1852 1466 1883 quemque,
1489 1841 1522 1872 in
1546 1851 1644 1883 quem

889 1883 968 1915 forte
1004 1883 1186 1922 incidimus,
1224 1883 1344 1925 ubique
1382 1885 1460 1916 forte
1501 1884 1644 1915 obvium.

891 1927 1039 1965 Cespitem
1063 1926 1138 1958 hinc
1164 1925 1250 1968 apud
1268 1926 1362 1968 Virg.
1387 1926 1467 1958 Ecl„
1484 1926 1508 1962 i,
1530 1927 1584 1961 69,
1603 1926 1644 1958 de

888 1967 1045 2010 ejusmodi
1074 1979 1160 2005 casa,
1192 1968 1303 2009 tuguri
1333 1975 1507 2010 congestum
1535 1970 1645 2008 cespite

888 2012 1020 2042 culmen.
1058 2011 1190 2051 Oppida,
1208 2010 1352 2052 intellige
1366 2010 1498 2059 publica
1512 2011 1645 2052 oppido-

890 2063 960 2084 rum
986 2052 1132 2090 aedificia,
1149 2063 1257 2084 muros
1281 2059 1314 2084 et
1338 2054 1401 2085 alia
1424 2064 1498 2095 quae
1524 2053 1564 2084 ad
1588 2063 1644 2084 ex-

890 2101 1016 2126 ternum
1053 2095 1242 2138 oppidorum
1276 2096 1326 2127 vel
1365 2095 1564 2138 splendorem
1594 2096 1646 2127 vel

889 2137 1132 2180 amplitudinem
1164 2138 1337 2180 pertinent.
1383 2139 1482 2174 Novo,
1514 2137 1647 2170 aliunde

889 2180 1024 2222 quaesito
1046 2186 1078 2212 et
1100 2191 1212 2212 recens
1234 2181 1356 2212 exciso.
1403 2182 1516 2212 smum
1536 2192 1646 2212 novum

891 2223 1063 2265 opponitur
1091 2225 1198 2263 cespiti
1219 2224 1373 2266 fortuito.
1419 2223 1580 2255 Nimirum
1613 2223 1646 2254 in

890 2266 974 2306 agris
991 2266 1226 2302 Romanorum,
1246 2266 1302 2297 ubi
1323 2272 1395 2298 ante
1415 2276 1499 2298 casae
1518 2265 1647 2297 bumili-

891 2318 961 2340 ores
975 2318 1015 2340 ex
1031 2308 1151 2350 cespite
1174 2314 1366 2340 constructae
1383 2314 1545 2344 steterant,
1562 2319 1647 2341 nunc

891 2351 1090 2394 amplissima
1127 2361 1165 2382 ex
1203 2351 1367 2394 lapidibus
1400 2350 1565 2394 quadratis
1599 2351 1649 2383 vel

893 2403 1047 2425 marmore
1061 2394 1236 2435 surgebant
1251 2394 1397 2426 aedificia.

1110 2478 1312 2510 CARMEN
1337 2478 1434 2510 XVI.

937 2520 1071 2564 Scripsit
1093 2521 1155 2553 hoc
1181 2531 1310 2553 carmen
1325 2531 1363 2552 eo
1385 2519 1545 2563 praecipue
1570 2532 1647 2553 con-

893 2563 965 2594 silio
987 2570 1092 2606 poeta,
1112 2569 1149 2595 ut
1170 2564 1356 2606 Grosphum
1383 2573 1403 2594 a
1423 2574 1539 2600 rerum,
1562 2575 1648 2596 nunc

894 2605 1037 2636 animum
1058 2606 1129 2647 ejus
1152 2606 1417 2648 perturbantium,
1432 2606 1651 2639 sollicitudine

893 2648 932 2679 ad
955 2648 1210 2690 tranquillitatis,
1230 2649 1264 2680 in
1284 2659 1350 2691 qua
1371 2649 1475 2680 omnis
1495 2649 1569 2681 vitae
1589 2649 1649 2681 hu-

893 2700 996 2722 manae
1025 2691 1202 2732 spectanda
1226 2691 1268 2722 sit
1294 2691 1444 2728 felicitas,
1471 2691 1651 2724 traduceret

894 2732 1049 2774 studium.
1111 2734 1348 2766 Sententiarum
1378 2745 1481 2766 nexus
1511 2740 1561 2765 est
1589 2735 1651 2766 fere

894 2775 970 2807 hic:
999 2776 1118 2812 Otium,
1142 2777 1178 2808 h.
1200 2787 1231 2808 e.
1259 2775 1474 2815 securitatem,
1521 2778 1652 2813 uietem,

895 2824 928 2850 et
949 2818 1049 2850 animi
1064 2819 1344 2861 tranquillitatem,
1360 2829 1484 2862 semper
1531 2819 1652 2851 omines

895 2860 1044 2902 flagitant
1055 2872 1064 2900 3
1087 2862 1290 2894 securitatem
1301 2862 1443 2904 quidem,
1455 2861 1511 2903 qui
1526 2861 1559 2892 in
1572 2861 1652 2892 mari

898 2903 1096 2946 tempestatis
1118 2904 1261 2947 periculo
1281 2904 1418 2948 expositi
1438 2909 1536 2941 sunt;
1561 2904 1651 2945 quie-

898 2952 975 2983 tem,
1013 2946 1126 2989 populi
1162 2947 1319 2980 bellorum
1356 2946 1518 2978 laboribus
1556 2946 1630 2978 fessi
1643 2957 1653 2984 3
