1884 3288
321 217 405 259 260

926 213 1224 256 EPODON

550 315 764 369 Priusque
785 314 941 356 coelum
962 315 1073 355 sidet
1092 313 1266 355 inferius
1287 312 1404 360 mari,

466 381 522 422 80

720 381 896 422 Tellure
916 387 1115 435 porrecta
1135 393 1277 432 super,

549 448 693 495 Quam
714 462 799 489 non
819 461 961 488 amore
983 447 1043 487 sic
1063 460 1157 487 meo
1178 445 1350 499 flagres,
1371 443 1435 483 uti

721 513 923 554 Bitumen
944 513 1045 553 atris
1066 512 1252 566 ignibus.

552 580 644 621 Sub
664 579 758 621 haec
779 594 898 633 puer,
915 579 1004 632 jam
1024 592 1122 627 non,
1145 584 1194 617 ut
1214 583 1328 625 ante,
1347 574 1546 616 mollibus

722 646 879 687 Lenire
899 645 1039 686 verbis
1060 643 1231 697 impias3

468 713 523 752 85
554 712 642 754 Sed
664 713 835 760 dubius,
858 712 972 752 unde
993 715 1211 764 rumperet
1233 708 1460 756 silentium,

724 778 846 819 Misit
867 777 1110 831 Thyesteas
1130 789 1281 829 preces
1299 790 1308 814 :

551 845 733 886 Venena
752 857 951 898 magnum
973 842 1037 883 fas
1058 841 1279 895 nefasque,
1300 855 1388 881 non
1411 837 1552 880 valent

724 910 984 950 Convertere
1005 908 1232 948 humanam
1251 906 1400 947 vicem.

554 975 675 1016 Diris
696 990 819 1029 agam
838 989 936 1015 vos:
970 974 1064 1014 dira
1085 971 1315 1013 detestatio

469 1042 525 1081 90

724 1039 856 1081 Nulla
877 1040 1075 1094 expiatur
1095 1038 1277 1079 victima.

553 1105 685 1155 Quin,
708 1106 782 1146 ubi
802 1105 943 1159 perire
960 1105 1108 1157 jussus
1130 1102 1419 1156 exspiravero‚

722 1171 975 1211 Nocturnus
997 1182 1216 1210 occurram
1237 1167 1392 1216 Furor,

551 1236 788 1291 Petamque
809 1235 950 1276 vultus
971 1235 1122 1276 umbra
1143 1234 1281 1274 curvis
1303 1232 1536 1287 unguibus,

726 1303 838 1350 Quae
858 1303 920 1343 vis
943 1302 1138 1342 Deorum
1158 1307 1225 1341 est
1246 1299 1462 1348 Manium3

327 1432 432 1463 crimis
447 1431 487 1463 ad
507 1443 556 1463 me
571 1443 720 1468 recurres,
737 1443 794 1464 nec
811 1437 840 1463 te
863 1432 959 1463 semel
981 1431 1058 1462 mihi
1100 1435 1158 1462 est.

328 1474 516 1505 advocatum
531 1474 592 1504 alia
607 1485 680 1514 saga
698 1475 808 1506 iterum
826 1484 843 1504 a
861 1484 909 1504 me
931 1483 1059 1504 avocare

328 1516 464 1546 carmine
484 1526 540 1547 suo
562 1516 686 1547 valebit.
732 1517 835 1546 Multa
850 1517 1060 1556 fleturum,—

329 1559 438 1594 multa,
453 1568 520 1599 pro,
536 1558 693 1595 multum;
717 1558 761 1588 sic
782 1558 874 1597 plane
896 1558 991 1586 multa
1015 1557 1059 1585 la-

330 1601 472 1634 crimans,
482 1599 565 1640 apud
577 1599 714 1629 Ennium
725 1599 758 1630 in
771 1599 989 1639 Fragment.p.
1002 1598 1062 1627 124

330 1640 406 1671 edit.
425 1641 551 1672 Hessel.
568 1640 652 1681 quod
667 1645 770 1671 exstat
793 1640 876 1681 apud
901 1639 1001 1670 Cicer.
1023 1638 1062 1670 de

330 1682 472 1712 Divinat.
490 1682 512 1718 i,
526 1683 581 1712 20.
605 1682 778 1716 Fleturum,
793 1681 981 1712 doliturum:
1006 1679 1063 1710 inf.

331 1724 397 1754 Sat.
414 1724 447 1758 ii,
464 1725 492 1760 l,
511 1725 563 1759 46,
583 1724 644 1758 Qui
659 1735 703 1754 me
723 1723 1020 1754 commorit—Flebit
1035 1730 1063 1753 et

331 1766 461 1807 insignis
478 1773 537 1796 tota
554 1767 730 1796 cantabitur
751 1767 834 1795 urbe.
880 1766 992 1795 Marsis
1016 1775 1063 1794 vo-

330 1808 425 1845 cibus,
444 1818 500 1849 pro
514 1807 692 1848 quibusque
714 1806 904 1838 carminibus
926 1805 1066 1846 magicis.

333 1849 434 1880 Marsi
449 1856 484 1880 ut
506 1849 696 1890 serpentium
719 1855 941 1880 venenatorum
965 1847 1064 1878 domi-

333 1896 414 1921 tores
443 1891 598 1932 praecipue
635 1891 854 1922 celebrantur:
893 1890 956 1920 vid.
987 1890 1066 1920 Aul.

335 1932 421 1963 Gell.
437 1933 502 1967 xvi,
520 1934 573 1968 ll,
589 1932 662 1963 hinc
680 1933 773 1973 Virg.
787 1932 839 1967 vii,
857 1933 930 1966 758,
956 1931 1067 1962 Marsis

334 1976 437 2014 quaesit
447 1976 618 2005 aemontibus
633 1976 737 2012 herbae,
749 1974 803 2005 ubi
818 1974 882 2005 vid.
892 1974 999 2004 Cerd.:
1025 1975 1066 2005 cf.

334 2016 409 2047 Nic.
426 2016 535 2047 Heius.
561 2017 601 2046 ad
627 2016 721 2047 Ovid.
746 2016 814 2046 Art.
837 2016 912 2046 Am.
936 2015 970 2051 ii,
994 2017 1066 2052 102,

334 2057 392 2088 inf.
416 2058 492 2093 xvii,
518 2068 548 2089 v.
571 2060 613 2089 29
641 2058 746 2088 Marsa
769 2060 868 2088 menia
894 2057 1007 2099 pariter
1028 2057 1067 2088 de

332 2099 471 2130 carmine
505 2099 636 2140 magico.
695 2100 798 2139 Mojus
833 2101 955 2139 parabo,
989 2104 1062 2130 cett.

334 2141 434 2172 multo
461 2141 572 2171 fortius
597 2146 629 2171 et
650 2141 809 2182 potentius
832 2141 980 2182 philtrum
1005 2141 1063 2171 tibi

334 2183 462 2224 parabo,
483 2189 515 2214 et
529 2182 598 2216 tibi,
624 2182 767 2224 quamvis
786 2182 883 2212 invito
907 2188 939 2212 et
960 2182 1062 2212 reluc-

335 2224 426 2262 tanti,
451 2224 627 2254 infundam.
672 2224 822 2263 Priusque
845 2225 949 2255 coelum
975 2226 1062 2260 sidet,

334 2272 410 2298 cett.
455 2267 497 2297 Et
522 2266 608 2308 prius
627 2271 709 2296 totus
730 2275 830 2296 rerum
856 2271 974 2296 naturae
990 2265 1063 2296 ordo

334 2308 504 2340 invertetut
518 2314 549 2338 et
563 2307 782 2342 confundetur,
805 2317 898 2347 quam
920 2306 985 2337 fieri
1007 2317 1062 2348 po-

333 2350 404 2381 terit
419 2350 489 2385 hoc,
507 2355 540 2380 ut
556 2359 618 2380 non
636 2354 734 2383 tanta.
757 2355 874 2389 quanta
897 2359 981 2379 nunc
1005 2349 1063 2379 hoc

333 2391 486 2427 bitumen,
510 2391 621 2422 amoris
645 2390 706 2422 mei
729 2391 855 2421 flamma
877 2390 1063 2431 corripiaris.

335 2434 499 2464 Bitumen:
522 2433 560 2464 de
581 2434 735 2464 bituminis
758 2432 790 2462 in
811 2443 843 2463 re
861 2432 983 2473 magica
1004 2442 1064 2463 usu

333 2476 378 2507 cf.
402 2475 491 2514 Virg.
515 2475 583 2506 Ecl.
609 2474 674 2511 viii,
698 2476 750 2505 82.
802 2475 898 2509 Aeris,
926 2474 1003 2505 refer
1025 2474 1065 2505 ad

332 2523 434 2548 atrum
463 2516 594 2552 fumum,
631 2526 724 2557 quem
751 2515 913 2546 bituminis
940 2516 1065 2546 flamma

331 2559 429 2590 volvit
441 2564 592 2599 rotatque.

375 2601 537 2634 33—102.
559 2601 621 2630 Sub
635 2601 694 2630 h-aec
708 2611 795 2639 puer,
811 2600 884 2630 dum
908 2599 976 2630 haec
1000 2599 1061 2630 Ca·

333 2642 420 2674 nidia
443 2642 620 2684 peragebat.
647 2647 678 2672 et
706 2652 783 2683 puer
811 2641 888 2672 nihil
911 2641 977 2682 spei
1003 2641 1061 2672 sibi

331 2683 474 2716 relictum
502 2693 571 2714 esse
606 2683 811 2724 intelligebat.
865 2684 986 2718 Lenire,
1016 2693 1062 2714 sc.

331 2725 474 2762 tentavit,
490 2735 656 2765 aggressus
669 2730 727 2760 est,
745 2726 793 2756 vel
807 2724 988 2766 simpliciter
997 2736 1063 2766 pro,

331 2768 462 2800 lenibat.
509 2767 596 2798 Unde
611 2773 759 2806 rumperet
774 2768 938 2801 silentium,
949 2767 1064 2807 quibus

332 2810 434 2842 verbis
449 2809 564 2840 ‘ustam
580 2808 618 2840 de
640 2808 781 2839 inaudita
803 2809 1007 2839 veneficarum
1031 2809 1062 2839 in

330 2862 365 2884 se
379 2862 434 2884 cru
475 2850 562 2882 litate
575 2850 652 2880 iram
668 2850 771 2897 palam
787 2849 912 2880 faceret.
957 2850 1062 2881 Preces

1206 1431 1325 1461 Venena
1349 1441 1492 1472 mqgnum
1511 1429 1568 1471 fas
1597 1427 1750 1470 nefasque,
1777 1439 1836 1459 non

1102 1474 1202 1502 volent
1230 1473 1407 1502 Convertere
1431 1473 1591 1502 humanam
1621 1473 1732 1501 vicem.-
1766 1480 1836 1501 sen-

1103 1523 1155 1543 sus
1168 1525 1174 1543 :
1201 1513 1344 1544 veneficae
1357 1513 1484 1553 quidem
1495 1511 1762 1543 incantationibus
1773 1511 1837 1542 suis

1104 1554 1295 1585 sanctissima
1310 1564 1446 1595 quaeque
1460 1553 1600 1595 polluere
1615 1559 1646 1585 et
1668 1553 1764 1584 fanda
1783 1563 1838 1584 ne-

1106 1596 1209 1627 fandis
1224 1596 1410 1638 permiscere
1431 1595 1548 1632 valent,
1564 1595 1619 1626 sed
1641 1594 1758 1626 eaedem
1775 1605 1838 1626 non

1105 1638 1211 1668 valent
1227 1643 1337 1669 sortem
1355 1644 1386 1669 et
1401 1647 1538 1680 poenam,
1551 1647 1623 1679 quae
1638 1646 1745 1668 earum
1769 1646 1836 1668 sce-

1106 1679 1171 1710 lera
1197 1685 1314 1716 manet,
1339 1679 1503 1711 immutare
1527 1684 1559 1710 et
1581 1689 1600 1710 a
1623 1689 1658 1710 se
1686 1684 1837 1710 avertere.

1108 1722 1167 1752 Fas
1197 1721 1337 1764 nefasque
1366 1729 1553 1753 convertere.-
1599 1719 1742 1752 similiter
1774 1721 1838 1752 sere

1108 1763 1192 1804 apud
1217 1763 1319 1804 Virg.'
1335 1763 1415 1795 Geo.
1438 1763 1461 1799 i,
1475 1765 1549 1801 505,
1573 1763 1691 1802 Quippe
1711 1763 1765 1793 ubi
1779 1762 1837 1804 fas

1107 1816 1223 1835 versum
1258 1812 1346 1846 atque
1380 1805 1476 1847 nefas.
1534 1805 1708 1835 Humanam
1734 1806 1838 1842 vicem,

1108 1853 1218 1878 sortem
1245 1846 1406 1877 hominum
1431 1845 1600 1878 sceleribus
1629 1845 1837 1885 destinatam3

1110 1889 1270 1930 ἀμοιβὴν,
1287 1889 1500 1921 ἀντίποινον·
1516 1888 1560 1919 cf.
1574 1897 1645 1930 sup.
1660 1887 1685 1924 i,
1706 1887 1760 1923 28,
1784 1889 1839 1920 33.

1109 1931 1197 1961 Diris
1225 1942 1274 1961 vos
1304 1942 1404 1973 agam,
1436 1930 1529 1961 malis
1561 1928 1839 1966 exsecrationibus,

1108 1972 1222 2013 quibus
1244 1983 1338 2014 poena
1365 1982 1382 2003 a
1410 1972 1518 2003 vestris
1547 1971 1718 2003 sceleribus
1741 1980 1839 2014 expe-

1109 2020 1202 2049 tatur,
1235 2025 1290 2045 vos
1315 2014 1433 2055 urgebo
1461 2019 1493 2045 et
1520 2023 1705 2056 persequar;
1738 2023 1838 2055 agere,

1109 2066 1176 2098 pro,
1199 2066 1318 2096 urgere,
1342 2055 1498 2098 persequi,
1519 2061 1556 2086 ut
1575 2062 1671 2086 carm.
1693 2063 1740 2096 sq.
1761 2065 1792 2086 v.
1809 2055 1841 2087 7.

1108 2098 1282 2129 Nocturnus
1295 2108 1450 2129 occurram
1473 2098 1583 2134 Furor,
1605 2102 1665 2128 tem
1709 2106 1742 2128 re
1763 2106 1840 2128 uoc-

1106 2145 1198 2170 turno
1221 2139 1311 2170 vobis
1334 2138 1483 2171 vexandis
1505 2144 1536 2170 et
1559 2145 1660 2170 terren
1683 2138 1712 2169 is
1733 2138 1838 2170 adero.

1109 2181 1164 2212 Uti
1195 2181 1298 2211 Furiae
1327 2182 1471 2212 scelestos
1499 2179 1652 2216 homines,
1682 2180 1728 2211 ita
1762 2190 1839 2222 puer

1107 2222 1258 2253 veneficas
1273 2223 1414 2264 persequi
1430 2223 1516 2262 vult;
1538 2221 1607 2257 sed,
1621 2226 1658 2252 ut
1670 2232 1757 2264 puer,
1773 2232 1837 2254 non

1108 2265 1288 2300 Furiarum,
1303 2263 1359 2295 sed
1385 2265 1514 2295 Furoris
1537 2273 1699 2306 personam
1722 2263 1837 2295 induit.

1107 2306 1301 2347 Comparant
1329 2307 1458 2337 Sueton.
1489 2306 1568 2336 Ner.
1594 2315 1626 2336 c.
1653 2306 1708 2341 84,
1744 2316 1838 2346 neque

1106 2349 1222 2379 sceleris
1256 2348 1589 2386 conscientiam—ferre
1622 2349 1732 2386 potuit,
1764 2358 1839 2388 προ

1106 2391 1252 2431 confessus
1273 2391 1423 2431 eaagitari
1437 2400 1466 2420 se
1487 2397 1624 2420 materna
1644 2391 1749 2429 specie.
1770 2400 1838 2421 ver-

1108 2433 1225 2462 beribus
1255 2432 1420 2462 Furiarum
1451 2443 1486 2462 ac
1515 2433 1598 2462 toedis
1629 2432 1837 2464 candentibua.

1109 2473 1194 2505 Dido
1220 2483 1344 2514 quoque
1373 2472 1468 2515 paulo
1495 2478 1568 2504 ante
1595 2471 1723 2504 mortem
1753 2473 1836 2515 apud

1110 2516 1140 2546 V
1144 2516 1201 2557 irg.
1219 2517 1298 2546 AEn.
1315 2515 1358 2550 iv,
1383 2516 1459 2550 384,
1482 2515 1596 2555 Sequor
1616 2516 1692 2545 atris
1715 2516 1838 2556 ignibus

1108 2559 1222 2592 absens,
1247 2558 1300 2593 Et,
1315 2568 1407 2597 quum
1419 2557 1548 2598 frigida
1570 2566 1647 2587 mors
1666 2558 1768 2587 anima
1791 2567 1836 2588 se-

1105 2601 1225 2630 duxerit
1239 2606 1338 2634 artus,
1357 2599 1499 2629 Omnibus
1515 2598 1621 2628 umbra
1644 2598 1715 2630 tocie
1733 2600 1836 2630 adero.

1107 2641 1269 2681 Petamque
1282 2642 1403 2671 vultus:
1427 2639 1522 2671 Ovid.
1533 2639 1565 2670 in
1582 2638 1654 2670 Ibin
1672 2639 1746 2676 146,
1760 2639 1836 2671 Tum

1105 2694 1217 2723 quoque
1241 2683 1400 2724 factorum
1434 2683 1551 2712 veniam
1585 2691 1693 2712 memor
1730 2682 1835 2712 umbra

1107 2730 1238 2759 tuorum,
1271 2725 1416 2764 Insequar
1444 2730 1472 2754 et
1498 2724 1602 2754 vultus
1631 2733 1709 2754 ossea
1727 2722 1836 2764 forma

1108 2773 1183 2797 tuos.
1230 2766 1303 2800 Qnae
1319 2769 1362 2796 vis
1378 2766 1510 2796 Deorum
1530 2771 1571 2795 est
1596 2765 1757 2796 Manium.-
1779 2775 1834 2807 ap-

1107 2807 1204 2849 posite
1227 2807 1259 2838 in
1290 2808 1371 2838 hanc
1399 2817 1464 2838 rem
1493 2806 1544 2837 el.
1573 2805 1702 2838 Mincii.
1727 2807 1836 2838 laudat

1107 2850 1178 2881 Val.
1195 2849 1301 2881 Flacc.
1317 2849 1363 2887 iii,
1377 2849 1452 2880 386.
1475 2850 1631 2879 Anielens:
1655 2847 1834 2880 notissimus

334 2894 502 2935 Thyesteas,
528 2898 768 2927 exsecrationes,
797 2891 944 2932 qualibus
973 2893 1059 2933 Thy·
1102 2892 1262 2922 est-locus
1290 2890 1452 2922 Ciceronis
1477 2900 1532 2932 pro
1562 2890 1662 2921 Rom.
1687 2889 1831 2921 Ameria.

329 2941 408 2967 estes
436 2935 560 2966 fratrem
595 2944 687 2964 suum
724 2933 854 2965 Atreum
890 2933 1059 2966 insectatus

1103 2945 1132 2965 c.
1148 2935 1202 2968 24,
1218 2933 1328 2969 ubire,
1351 2941 1445 2974 quam
1468 2935 1568 2974 poete
1590 2941 1644 2973 per
1667 2930 1831 2963 Furiarum
