1904 3314
309 198 396 240 494

427 297 540 344 Quae
561 297 807 338 scribuntur
827 311 950 350 aquae
971 297 1210 350 potoribus.

807 198 1336 242 EPISTOLARUM

1272 296 1334 337 Ut
1353 294 1461 337 male
1484 310 1608 338 sanos

425 362 674 418 Adscripsit
696 364 830 404 Liber
851 363 1014 416 Satyris
1035 362 1279 416 Faunisque
1299 370 1464 416 poetas,

369 431 396 471 5
425 429 540 471 Vina
559 430 649 471 fere
671 429 818 470 dulces
835 428 1034 469 oluerunt
1054 443 1175 468 mane
1197 429 1426 469 Camoenae.

425 496 650 537 Laudibus
671 495 865 549 arguitur
885 494 971 535 vini
987 494 1158 534 vinosus
1176 494 1415 535 Homerus:

425 563 593 603 Ennius
613 563 705 616 ipse
726 569 849 616 pater
869 575 1099 614 nunquam,
1121 561 1202 601 nisi
1222 568 1363 615 potuS,
1386 562 1439 602 ad
1461 575 1576 602 arma

423 627 629 669 Prosiluit
649 628 843 669 dicenda.

903 627 1062 667 Forum
1081 626 1311 680 putealque
1333 627 1511 667 Libonis

423 694 647 735 Mandabo
669 694 806 742 siccis,
828 693 1006 734 adimam
1028 700 1198 733 cantare
1221 693 1393 733 severis.

343 760 394 800 10
423 759 523 801 Hoc
543 759 665 800 simul
684 760 814 808 edixi,
834 773 919 799 non
939 772 1159 799 cessavere
1179 765 1319 812 poetae

424 826 650 867 Nocturno
670 831 834 866 certare
854 839 984 873 merc,
1005 831 1158 878 putere
1179 825 1344 865 diurno.

425 891 573 938 Quid?
606 892 640 931 si
661 892 755 945 quis
775 890 894 931 vultu
915 897 1037 931 torvo
1058 890 1189 939 ferus,
1210 898 1253 931 et
1273 891 1385 944 pede
1405 891 1535 940 nudo,

424 958 695 1013 Exiguaeque
716 964 828 1011 togae
848 956 1016 997 simulet
1036 962 1204 996 textore
1225 956 1445 1006 Catonem,

507 1087 725 1119 EPISTOLA
750 1087 846 1118 XIX.

353 1129 391 1160 In
406 1129 465 1159 hac
479 1129 517 1159 ud
530 1130 739 1160 Maecenatem
754 1127 895 1169 Epistola
907 1127 1040 1168 primum

311 1171 462 1202 Horatius
477 1170 509 1200 in
527 1170 583 1200 aevi
599 1171 648 1200 sui
664 1176 783 1211 poetas,
798 1169 908 1200 stolide
923 1179 1038 1199 canen—

309 1213 358 1243 dis
379 1212 581 1247 carminibus,
596 1213 689 1242 modo
708 1211 771 1242 vini
792 1217 867 1252 potu
886 1210 1037 1242 accende-

302 1259 372 1285 rent
384 1254 558 1294 ingenium,
571 1264 603 1284 se
618 1260 706 1295 aptos
721 1259 813 1294 atque
831 1254 958 1284 idoneos
972 1262 1039 1283 esse

301 1296 479 1337 opinanteS,
495 1296 604 1326 acerbe
619 1295 794 1332 invehitur;
819 1294 943 1330 deinde,
960 1304 1039 1335 qua-

302 1337 363 1368 lem
389 1337 467 1378 ipse,
497 1347 516 1367 a
541 1336 643 1368 servili
669 1347 791 1378 pecore,
818 1336 1035 1371 imitatoribus.

300 1379 524 1414 alienissimus,
553 1388 587 1410 se
611 1378 788 1420 praestiterit
809 1383 945 1420 poetam,
970 1388 1036 1408 mo-

301 1420 388 1452 deste
403 1421 544 1462 exponit.

347 1464 440 1493 1—5.
464 1461 748 1492 Prisco—cracina.
781 1461 940 1496 Cratinus,
955 1460 1033 1502 pris-

300 1513 358 1534 cus
381 1509 472 1544 poeta
491 1504 575 1545 (vid.
595 1513 666 1544 sup.
683 1503 722 1533 ad
739 1504 803 1533 Sat.
821 1503 841 1538 i,
856 1504 887 1539 4,
906 1502 1033 1543 1),jam

297 1551 333 1576 ut
355 1545 419 1575 vini
447 1545 680 1576 amantissimus
719 1545 904 1575 celebratur.
949 1545 1032 1574 Hine

298 1587 401 1628 lepide
416 1587 651 1628 AristophaneS,
663 1586 694 1616 in
712 1587 806 1622 Pace,
820 1597 849 1616 v.
866 1587 940 1621 701,
956 1587 1031 1617 Cra-

244 1636 265 1644 *
300 1629 401 1658 tinum
427 1639 490 1670 prae
515 1629 622 1659 dolore
646 1628 751 1658 fractae
774 1627 944 1668 aliquando
970 1627 1033 1657 vini

301 1670 458 1711 amphorae
473 1670 608 1700 animam
619 1669 736 1700 efflasse
751 1669 794 1700 ait
808 1681 814 1699 :
840 1669 879 1699 cf.
896 1668 1036 1710 inprimis

300 1710 333 1741 in
357 1712 488 1742 Anthol.
515 1713 620 1743 Graec.
641 1710 732 1749 (edit.
751 1710 901 1751 Jacobs.)
927 1711 1034 1741 Nicae-

299 1753 365 1784 neti
382 1754 466 1784 Sam.
483 1755 542 1795 Ep.
560 1753 601 1789 iv,
618 1754 658 1783 T.
675 1753 696 1790 i,
713 1764 743 1794 p.
763 1753 833 1783 106.

340 1796 372 1825 2.
400 1795 514 1831 Vivere,
536 1795 659 1829 durare,
678 1794 840 1836 propagari
863 1794 902 1824 ad
926 1799 1028 1836 poste-

294 1846 361 1866 ros:
384 1847 455 1878 sup.
478 1837 541 1867 Od.
562 1836 584 1871 ἱ,
606 1838 659 1871 32,
676 1838 708 1870 3,
731 1838 753 1866 si
775 1837 1032 1876 quid—Lusimus

298 1881 418 1918 —quod
439 1885 467 1909 et
483 1880 562 1910 hunc
585 1881 616 1908 in
637 1890 749 1908 annum
773 1878 859 1909 Vivat
875 1885 902 1908 et
918 1880 1031 1918 plures,

300 1920 355 1950 ubi
369 1920 429 1950 vid.
446 1925 511 1951 not.

343 1962 375 1995 3,
392 1963 425 1992 4.
451 1963 543 2002 Aqnae
558 1963 718 2000 potoribus,
733 1961 835 1992 calore
850 1961 952 2002 quasi,
968 1971 1030 2002 quo

301 2002 412 2041 agitari
431 2003 546 2033 debent
568 2009 677 2044 poetae,
701 2003 899 2034 carentibus:
924 2003 1030 2034 Nicae-

298 2050 389 2075 netus
405 2044 435 2074 in
448 2043 575 2074 laudato
593 2046 651 2086 Ep.
667 2055 697 2075 v.
708 2044 861 2086 ,2,’Ύὸωρ
878 2044 908 2075 δὲ
922 2046 1031 2076 πίνων

299 2085 394 2117 οὐδὲν
420 2086 465 2117 ἂν
490 2085 576 2117 τέκοι
603 2087 717 2126 σοφὸν,
741 2087 779 2116 ad
806 2097 898 2127 quern
925 2087 1028 2117 locum

298 2127 369 2159 vide
395 2138 467 2168 quae
499 2127 617 2158 notavit
647 2127 776 2158 Jacobs.
807 2128 838 2158 in
856 2128 1028 2158 Animadv-

297 2169 361 2200 vol.
377 2169 399 2205 i,
416 2175 494 2210 part.
513 2174 593 2210 post.
611 2180 642 2210 p.
657 2170 732 2199 431.
782 2169 823 2199 Ut
841 2171 916 2199 male
934 2181 1029 2205 sanos,

297 2217 371 2242 cett.
410 2211 543 2241 Sensus:
569 2216 731 2251 postquam
748 2210 868 2241 scilicet
885 2211 1032 2242 Bacchus

298 2258 417 2294 poetas,
432 2253 553 2294 poetico
573 2253 673 2283 furore
694 2258 847 2292 correptos
863 2253 957 2293 (male
977 2264 1023 2283 sa-

296 2293 377 2334 nos),
395 2293 426 2324 in
449 2295 628 2335 Satyrorum
643 2299 673 2324 et
694 2294 872 2324 Faunorum
892 2293 1023 2324 societa-

295 2342 357 2366 tem
370 2335 496 2377 recepit,
510 2335 651 2366 redolent
665 2334 711 2365 illi
723 2335 807 2371 vino,
821 2345 883 2376 quo
895 2345 912 2365 a
927 2335 1026 2377 primo

297 2387 388 2408 mane
411 2387 463 2407 ora
488 2378 645 2419 proluunt.
695 2377 737 2407 Ut
760 2387 825 2417 pro,
851 2382 1026 2418 postquam,

295 2429 335 2450 ex
350 2428 412 2460 quo
424 2424 568 2460 tempore,
583 2417 722 2459 accipio;
747 2418 836 2459 posui
850 2418 944 2459 igitur
958 2426 1028 2466 post

294 2462 446 2500 potu-ribus
468 2460 700 2491 distinctionem
722 2460 891 2500 majorem:
919 2461 972 2491 alii
993 2468 1027 2491 ιιι

296 2502 467 2543 explicant,
477 2507 640 2543 tanquam.
681 2502 763 2531 Male
773 2511 868 2537 sanos,
879 2503 1026 2534 ἐνθουσι-

297 2544 454 2580 άζοντας·
477 2543 551 2574 hinc
567 2544 623 2574 inf.
638 2543 670 2573 in
694 2543 795 2585 Epist.
811 2543 849 2574 ad
870 2544 936 2575 Pis.
951 2546 1027 2580 296,

295 2587 429 2617 excludit
442 2596 527 2615 sanos
545 2585 686 2616 Helicone
697 2591 795 2624 poetas
816 2586 1002 2617 Democritus
1014 2597 1024 2622 ,·

293 2627 367 2658 hinc
386 2627 531 2658 Bacchus
546 2626 644 2668 poetis
658 2627 832 2657 furentibus
846 2627 909 2658 sive
924 2627 1026 2670 dithy-

295 2668 441 2700 rambicis
457 2669 612 2710 praecipue
628 2669 728 2699 favere
740 2674 772 2699 et
785 2669 817 2699 in
833 2679 935 2700 eorum
992 2681 1025 2701 c-

295 2715 362 2742 tora
385 2709 574 2741 descendere
597 2709 730 2740 dicitur:
755 2710 797 2741 cf.
815 2721 886 2752 sup.
909 2712 937 2742 Ο
964 2734 971 2742 .
991 2711 1025 2746 ii,

299 2753 348 2790 19,
375 2753 414 2782 15
438 2762 528 2792 sqq.;
551 2751 624 2782 hinc
647 2752 760 2782 chorus
783 2758 942 2793 poetarum
968 2753 1024 2785 inf.

296 2793 397 2835 Epist.
413 2793 447 2828 ii.
465 2796 496 2831 2,
514 2795 551 2824 18
569 2794 679 2824 Bacchi
692 2795 784 2824 cliens
797 2793 928 2831 dicitur;
952 2795 1024 2826 hinc

294 2836 406 2867 hederae
439 2837 594 2866 doctarum
615 2835 771 2876 frontinm
799 2838 919 2874 proemia
953 2846 1023 2879 sup.

298 2876 361 2907 Od.
378 2877 400 2912 i,
417 2878 447 2913 1,
461 2878 516 2912 29.
532 2881 560 2908 et
579 2877 668 2917 Virg.
688 2877 757 2907 Ecl.
772 2875 825 2914 vii,
836 2878 890 2907 25.
934 2879 1022 2918 Saty-

295 2921 338 2949 ris
358 2919 548 2960 Faunisque;
572 2918 674 2960 Satyri
691 2918 774 2949 euim
795 2924 827 2949 et
848 2919 960 2955 Fauni,
979 2920 1023 2951 la-

1084 1085 1249 1116 scivientes
1263 1091 1294 1117 et
1308 1085 1510 1121 insanientes,
1525 1090 1599 1117 sunt
1615 1086 1647 1117 in
1663 1087 1813 1118 comitatu

1085 1127 1216 1158 Bacchi.

1127 1171 1158 1205 5,
1179 1170 1210 1200 6.
1239 1170 1324 1206 Fere,
1340 1168 1534 1210 plerumque,
1556 1173 1592 1200 ut
1609 1180 1677 1211 sup.
1701 1170 1768 1201 Sat.
1790 1169 1811 1207 i,

1086 1212 1136 1246 10,
1157 1212 1208 1246 15,
1224 1217 1256 1242 et
1270 1211 1326 1241 inf.
1344 1211 1441 1252 Epist.
1453 1211 1486 1246 ii,
1502 1212 1524 1247 i.
1537 1212 1612 1244 236.
1658 1212 1812 1250 Camaeuae,

1078 1251 1145 1292 jam
1170 1263 1224 1294 pro
1247 1254 1411 1284 Musarum
1430 1252 1577 1290 alumnis,
1599 1253 1630 1285 h.
1652 1263 1682 1284 e.
1700 1255 1811 1295 poetis.

1083 1295 1206 1329 Dulces,
1222 1300 1256 1325 ut
1270 1304 1340 1336 sup.
1356 1294 1418 1324 Od.
1434 1295 1456 1330 i,
1469 1296 1524 1330 26,
1540 1296 1571 1332 9,
1587 1301 1618 1326 et
1633 1295 1696 1326 Od.
1709 1295 1743 1331 ii,
1758 1297 1810 1332 12,

1084 1336 1135 1371 13,
1159 1346 1213 1377 pro
1244 1336 1392 1367 libatione
1415 1337 1567 1369 matutina
1589 1336 1622 1367 in
1646 1337 1810 1369 Musarum

1081 1376 1227 1409 honorem
1247 1378 1391 1418 equidem
1413 1378 1553 1420 accipere
1574 1379 1680 1410 nolim.
1723 1380 1810 1410 Lau-

1077 1420 1165 1449 dibus
1177 1422 1334 1460 arguitur,
1351 1424 1424 1450 cett.
1462 1421 1629 1458 Homerus,
1645 1421 1686 1451 ob
1701 1421 1811 1452 laudes

1077 1471 1157 1501 quas
1179 1461 1251 1492 vino
1270 1461 1390 1495 tribuit,
1410 1463 1526 1492 vinosus
1544 1462 1639 1493 fuisse
1658 1463 1809 1503 arguitur.

1078 1502 1130 1532 Ad
1158 1502 1227 1533 loca
1252 1503 1306 1533 ubi
1332 1502 1395 1532 vini
1422 1502 1549 1534 virtutes
1574 1504 1743 1535 laudantur
1767 1506 1808 1535 ab

1079 1545 1227 1578 Homero.
1243 1545 1384 1585 quamvis
1402 1544 1543 1580 breviter,
1563 1545 1734 1583 reserenda,
1754 1546 1808 1578 lli-

1076 1585 1126 1616 ad.
1141 1586 1182 1620 vi,
1195 1587 1270 1622 261,
1283 1592 1314 1616 et
1330 1586 1443 1627 Odyss.
1458 1586 1519 1622 xiv,
1536 1588 1598 1618 463
1612 1597 1680 1628 sqq.

1121 1628 1152 1658 7.
1169 1628 1428 1667 Ennius—pater,
1444 1628 1677 1668 antiquissimus
1690 1630 1809 1661 Roma-

1078 1679 1186 1699 norum
1205 1675 1296 1711 poeta
1311 1679 1381 1700 cum
1401 1671 1586 1701 verecundia
1604 1672 1738 1712 quadam
1752 1682 1806 1703 vo-

1079 1717 1168 1741 catur
1201 1719 1299 1750 pater,
1330 1711 1420 1742 sicuti
1452 1711 1644 1754 philosophi,
1674 1723 1805 1755 quorum

1073 1753 1208 1783 maxima
1233 1759 1279 1784 est
1303 1753 1482 1788 auctoritas,
1511 1754 1683 1786 verecunde
1707 1762 1808 1794 patres

1075 1795 1176 1824 vocari
1192 1795 1307 1833 solent3
1336 1795 1379 1826 sic
1399 1806 1468 1837 sup.
1490 1796 1556 1827 Sat.
1576 1796 1597 1831 i,
1613 1797 1644 1832 3.
1664 1797 1733 1830 126.
1749 1808 1804 1836 pa-

1075 1842 1120 1867 ter
1145 1837 1340 1876 Chrysippus.
1384 1839 1431 1868 Ad
1456 1849 1541 1867 arma
1563 1839 1701 1876 dicenda,
1721 1838 1753 1869 h.
1776 1849 1806 1870 e.

1075 1879 1115 1908 ad
1131 1879 1214 1909 bella
1234 1880 1447 1910 Romanorum
1470 1881 1503 1909 in
1524 1879 1702 1911 Annalibus
1721 1881 1804 1912 cele-

1072 1920 1209 1950 branda:
1235 1921 1287 1951 cui
1314 1931 1375 1951 non
1397 1921 1559 1957 succurrit,
1579 1933 1664 1952 arma
1684 1921 1804 1963 (bella)

1073 1964 1227 2002 virumque
1241 1964 1336 1993 cano?

1117 2005 1148 2034 8.
1175 2005 1334 2039 Prosiluit,
1350 2003 1580 2036 accommodate
1597 2004 1636 2035 ad
1653 2004 1712 2035 vim
1730 2004 1805 2037 vini.

1078 2045 1188 2076 Forum
1215 2047 1375 2086 putealque
1399 2047 1532 2082 Libonis,
1556 2047 1610 2077 ubi
1634 2053 1806 2078 tractantur

1071 2097 1119 2117 res
1133 2087 1240 2118 seriae:
1265 2089 1303 2118 de
1319 2088 1440 2118 Libonis
1453 2090 1569 2128 puteali
1591 2088 1655 2120 vid.
1671 2099 1742 2132 sup.
1763 2090 1803 2121 ad

1073 2129 1138 2159 Sat.
1153 2129 1186 2164 ii,
1203 2131 1234 2164 6,
1249 2131 1302 2160 35.

1116 2171 1149 2201 9.
1174 2171 1285 2202 Siccis:
1308 2173 1389 2208 sicci,
1405 2171 1460 2212 qui
1476 2182 1536 2202 non
1552 2171 1659 2203 vinum
1678 2173 1802 2211 bibunt,

1075 2216 1110 2241 ut
1134 2221 1205 2253 sup.
1231 2213 1294 2243 Od.
1322 2213 1345 2248 i,
1369 2214 1420 2248 18,
1445 2215 1478 2248 3,
1500 2213 1562 2244 Od.
1585 2214 1627 2251 iv,
1648 2216 1680 2251 5,
1699 2215 1752 2250 39,
1771 2221 1804 2247 et

1068 2253 1134 2283 Sat.
1150 2253 1184 2289 ii,
1205 2254 1236 2289 3,
1258 2255 1333 2288 281.
1361 2259 1571 2296 opponuntur,
1591 2258 1659 2286 vino
1679 2259 1799 2287 maden-

1070 2295 1158 2329 tibus,
1173 2297 1283 2326 uvidis.
1328 2296 1467 2326 Adimam
1482 2303 1605 2328 cantare
1617 2301 1735 2334 severis,
1750 2309 1799 2330 se-

1068 2345 1154 2366 veros
1183 2346 1202 2366 a
1231 2337 1382 2367 canendis
1407 2338 1597 2370 carminibus
1621 2339 1802 2380 prohibebo.

1070 2379 1170 2408 Severi
1184 2378 1276 2408 iidem
1289 2378 1342 2419 qui
1357 2381 1437 2409 sicci.

1115 2420 1166 2454 10,
1187 2421 1235 2450 ll.
1252 2420 1316 2450 Hoc
1333 2422 1422 2451 simul
1436 2422 1527 2456 edin-i,
1543 2426 1617 2452 cett.
1661 2423 1798 2455 Sensus:

1070 2461 1202 2492 simulac
1221 2461 1301 2493 hanc
1316 2462 1513 2499 sententiam,
1528 2463 1567 2494 de
1581 2463 1611 2493 vi
1625 2473 1720 2505 quam
1737 2465 1803 2496 vini

1070 2508 1160 2544 potus
1174 2503 1205 2532 in
1222 2509 1379 2545 poetarum
1396 2503 1522 2544 ingenia
1534 2505 1658 2540 habeat,
1673 2507 1799 2548 publice

1071 2545 1226 2586 professus
1240 2556 1322 2581 sum,
1339 2545 1442 2576 statim
1463 2545 1537 2577 mali
1557 2551 1655 2588 poetae
1678 2553 1710 2579 et
1727 2549 1798 2580 imi-

1069 2591 1195 2620 tatores.
1211 2587 1302 2628 quasi
1316 2587 1417 2618 edicto
1426 2587 1468 2618 ali
1493 2598 1533 2619 uo
1549 2588 1708 2635 proposito
1721 2590 1799 2632 (hoc

1070 2627 1146 2658 latet
1179 2628 1210 2658 in
1243 2630 1334 2660 verbo
1363 2598 1506 2669 edicere&
1533 2630 1600 2662 dies
1632 2635 1799 2673 noctesque

1069 2669 1141 2700 vino
1170 2670 1332 2711 indulgere
1359 2676 1533 2713 coeperunt.
1577 2671 1674 2703 Ridet
1705 2672 1800 2714 igitur

1070 2711 1218 2742 Horatius
1233 2712 1395 2743 stultitiam
1412 2723 1516 2744 eorum
1531 2712 1594 2754 qui,
1618 2713 1710 2745 modo
1727 2715 1800 2747 vino

1067 2763 1099 2784 se
1116 2750 1384 2802 ingurgitaverint,
1399 2765 1432 2786 se
1439 2760 1543 2826 &oete
1558 2760 1659 2796 partes
1673 2756 1798 2798 explere

1067 2805 1155 2836 posse
1170 2801 1395 2827 existimarent.
1471 2803 1595 2827 octurno
1607 2803 1722 2828 certare
1736 2809 1795 2829 me-

1065 2847 1110 2871 ro,
1135 2843 1240 2876 putere
1261 2839 1393 2868 diurno:
1423 2837 1463 2870 ad
1491 2839 1622 2868 eandem
1651 2838 1797 2871 orationis

1067 2878 1195 2908 formam
1219 2879 1406 2920 compositus
1423 2884 1471 2910 est
1489 2879 1667 2910 notissimus
1689 2890 1794 2913 versus

1068 2919 1100 2950 in
1122 2919 1222 2961 Epist.
1246 2921 1286 2951 ad
1307 2920 1372 2951 Pis.
1391 2932 1420 2952 v.
1443 2922 1518 2957 269,
1547 2921 1597 2952 Vos
1615 2923 1796 2962 exemplaria
