1904 3314
26 554 27 559 Α
19 340 43 539 amns*
30 320 34 324 -

436 194 805 240 EPISTOLA
845 194 944 236 AD
986 194 1314 238 PISONES.

79 278 83 280 —
107 299 194 342 470
223 298 323 341 Nec
345 299 450 341 satis
471 304 655 355 apparet
676 311 755 339 cur
775 299 928 338 versus
950 294 1144 348 factitet;
1175 304 1323 339 utrum

1564 197 1650 238 569

225 366 449 409 Minxerit'
459 367 504 408 in
526 366 689 421 patrios
711 365 892 414 cinereS,
914 379 970 405 an
991 364 1116 406 triste
1138 365 1334 407 bidental

225 433 418 476 Moverit
438 434 631 475 incestus
650 449 659 474 :
692 438 811 473 certe
833 431 953 482 furit,
976 446 1027 473 ac
1047 431 1167 473 velut
1188 447 1332 483 ursus,

225 501 438 557 Objectos
460 515 600 548 caveae
622 499 756 542 valuit
778 499 814 540 si
835 499 1038 554 frangere
1061 498 1270 550 clathros‚

226 568 455 611 Indoctum
477 569 742 623 doctumque
763 567 888 622 fugat
907 568 1346 619 recitatoracerbus3

90 627 194 678 '475
225 636 370 684 Quem
388 651 492 678 vero
512 636 708 691 arripuit,
730 642 850 677 tenet
871 636 1134 690 occiditque,
1158 635 1362 691 legendo,

223 703 328 747 Non
348 705 532 746 missura
553 710 712 754 cutem,
733 703 816 745 nisi
836 702 966 759 plena
986 704 1167 755 cruoris,
1190 704 1365 746 hirudo.

106 835 159 879 (v.
182 836 278 878 462),
295 837 351 879 qui
371 836 510 880 prudens
530 838 705 880 volensque
727 838 858 870 fortasse

108 878 143 912 in
159 885 290 923 puteum
306 880 450 923 dejectus
466 881 582 912 servari
598 881 690 913 nolit.

109 965 118 972 ·
153 923 229 957 468.
253 923 318 956 Nec
332 925 421 955 semel
436 925 591 967 haeserit,
608 925 664 956 sed
679 924 764 956 idem
781 923 858 956 facit

107 970 235 998 iterum.

153 1010 229 1041 469.
252 1009 323 1041 Fiet
342 1010 437 1046 homo,
453 1009 494 1041 ad
519 1020 630 1041 sanam
651 1016 789 1042 mentem
809 1019 857 1041 re-

109 1050 203 1084 dibit.
229 1052 372 1088 Fumosae,
385 1052 599 1084 memorabilis
613 1059 644 1085 et
660 1053 858 1085 sermonibus

108 1094 275 1126 hominnm
290 1095 500 1127 celebrandae.

153 1139 340 1170 470-473.
377 1138 490 1170 Utrum
518 1138 667 1169 Minxerit
689 1141 722 1169 in
744 1142 859 1178 patrios

109 1183 236 1218 cineres.
251 1186 358 1212 utrum
374 1181 415 1213 ob
435 1181 539 1213 scelus
554 1181 714 1223 quoddam
734 1181 861 1224 gravius

110 1223 145 1255 in
169 1224 305 1267 furorem
331 1224 500 1266 conjectus
528 1224 580 1260 sit,
605 1235 664 1256 nec
692 1235 754 1264 ne;
776 1231 861 1256 certe

110 1266 200 1298 furit.
245 1267 382 1298 Locutio
400 1270 431 1298 in
447 1269 563 1308 patrios
582 1270 697 1298 cineres
711 1270 859 1309 mingere,

109 1319 179 1352 pro,
195 1309 313 1353 patrios
328 1309 450 1342 cineres
467 1310 509 1340 im
536 1310 566 1341 io
582 1315 707 1351 pectore
722 1311 860 1348 turbare,

109 1352 160 1384 vel
175 1351 352 1396 protervius
374 1352 413 1384 iis
434 1352 507 1384 insu
525 1358 601 1389 tare,
619 1363 710 1394 aeque
733 1363 770 1384 ac
790 1363 860 1395 sup.

109 1406 144 1427 v.
159 1396 223 1428 457
238 1406 340 1427 versus
355 1398 488 1431 ructari,
505 1395 664 1438 displicet.

155 1439 232 1470 471.
268 1438 429 1477 Bidental,
460 1439 551 1470 locus
589 1437 722 1469 fulmine
759 1443 862 1469 tactus

110 1480 247 1524 ideoque
261 1481 395 1513 solemni
411 1491 496 1512 more
510 1480 654 1524 expiatus
671 1487 767 1524 atque
783 1491 859 1512 con-

112 1530 266 1556 sectatus.
321 1525 376 1556 Ad
413 1525 499 1556 hunc
538 1525 656 1560 locum,
694 1524 861 1566 sepimenti

111 1567 251 1610 quodam
275 1577 388 1609 genere
410 1567 567 1600 clausum.
591 1567 711 1598 nemini
734 1568 862 1609 patebat

112 1610 218 1642 aditus
228 1622 238 1650 ;
254 1616 286 1642 et
296 1610 351 1652 qui
362 1610 430 1642 ullo
441 1611 534 1642 modo
545 1621 617 1642 eum
630 1610 861 1652 profanaverat,

111 1663 209 1696 grave
225 1653 330 1685 scelus
345 1652 540 1684 commisisse
555 1654 736 1696 putabatur.
780 1653 860 1685 Dic-

112 1702 164 1728 tus
175 1701 279 1728 autem
296 1695 350 1728 ille
361 1702 407 1728 est
418 1706 437 1727 a
449 1702 588 1727 mactata
601 1695 715 1733 hostia,
726 1698 859 1733 bidente,

115 1749 182 1783 qua
196 1739 397 1783 expiabatur,
415 1741 562 1771 bidental.

948 839 1024 869 472.
1065 839 1209 876 Moverit,
1245 838 1423 873 vioiaverit,
1462 837 1651 870 irritaverit:

902 891 975 924 sup.
999 881 1103 923 Epod.
1122 883 1175 920 17,
1191 883 1224 919 3,
1243 882 1303 913 Per
1327 888 1356 912 et
1380 882 1492 913 Dianae
1513 893 1574 912 non
1592 893 1653 912 mo-

901 926 999 955 venda
1015 927 1156 956 numina.

946 969 1023 999 473.
1062 968 1214 1005 Clathros,
1249 966 1422 1003 canceuos,
1453 966 1521 998 sive
1550 967 1655 1008 virgas

903 1009 1026 1052 ligneas
1046 1011 1097 1042 vel
1119 1011 1245 1048 ferreas,
1263 1010 1298 1041 in
1320 1010 1416 1042 cratis
1437 1009 1566 1041 modum
1589 1010 1653 1041 dis-

902 1053 1030 1096 positas,
1046 1054 1164 1095 quibus
1179 1053 1313 1095 objectis
1330 1054 1413 1084 intra
1430 1063 1559 1084 caveam
1573 1063 1652 1084 con-

905 1097 1048 1128 tinentur
1063 1097 1135 1128 ferae
1151 1096 1271 1128 bestiae.

947 1140 1022 1171 474.
1045 1141 1190 1175 Ambus,
1207 1139 1320 1170 acerbe
1335 1138 1500 1170 molestus.

949 1183 1024 1214 475.
1050 1183 1155 1219 Tenet,
1179 1188 1331 1224 tanquam
1353 1181 1497 1213 vinctum
1521 1181 1654 1213 retinet:

905 1228 1070 1266 occiditque
1099 1227 1243 1268 legend03
1268 1225 1342 1256 hinc
1374 1235 1447 1267 sup.
1478 1225 1545 1256 Sat.
1571 1224 1594 1260 i,
1619 1227 1651 1260 3,

905 1269 959 1303 89,
993 1268 1061 1310 qui,
1089 1274 1126 1299 ut
1159 1268 1316 1310 captivus,
1347 1277 1471 1298 amaras
1506 1266 1655 1299 historias

904 1310 1014 1384 Sudire
1041 1311 1173 1352 cogitur,
1197 1311 1302 1354 lepide
1318 1311 1474 1352 jugulum
1497 1312 1655 1353 porrigere

927 1355 1031 1385 icitur.

948 1398 1026 1428 476.
1057 1396 1127 1427 Nan
1155 1399 1297 1432 missura,
1321 1401 1394 1427 cett.
1420 1395 1505 1426 sicut
1526 1395 1652 1430 hirudo,

904 1450 977 1480 quae
994 1439 1146 1470 tenaciter
1163 1439 1298 1470 inbaeret
1320 1438 1398 1474 cuti,
1415 1448 1472 1469 nec
1494 1448 1577 1474 eam,
1592 1438 1654 1470 uisi

905 1483 1000 1524 plena
1031 1482 1152 1513 exsucti
1188 1482 1320 1517 cruoris,
1352 1491 1391 1512 ex
1425 1491 1478 1512 ore
1511 1481 1654 1513 dimittit.

905 1525 1066 1556 Theocrit.
1092 1525 1127 1561 ii,
1151 1526 1204 1561 55,
1229 1525 1283 1559 56,
1308 1525 1347 1556 de
1374 1534 1479 1555 amore
1501 1524 1654 1556 tenaciter

904 1567 1077 1599 inhaerente
1093 1569 1290 1602 animm—ri
1302 1579 1364 1610 μευ
1375 1566 1485 1609 μέλαν
1500 1567 1534 1598 ἐκ
1550 1569 1654 1620 χροὸς

905 1610 990 1653 αἷμα
1003 1610 1126 1653 Ἐμφὺς
1137 1612 1181 1648 ὡς
1192 1613 1352 1654 λιμνᾶτις
1363 1611 1463 1642 ἅπαν
1481 1611 1514 1642 ἐκ
1523 1611 1654 1650 βδελλα

906 1655 1086 1691 πέπωκας;
1112 1655 1163 1685 De
1184 1653 1299 1684 omissa
1315 1654 1472 1696 particula
1489 1663 1652 1696 compara-

904 1696 999 1728 tionis
1022 1699 1103 1728 sicut
1121 1697 1160 1728 ad
1180 1698 1291 1728 hirudo
1308 1695 1373 1727 vid.
1398 1706 1468 1739 sup.
1490 1696 1530 1727 ad
1551 1696 1654 1739 Epist.

905 1740 927 1779 i,
943 1742 975 1776 2,
993 1741 1047 1772 42.
