1884 3288
670 215 897 259 LIBER
927 214 965 266 1,
996 215 1068 257 36.
1117 179 1123 188 ’

1589 213 1642 255 71

603 476 882 520 CARMEN
914 475 1143 518 XXXVI.

528 631 603 663 AD
638 630 890 663 PLOTIUM
926 629 1212 662 NUMIDAM.

334 740 408 782 Er
428 746 526 782 ture
547 745 592 780 et
611 737 775 780 fidibus
791 739 918 794 juvat

391 807 573 850 Placare
595 815 640 849 et
660 805 783 848 vituli
805 806 1016 862 sanguine
1038 805 1190 847 debito

334 876 554 919 Custodes
575 875 785 917 Numidae
807 874 946 924 Deos,

391 945 484 993 Qui
504 958 635 994 nunc,
658 943 880 998 Hesperia

277 1014 305 1056 5
335 1013 460 1055 Caris
479 1011 616 1055 multa
637 1010 880 1062 sodalibus,

902 955 1054 998 sospes
1076 942 1132 984 ab
1153 940 1316 991 ultima,

390 1080 517 1123 Nulli
537 1079 666 1136 plura
686 1087 830 1122 tamen
852 1080 1009 1122 dividit
1030 1079 1195 1130 oscula,

335 1149 482 1198 Quam
503 1148 621 1191 dulci
643 1148 822 1198 Lamiae,
845 1163 1009 1190 memor

394 1216 524 1260 Actae
544 1232 632 1259 non
652 1216 737 1258 alio
758 1231 862 1272 rege
883 1216 1084 1272 puertiae,

338 1286 616 1341 Mutataeque
639 1284 766 1327 simul
786 1292 914 1340 togae.

255 1355 309 1396 10

397 1354 560 1396 Cressa
580 1367 635 1395 ne
657 1360 804 1395 careat
824 1351 1009 1407 pulchra
1030 1353 1123 1395 dies
1145 1359 1248 1395 nota
1265 1369 1274 1394 ε

337 1421 444 1464 Neu
466 1428 650 1477 promtae
671 1420 827 1462 modus
850 1421 1089 1476 amphorae,

395 1490 503 1532 Neu
521 1504 686 1532 morem
705 1489 750 1530 in
772 1487 937 1530 Salium
959 1489 1015 1531 sit
1035 1490 1210 1544 requies
1230 1489 1420 1545 pedum:

106 1617 291 1651 recudenda
315 1616 349 1648 in
380 1615 477 1647 aliam
506 1616 640 1646 formam
670 1615 784 1657 fingas,
814 1624 862 1645 re-

107 1666 236 1693 tractes.
296 1659 498 1700 Massagetas.
542 1657 683 1689 nobilem
723 1657 862 1700 Scythiae

111 1709 251 1746 gentem,
267 1702 398 1736 Parthis
409 1701 654 1734 conterminam.

295 1787 499 1821 CARMEN
525 1787 688 1818 XXXVI.

156 1833 243 1866 Cum
257 1831 359 1864 redux
375 1831 479 1862 faetus
489 1836 574 1862 esset
587 1829 711 1861 Plotius
720 1828 865 1860 Numida

111 1885 158 1908 ex.
180 1874 338 1918 Hispania
363 1875 426 1916 (U.
452 1874 492 1906 C.
517 1874 689 1912 nccxxx)‚
713 1870 768 1902 ubi
791 1882 864 1903 curn

114 1919 266 1961 Augusto
290 1918 325 1950 in
351 1916 438 1949 bello
461 1915 657 1948 Cantabrico
679 1921 742 1946 tres
764 1925 866 1946 annos

113 1961 280 2001 abfuerat3
312 1966 406 2004 poeta
433 1959 506 2001 ejus
534 1959 672 1994 sodales,
703 1958 864 2000 praecipue

113 1999 389 2038 autem*intimum
409 2002 481 2044 ejus
500 2001 637 2033 amicum
657 2007 690 2033 et
707 2001 863 2042 aequalem

114 2047 273 2083 Lamiam.
302 2046 388 2078 diem
415 2046 530 2077 festum
553 2055 662 2076 secum
690 2044 864 2078 celebrare.

114 2096 160 2128 et,
174 2095 315 2123 mactata
335 2095 410 2120 ante
426 2088 532 2120 omnia
545 2098 582 2119 ex
599 2092 684 2124 voto,
700 2097 757 2129 pro
778 2086 865 2118 felici

113 2132 267 2166 Numida
278 2132 381 2165 reditu
392 2137 555 2173 suscepto,
569 2131 683 2166 hostia,
698 2129 866 2172 potationi,

114 2175 293 2212 saltationi,
321 2174 493 2210 amoribus,
522 2179 555 2205 et
577 2173 727 2205 omnibus
749 2173 867 2214 quibus

107 2218 339 2269 iucundissimi
357 2217 427 2250 dies
445 2216 578 2259 transigi
598 2217 713 2251 solent,
731 2215 866 2247 liberius

114 2261 280 2305 indulgere
305 2261 400 2304 jubet
428 2260 559 2292 laetitiis.
606 2261 715 2297 Quam
742 2258 867 2300 egregie

114 2311 212 2349 poeta
234 2305 269 2337 in
290 2305 352 2337 hoc
373 2303 515 2336 carmine
536 2313 601 2345 prae
624 2302 737 2334 laetitia
757 2302 797 2334 de
817 2313 865 2334 re-

14 2383 15 2387 ,
177 2354 211 2380 ω
227 2348 331 2380 amico
348 2347 524 2385 exsultans,
538 2345 716 2377 mollissimi
737 2345 771 2376 in
787 2345 866 2377 ami-

12 2388 22 2413 “’
39 2406 50 2417 -’
114 2391 194 2424 eina
206 2390 325 2424 amoris
334 2401 450 2422 sensus
464 2388 665 2433 expresserit,
680 2388 786 2430 quivis
800 2389 869 2430 ipse

35 2434 41 2438 ⁸
117 2435 248 2467 sentiet.
304 2434 465 2476 Compara
505 2443 580 2464 cum
622 2432 682 2464 hoc
728 2432 870 2464 carmine

118 2477 244 2514 cnuu.
258 2477 304 2513 ix.
319 2483 353 2510 et
365 2476 518 2509 Juvenal.
531 2475 587 2507 xii.

164 2522 261 2554 1—9.
276 2521 418 2556 Fidibus,
429 2519 512 2551 inter
523 2517 771 2550 sacrificandum
782 2517 869 2549 enim

0 2575 24 2606 Ἰ-,ζ
70 2558 76 2563 ’
118 2564 162 2597 td
174 2564 286 2597 tibiam
302 2569 336 2596 et
349 2563 451 2606 lyram
465 2562 540 2594 cani
551 2561 694 2592 solebat:
710 2561 769 2592 inf.
782 2560 824 2597 iv,
839 2563 870 2597 lv,

10 2608 44 2648 ἓξ.
87 2607 176 2644 ⁸21,
205 2607 280 2640 Illic
305 2608 443 2647 plurima
472 2606 602 2636 naribus
632 2605 734 2635 Duces
763 2605 870 2640 thura,

0 2662 4 2667 ·
38 2658 39 2663 ¹
121 2650 273 2693 Lyraeque
297 2657 328 2682 et
354 2649 547 2691 Berecyntiae
570 2648 765 2679 Delectabere
793 2648 872 2678 tibia:

122 2692 229 2727 listis
239 2694 436 2730 nominibus,
452 2703 511 2723 non
529 2691 725 2732 sinefistula.
773 2690 873 2722 Vituli

119 2738 273 2780 unguine
282 2738 394 2772 debito,
403 2735 520 2770 hostia,
529 2744 626 2776 quam
633 2739 727 2776 poeta
735 2744 774 2765 ex
786 2739 872 2770 voto,

44 2789 46 2796 ·
122 2789 188 2824 quo
201 2776 334 2823 diis'pro
349 2778 443 2811 felice
458 2776 612 2809 Numidae
628 2776 731 2808 reditu
745 2787 779 2809 se
793 2776 874 2808 obli-

22 2819 63 2857 ’ἶ
165 2828 264 2860 verat,
289 2832 376 2854 nunc
398 2821 553 2854 debebat:
586 2819 643 2851 inf.
667 2820 773 2863 Epist.
791 2819 813 2854 i-.
841 2821 874 2857 3,

120 2832 180 2903 ἓ.
210 2866 359 2898 Pascitur
387 2867 422 2896 in
448 2871 582 2896 vestrum
611 2865 745 2894 reditum
775 2865 876 2894 votiva

7 2934 11 2937 Δ
35 2914 57 2931 '‘f‘
82 2945 92 2951 ,
114 2911 264 2952 jaun-oa.
320 2909 476 2946 Custodes,
507 2906 679 2938 tutelares:
721 2906 875 2943 Numidae,

60 2947 62 2953 ⁸
125 2961 302 2995 cognomen
323 2950 441 2983 nobilis
463 2949 567 2992 gentis
587 2949 703 2981 Plotiae
721 2955 755 2980 et
771 2949 875 2981 AEmi-

125 2993 192 3031 lin,
201 2995 290 3038 quod
298 2994 452 3037 majorum
465 2992 582 3035 aliquis
590 2992 633 3024 ob
643 3002 706 3023 rem
716 2991 878 3034 quandam

127 3037 164 3070 in
178 3037 331 3071 Numidia
345 3037 497 3081 praeclare
511 3042 635 3078 gestam
655 3035 816 3079 accepisse
831 3036 878 3068 vi·

907 1613 1012 1645 detur.
1061 1614 1191 1650 Ultima,
1208 1613 1429 1650 remotissima,
1442 1619 1478 1646 ut
1489 1613 1546 1646 inf.
1556 1614 1591 1652 ii,
1606 1616 1656 1654 18,

907 1657 941 1692 3,
957 1658 1070 1688 ultima
1085 1658 1209 1699 Africa.
1249 1659 1373 1688 Dividit
1385 1659 1500 1690 oscula.
1545 1658 1659 1689 Oscula

907 1701 1055 1734 dividere,
1088 1700 1182 1732 modo
1203 1700 1292 1738 huic,
1316 1700 1409 1732 modo
1432 1701 1488 1732 alii
1510 1700 1657 1732 osculum

908 1741 994 1780 dare,
1013 1749 1050 1773 ut
1066 1753 1137 1785 sup.
1158 1742 1180 1780 i,
1206 1744 1257 1781 15,
1281 1745 1331 1779 15.
1353 1746 1493 1775 carmina
1512 1745 1660 1776 dividere.

910 1786 1028 1816 Memor
1038 1786 1121 1817 Actae
1134 1797 1193 1817 uon
1207 1788 1270 1817 alio
1278 1797 1349 1829 rege
1356 1788 1503 1827 puertiae:
1519 1788 1661 1819 suaviter

909 1828 1092 1867 recordans,
1107 1839 1140 1860 se
1158 1839 1222 1860 una
1236 1839 1311 1861 curn
1326 1840 1364 1861 eo
1378 1830 1438 1861 sub
1460 1830 1556 1861 unius
1570 1830 1659 1872 ejus-

909 1870 1045 1913 demque
1075 1871 1220 1913 magistri
1250 1872 1301 1903 vel
1333 1871 1473 1904 custodis
1507 1873 1662 1916 auspiciis

909 1915 1076 1956 pueritiam
1107 1914 1311 1956 transegisse,
1339 1921 1371 1947 et
1401 1915 1497 1946 simul
1521 1926 1595 1947 curn
1621 1927 1660 1948 eo

908 1963 1015 1997 togam
1043 1957 1164 1989 virilem
1187 1957 1352 1996 induisse;
1384 1967 1403 1988 a
1425 1958 1542 1990 teneris
1564 1959 1662 2000 igitur

909 2000 1062 2032 Numidae
1093 2006 1126 2032 et
1156 2000 1278 2032 Lamiae
1315 2000 1457 2032 amicitia
1485 2002 1662 2036 coaluerat.

910 2043 1055 2080 Mutant,
1071 2048 1232 2086 praetextae
1249 2054 1363 2086 nempe
1378 2054 1452 2075 cum
1468 2054 1558 2086 pura.

956 2087 1094 2118 10—16.
1119 2087 1226 2118 cressa
1251 2098 1290 2118 ne
1311 2095 1416 2118 careat
1439 2089 1571 2128 pulchra
1597 2090 1662 2121 dies

911 2136 999 2160 nota.-
1016 2129 1096 2166 dies,
1130 2140 1202 2161 uem
1211 2130 1305 2162 hodie
1314 2131 1525 2167 celebramus,
1535 2131 1662 2164 laetissi-

910 2183 983 2204 mus
1007 2179 1082 2204 nota
1095 2183 1115 2204 a
1131 2173 1171 2204 ba
1186 2173 1389 2215 insigniatur.
1407 2173 1441 2205 h.
1456 2185 1486 2206 e.
1499 2173 1533 2205 in
1551 2186 1662 2208 nume·

911 2226 981 2246 rum
993 2215 1250 2248 felicissimorum
1260 2216 1383 2248 dierum
1394 2217 1558 2249 reseratur.
1582 2219 1663 2252 Dies

910 2258 1068 2291 feliciores
1092 2259 1178 2301 apud
1203 2260 1371 2291 Romanos
1396 2266 1471 2292 nota
1500 2261 1586 2298 alba,
1614 2264 1663 2295 vel

911 2302 983 2334 albo
999 2302 1124 2345 lapillo,
1139 2302 1332 2334 infeliciores
1355 2309 1461 2335 autem
1482 2310 1558 2335 nota
1573 2305 1664 2348 nigra

912 2345 961 2377 vel
977 2351 1046 2377 atro
1061 2345 1174 2388 lapillo
1189 2353 1313 2378 notatos
1329 2346 1440 2383 fuisse,
1454 2347 1532 2378 satis
1551 2355 1663 2381 notum

911 2394 975 2420 est:
1001 2389 1044 2421 cf.
1060 2388 1238 2421 Bentleius.
1283 2391 1402 2426 Cressa,
1426 2390 1461 2422 h.
1485 2401 1515 2422 e.
1537 2391 1622 2430 alba,
1645 2404 1665 2425 a

912 2437 1009 2470 creta,
1024 2443 1097 2474 quae
1115 2442 1153 2463 ex
1177 2431 1285 2464 insula
1305 2434 1402 2465 Creta
1421 2434 1471 2466 vel
1488 2441 1663 2477 apportata,

911 2475 962 2506 vel
987 2486 1044 2518 pro
1069 2475 1198 2507 Cretica
1227 2481 1311 2507 terra
1339 2476 1450 2508 habita
1475 2477 1545 2509 fuit.
1591 2479 1664 2511 Neu.

910 2525 1036 2559 promtae
1061 2520 1165 2550 modus
1190 2520 1352 2559 amphorae,
1385 2530 1464 2552 neve
1493 2520 1608 2553 modus
1631 2523 1665 2554 in

914 2561 1097 2604 promendis
1114 2572 1154 2593 ex
1173 2562 1257 2594 cella
1276 2562 1399 2594 vinaria
1421 2564 1582 2606 amphoris
1602 2576 1666 2597 ser-

914 2611 1015 2640 vetur.
1037 2605 1069 2636 h.
1083 2615 1111 2636 e.
1127 2605 1246 2647 largius
1267 2605 1361 2638 hodie
1376 2606 1486 2638 vinum
1509 2607 1667 2642 afferatur.

915 2648 1048 2685 Saliam,
1062 2647 1234 2684 Saliorum,
1250 2649 1367 2680 Martis
1382 2649 1594 2690 sacerdotum,
1610 2653 1667 2694 qui

916 2701 956 2723 ex
979 2691 1098 2722 Numae
1116 2691 1261 2723 instituto
1283 2692 1459 2724 secundum
1481 2693 1555 2725 Liv.
1572 2694 1596 2732 i,
1612 2697 1667 2733 20,

915 2746 971 2775 per
987 2736 1089 2765 urbem
1105 2737 1151 2766 ire
1171 2742 1312 2767 canentes
1326 2738 1466 2767 carmina
1480 2748 1550 2768 cum
1566 2740 1667 2779 tripu-

918 2779 979 2810 diis
993 2779 1176 2819 solemnique
1186 2780 1437 2820 saltationzejussi
1452 2786 1537 2811 sunt.
1570 2781 1670 2814 Multi

920 2821 1063 2852 Damalis
1076 2823 1165 2859 meri,
1202 2822 1300 2859 uella,
1316 2832 1389 2864 quae
1403 2822 1534 2865 largiter
1545 2823 1619 2855 vino
1636 2836 1669 2858 se

918 2863 1116 2905 ingurgitare
1141 2874 1176 2896 so
1190 2866 1277 2901 ebat,
1303 2871 1341 2896 ut
1362 2866 1450 2908 apud
1473 2865 1570 2897 Ovid.
1589 2868 1671 2900 Met.

919 2907 984 2945 xiv,
1016 2908 1093 2943 452.
1121 2909 1269 2949 nimiique
1302 2908 1457 2948 Elpenora
1485 2911 1571 2940 vini.-
1611 2910 1672 2942 fuit

921 2950 1070 2982 Damalis
1092 2950 1178 2982 haud
1197 2950 1294 2982 dubie
1316 2951 1464 2983 libertina
1490 2952 1539 2982 vel
1564 2953 1673 2994 puella

922 2993 1130 3031 inhonestior,
1137 2995 1214 3036 quia
1223 2993 1458 3026 honestioribus
1467 2994 1515 3025 vel
1526 2994 1673 3036 ingenuis

924 3035 1101 3078 virginibus
1130 3037 1218 3069 haud
1243 3037 1394 3070 interesse
1418 3037 1539 3069 licebat
1557 3040 1672 3080 potati-
