1884 3288
330 193 410 234 152

877 193 1274 237 CARMINUM

1002 362 1153 390 LYDIA.

607 426 877 480 Quamquam
897 426 1035 467 sidere
1057 425 1276 480 pulchrior

662 491 737 533 Ille
757 499 836 542 est,
855 499 902 533 tu
921 491 1054 532 levior
1074 492 1245 541 cortice,
1267 499 1310 532 et
1329 491 1525 546 improbo

606 557 858 599 Iracundior
879 558 1046 599 Hadria
1062 574 1070 598 :

661 623 826 666 Tecum
847 625 986 665 vivere
1008 638 1154 674 amem,
1177 630 1318 665 tecum
1339 624 1492 665 obeam
1513 623 1665 665 libens.

885 844 1156 887 CARMEN
1195 846 1253 888 X.

846 985 942 1015 AD
1006 986 1302 1016 LYCEN.
1645 996 1657 1015 ι

603 1086 870 1128 ExTREMUM
891 1088 1060 1130 Tanain
1082 1089 1117 1129 si
1137 1090 1322 1138 biberes,
1346 1089 1479 1143 Lyce,

600 1154 724 1194 Saevo
745 1161 879 1208 nupta
899 1156 1012 1196 viro:
1045 1171 1110 1196 me
1132 1163 1272 1196 tamen
1293 1171 1466 1210 asperas

598 1219 850 1261 Porrectum
871 1229 968 1262 ante
990 1222 1102 1262 fores
1126 1222 1310 1276 objicere
1332 1221 1479 1263 incolis

672 1287 676 1290 ’
883 1286 1080 1329 Plora1·es
1102 1287 1405 1343 Aquilonibus·

359 1419 495 1449 17—20.
521 1419 627 1450 Prisca
651 1420 759 1455 Venus,
781 1418 930 1461 pristinus
947 1429 1045 1450 amor.

314 1460 606 1502 Diductosquejugo
627 1464 705 1502 cogit
724 1473 824 1495 aeneo.
841 1473 896 1504 pro
911 1461 1043 1503 vulgari,

312 1502 489 1543 disjunctos
516 1503 690 1534 firmissimo
716 1503 842 1534 vinculo
871 1503 1045 1545 conjungit.

311 1545 394 1586 Jugo
413 1547 492 1587 cogit
517 1556 622 1576 aeneo.-
646 1557 716 1588 sup.
732 1556 856 1587 quoque
877 1546 898 1582 i,
922 1547 975 1582 33,
997 1547 1044 1580 10,

313 1587 425 1618 Venus
439 1589 550 1618 animos
571 1589 623 1618 sub
638 1591 723 1629 juga
739 1599 813 1618 aena
834 1591 951 1618 mittere
966 1587 1043 1618 diei-

311 1634 371 1665 tur,
402 1630 456 1660 ubi
483 1630 524 1660 cf.
552 1635 617 1660 not.
645 1636 677 1660 et
705 1629 744 1660 ad
769 1631 874 1662 Carm.
899 1629 934 1665 ii,
958 1632 989 1666 5,
1017 1632 1044 1660 1.

312 1671 420 1707 Flavo,
437 1671 581 1712 pulchra,
598 1676 633 1702 ut
649 1671 831 1702 sexcenties,

353 1714 493 1744 21-24,
515 1714 617 1744 Sidere
638 1715 805 1752 pulchrior,
829 1714 859 1744 h.
883 1723 911 1744 e.
937 1712 1045 1744 sideris

311 1754 448 1796 alicujus
464 1756 658 1798 splendorem
675 1756 780 1787 formae
796 1766 861 1786 suae
877 1755 974 1786 nitore
990 1766 1041 1786 su·

310 1804 412 1838 perat:
437 1799 521 1838 apud
542 1799 668 1829 Homer.
684 1797 778 1828 Iliad.
799 1798 840 1832 vi,
862 1799 920 1828 401
947 1798 1045 1839 Asty-

310 1848 393 1870 anax
407 1839 559 1882 ἀλίγκιος
573 1839 688 1881 ἀστέρι
702 1841 796 1881 καλῷ
808 1840 938 1871 dicitur:
957 1840 1043 1880 cogi-

311 1882 440 1912 tandum
457 1882 598 1924 inprimis
610 1882 648 1913 de
662 1883 764 1917 Luna,
780 1883 872 1923 cujus
887 1882 1043 1924 splendori

309 1923 424 1964 passim
441 1925 641 1965 pulchrarum
658 1924 824 1955 formarum
844 1924 925 1955 nitor
942 1925 1039 1965 aequi-

309 1971 454 2006 paratur:
479 1967 524 1997 sic
548 1977 618 2008 sup.
634 1966 668 2004 ii,
688 1969 718 2002 5,
743 1968 794 2002 18,
819 1965 858 1997 de
882 1966 1040 2002 Chloride,

309 2008 376 2038 albo
398 2010 440 2039 sic
462 2010 579 2039 humero
602 2011 710 2043 nitens,
735 2009 775 2038 Ut
795 2019 873 2047 pura
894 2016 1042 2039 nocturno

308 2052 425 2081 renidet
451 2051 542 2082 Luna
567 2053 657 2081 mari.
703 2051 830 2086 Cortice,
858 2051 981 2086 subere,
1007 2057 1042 2082 ut

308 2101 403 2124 carm.
418 2093 560 2124 anteced.
576 2103 605 2124 v.
624 2093 673 2123 10.
710 2093 843 2132 Improba
859 2093 1041 2123 Iracundior

310 2134 450 2165 Hadria.-
475 2146 546 2177 sup.
566 2145 689 2176 quoque
704 2134 726 2170 i,
743 2136 797 2170 33,
816 2136 866 2170 15,
889 2135 1041 2176 Myrtales

307 2175 468 2208 iracundia
485 2188 556 2208 cum
573 2177 665 2208 maris
678 2177 853 2208 Hadriatici
865 2185 942 2208 aeslu
955 2187 1039 2208 com-

306 2225 445 2260 paratur.

540 2303 741 2335 CARMEN
764 2303 806 2334 X.

349 2344 380 2374 A
405 2345 500 2386 Lyce,
525 2355 618 2387 quam
639 2346 776 2381 amabat,
799 2356 862 2376 non
885 2345 1037 2377 admissus

306 2385 363 2416 hoc
386 2397 512 2418 carmen
535 2387 698 2428 querulum
722 2393 794 2418 ante
817 2387 886 2429 ejus
905 2387 1037 2429 januam

304 2428 400 2459 canit.
442 2430 582 2460 Primum
598 2429 703 2470 igitur.
720 2435 756 2460 ut
773 2430 970 2461 miseratione
988 2429 1038 2461 sui

304 2469 415 2501 durum
433 2471 533 2512 Lyces
549 2471 686 2502 animum
706 2472 828 2512 frangat
843 2477 873 2503 et
887 2472 1036 2508 emolliat,

304 2523 394 2544 saevae
424 2513 628 2555 tempestatis,
659 2519 732 2545 ante
762 2514 847 2545 illius
873 2515 951 2546 fores
978 2514 1036 2546 sibi

303 2560 443 2596 porrecto
471 2555 671 2598 perferendae,
701 2557 830 2598 exponit
865 2557 1033 2598 injuriam;

302 2597 427 2633 deinde,
444 2605 479 2628 ut
493 2599 533 2628 ab
550 2598 647 2628 invisa
664 2598 780 2629 Veneri
803 2598 947 2640 superbi-a
965 2609 1033 2630 eam

301 2639 464 2675 deterreat,
493 2640 612 2671 subitas
638 2641 783 2671 Fortunae
806 2641 890 2672 vices
912 2641 940 2672 ei
963 2647 1035 2673 ante

301 2682 408 2712 oculos
431 2682 540 2724 ponit;
574 2682 710 2723 denique
731 2682 843 2713 iterum
870 2683 899 2714 ei
925 2694 1034 2724 expro—

300 2724 388 2755 brata
410 2735 532 2755 summa.
553 2723 648 2755 animi
668 2724 792 2761 duritie,
808 2736 839 2756 se
862 2725 1033 2762 laboribus,

300 2776 380 2807 quos
401 2766 470 2808 ejus
496 2777 592 2798 causa
619 2767 741 2802 subeat,
770 2767 894 2798 tandem
917 2767 1034 2799 vietum

300 2819 363 2840 non
381 2809 516 2850 amplius
531 2809 619 2839 illam
641 2814 820 2840 curaturum
843 2819 911 2840 esse
933 2810 1032 2840 mina-

299 2856 362 2882 tur.
407 2852 466 2883 Est
476 2856 573 2883 toturn
589 2851 648 2882 hoc
661 2861 784 2882 carmen
798 2852 1030 2893 παρακλαυσί-

299 2895 415 2935 Θυρον,
430 2893 463 2924 h.
477 2903 508 2924 e.
524 2903 660 2929 carmen,
676 2898 748 2924 ante
766 2893 879 2935 puellae
899 2894 1028 2934 januam

298 2937 337 2967 ab
355 2941 490 2968 amatore
502 2946 563 2967 non
575 2935 752 2968 intromisso
764 2935 919 2967 flebilibus
930 2936 1028 2967 modis

1089 1418 1300 1454 decantatum,
1325 1419 1502 1461 cujusmodi
1521 1418 1667 1451 carminis
1684 1419 1821 1462 particu-

1088 1461 1150 1491 lam
1170 1461 1235 1503 jam
1259 1471 1353 1503 supra
1376 1461 1526 1493 Horatius
1547 1461 1617 1493 libri
1639 1461 1731 1503 primi
1753 1473 1821 1494 car-

1089 1503 1166 1533 mini
1192 1503 1340 1544 vigesimo
1364 1504 1473 1544 quinto
1498 1505 1545 1545 (v.
1564 1506 1596 1542 8,
1614 1505 1653 1542 9)
1675 1503 1821 1536 intexuit.

1089 1545 1211 1576 Similia
1242 1545 1564 1588 παρακλαυσιθύρου
1588 1547 1731 1588 exempla
1754 1546 1821 1588 jam

1086 1587 1255 1618 laudarunt
1269 1587 1335 1625 alii,
1350 1588 1456 1618 Plaut.
1472 1588 1568 1620 Curc.
1582 1588 1604 1626 i,
1620 1588 1652 1623 2,
1670 1589 1711 1620 60
1725 1598 1796 1630 sqq.
1809 1600 1819 1628 ;

1089 1629 1182 1660 Ovid.
1205 1629 1278 1660 Am.
1301 1629 1321 1665 i,
1346 1631 1385 1668 6;
1411 1630 1552 1677 Propert.
1574 1631 1596 1666 i,
1615 1630 1667 1665 16,
1692 1631 1730 1661 17
1752 1639 1821 1672 sqq.

1087 1671 1118 1701 in
1145 1671 1265 1702 Graecis
1290 1671 1447 1703 Theocrit.
1472 1671 1507 1702 iii
1528 1678 1560 1704 et
1580 1671 1674 1710 xxiii3
1696 1677 1728 1704 et
1749 1673 1821 1704 Ari-

1087 1713 1189 1754 stoph.
1203 1714 1326 1744 Eccles.
1343 1715 1530 1745 945—967:
1553 1715 1596 1747 cs.
1609 1715 1742 1757 Caspar.
1760 1715 1819 1746 Sa-

1087 1755 1142 1795 git.
1157 1755 1195 1786 de
1211 1757 1286 1787 Jan.
1305 1756 1392 1787 Vett.
1410 1767 1438 1788 c.
1455 1757 1509 1788 37.

1133 1799 1226 1828 1—4.
1270 1799 1443 1829 Extremum
1481 1799 1600 1829 Tanain
1635 1799 1661 1829 si
1697 1800 1818 1835 biberes,

1087 1839 1179 1880 Lyce,
1196 1846 1270 1871 cett.
1292 1850 1423 1871 sensus:
1448 1839 1601 1881 quamviS,
1624 1849 1642 1870 ο
1665 1836 1758 1882 Lyce,
1783 1846 1820 1872 ut

1086 1882 1197 1913 mulier
1211 1882 1275 1913 fera
1289 1889 1320 1913 et
1337 1883 1467 1914 barbara
1486 1882 1604 1914 viveres
1622 1881 1817 1924 in'Scytbia,

1084 1929 1115 1954 et
1131 1924 1274 1955 timendae
1287 1925 1412 1956 saevitiae
1425 1925 1535 1956 marito
1546 1923 1589 1956 ibi
1601 1923 1712 1965 juncta
1722 1935 1816 1962 esses,

1084 1969 1188 1996 tamen
1208 1966 1346 1997 animum
1363 1973 1452 1997 tuum
1471 1967 1544 2003 mei,
1559 1972 1632 1997 ante
1647 1966 1727 1998 fores
1747 1973 1818 1998 tuas

1084 2007 1237 2048 prostrati,
1259 2014 1290 2039 et
1311 2014 1470 2039 ventorum
1494 2007 1651 2040 violentiae
1670 2009 1816 2051 expositi,

1083 2050 1201 2081 subiret
1217 2050 1384 2081 miseratio.
1431 2051 1561 2086 Tanain,
1578 2056 1683 2081 notum
1701 2052 1817 2083 flumen

1084 2090 1115 2121 in
1134 2092 1281 2133 Scytliia3
1303 2100 1478 2128 eati-amum,
1501 2098 1659 2129 extreman,
1679 2092 1711 2124 h.
1726 2103 1755 2125 e.
1770 2103 1816 2125 re·

1084 2134 1263 2165 motissimae
1283 2135 1429 2175 regionis.
1473 2136 1525 2167 Sic
1544 2135 1601 2166 inf.
1625 2134 1726 2178 Epist.
1743 2134 1766 2171 i,
1785 2137 1814 2172 l,

1084 2177 1137 2212 45,
1163 2179 1284 2207 extremi
1309 2177 1403 2216 lnam
1428 2177 1528 2219 Epist.
1544 2177 1566 2213 i,
1586 2178 1618 2215 6,
1640 2178 1672 2213 6,
1693 2181 1816 2209 extremi

1085 2219 1218 2256 Arabes;
1242 2224 1274 2250 et
1285 2219 1390 2250 Carm-
1405 2219 1451 2257 iii,
1469 2220 1519 2255 11,
1536 2220 1590 2254 47,
1604 2222 1725 2250 extremi
1746 2219 1815 2250 Nu-

1083 2262 1234 2291 midarum
1249 2263 1318 2303 agri
1329 2272 1340 2298 ;
1364 2266 1398 2292 ut
1414 2261 1528 2303 passim
1548 2261 1630 2303 apud
1650 2260 1814 2293 Horatium

1082 2304 1221 2339 ultimus,
1245 2313 1272 2334 v.
1287 2314 1317 2338 c,
1333 2313 1403 2344 sup.
1422 2303 1443 2340 i,
1460 2304 1513 2339 36,
1531 2305 1562 2338 4,
1578 2304 1688 2334 ultima
1705 2303 1814 2344 Hespe-

1081 2347 1150 2382 ri11,·
1175 2344 1208 2381 ii,
1227 2346 1276 2381 18,
1292 2347 1324 2381 4,
1347 2347 1456 2376 ultima
1482 2346 1615 2387 Africa;
1639 2345 1661 2378 i,
1684 2346 1737 2383 35,
1758 2347 1812 2382 29,

1080 2388 1190 2418 ultima
1208 2387 1383 2419 Britannia.
1428 2387 1560 2423 Biberes,
1572 2387 1679 2430 populi
1694 2387 1778 2418 enim
1793 2398 1813 2419 a

1081 2429 1183 2460 fluviis
1207 2439 1285 2470 quos
1308 2430 1454 2461 accolunt
1475 2429 1519 2461 ita
1539 2429 1755 2470 designantur,
1777 2435 1814 2461 ut

1080 2481 1131 2502 eos
1155 2471 1261 2503 bibere
1283 2471 1447 2509 dicantur3
1470 2472 1542 2504 hinc
1563 2482 1632 2514 sup.
1646 2473 1670 2508 i,
1686 2472 1740 2507 20,
1757 2472 1810 2508 20,

1083 2513 1219 2544 Rhodani
1233 2521 1337 2554 potor,-
1361 2520 1393 2545 et
1408 2513 1463 2545 inf.
1480 2514 1521 2551 iv,
1542 2515 1592 2551 15,
1607 2514 1661 2551 21.
1675 2516 1727 2555 qui
1739 2525 1810 2553 pro-

1069 2556 1210 2596 fundum
1238 2557 1414 2587 Danubium
1436 2558 1552 2588 bibunt.
1598 2557 1689 2591 Saevo,
1718 2556 1810 2598 cujus

1079 2604 1166 2629 atrox
1182 2599 1238 2629 tibi
1254 2598 1287 2628 in
1303 2598 1416 2629 furtivo
1433 2608 1537 2630 amore
1556 2598 1633 2630 forte
1650 2598 1810 2639 deprensae

1077 2641 1341 2671 extimescendum
1357 2646 1440 2671 esset
1454 2640 1629 2682 ingenium.
1672 2642 1809 2680 Asperos,

1078 2682 1111 2713 h.
1127 2693 1155 2714 e.
1170 2684 1276 2717 duras,
1296 2682 1506 2724 significanter
1522 2692 1589 2724 pro,
1610 2687 1692 2713 mas.
1735 2683 1808 2714 Plo-

1076 2736 1160 2756 rores
1174 2737 1218 2756 me
1232 2727 1367 2765 olfficere,
1382 2724 1565 2765 exquisitius
1579 2734 1646 2772 pro,
1663 2734 1726 2755 non
1741 2724 1808 2756 sine

1077 2767 1274 2798 miseratione
1295 2772 1327 2798 et
1347 2767 1453 2798 dolore
1471 2777 1520 2798 me
1535 2765 1698 2809 oincereffi
1721 2766 1754 2798 h.
1777 2777 1807 2798 o.

1076 2820 1137 2847 me,
1148 2810 1242 2852 cujus
1251 2809 1415 2847 misereret,
1427 2809 1655 2840 intromitterem
1684 2809 1806 2844 Incolis,

1075 2858 1235 2894 perpetuo,
1264 2857 1412 2892 tanquam
1439 2850 1471 2882 in
1497 2850 1656 2883 domicilio
1677 2860 1748 2888 suo,
1773 2850 1804 2882 in

1075 2894 1203 2935 Scythia
1220 2893 1463 2925 dominantibus.
