1904 3314
662 173 889 221 LIBER
920 174 955 225 Ι,
987 176 1028 216 2.

1531 178 1617 219 305

95 272 152 314 85
181 271 329 316 Jactat
348 274 570 330 habetque
589 274 745 330 palam,
768 275 941 330 quaerit,
963 290 1054 330 quo
1078 276 1223 331 turpia
1245 276 1371 319 celet.

183 340 384 398 Regibus
407 343 477 385 hic
497 358 589 385 mos
609 350 700 385 est:
732 344 809 385 ubi

830 358 968 399 equos
989 350 1251 395 mercantur,
1275 352 1454 400 opertos

182 408 440 465 Inspiciunt,
461 425 530 460 ne,
553 411 589 452 si
609 409 758 462 facies,
781 418 831 453 ut
852 426 983 466 saepe,
1006 411 1169 454 decora

181 476 309 520 Molli
327 477 436 521 fulta
453 478 568 534 pede
587 486 668 529 est,
689 486 901 522 emtorem
922 479 1102 522 inducat
1123 479 1331 531 hiantem,

182 545 318 594 Quod
338 544 534 600 pulchrae
554 545 717 597 clunes,
744 547 874 589 breve
895 547 1015 602 quod
1036 555 1183 603 caput,
1207 549 1345 591 ardua
1365 549 1512 591 cervix
1532 565 1541 591 :

93 612 152 654 90
179 612 281 656 Hoc
301 612 362 655 illi
381 620 523 656 recte:
555 629 610 656 ne
633 615 828 670 corporis
850 615 1014 670 optima
1035 615 1204 670 Lyncei

181 681 487 738 Contemplere
508 681 662 733 oculis,
686 682 871 738 Hypsea
892 683 1049 736 caecior
1069 683 1155 733 illa,

181 749 296 798 Quae
315 749 426 792 mala
446 756 562 800 sunt,
584 758 756 806 spectes
775 767 785 793 z

848 751 891 792 O
917 765 1033 802 crus,
1057 767 1083 792 o
1104 751 1309 793 brachia!
1372 751 1541 794 Verum

178 817 394 873 Depygis,
415 826 587 869 nasuta,
611 819 733 860 brevi
753 817 889 861 latere
911 833 962 861 ac
983 819 1098 874 pede
1118 818 1251 875 longo
1271 826 1352 861 est.

178 884 398 929 Matronae
418 894 580 943 praeter
599 887 752 930 faciem
773 887 832 930 nil
853 903 1032 931 cernere
1054 889 1214 944 possis,

92 952 150 995 95
180 953 354 1006 Cetera,
376 955 421 997 ni
441 955 567 997 Catia
587 962 670 1006 est,
692 955 880 998 demissa
898 962 1020 998 veste
1042 956 1246 1012 tegentis.

181 1021 230 1063 Si
248 1022 479 1066 interdicta
497 1030 638 1080 petes,
660 1023 772 1066 vallo
794 1024 1062 1067 circumdata
1083 1025 1199 1079 (nam
1220 1031 1263 1066 te

181 1089 282 1132 Hoc
303 1090 407 1134 facit
426 1091 657 1145 insanum),
679 1091 827 1134 multae
850 1092 930 1135 tibi
952 1099 1043 1134 tum
1064 1093 1255 1135 officient
1277 1108 1361 1144 res,

181 1158 418 1209 Custodes,
437 1158 605 1210 lectica,
628 1160 869 1211 ciniflones,
891 1161 1111 1216 parasitae,

180 1225 258 1270 Atd
278 1227 388 1269 talos
409 1227 519 1269 stola
541 1228 730 1285 demissa
751 1235 795 1270 et
815 1228 1084 1271 circumdata
1105 1228 1234 1284 palla,

70 1294 152 1337 100
181 1293 388 1345 Plurima,
410 1310 509 1350 quae
530 1295 752 1337 invideant
773 1310 887 1350 pure
909 1311 1123 1351 apparere
1145 1296 1224 1338 tibi
1244 1311 1349 1338 rem.

181 1361 339 1406 Altera
358 1363 417 1406 nil
439 1365 585 1406 obstat
603 1381 613 1415 3
646 1364 749 1406 C'ois
772 1364 852 1406 tibi
874 1379 1000 1420 paene
1021 1365 1170 1406 videre
1191 1373 1259 1406 est

182 1430 248 1492 Ut
266 1431 453 1483 nudam;
484 1447 539 1474 ne
560 1447 686 1474 crure
707 1431 834 1483 malo,
857 1448 911 1474 ne
933 1433 988 1474 sit
1009 1432 1123 1488 pede
1145 1434 1279 1489 turpi,

183 1499 336 1542 Metiri
356 1501 498 1556 possis
519 1501 646 1543 oculo
666 1499 793 1543 latus.

67 1602 136 1633 bere
151 1599 215 1632 diei
230 1601 354 1643 potest!
378 1610 484 1632 nonne
504 1607 606 1640 aperte
620 1603 773 1632 ostendere
787 1606 819 1632 et

63 1644 170 1684 palam
194 1644 303 1675 habere
323 1653 425 1674 uuum
441 1642 597 1685 idemque
620 1644 690 1674 est‘!
714 1654 819 1675 nonne

67 1691 162 1729 poeta
177 1685 222 1724 id,
238 1685 324 1728 quod
339 1685 432 1718 modo
453 1685 545 1722 dixit,
564 1685 635 1717 aliis
651 1686 755 1718 verbis
770 1696 819 1718 re-

68 1728 170 1773 petit!
215 1730 335 1772 Aperte
364 1729 416 1760 hic
448 1729 540 1760 locus
570 1739 660 1760 corru
684 1734 735 1760 tus
761 1735 820 1765 est,

67 1782 162 1815 quem
178 1772 223 1805 ita
238 1771 410 1815 legendum
425 1777 457 1804 et
474 1739 735 1813 distinguengum
750 1782 820 1803 esse

69 1825 125 1890 2¹2¹?
127 1814 687 1900 ⁹2225435⁰22523²⁰⁰315355⁵⁶‘⁴3:⁶5
689 1815 821 1898 ε’ἕηίζέἷᾷ

69 1903 146 1934 celet
158 1913 170 1940 ,-
194 1901 227 1933 h.
241 1912 271 1934 e.
286 1912 357 1940 nec,
372 1911 565 1943 quamquam
586 1900 630 1938 id,
647 1900 732 1942 quod
749 1901 820 1943 pul-

69 1944 183 1976 chrum
197 1950 258 1982 est,
271 1943 375 1987 jactat
392 1949 424 1976 et
445 1944 550 1987 palam
572 1943 678 1982 habet,
694 1943 821 1986 quaerit,

72 1987 166 2030 (quo)
189 1988 348 2030 quomodo
369 1986 482 2029 (sicuti
502 1992 654 2018 matronae
678 1997 733 2029 per
755 1992 820 2018 sto-

71 2030 156 2072 lam)
183 2030 294 2074 turpia
321 2029 417 2062 celet.
472 2029 684 2062 Confirmatus
715 2035 822 2062 autem

71 2084 141 2106 sum
166 2073 201 2104 in
226 2074 286 2106 hac
305 2072 538 2110 emendatione,
554 2078 722 2116 postquam
737 2072 820 2110 vidi,

71 2116 315 2160 inquibusdam
339 2115 444 2148 Codd.
468 2116 551 2159 apud
574 2117 668 2148 Feam
695 2126 750 2158 pro
768 2117 816 2147 ho-

72 2162 152 2192 nesti
166 2170 238 2192 vere
253 2159 316 2202 legi
331 2160 498 2191 honestum.
527 2159 561 2190 Si
577 2169 645 2201 pro,
662 2159 821 2200 quamvis,

71 2202 143 2239 etsi,
159 2202 294 2247 saepius:
313 2201 377 2235 vid.
389 2202 555 2234 Drakenb.
572 2202 613 2233 ad
627 2201 697 2233 Liv.
712 2201 823 2240 xxxiii,

72 2247 129 2283 49,
145 2246 161 2288 §
176 2247 219 2278 3:
243 2246 410 2284 honestum,
429 2245 611 2287 pulchrum,
629 2250 798 2276 venustum
813 2257 822 2285 3

71 2289 120 2321 nic
132 2288 238 2332 facies
252 2288 303 2321 vel
316 2288 426 2332 forma
446 2289 568 2320 honesta
590 2298 659 2331 pro,
675 2288 822 2330 pulchra,

73 2330 161 2375 apud
177 2331 305 2365 Terent.
319 2330 425 2363 Andr.
448 2331 470 2370 i,
487 2333 518 2370 1,
534 2332 576 2363 95
591 2343 600 2371 3
625 2331 776 2363 Eunuch.
801 2331 823 2368 i,

73 2376 108 2412 ὓ,
123 2375 178 2412 ⁵2,
193 2380 227 2408 et
245 2374 281 2412 ἱί,
301 2377 331 2410 l.
345 2375 401 2412 24,
418 2380 450 2406 et
468 2374 512 2412 iv,
528 2375 560 2410 4,
580 2376 640 2413 15⁴3
664 2381 757 2415 caput
773 2375 823 2405 ho-

73 2424 191 2451 nestum
206 2417 291 2462 apud
306 2418 399 2460 Virg.
417 2419 498 2449 AEn.
514 2428 545 2456 x,
562 2418 638 2448 133.

112 2462 163 2494 -86
182 2471 254 2504 sqq.
279 2461 411 2504 Regibus
432 2462 481 2492 hic
500 2472 560 2491 mos
580 2467 635 2497 est,
650 2465 728 2491 cett.
751 2470 824 2492 sen-

19 2512 23 2514 ’
69 2504 246 2537 sentiarum
261 2514 365 2536 nexus
389 2503 442 2535 hic
464 2505 528 2536 fere
547 2508 612 2534 est:
639 2503 694 2544 qui
710 2509 825 2551 matro-

15 2556 31 2578 ῑ-
69 2557 136 2580 ω
156 2551 330 2585 sectantur,
352 2552 485 2579 externa
504 2555 615 2578 earum
635 2556 741 2588 specie
762 2557 827 2577 non

70 2600 151 2623 ιηῐο
162 2600 197 2623 se
205 2589 311 2634 decipi
322 2590 485 2638 patiuntur
498 2591 505 2620 ε’
530 2588 716 2631 prudentius
729 2595 830 2630 agunt

27 2642 31 2643 ⁷
76 2633 289 2678 potentiorem
311 2633 356 2670 hi,
372 2633 429 2664 ubi
450 2642 552 2675 equos
574 2637 766 2668 mercantur,
789 2643 829 2664 ne

70 2680 242 2710 externam
255 2685 362 2708 eorum
379 2675 530 2718 speciem,
542 2675 687 2706 decoram
704 2674 830 2713 faciem,

27 2716 34 2745 Ῑ
81 2719 193 2752 molles
253 2719 323 2756 des,
343 2711 494 2762 pulchras
517 2718 641 2754 clunes,
660 2717 755 2750 breve
776 2729 830 2750 ca—

40 2794 43 2801 ,
79 2766 152 2811 put,
176 2729 309 2794 argium
331 2761 487 2794 cervicem
509 2760 767 2803 contemplando,
791 2761 832 2792 ab

27 2807 46 2845 3?
73 2805 127 2842 tie⁴
149 2815 222 2848 quau
255 2802 302 2836 in*
317 2805 357 2836 iis
384 2805 498 2837 vitiosa
529 2809 603 2835 sunt
633 2803 834 2835 observandis

24 2851 34 2886 ἢ·
82 2853 274 2924 nvp-tenantur?
289 2859 376 2890 σφωε
390 2846 578 2880 velamentis
596 2853 712 2886 opertos
731 2856 835 2879 emere

32 2896 34 2898 ’
77 2899 121 2922 ω
174 2895 199 2923 t.
264 2893 276 2922 i

287 2891 392 2965 (iu-ies
414 2892 520 2922 decora
544 2890 635 2921 Molli
655 2889 741 2927 fulta
761 2892 836 2930 pede

83 2940 142 2971 att,
166 2943 224 2983 pro
244 2945 286 2966 vu
300 2933 380 2976 gari,
406 2933 432 2965 si
448 2932 557 2982 'facies
583 2933 698 2964 decora
724 2939 756 2964 et
782 2944 838 2975 pes

78 2975 194 3008 mollin
205 2982 267 3010 est.
310 2977 386 3008 Non
405 2986 490 3009 emm
505 2977 609 3017 pedem
627 2976 742 3006 »nollem
765 2986 837 3007 eum

856 1500 930 1543 An
951 1502 1031 1544 tibi
1051 1502 1185 1543 mavis
1220 1543 1229 1550 ,

862 1601 1086 1644 interpretibus
1111 1601 1151 1632 ad
1175 1611 1329 1643 equorum
1351 1600 1427 1631 vitia
1450 1600 1562 1637 refero,
1582 1607 1619 1632 ut

861 1655 912 1684 pes
928 1646 1025 1675 mollis
1046 1644 1098 1679 sit,
1115 1643 1296 1681 imbecillis,
1311 1643 1475 1682 infirmus3
1498 1644 1554 1675 sed
1577 1645 1617 1675 ad

864 1697 1018 1728 equorum
1043 1687 1184 1724 laudem,
1209 1686 1286 1728 quia
1310 1686 1343 1716 in
1371 1686 1505 1728 pulchro
1532 1697 1616 1727 equo

865 1730 916 1760 vel
931 1730 1067 1761 maxime
1082 1729 1190 1771 placet
1206 1739 1261 1770 pes
1277 1730 1387 1766 mollis,
1404 1729 1436 1759 h.
1455 1739 1484 1760 e.
1501 1729 1617 1766 tenuis,

865 1777 896 1803 et
911 1773 1043 1814 proinde
1058 1772 1183 1814 agilior,
1201 1770 1381 1802 flexibilior.
1428 1771 1482 1802 Sic
1497 1770 1537 1802 de
1553 1772 1613 1803 sal-

865 1815 1005 1846 tantibus
1041 1817 1173 1846 membra
1213 1815 1315 1845 mollia
1359 1814 1445 1856 apud
1488 1814 1619 1846 Lucret.

865 1857 910 1895 iv,
924 1859 1000 1896 977,
1016 1863 1048 1889 et
1062 1859 1186 1889 brachia
1201 1858 1305 1888 mollia
1324 1856 1411 1899 apud
1433 1855 1531 1888 Ovid.
1548 1857 1617 1889 Art.

867 1902 943 1932 Am.
958 1901 981 1936 i,
999 1902 1075 1933 598.
1120 1901 1224 1931 Immo
1244 1899 1329 1942 apud
1347 1899 1516 1941 Virgilium
1536 1911 1617 1941 quo-

866 1953 928 1985 que
945 1944 1026 1975 Geo.
1047 1943 1096 1979 iii,
1115 1945 1169 1979 75,
1186 1954 1280 1974 crura
1300 1943 1404 1974 mollia
1425 1943 1466 1973 ad
1490 1942 1617 1974 laudem

867 1986 1007 2028 generosi
1036 1985 1110 2028 equi
1136 1985 1326 2018 referuntur.
1371 1986 1520 2028 Regibus,
1544 1985 1617 2017 diti-

866 2029 986 2067 oribus,
1000 2029 1209 2065 beatioribus,
1225 2034 1260 2060 ut
1274 2028 1408 2071 passim.

909 2073 1052 2104 90—93.
1075 2073 1143 2104 Hoc
1165 2073 1215 2102 illi
1237 2079 1330 2107 recte,
1354 2081 1398 2103 sc.
1422 2071 1564 2111 faciunt3
1586 2077 1619 2104 et

865 2116 923 2147 hoc
948 2115 1007 2147 tibi
1028 2115 1175 2158 exemplo
1195 2124 1264 2146 esse
1291 2119 1402 2157 potest,
1420 2125 1459 2146 ne
1483 2114 1517 2145 iu
1542 2125 1619 2146 con-

865 2157 1058 2201 templandis
1073 2157 1212 2200 corporis
1226 2157 1369 2200 partibus
1385 2157 1620 2199 pulchrioribus

868 2202 997 2244 Lynceo
1013 2201 1056 2232 sis
1070 2200 1238 2236 oculatior,
1255 2206 1287 2232 at
1302 2201 1336 2232 in
1353 2200 1428 2239 illis,
1441 2211 1513 2243 quae
1531 2201 1620 2233 foeda

867 2250 955 2280 sunt,
996 2245 1130 2286 Hypsea
1167 2244 1297 2275 caecior.
1343 2243 1498 2285 Lynceus,
1536 2244 1620 2275 filius

872 2287 1024 2331 Apharei,
1036 2288 1293 2329 Argonautarum
1310 2297 1405 2325 unus,
1421 2286 1467 2318 ita
1482 2287 1622 2319 valuisse

868 2330 999 2362 traditur
1016 2330 1131 2367 oculis,
1149 2335 1184 2361 ut
1204 2339 1313 2362 eorum
1336 2329 1405 2362 aoie
1427 2330 1499 2361 loca
1517 2340 1618 2362 remo-

869 2373 1001 2410 tissima,
1035 2373 1134 2405 immo
1170 2373 1303 2411 Orcum,
1337 2373 1465 2416 assequi
1503 2379 1623 2416 posset.

871 2417 1006 2458 Hypsea,
1038 2417 1164 2452 mulier,
1195 2415 1342 2447 caecitate
1373 2423 1440 2447 tum
1472 2417 1623 2459 temporis

870 2466 956 2491 nota.
1002 2460 1028 2490 Ο
1044 2471 1126 2496 crus,
1143 2471 1159 2490 o
1174 2460 1322 2490 brachia!
1345 2459 1446 2501 primo
1470 2466 1622 2491 matrona:

871 2502 1012 2545 alicujus
1029 2502 1180 2546 adspectu
1199 2502 1374 2533 exclamas.
1420 2502 1624 2535 Obversaba-

872 2552 922 2577 tur
958 2545 1091 2577 Horatio
1121 2546 1183 2588 Ep.
1220 2544 1400 2576 Philodami
1434 2545 1501 2583 xxi,
1533 2545 1622 2576 Ana-

873 2590 947 2621 lect.
967 2590 1016 2626 16,
1034 2599 1067 2631 p.
1083 2588 1246 2619 88—106.
1286 2588 1625 2630 Depygisoirrvyog),

874 2643 946 2675 quae
969 2637 1029 2668 est,
1046 2639 1082 2662 ut
1103 2631 1254 2663 Horatius
1275 2630 1418 2673 loquitur
1437 2642 1509 2674 sup.
1524 2632 1629 2679 -Epod,

875 2677 907 2710 8,
951 2673 985 2712 5',
1025 2676 1122 2706 aridis
1167 2675 1304 2706 natibus.
1352 2675 1485 2712 Nasum,
1532 2674 1627 2705 mmis

876 2718 973 2759 longo
989 2727 1066 2749 naso
1081 2717 1247 2749 deformis.

919 2762 973 2792 94.
1005 2761 1169 2796 Matronae,
1193 2766 1269 2792 cett.
1292 2770 1425 2792 sensus:
1451 2760 1540 2803 apud
1563 2771 1630 2791 ma-

878 2810 1000 2836 tronam
1020 2808 1135 2846 praeter
1154 2803 1268 2836 faciem
1290 2808 1453 2835 externam
1472 2803 1552 2834 nihil
1573 2803 1631 2834 tibi

878 2857 1006 2879 cernere
1035 2847 1136 2883 licet3
1166 2853 1319 2878 matronae
1347 2846 1445 2884 enim,
1476 2845 1538 2876 nisi
1567 2856 1632 2887 qua

880 2889 993 2921 similis
1004 2895 1052 2921 est
1062 2889 1178 2931 Catiae,
1191 2895 1345 2921 matronae
1357 2887 1631 2931 impudicissimae,

883 2939 959 2965 veste
983 2934 1121 2968 demissa,
1146 2932 1180 2964 h.
1210 2943 1241 2964 e.
1270 2932 1353 2963 stola
1379 2932 1435 2973 (ut
1459 2931 1575 2962 dicitur
1601 2930 1633 2959 in

884 2987 914 3007 v.
942 2976 1004 3018 99)
1029 2976 1069 3006 ad
1096 2975 1177 3007 talos
1207 2974 1357 3010 demissa,
1381 2980 1484 3005 cetera
1512 2978 1639 3013 tegunt,

858 3033 879 3052 x
