1884 3288
299 213 380 254 124

854 212 1249 255 CARMINUM

867 429 1138 471 CARMEN
1170 429 1227 470 II.

526 559 780 601 ANGUSTAM
802 561 932 601 amice
953 559 1198 614 pauperiem
1219 558 1307 612 pati

527 626 752 667 Robustus
773 628 859 667 acri
880 626 1027 667 militia
1046 640 1154 679 puer

583 693 839 743 Condiscat;
871 700 914 734 et
935 691 1121 733 Parthos
1143 691 1306 732 feroces

640 759 784 800 Vexet
806 773 936 813 eques
957 758 1212 799 metuendus
1233 757 1379 798 hasta:

471 824 498 864 5
528 823 758 878 Vitamque
781 826 860 865 sub
882 825 979 866 divo
1000 823 1176 878 trepidis
1197 830 1296 878 agat

527 890 578 930 In
598 891 740 931 rebus.

802 890 928 932 Illum
947 905 1001 932 ex
1022 891 1232 932 moenibus
1251 889 1428 931 hosticis

584 956 785 998 Matrona
806 956 1003 998 bellantis
1026 958 1193 1010 tyranni

642 1022 930 1077 Prospiciens,
952 1031 995 1064 et
1016 1022 1161 1064 adulta
1181 1023 1316 1076 virgo,

532 1088 751 1142 Suspiret:
786 1089 937 1130 Eheu!
970 1104 1022 1129 ne
1043 1089 1162 1129 rudis
1184 1089 1397 1142 agminum

450 1155 501 1195 10
531 1154 724 1208 Sponsus
744 1153 927 1196 lacessat
948 1155 1091 1208 regius
1113 1169 1312 1208 asperum

347 1338 430 1369 Cum
446 1337 583 1367 Romani
599 1347 618 1368 a
632 1337 740 1379 priscae
756 1337 930 1379 disciplinae
949 1347 1035 1368 seve-

303 1379 393 1410 ritate
430 1378 556 1410 aulatim
569 1379 602 1409 in
614 1379 788 1414 mollitiem,
801 1379 921 1416 luxum,
934 1385 964 1410 et
975 1379 1038 1409 alia

302 1421 380 1452 vitia
421 1427 651 1462 egenerassent‚
669 1429 770 1462 poeta,
792 1421 921 1462 primam
944 1422 1038 1463 hujus

304 1462 379 1494 mali
402 1463 503 1494 labem
530 1473 549 1493 a
574 1473 716 1504 perversa
740 1462 896 1494 educandi
921 1464 1039 1494 ratione

303 1505 502 1546 repetendam
528 1515 595 1536 esse
622 1515 765 1542 censens,
787 1505 920 1546 graviter
943 1515 1040 1546 popu-

305 1546 387 1578 lares
409 1557 482 1578 suos
498 1552 612 1584 monet,
628 1552 663 1577 ut
685 1547 830 1588 antiquas
853 1546 954 1587 gentis
976 1548 1039 1577 Ro-

305 1598 407 1619 tnanae
430 1588 560 1619 virtutes
581 1589 746 1619 recolendo
769 1598 878 1630 pueros
900 1588 1042 1630 inprimis

294 1630 496 1671 fortitudini,
515 1632 679 1670 εαρὶεηιίω,
695 1636 726 1661 et
736 1631 828 1670 fidei,
849 1631 1042 1662 sanctissime

308 1671 342 1702 in
358 1671 408 1708 iis,
425 1682 496 1713 quae
511 1672 715 1703 taciturnitati
730 1672 863 1714 alicujus
877 1673 1043 1703 commissa

309 1713 385 1750 sint,
402 1713 573 1749 servandae‚
585 1719 706 1744 mature
720 1713 945 1745 adsuefaciant.
969 1715 989 1745 J
993 1725 1041 1744 am

308 1765 381 1786 vero
404 1765 474 1786 cum
500 1756 662 1786 sententiae
686 1756 815 1792 laxiore,
839 1761 874 1786 ut
898 1755 1044 1787 carminis

309 1796 400 1838 lyrici
422 1797 539 1828 ferebat
558 1797 689 1833 indoles,
705 1798 737 1828 in
757 1798 815 1829 hoc
830 1807 956 1838 quoque
977 1808 1044 1829 car.

309 1839 395 1870 mine
417 1839 496 1870 inter
517 1850 549 1870 se
570 1850 657 1871 nexae
679 1840 741 1870 sint
754 1840 892 1875 vinculo,
914 1840 943 1870 id
967 1839 1044 1871 adeo

310 1881 473 1911 nonnullis
498 1881 599 1912 fraudi
625 1882 693 1919 fuit,
716 1887 762 1918 ut,
787 1892 858 1912 cum
882 1881 959 1912 ratio
982 1893 1045 1923 qua

310 1933 364 1954 eas
386 1922 467 1954 inter
488 1933 520 1954 se
544 1923 749 1954 conciliarent
770 1935 832 1954 non
857 1930 1043 1965 suppeteret,

310 1964 370 1995 hoc
385 1974 511 1995 carmen
526 1975 564 1995 ex
581 1965 677 1996 tribus
696 1965 824 1996 diversis
840 1966 909 1996 aliis
929 1966 1046 1997 confla-

310 2011 379 2037 tum
392 2016 460 2038 esse
480 2012 662 2038 statuerent.
705 2007 767 2038 Sed
781 2008 860 2039 bene
878 2017 911 2038 se
927 2018 974 2038 res
991 2008 1045 2039 ha-

311 2049 375 2079 bet.
410 2048 578 2088 Sententiae
595 2049 638 2079 ita
653 2048 714 2079 fere
730 2059 762 2080 se
774 2049 934 2090 excipiunt
949 2062 955 2079 :
980 2053 1000 2065 “
1013 2049 1046 2080 Si

311 2090 474 2131 antiquam
499 2090 600 2130 gentis
622 2096 734 2121 nostrae
759 2091 888 2131 gloriam
913 2092 1046 2132 amplius

312 2132 393 2163 tueri
425 2132 580 2168 volumus,
615 2132 730 2163 relictis
762 2133 852 2163 rebus
889 2134 1044 2169 omnibus.

334 2183 422 2205 ueros
437 2179 555 2204 nostros
570 2179 688 2205 mature
709 2174 741 2204 in
762 2174 950 2216 perferendis
970 2175 1046 2206 belli

311 2184 472 2246 laboribus
496 2226 650 2251 exercere,
674 2217 713 2246 ad
735 2216 842 2247 mortis
869 2227 923 2258 pro
947 2218 1045 2258 patria

311 2263 464 2299 susceptae
492 2259 588 2289 decus
617 2258 819 2294 inflammare,
848 2259 886 2289 ab
915 2259 1046 2298 ignaviae

311 2305 414 2331 autem
431 2299 580 2331 dedecore
594 2299 756 2337 deterrere,
772 2306 803 2330 et
819 2300 863 2331 sic
877 2311 930 2332 eos
948 2306 1046 2332 metu-

311 2341 409 2372 endos
434 2342 574 2372 hostibus
600 2342 711 2372 nostris
736 2342 862 2373 reddere
889 2343 1047 2375 debemus.

313 2383 374 2414 Sed
389 2390 499 2424 praeter
520 2384 730 2415 fortitudinem
746 2390 792 2415 est
807 2384 879 2420 alia,
897 2385 936 2415 ad
957 2385 1048 2426 cujus

311 2424 446 2456 studium
479 2431 598 2456 mature
631 2425 807 2457 adducendi
840 2432 915 2457 sunt
949 2427 1048 2468 pueri,

313 2467 422 2502 virtus,
438 2477 520 2508 quae,
539 2478 611 2498 cum
633 2468 759 2499 minime
782 2468 822 2499 ad
848 2478 930 2499 aurae
951 2479 1047 2511 popu-

311 2507 384 2539 laris
399 2509 559 2540 arbitrium
582 2520 614 2540 se
636 2511 860 2545 accommodet,
877 2510 931 2541 sed
953 2517 1050 2542 semet

311 2550 411 2592 ipsam
432 2561 489 2581 suo
514 2551 612 2592 ipsius
633 2557 754 2582 tueatur
777 2553 932 2594 praesidio,
949 2563 1050 2594 neque

312 2593 344 2623 in
359 2593 501 2635 petendis
513 2593 681 2624 honoribus
698 2594 933 2635 ignominiosam
947 2596 1051 2636 repul.

312 2645 379 2666 sam
405 2635 474 2670 sert,
499 2646 599 2676 neque
624 2635 656 2665 in
683 2636 721 2666 iis
748 2636 914 2676 fungendis
940 2643 1048 2668 contu-

311 2676 414 2708 meliae
438 2677 603 2718 cujusdam
627 2683 699 2708 nota
723 2678 962 2714 contaminatur,
988 2679 1050 2710 imo

311 2718 552 2750 immortalitatis
567 2720 694 2761 praemio
710 2721 855 2751 afficitur.
900 2721 952 2751 Ad
968 2721 1048 2752 hanc

312 2761 443 2792 accedat
471 2761 572 2792 fidelis
601 2761 808 2799 taciturnitas,
836 2773 908 2803 quae
938 2763 1051 2804 pariter

313 2803 441 2844 praemio
455 2812 512 2833 suo
525 2803 660 2842 gaudet3
683 2814 755 2833 cum
772 2803 865 2845 impia
881 2811 987 2835 contra
1004 2815 1051 2836 res

312 2854 444 2876 arcanas
466 2844 635 2885 evulgandi
665 2845 775 2876 levitas
801 2846 910 2876 sceleri
936 2857 968 2877 se
995 2847 1049 2877 ob-

313 2886 438 2918 noxiam
461 2886 565 2924 faciat,
587 2886 679 2928 cujus
702 2897 828 2929 poenam
854 2887 899 2918 dii
923 2888 1049 2926 ultores,

313 2928 457 2970 quamvis
492 2938 570 2966 sero,
608 2929 783 2972 repetunt.''
841 2930 880 2961 In
917 2940 1048 2972 quarum

1080 1294 1228 1325 virtutum
1251 1294 1518 1326 commendatione
1540 1294 1612 1336 quis
1635 1303 1697 1325 non
1720 1294 1815 1326 sentit

1079 1335 1302 1377 generosiorem
1319 1338 1420 1378 gentis
1436 1339 1586 1369 Romanae
1601 1336 1744 1378 spiritum
1761 1336 1767 1365 !

1126 1379 1217 1408 1-6.
1242 1379 1400 1416 Rabienus,
1425 1379 1456 1409 h.
1482 1389 1510 1409 e.
1534 1378 1611 1410 firmi
1636 1378 1815 1419 robustique

1080 1419 1227 1461 corporis,
1243 1421 1359 1460 durus3
1383 1421 1548 1462 opponitur
1566 1430 1659 1462 puero
1681 1419 1816 1451 molliter

1081 1463 1214 1492 educato
1228 1468 1259 1493 et
1274 1463 1407 1494 serendis
1421 1462 1581 1498 laboribus,
1592 1461 1722 1504 impar-it
1743 1471 1816 1504 pos-

1083 1503 1125 1534 sis
1145 1514 1269 1545 quoque
1289 1505 1432 1546 jungere,
1448 1505 1586 1536 robustus
1608 1507 1672 1535 acri
1693 1505 1816 1542 militia,

1084 1545 1115 1576 h.
1130 1555 1160 1576 e.
1183 1546 1284 1576 factus
1307 1557 1361 1588 per
1382 1543 1485 1577 acrem
1505 1551 1537 1577 et
1559 1552 1716 1577 strenuam
1732 1545 1814 1576 mili-

1084 1588 1158 1618 tiam
1202 1589 1367 1619 robustior.
1422 1589 1590 1629 Angustam
1631 1590 1815 1628 pauperiem,

1085 1629 1239 1660 duriorem
1262 1629 1348 1660 illam
1374 1635 1498 1665 sortem,
1513 1640 1576 1672 qua
1594 1630 1685 1661 rebus
1705 1629 1738 1660 in
1759 1637 1815 1660 an-

1086 1676 1210 1712 gustum
1239 1671 1405 1702 contractis
1436 1677 1601 1703 contentus
1628 1682 1695 1703 esse
1727 1671 1819 1703 debet

1086 1713 1188 1744 miles.
1233 1715 1333 1744 Amice
1359 1715 1438 1754 pati,
1469 1714 1598 1746 Graece:
1629 1714 1818 1756 ἀγαπητῶς

1087 1755 1205 1797 φέρειν,
1220 1755 1250 1786 h.
1265 1766 1293 1787 e.
1316 1756 1457 1788 lubenter
1477 1755 1541 1787 sive
1555 1763 1676 1804 promto
1696 1761 1817 1798 parato-

1087 1807 1148 1838 que
1171 1797 1275 1828 animo
1297 1798 1374 1829 ferre
1389 1810 1396 1836 ;
1419 1797 1502 1839 quod
1517 1809 1600 1830 enim
1620 1799 1655 1830 fit
1667 1799 1771 1832 amice,
1786 1797 1819 1828 id

1087 1849 1211 1881 quoque
1235 1846 1355 1881 promto
1371 1845 1540 1882 paratoque
1559 1839 1664 1871 animo
1685 1839 1750 1871 fieri
1769 1849 1819 1870 so-

1088 1881 1143 1911 let.
1177 1882 1272 1918 Vexet,
1289 1887 1406 1924 premat
1420 1887 1451 1913 et
1465 1882 1582 1914 fortiter
1594 1881 1734 1913 invadat.
1767 1881 1819 1912 Vi-

1089 1928 1204 1963 tamque
1225 1925 1277 1954 sub
1291 1926 1368 1959 divo,
1384 1929 1457 1955 cett.
1500 1925 1539 1955 In
1561 1923 1705 1955 omnibus
1731 1923 1822 1955 Libb-

1088 1965 1186 1995 MSS.
1209 1971 1241 1996 et
1261 1966 1357 1996 Editt.
1378 1965 1490 2007 legitur
1507 1966 1660 2007 Vitamqne
1679 1967 1732 1997 sub
1753 1967 1822 1997 divo

1087 2012 1116 2036 et
1130 2009 1253 2046 trepidis
1272 2014 1344 2048 agat
1361 2008 1398 2038 In
1414 2009 1501 2038 rebus
1511 2019 1522 2045 ;
1545 2018 1602 2040 nec
1625 2007 1710 2038 ullus
1726 2007 1821 2039 inter-

1088 2054 1208 2088 pretum
1232 2049 1417 2091 particulam
1432 2056 1461 2079 et
1482 2055 1554 2080 ante
1569 2052 1694 2090 trepidis
1713 2059 1822 2092 super-

1088 2090 1181 2120 fluam
1196 2092 1288 2132 plane
1299 2101 1377 2127 esse,
1389 2097 1420 2123 et
1430 2091 1578 2122 orationis
1591 2091 1821 2134 simplicitatem

1089 2133 1224 2169 turbare,
1241 2133 1467 2164 animadvertit.
1510 2135 1628 2165 Verum
1641 2133 1723 2165 enirn
1740 2143 1822 2172 vero,

1089 2183 1160 2204 cum
1171 2181 1296 2206 extrusa
1307 2175 1459 2216 particula
1469 2182 1495 2206 et
1506 2185 1616 2207 sensus
1623 2181 1714 2208 exeat
1722 2177 1822 2208 multo

1089 2216 1281 2254 concinnior,
1297 2224 1324 2247 et
1341 2219 1432 2248 vitam
1449 2219 1480 2248 ἰη
1495 2220 1582 2249 rebus
1597 2220 1720 2259 trepidis
1733 2218 1781 2260 (h,
1795 2228 1824 2250 e.

1089 2258 1216 2298 quando
1244 2259 1424 2301 reipublicae
1456 2259 1629 2301 periculum
1665 2260 1823 2298 imminet)

1090 2302 1143 2331 suh
1167 2303 1234 2331 divo
1257 2307 1352 2343 agat‚·
1376 2301 1460 2332 haud
1484 2301 1559 2332 mihi
1582 2301 1723 2343 religioni
1747 2303 1824 2334 duxi

1090 2353 1158 2373 eam
1182 2342 1296 2379 delere,
1313 2353 1370 2375 nec
1392 2354 1429 2374 ea
1452 2343 1554 2375 deleta
1566 2354 1616 2375 me
1631 2344 1691 2374 vim
1713 2344 1825 2376 secisse

1091 2391 1190 2426 poetae
1217 2385 1335 2426 putavi.
1381 2386 1525 2417 Ceterum
1551 2396 1614 2428 qua
1638 2385 1691 2417 hic
1719 2396 1826 2418 versus

1091 2436 1237 2458 mensura
1266 2437 1340 2458 usus
1368 2433 1416 2458 est
1448 2433 1558 2470 poeta:
1591 2427 1747 2468 vitamque
1773 2430 1826 2460 sub

1092 2471 1123 2499 di
1143 2469 1147 2510 Ι
1167 2480 1200 2500 vo
1223 2471 1346 2509 trepidis
1369 2469 1582 2512 agan-eadem
1604 2469 1680 2501 alibi
1703 2480 1826 2512 quoque

1092 2511 1209 2548 utitur;
1238 2511 1281 2543 sic
1313 2511 1368 2542 inf.
1398 2512 1441 2548 iv,
1469 2513 1518 2548 14,
1548 2513 1599 2543 17.
1641 2513 1826 2552 Spectandus

1094 2556 1125 2585 in
1142 2565 1191 2584 cer
1210 2554 1215 2593 1
1236 2556 1346 2584 tamine
1363 2554 1491 2584 Martio.

1137 2597 1252 2626 6—12.
1297 2597 1315 2627 J
1322 2605 1422 2635 unge:
1462 2597 1605 2628 Matrona
1650 2595 1828 2639 (honestius

1093 2647 1158 2678 pro,
1176 2637 1270 2678 uxor)
1292 2643 1320 2668 et
1344 2639 1451 2668 adulta
1474 2640 1558 2680 virgo
1577 2643 1662 2681 (pro,
1681 2635 1745 2669 filia
1769 2648 1825 2669 nu-

1092 2678 1184 2719 bilis)
1216 2678 1355 2710 bellantis
1383 2682 1508 2720 tyranni
1536 2682 1714 2720 prospiciens
1740 2681 1828 2711 illum

1093 2721 1143 2763 (h.
1166 2731 1196 2752 e.
1221 2727 1282 2752 tam
1306 2722 1438 2762 egregiae
1465 2721 1655 2754 fortitudinis
1679 2721 1827 2762 militem)

1094 2766 1222 2803 suspiret
1246 2763 1449 2806 (suspirando
1471 2764 1504 2794 in
1530 2763 1598 2795 haec
1615 2765 1709 2796 verba
1727 2774 1828 2796 erum-

1095 2805 1165 2847 pat)
1179 2818 1185 2836 :
1212 2806 1319 2836 Eheu!
1335 2816 1370 2836 ne
1385 2811 1460 2836 cett.
1496 2806 1692 2845 Prospiciens.
1708 2812 1744 2838 ut
1759 2806 1829 2838 An-

1093 2847 1199 2888 tigone
1219 2857 1236 2878 e
1255 2847 1412 2879 moenibus
1431 2847 1590 2878 Thebanis
1613 2859 1631 2879 a
1654 2849 1695 2880 ud
1720 2848 1830 2890 Eurip-

1094 2889 1255 2920 Phoeniss.
1271 2890 1312 2920 90
1327 2901 1333 2919 :
1358 2889 1398 2921 cf.
1422 2890 1549 2920 Homer.
1564 2890 1626 2922 Ilia
1650 2914 1658 2922 .
1677 2890 1726 2927 iii,
1744 2891 1803 2922 154
1819 2901 1828 2928 ;

1094 2931 1225 2964 Hesiod.
1253 2932 1343 2963 Scut-
1370 2931 1465 2964 Herc.
1490 2933 1565 2964 241.
1608 2933 1708 2965 Rudis
1732 2934 1827 2975 agmi-
