1884 3288
291 210 376 251 218

847 207 1244 259 CARMINUM

577 313 761 356 Nescios
783 314 862 357 fari
881 331 1039 371 pueros
1061 316 1238 360 Achivis

572 380 731 422 Ureret
751 381 943 430 flammis,
967 385 1094 425 etiam
1111 384 1312 427 latentem

485 447 542 489 20

909 449 1065 491 Mati-is
1082 451 1124 491 in
1145 451 1238 492 alvo
1255 470 1264 502 3

572 513 646 564 Ni,
671 515 752 555 tuis
775 516 909 557 victus
932 516 1201 572 Venerisque
1222 526 1357 572 gratae

572 581 781 632 Vocibus,
804 583 960 624 Divom
981 584 1112 625 Pater
1131 585 1352 626 adnuisset

570 648 721 690 Rebus
741 649 896 691 AEneae
917 651 1082 704 potiore
1103 652 1257 692 ductos

905 715 1022 758 Alite
1047 733 1200 758 muros.

484 783 539 823 25
570 781 738 822 Doctor
759 781 935 836 Argivae
954 783 1110 824 fidicen
1132 783 1314 834 Thaliae,

571 848 751 897 Phoebe,
774 849 848 902 qui
869 849 1047 891 Xantho
1065 849 1169 890 lavis
1191 865 1312 891 amne
1334 851 1498 902 crines;

568 915 752 955 Dauniae
775 916 959 957 defende
981 917 1113 958 decus
1137 917 1348 967 Camenae,

909 982 1037 1023 Levis
1059 983 1244 1037 Agyieu.

569 1049 775 1103 Spiritum
797 1049 991 1091 Phoebus
1013 1050 1128 1099 mihi,
1152 1050 1347 1091 Phoebus
1369 1057 1505 1092 artem

484 1117 542 1158 30
575 1117 796 1166 Carminis,
819 1131 1057 1170 nomenque
1079 1117 1198 1157 dedit
1219 1124 1373 1170 poetae.

565 1184 794 1238 Virginum
814 1183 976 1237 primae,
998 1184 1208 1238 puerique
1229 1182 1355 1225 claris

901 1250 1103 1291 Patribus
1130 1251 1226 1300 orti,
1266 1243 1275 1247 A

564 1317 703 1358 Deliae
725 1316 859 1358 tutela
881 1317 1002 1366 Deae,
1027 1316 1202 1370 fugaces

558 1384 727 1437 Lyncas
750 1390 792 1424 et
813 1398 964 1425 cervos
987 1382 1225 1424 cohibentis
1248 1399 1363 1435 arcu,

272 1516 365 1547 quem
384 1505 455 1536 viris
476 1504 602 1535 armatis
619 1505 780 1544 gravidum
802 1506 920 1539 Graeci,
935 1515 1007 1535 cum

272 1548 405 1579 reditum
437 1547 470 1577 in
502 1546 631 1588 patriam
664 1547 871 1580 simulassent.
902 1547 1007 1577 dolose

270 1596 421 1631 tanquam
449 1590 564 1620 donum
592 1590 640 1619 vel
666 1588 825 1631 ἀνάθημα
855 1589 1008 1619 Minerva}

272 1632 431 1672 reliquisse
459 1632 617 1664 dicuntur,
648 1636 722 1660 nota
745 1637 819 1661 sunt
843 1631 946 1661 onmia
969 1641 1008 1661 ex

273 1675 362 1714 Virg.
379 1675 456 1704 ΖΕΒ.
469 1674 510 1703 ii:
535 1673 578 1704 cf.
597 1673 709 1709 Quint.
726 1672 797 1703 Cal.
813 1672 868 1708 xii,
883 1674 924 1704 66
938 1683 1007 1714 sqq.

273 1716 356 1746 Male
370 1717 512 1756 fei-imos,
537 1715 630 1745 stulte
661 1720 692 1745 et
722 1714 914 1756 inauspicato
944 1715 1008 1745 dies

271 1758 364 1789 festos
379 1757 418 1788 de
435 1758 617 1788 Graecorum
634 1756 772 1787 discessu
792 1757 984 1788 celebrantes
999 1769 1005 1788 :

272 1800 314 1831 cf.
339 1799 429 1840 Virg.
460 1801 537 1830 AEn.
564 1799 597 1834 ii,
621 1800 683 1829 248
709 1809 781 1839 sqq.
829 1800 1006 1830 Faunos--

269 1849 372 1873 ureret
387 1852 454 1883 pro,
469 1841 637 1876 fefellisset,
654 1840 799 1879 ussisset;
823 1849 857 1871 ut
873 1852 944 1883 sup.
960 1842 1004 1876 iii.

273 1886 324 1920 14,
353 1885 406 1918 27.
427 1884 545 1925 ferrem
575 1894 641 1924 pro,
673 1883 834 1921 tulissem3
865 1890 895 1913 et
924 1894 1006 1925 saepe

268 1926 355 1957 alibi.
400 1926 460 1956 Pro
473 1928 566 1964 captis
582 1926 632 1956 Cl.
652 1926 863 1956 Buttmannus
877 1925 909 1956 in
925 1927 1004 1956 Mis-

271 1969 345 1999 cell.
365 1968 427 1998 vol.
446 1967 481 2004 ii,
505 1967 561 1997 lib.
584 1967 606 2003 i,
624 1978 655 2008 p.
679 1969 729 1998 45.
749 1974 859 2005 tentat,
880 1975 1002 2007 captam

269 2010 322 2041 sed
352 2020 422 2041 eum
452 2020 561 2040 sensus
588 2014 699 2039 nostrae
726 2009 868 2040 lectionis
895 2011 1003 2041 eodem

269 2052 386 2087 redeat,
401 2052 546 2092 equidem
566 2062 671 2081 vocem
690 2051 801 2082 idonea
820 2053 1004 2084 auctoritate

269 2094 447 2125 destitutam
460 2093 588 2124 Horatio
601 2093 763 2124 obtrudere
774 2094 882 2124 nolim.
922 2095 1003 2125 Gra..

267 2139 323 2174 vis,
338 2142 437 2170 atrox,
453 2135 620 2170 timendus,
639 2134 757 2176 βαρύς.
804 2136 923 2166 Nescius
930 2137 1005 2178 fari

269 2189 385 2218 pueros,
402 2178 546 2211 infantes,
559 2176 659 2209 τέκνα
675 2176 794 2214 νήπια.
839 2178 940 2208 Etiam
958 2180 1002 2208 la-

269 2227 379 2251 tentem
395 2221 508 2250 Matris
522 2222 554 2249 in
567 2221 652 2250 alvo.-
677 2219 829 2261 ejusmodi
844 2220 943 2250 minas
955 2220 1003 2261 ja-

268 2263 312 2294 cit
333 2262 549 2303 Agamemnon
579 2261 662 2303 apud
695 2262 819 2292 Homer.
843 2261 938 2292 Iliad.
961 2263 1002 2298 vi,

270 2306 323 2342 57,
339 2308 408 2336 τῶν
424 2303 520 2345 μήτις
534 2304 718 2345 ὑπεκφύγοι
733 2302 837 2334 αἰπὺν
851 2303 1003 2346 ὄλεθρον,

270 2347 393 2390 Χεῖράς
409 2346 436 2378 Θ’
452 2345 622 2388 ἡμετέρας·
647 2345 722 2388 μηδ’
735 2346 855 2378 ὅντινα
868 2346 1004 2388 γαστέρι

269 2389 380 2432 μήτηρ
391 2391 524 2430 Κοῢρον
537 2389 636 2420 ἐόντα
648 2387 748 2430 φέροι,
761 2388 835 2429 μηδ’
847 2390 882 2426 ὃς
894 2389 1004 2431 φύγοι.

270 2433 386 2467 Gratae,
417 2430 571 2466 amabilis,
602 2430 715 2461 dulcis.
762 2431 860 2460 Rebus
890 2432 1002 2466 AEneae,

268 2485 323 2517 pro
342 2473 495 2515 simplice,
515 2474 648 2511 AEneae3
672 2483 730 2504 vox
751 2483 806 2508 res,
822 2473 876 2503 ubi
897 2475 1003 2513 singu-

268 2517 366 2548 lorum
382 2515 541 2546 hominum
558 2515 729 2557 periphrasi
748 2515 883 2550 inservit,
899 2516 999 2546 notio-

269 2569 340 2590 nem
363 2558 452 2589 sortis
473 2563 504 2588 et
525 2564 634 2592 status,
653 2558 685 2588 in
708 2567 770 2598 quo
793 2558 840 2588 vel
859 2564 933 2588 sunt
953 2559 1002 2589 vel

267 2602 320 2644 qui
343 2611 395 2632 eos
416 2606 532 2635 manet,
556 2600 649 2630 simul
671 2599 897 2641 complectitur.
944 2601 999 2630 Po-

267 2648 341 2675 t1'0re
358 2645 461 2674 ductus
478 2644 558 2672 Alite
573 2653 680 2678 muros,
695 2643 802 2672 urbem
819 2642 1000 2673 melioribus

266 2685 414 2728 auspiciis
435 2684 673 2716 exstruendam:
700 2695 798 2715 muros
823 2685 942 2720 duc-ere,
966 2690 1001 2715 ut

267 2728 351 2770 apud
375 2727 464 2768 Virg.
493 2728 571 2758 AEn.
594 2726 615 2762 i,
643 2727 715 2762 423,
740 2737 806 2768 pro,
831 2732 997 2762 exstruere,

263 2772 405 2803 educere.

306 2813 446 2844 25—28.
481 2811 554 2842 Jarn
583 2810 668 2853 ipsas
698 2821 815 2852 preces,
850 2821 930 2851 quas
961 2812 999 2842 ad

265 2855 444 2897 Apollinem
477 2853 510 2883 in
539 2853 596 2883 hoc
625 2853 761 2883 carmine
791 2853 930 2883 facturus
954 2859 1000 2883 est

264 2903 367 2941 poeta,
381 2895 522 2938 subjicit.
565 2896 681 2926 Iterum
702 2895 796 2934 igitur
815 2895 995 2935 Apollinem

265 2940 424 2983 appellat;
448 2938 500 2969 sed
524 2948 607 2968 nune
629 2937 730 2978 magis
752 2937 784 2967 in
809 2947 870 2968 rem
894 2947 995 2974 suam,

263 2989 298 3014 ut
328 2982 420 3014 talem
452 2980 576 3022 qualem
605 2980 672 3022 jam
705 2978 836 3022 experiri
859 2979 993 3017 volebat,

1051 1505 1084 1534 h.
1104 1515 1133 1535 e.
1152 1511 1186 1535 ut
1209 1511 1368 1547 poetarum
1389 1512 1553 1547 patronum
1573 1512 1604 1538 et
1623 1508 1790 1540 Musarum

1053 1547 1227 1588 praesidem.
1275 1548 1386 1578 Ductor
1410 1550 1531 1589 Argivae
1557 1549 1681 1588 Thaliae,
1702 1550 1733 1582 h.
1758 1562 1789 1582 e.

1053 1589 1157 1629 lyricae
1174 1599 1312 1630 poeseos,
1329 1600 1392 1630 qua
1411 1590 1516 1621 Graeci
1535 1591 1706 1628 excellunt,
1722 1603 1789 1624 ma·

1051 1630 1154 1671 gister,
1185 1630 1396 1669 διδάσκαλος·
1425 1633 1469 1663 sic
1494 1642 1564 1674 sup.
1594 1633 1628 1669 ii,
1656 1635 1707 1670 16,
1734 1637 1788 1672 38,

1054 1675 1150 1703 Graiu
1170 1674 1314 1707 Camena,
1326 1680 1361 1704 ut
1377 1684 1447 1704 mox
1467 1674 1592 1705 Daunia
1611 1676 1739 1707 Camena
1749 1678 1789 1709 de

1054 1715 1176 1746 Horatii
1205 1715 1397 1746 carminibus
1422 1715 1539 1757 lyricis,
1567 1727 1637 1758 quae
1695 1718 1789 1750 rimus

1053 1757 1106 1787 ille
1125 1758 1204 1788 inter
1225 1759 1383 1788 Romanos
1403 1759 1443 1789 ad
1461 1759 1639 1801 exemplum
1658 1729 1787 1792 graeco-

1050 1809 1118 1829 rum
1133 1800 1260 1831 cecinit.
1309 1802 1369 1835 Qui
1391 1801 1516 1830 Xantho
1533 1802 1609 1833 lavis
1627 1813 1712 1834 amne
1727 1805 1788 1834 cri-

1050 1853 1110 1876 nes,
1132 1843 1185 1884 qui
1208 1843 1312 1873 sedem
1335 1850 1420 1872 tuam
1443 1842 1540 1874 habes
1563 1843 1596 1874 in
1622 1845 1731 1884 Lycia,
1757 1851 1789 1876 et

1050 1883 1092 1914 ibi
1116 1884 1148 1914 in
1171 1884 1265 1914 fluvio
1289 1885 1418 1915 Xantho
1440 1884 1542 1917 crines
1566 1886 1670 1917 lavare
1692 1887 1786 1920 soles.

1051 1926 1243 1967 Designatur
1267 1928 1372 1966 Apollo
1397 1927 1556 1963 Patareus,
1579 1927 1618 1959 de
1640 1939 1702 1970 quo
1725 1929 1788 1961 vid.

1048 1978 1118 2010 sup.
1142 1968 1181 1998 ad
1204 1969 1249 2004 iii,
1272 1971 1302 2004 4,
1326 1970 1378 2006 64,
1399 1968 1453 1999 ubi
1473 1971 1568 2011 paulo
1587 1977 1659 2002 ante
1680 1981 1712 2002 v.
1731 1972 1785 2008 61,

1048 2010 1162 2050 pariter
1177 2011 1216 2042 de
1242 2011 1399 2052 Apolline,
1418 2011 1479 2045 Qui
1494 2023 1563 2043 rore
1577 2024 1654 2053 puro
1679 2014 1786 2044 Casta-

1048 2055 1093 2083 Ciae
1117 2055 1191 2084 lavit
1216 2053 1320 2084 Crines
1342 2054 1460 2084 solutos.
1506 2055 1635 2086 Daunioe
1657 2054 1784 2097 defende

1046 2097 1134 2125 decus
1152 2097 1296 2131 Camenae,
1315 2095 1375 2132 sac,
1390 2101 1425 2126 ut
1439 2106 1496 2137 ego
1511 2096 1544 2127 in
1561 2097 1698 2128 carmine
1717 2098 1784 2129 Sae-

1047 2137 1146 2167 culari
1162 2138 1304 2168 canendo
1320 2137 1408 2179 lyrici
1425 2144 1522 2179 poetae
1534 2138 1663 2180 gloriam
1678 2145 1710 2170 et
1726 2139 1782 2171 ho-

1048 2188 1151 2210 norem
1167 2179 1247 2209 inter
1266 2183 1423 2211 Romanos
1438 2190 1564 2222 quoque
1582 2186 1678 2212 tuear.
1725 2182 1783 2212 Le-

1047 2222 1101 2255 vis,
1125 2221 1282 2257 imberbis,
1306 2221 1347 2252 ad
1365 2226 1513 2252 aeternarn
1535 2222 1650 2254 Phoebi
1668 2222 1783 2264 juven-

1046 2268 1110 2292 tam
1145 2262 1389 2303 designandam:
1436 2263 1623 2295 Callimach.
1661 2266 1783 2307 Hymn.

1047 2304 1156 2346 Apoll.
1177 2314 1205 2335 V.
1227 2305 1280 2341 36,
1298 2306 1352 2340 37,
1375 2306 1441 2336 Καί
1460 2317 1516 2337 κεν
1533 2306 1583 2338 ἀεὶ
1603 2307 1703 2344 καλὸς
1725 2309 1783 2339 καὶ

1048 2346 1098 2377 ἀεὶ
1121 2345 1202 2384 νέος·
1226 2346 1262 2377 οὖ
1282 2359 1364 2378 ποτε
1385 2348 1508 2387 Φοίβου
1527 2349 1694 2387 θηλείαις,
1713 2349 1782 2382 οὐδ’

1047 2388 1152 2420 ὅσσον
1167 2390 1221 2419 ἐπὶ
1237 2390 1340 2430 χνόος
1349 2389 1430 2427 ἦλθε
1445 2393 1613 2432 παρειαῖς.
1643 2393 1781 2432 Agyieu..-

1048 2431 1092 2461 sic
1123 2431 1336 2473 appellabatur
1363 2433 1389 2462 A
1417 2432 1479 2462 ullo
1510 2443 1529 2463 a
1558 2433 1658 2470 cultu,
1688 2443 1781 2475 quem

1048 2473 1259 2504 Athenienses
1275 2474 1314 2509 ei,
1332 2480 1368 2504 ut
1408 2484 1443 2505 eo
1485 2475 1574 2509 atrio,
1589 2475 1712 2506 sacellis
1727 2486 1782 2518 per

1046 2516 1125 2550 vias,
1143 2516 1276 2557 ἀγυιάς,
1292 2523 1323 2546 et
1344 2522 1416 2547 ante
1431 2527 1455 2547 ae
1482 2518 1546 2548 ium
1561 2517 1641 2548 sores
1658 2517 1781 2559 positis,

1068 2559 1255 2588 raestabant:
1281 2558 1365 2593 vide,
1388 2569 1481 2599 quem
1505 2559 1555 2590 Cl.
1582 2558 1780 2600 Boettigerus

1045 2569 1377 2635 Eudavitsstanleium
1391 2600 1430 2631 ad
1444 2601 1552 2632 AEsch.
1564 2601 1781 2642 Agam.109o.

1044 2642 1195 2673 Cumulat
1205 2648 1305 2673 autem
1315 2647 1404 2684 poeta
1412 2643 1571 2684 Apollinis
1578 2643 1778 2683 cognomina,

1043 2691 1077 2715 ut
1092 2685 1156 2715 fieri
1174 2684 1205 2714 in
1222 2684 1345 2725 hymnis
1361 2684 1454 2715 solet.

1085 2727 1225 2757 29—40.
1251 2727 1401 2766 Spiritum
1431 2727 1558 2757 Phoebus
1585 2728 1671 2762 mihi,
1700 2733 1778 2759 cett.

1042 2769 1206 2809 sequentia
1227 2774 1329 2810 poeta,
1346 2769 1412 2810 jam
1436 2778 1543 2809 preces
1566 2779 1640 2800 suas
1662 2779 1682 2800 a
1706 2770 1777 2801 Deo

1043 2811 1207 2841 exauditas
1229 2821 1296 2841 esse
1317 2811 1464 2846 sentiens,
1489 2811 1688 2852 pronuntiat:
1714 2811 1777 2842 vid.

1043 2863 1162 2893 argum.
1207 2853 1368 2892 Spiritum,
1388 2853 1520 2883 canendi
1541 2853 1719 2884 facultatem
1745 2859 1778 2884 et

1042 2895 1213 2936 impetum;
1246 2901 1340 2925 artem
1373 2895 1526 2931 carminis,
1559 2895 1706 2926 carminis
1734 2895 1774 2926 ad

1041 2937 1114 2977 lyrae
1138 2937 1244 2968 modos
1264 2936 1474 2968 concinnandi
1493 2936 1655 2968 scientiam
1674 2945 1706 2968 et
1725 2947 1774 2968 ra-

1040 2979 1166 3011 tionem.
1218 2979 1375 3020 Vioeginum
1393 2981 1508 3020 prinzae,
1527 2981 1679 3021 puerique,
1700 2981 1775 3011 cett.
