1904 3314
327 203 413 244 470

815 204 1342 248 EPISTOLARUM

445 303 617 358 Pauper
637 305 748 346 enim
769 321 852 347 non
873 314 938 348 est
959 307 1027 348 cui
1046 321 1186 348 rerum
1208 307 1398 362 suppetit
1418 321 1535 348 usus.

389 371 416 411 5
446 370 492 411 Si
511 371 648 412 ventri
666 372 789 422 bene,
811 373 848 413 si
867 372 987 414 lateri
1007 380 1073 414 est
1093 374 1363 428 pedibusque
1384 374 1482 423 tuis,
1503 372 1562 414 nil

445 437 619 478 Divitiae
638 445 841 491 poterunt
859 439 1024 494 regales
1049 441 1209 482 addere
1230 441 1378 495 majus.

446 503 491 544 Si
514 503 623 544 forte
644 504 686 544 in
706 505 846 545 medio
866 506 1102 559 positorum
1123 507 1354 546 abstemius
1375 506 1521 547 herbis

444 569 567 611 Vivis
589 577 631 610 et
652 571 801 620 urtica,
824 572 883 612 sic
905 572 1018 612 vives
1039 579 1259 626 protenus,
1280 579 1328 613 ut
1348 579 1390 613 te

445 636 680 677 Confestim
700 636 888 690 liquidus
908 637 1089 679 fortunae
1112 639 1224 678 rivus
1246 640 1411 679 inauret
1429 654 1437 678 ε

364 702 416 742 10
445 701 529 742 Vel
549 703 650 755 quia
670 711 863 744 naturam
883 712 1046 745 mutare
1067 706 1247 758 pecunia
1268 705 1401 745 nescit
1419 722 1429 754 3

444 767 530 808 Vel
550 769 651 821 quia
670 777 824 810 cuncta
843 778 968 823 putas
989 785 1074 811 una
1094 772 1250 825 virtute
1270 772 1446 812 minora.

445 834 671 884 Miramur,
694 837 728 876 si
749 836 984 877 Democriti
1003 851 1135 890 pecus
1158 838 1245 878 edit
1265 837 1424 891 agellos

449 900 674 955 Cultaque,
698 903 799 943 dum
819 917 999 957 peregre
1021 910 1086 943 est
1107 904 1268 943 animus
1291 903 1380 943 sine
1401 916 1581 956 corpore
1602 901 1748 952 velox3

447 967 592 1014 Quum
614 975 661 1008 tu
681 968 792 1008 inter
814 969 997 1010 scabiem
1018 975 1176 1008 tantam
1197 975 1239 1008 et
1261 969 1456 1022 contagia
1477 968 1603 1009 lucri.

366 1034 417 1073 15
445 1032 522 1074 Nil
540 1048 717 1086 parvum
738 1034 891 1088 sapias,
912 1041 956 1074 et
976 1033 1117 1074 adhue
1139 1034 1331 1074 sublimia
1350 1048 1498 1074 cures:

449 1099 561 1145 Quae
582 1114 695 1140 mare
717 1107 987 1154 compescant
1009 1113 1170 1149 causae3
1202 1100 1305 1152 quid
1326 1106 1533 1154 temperet
1551 1114 1732 1151 annum;

378 1228 411 1256 4.
436 1226 495 1256 Cui
511 1237 611 1256 rerum
627 1229 755 1265 suppetit
772 1237 861 1257 usus:
884 1225 935 1256 cui
950 1235 1063 1268 suppe-

335 1274 406 1298 tunt
422 1278 468 1298 res
482 1268 662 1298 necessariae
678 1268 710 1298 in
732 1278 836 1303 usum,
853 1267 901 1299 vel
919 1268 972 1308 qui
995 1274 1063 1298 tan-

335 1315 400 1340 tum
423 1310 515 1340 habet
536 1317 688 1350 quantum
711 1311 750 1340 ad
773 1310 868 1340 vitam
889 1315 1065 1340 sustentan-

336 1351 409 1381 dam
429 1362 508 1392 0pus
524 1357 589 1382 est:
615 1363 714 1382 rerum
736 1362 816 1389 usus,
835 1361 883 1382 res
901 1351 1015 1392 quibus
1034 1351 1066 1381 in

337 1393 400 1424 vita
415 1393 552 1431 utimur;
575 1393 618 1423 sic
634 1393 715 1434 apud
733 1393 802 1424 Liv.
819 1393 894 1428 xxii.
915 1395 949 1428 2,
971 1404 1066 1423 neces·

335 1438 417 1465 suria
437 1437 475 1466 ad
494 1446 575 1471 usus,
596 1441 668 1465 sunt
686 1445 734 1466 res
751 1434 865 1476 quibus
882 1435 944 1466 vita
966 1445 1069 1465 carere

338 1487 400 1507 non
420 1482 530 1518 potest,
551 1477 621 1507 vitae
642 1477 816 1507 necessaria
832 1478 892 1518 (τὰ
914 1476 1067 1517 δέοντα);

337 1519 378 1549 cf.
392 1529 463 1561 sup.
479 1519 518 1549 ad
536 1519 598 1549 Od.
613 1517 646 1554 ii,
666 1520 715 1552 ll,
732 1521 765 1549 5.

381 1562 411 1591 5.
435 1563 467 1591 Si
482 1562 579 1591 ventri
592 1562 672 1596 bene,
685 1563 710 1591 si
727 1562 816 1591 lateri
827 1566 868 1590 est
879 1562 1068 1600 pedibusque,

337 1613 391 1644 pro
415 1602 547 1643 vulgari,
572 1601 597 1632 si
620 1603 713 1638 vales,
739 1602 765 1632 si
789 1603 869 1632 bona
892 1602 1069 1633 valetudine

337 1644 443 1675 uteris.
489 1644 606 1678 Lateri,
637 1643 791 1685 pulmoni.
837 1644 1004 1685 Expressit,
1036 1650 1070 1674 ut

338 1686 481 1717 observat
516 1685 698 1720 Lambinus,
740 1686 888 1715 Horatius
929 1686 994 1716 haec
1033 1696 1071 1716 ex

337 1728 481 1769 Theogn.
511 1728 597 1758 Sent.
625 1728 698 1762 724,
730 1726 794 1757 sive
825 1727 927 1768 potius
956 1727 1072 1759 Solone

339 1771 450 1810 (Frag.
463 1769 516 1804 xii,
529 1769 611 1810 apud
626 1770 762 1800 Brunck.
778 1780 808 1810 p.
828 1768 924 1807 109):
950 1768 1071 1800 Ἰσόντι

339 1814 559 1848 πλουτοῦσιν,
583 1811 672 1848 ὅσοις
695 1812 801 1847 πολὺς
824 1813 971 1852 ἄργυρος
989 1811 1070 1847 ἔστι,

339 1855 395 1886 καὶ
420 1855 557 1896 χρυσὸς,
582 1854 636 1885 καὶ
660 1856 723 1895 γῆς
747 1855 937 1904 πυροφόρου
961 1853 1071 1888 πεδία,

332 1896 454 1927 ''In-m
465 1896 492 1926 0'
503 1895 633 1934 ἡμίονοί
643 1907 689 1931 τε,
702 1897 755 1926 καὶ
767 1895 792 1936 ᾦ
802 1897 844 1926 τὰ
853 1894 972 1927 δεοντα
983 1895 1070 1936 πάρ-

340 1949 422 1973 εστι,
444 1938 568 1978 Γαστρὶ
587 1950 621 1968 τε
641 1939 693 1969 καὶ
715 1939 876 1979 πλευραῖς
895 1938 948 1969 καὶ
967 1940 1072 1970 ποσὶν

341 1980 433 2022 ἁβρὰ
449 1980 583 2011 παθεῖν.

383 2023 414 2056 7.
437 2023 468 2052 8.
497 2023 613 2052 Sensus
629 2034 634 2051 :
665 2022 691 2052 si
723 2028 755 2053 tu
787 2023 873 2059 sorte,
905 2021 1073 2064 repudiatis

343 2064 519 2095 melioribus
533 2074 603 2104 quae
617 2063 648 2094 in
665 2065 767 2095 medio
784 2064 883 2104 posita
897 2069 981 2099 sunt,
999 2065 1030 2094 h.
1044 2074 1072 2095 e.

341 2116 472 2148 quorum
490 2105 564 2135 data
585 2105 642 2135 tibi
669 2112 716 2136 est
738 2106 838 2147 copia,
856 2105 1011 2136 vilissimis
1029 2107 1072 2136 ci-

341 2148 400 2182 bis,
418 2148 519 2178 herbis
535 2154 566 2177 et
583 2147 690 2184 urtica,
705 2147 847 2181 vesceris,
863 2148 999 2188 profecto
1017 2148 1073 2178 hoc

340 2189 393 2220 viti
410 2190 507 2227 victu,
521 2189 595 2219 dum
611 2189 713 2219 nullos
734 2189 826 2230 plane
845 2194 964 2219 sumtus
985 2189 1072 2226 facis,

340 2234 383 2262 sic
413 2234 501 2266 vives,
533 2231 565 2260 h.
589 2241 618 2261 e.
648 2230 678 2260 id
709 2230 894 2271 assequeris,
926 2236 962 2260 ut
991 2241 1072 2268 mox,

340 2280 477 2315 quantus
499 2278 634 2314 quantus
657 2282 699 2306 es,
722 2282 830 2302 aurum
854 2272 920 2308 fias,
941 2272 972 2303 h.
993 2282 1021 2303 e.
1039 2278 1074 2302 ut

343 2325 419 2346 auro
428 2315 579 2346 obruaris
613 2314 881 2355 Sisarte—Vivis:
899 2314 964 2344 sine
976 2313 1073 2344 dubio

340 2369 407 2388 vere
432 2357 476 2387 ita
490 2357 565 2387 vixit
584 2357 701 2391 Iccius,
716 2356 769 2387 sed
789 2355 946 2397 opprobrii
969 2356 1070 2386 molli-

342 2399 415 2430 endi
437 2399 534 2438 gratia
551 2398 630 2428 dixit
642 2399 740 2440 some.
778 2398 838 2428 Pro
853 2399 990 2439 protinus
1005 2409 1070 2428 rec-

342 2441 403 2472 tius
428 2440 495 2482 jam
526 2440 687 2471 Bentleius
718 2439 803 2471 dedit
829 2447 982 2478 protenus,
1014 2440 1071 2471 hoc

341 2483 425 2514 enim
453 2484 536 2524 (pro,
565 2493 652 2521 porro
684 2483 787 2520 tenus)
817 2481 856 2512 de
881 2482 974 2512 rebus
1000 2493 1072 2529 quae

342 2525 500 2566 deinceps,
522 2524 553 2554 h.
576 2535 604 2555 e.
619 2524 768 2555 continuo
789 2533 872 2554 more
889 2523 935 2554 vel
955 2523 1073 2559 ordine,

342 2568 438 2598 fiunt:
462 2566 503 2597 cf.
519 2576 587 2606 sup.
603 2566 640 2596 ad
659 2567 720 2597 Od.
737 2565 782 2596 iii.
796 2567 827 2601 3,
844 2567 895 2596 30.

385 2610 416 2640 9.
439 2608 584 2639 Inani-et.-
609 2607 790 2649 proverbiali
814 2607 968 2638 locutione
986 2609 1074 2637 inau-

341 2653 408 2682 rari
421 2650 580 2685 dicuntur,
597 2650 709 2691 quibus
726 2656 811 2680 tanta
827 2656 875 2680 est
890 2650 957 2679 auri
970 2649 1025 2686 vis,
1041 2655 1075 2680 ut

340 2703 378 2724 eo
393 2693 483 2724 obrui
499 2693 673 2723 videantur.
721 2691 1014 2732 Liquidusforlunae
1028 2694 1074 2722 ri-

341 2747 412 2766 ws:
435 2735 474 2765 de
492 2734 622 2765 Pactolo
642 2740 673 2764 et
694 2733 784 2764 Mida
799 2733 951 2774 cogitasse
974 2734 1071 2764 llora-

342 2777 420 2808 tium
435 2776 609 2818 suspicatur
625 2776 790 2806 Baxterus.

387 2821 437 2854 10,
463 2819 516 2850 11.
543 2818 595 2848 Vel
621 2821 704 2858 quia,
727 2823 801 2848 cett.
825 2816 901 2847 duas
925 2817 1073 2847 Horatius

339 2861 427 2892 affert
441 2860 586 2895 rationes,
597 2870 635 2890 ex
647 2859 761 2900 quibus
773 2859 919 2889 cumulus
930 2859 1071 2899 pecuniae

341 2903 424 2945 apud
438 2902 558 2935 Iccium
574 2911 712 2933 crescere
725 2901 848 2938 debeat,
863 2901 910 2930 vel
926 2901 1002 2941 quia
1017 2912 1070 2942 pe.

339 2946 435 2977 cunia
450 2951 590 2977 naturam
612 2954 699 2975 suam
724 2954 785 2974 non
805 2948 898 2975 exuat
919 2943 1071 2985 (pecunia

1109 1224 1239 1261 scilicet,
1257 1231 1292 1256 ut
1313 1236 1381 1267 sup.
1400 1225 1499 1267 Epist.
1521 1227 1572 1262 10,
1597 1226 1650 1262 47,
1673 1227 1714 1257 48
1736 1227 1838 1258 Hora-

1109 1268 1171 1298 tius
1186 1268 1335 1308 loquitur,
1355 1270 1491 1306 imperat,
1511 1273 1542 1299 et
1558 1268 1715 1309 subjectos
1734 1267 1792 1299 sibi
1808 1274 1841 1300 et

1110 1310 1199 1350 quasi
1216 1310 1291 1340 sune
1311 1319 1327 1340 a
1346 1320 1378 1340 se
1394 1309 1505 1340 ductos
1522 1310 1630 1350 quovis
1651 1310 1743 1341 modo
1764 1321 1838 1352 opes

1111 1361 1223 1390 augere
1235 1350 1357 1391 jubet),
1372 1351 1422 1382 vel
1436 1350 1511 1392 quia
1525 1351 1642 1388 Iccius,
1656 1357 1690 1382 ut
1701 1351 1838 1394 philoso-

1111 1393 1202 1434 phus,
1226 1403 1288 1434 prae
1309 1393 1423 1423 virtute
1440 1393 1544 1423 omnia
1562 1393 1636 1431 alia,
1657 1399 1689 1424 et
1710 1394 1840 1436 proinde

1112 1434 1275 1475 pecuniam
1292 1445 1417 1475 quoquo
1434 1440 1623 1472 contemnat,
1642 1441 1675 1466 et
1691 1435 1749 1467 hoc
1763 1445 1840 1467 con-

1112 1482 1222 1512 temtu,
1248 1475 1323 1506 dum
1347 1486 1469 1507 omnem
1498 1476 1641 1518 pecuniae
1671 1487 1762 1508 usum
1793 1488 1841 1510 re·

1111 1518 1230 1559 pudiet,
1255 1517 1348 1549 ditior
1370 1527 1467 1558 usque
1489 1518 1611 1550 evadat.
1655 1517 1740 1550 Prior
1762 1519 1841 1551 ratio

1111 1565 1158 1590 est
1193 1569 1274 1595 vera,
1304 1559 1452 1601 posterior
1480 1559 1559 1591 Iccii
1588 1559 1716 1591 ludendi
1743 1571 1841 1593 causa

1111 1601 1196 1632 fieta.

1158 1645 1294 1674 12-15.
1327 1643 1480 1674 Miramur
1511 1646 1546 1680 si,
1577 1649 1652 1676 cett.
1701 1645 1838 1676 Sensus:

1112 1685 1223 1725 quodsi
1240 1686 1398 1722 miramur,
1420 1685 1636 1717 Democritum
1650 1691 1715 1717 toto
1737 1686 1842 1718 auimo

1113 1726 1157 1757 ita
1172 1727 1376 1769 philosophiae
1396 1727 1497 1758 studio
1518 1727 1653 1759 defixum
1677 1727 1784 1764 fuisse,
1806 1735 1843 1760 ut

1114 1768 1179 1805 iile,
1202 1769 1289 1800 nulla
1309 1779 1409 1800 rerum
1431 1769 1669 1801 domesticarum
1691 1780 1767 1801 cura
1785 1770 1840 1802 ha-

1113 1810 1190 1846 bita,
1225 1811 1394 1842 vicinorum
1433 1821 1544 1853 pecora
1572 1821 1661 1852 agros
1688 1822 1761 1843 suos
1786 1813 1841 1844 de·

1115 1853 1200 1894 pasci
1223 1854 1355 1892 sineret3
1387 1853 1484 1884 multo
1509 1853 1607 1894 magis
1626 1853 1727 1884 mirari
1747 1854 1841 1886 debe-

1115 1905 1196 1930 mus,
1205 1901 1247 1930 te,
1262 1894 1340 1932 Icci,
1355 1896 1452 1937 (inter
1464 1901 1580 1926 tantum
1593 1897 1717 1926 scabiem
1731 1903 1759 1928 et
1772 1907 1841 1927 con-

1116 1939 1199 1978 tagia
1215 1936 1311 1976 lucri)
1326 1937 1406 1967 inter
1423 1943 1484 1968 tam
1505 1937 1622 1968 foedam
1637 1942 1669 1968 et
1681 1937 1842 1979 contagio-

1113 1989 1178 2009 sam
1195 1979 1369 2010 ditescendi
1389 1978 1591 2021 cupiditatem
1606 1979 1690 2010 ultra
1707 1989 1754 2016 ea.
1771 1990 1842 2022 quae

1116 2031 1208 2061 parva
1224 2027 1305 2055 sunt,
1319 2031 1437 2063 sapere,
1450 2028 1479 2052 et
1490 2021 1522 2052 in
1534 2031 1634 2052 rerum
1649 2021 1843 2059 sublimium,

1117 2063 1148 2093 h.
1163 2073 1191 2094 e.
1210 2063 1386 2094 coelestium
1401 2069 1431 2094 et
1444 2062 1654 2110 physicarum,
1674 2073 1783 2094 causas
1797 2070 1843 2095 at-

1115 2115 1175 2145 que
1199 2105 1345 2146 origines,
1366 2111 1400 2135 ut
1418 2105 1504 2142 olim,
1527 2105 1692 2146 inquirere.
1735 2105 1842 2136 Demo-

1115 2148 1204 2176 criti.-
1232 2147 1338 2178 Schol.
1361 2147 1470 2188 Cruq..
1493 2148 1539 2178 hic
1563 2149 1635 2177 dum
1657 2147 1845 2188 philosophiae

1114 2190 1248 2218 intentus
1265 2195 1342 2225 erat,
1366 2190 1495 2230 neglexit
1516 2200 1603 2229 agros
1623 2200 1687 2220 suos
1704 2191 1787 2228 adeo,
1809 2197 1845 2221 ur

1115 2231 1282 2260 vicinorum
1309 2241 1413 2270 pecora
1450 2233 1491 2260 ibi
1523 2232 1614 2262 libere
1641 2237 1846 2270 pascerentur.

1118 2272 1168 2302 De
1194 2271 1363 2302 Democriti
1389 2272 1515 2312 ingenio
1538 2278 1570 2302 et
1590 2282 1689 2303 rerum
1717 2282 1842 2305 suarum

1118 2312 1305 2354 negligentia
1333 2314 1492 2344 Gesnerus
1519 2313 1624 2344 laudat
1649 2314 1779 2356 Menag.
1804 2315 1844 2347 ad

1117 2355 1213 2395 Diog.
1233 2356 1330 2386 Laert.
1347 2355 1390 2391 ix,
1407 2356 1460 2386 39.

1160 2398 1208 2427 13.
1231 2399 1356 2427 Animus
1367 2399 1429 2427 sine
1441 2407 1559 2436 corpore
1574 2398 1673 2428 velox.-
1697 2398 1844 2439 praeclare

1114 2439 1152 2469 de
1175 2439 1291 2472 animo.
1317 2438 1383 2480 qui,
1406 2439 1567 2480 sejunctus
1589 2449 1607 2469 a
1633 2449 1769 2481 corpore,
1792 2451 1846 2483 per

1114 2491 1147 2512 se
1164 2480 1256 2521 viget,
1271 2481 1398 2520 cogitat,
1416 2481 1628 2512 ratiocinatur.

1164 2524 1211 2554 15.
1240 2524 1359 2558 Adhuc,
1390 2532 1472 2554 nunc
1499 2533 1646 2565 quoque;
1679 2533 1746 2561 uos,
1772 2525 1847 2555 noch

1117 2576 1230 2595 nnmer-

1163 2607 1299 2638 16—19.
1325 2607 1398 2641 Quae
1408 2617 1499 2642 mare,
1509 2612 1582 2638 cett.
1626 2606 1798 2643 Hiclocus,
1813 2607 1846 2638 in

1118 2659 1181 2690 quo
1196 2649 1450 2696 philosophorum
1470 2649 1509 2680 de
1529 2659 1630 2679 rerum
1649 2648 1847 2691 physicarum

1117 2701 1221 2721 causis
1231 2690 1418 2732 quaestiones
1429 2696 1610 2730 tanguntur.
1621 2692 1849 2732 comparandus

1117 2739 1165 2763 est
1181 2743 1252 2764 cum
1269 2732 1384 2763 Manil.
1401 2732 1422 2766 i.
1438 2734 1480 2763 99
1499 2742 1590 2773 sqq.;
1615 2732 1702 2773 Virg.
1718 2733 1797 2764 Gen.
1812 2733 1847 2771 ii,

1117 2775 1178 2806 477
1195 2785 1286 2816 sqq.;
1309 2775 1447 2815 Propert.
1469 2773 1514 2810 iii,
1529 2777 1560 2810 5,
1579 2775 1622 2805 25
1642 2784 1710 2816 sqq.
1756 2776 1847 2806 Mure

1116 2823 1309 2856 compescant,-
1319 2816 1400 2846 intra
1412 2816 1559 2846 terminos
1568 2825 1641 2847 suos
1655 2816 1824 2848 cohibeant
1837 2829 1846 2848 :

1116 2859 1253 2900 Propert.
1269 2859 1290 2888 1.
1307 2858 1328 2888 l.
1345 2869 1375 2888 v.
1391 2858 1444 2893 37,
1463 2858 1561 2889 Curuo
1578 2858 1731 2898 wosfiues
1749 2859 1847 2889 ultum

1114 2912 1172 2931 non
1196 2908 1277 2931 exeat
1304 2910 1411 2940 σφων.
1458 2900 1607 2939 Temperet
1630 2911 1756 2937 annum,
1783 2911 1845 2932 mo-

1114 2942 1235 2975 deretur
1258 2952 1375 2974 annum
1398 2941 1666 2974 vicissitudinibus
1689 2941 1728 2973 ad
1749 2947 1849 2974 certas
