1884 3288
644 207 872 252 LIBER
903 209 964 260 ΙΙ,
994 211 1036 252 3.

1557 211 1609 252 81

357 313 577 364 Vocibus;
609 327 792 368 regnum
811 321 857 356 et
878 315 1080 357 diadema
1100 322 1243 358 tutum

355 380 572 423 Deferens
592 381 667 422 uni
687 382 996 436 propriamque
1015 382 1199 434 laurum,

355 447 568 503 Quisquis
587 449 788 504 ingentes
809 448 936 491 oculo
956 451 1161 492 irretorto

761 516 944 573 Spectat
964 532 1157 560 acervos,

644 734 924 777 CARMEN
956 734 1040 777 III.

605 885 689 917 AD
731 884 1069 920 DELLIUM.

296 991 490 1037 AEQUAM
510 999 727 1035 memento
748 994 882 1036 rebus
903 994 948 1034 in
968 993 1118 1034 arduis

298 1061 483 1103 Servare
504 1068 707 1111 mentem,
728 1077 817 1103 non
839 1076 966 1103 secus
987 1061 1031 1102 in
1051 1060 1179 1102 bonis

356 1127 432 1170 Ab
452 1128 655 1171 insolenti
674 1121 959 1184 temperatam

414 1195 605 1247 Laetitia,
626 1197 836 1238 moriture
858 1195 992 1247 Delli,

241 1263 270 1304 5
299 1262 389 1305 Seu
409 1272 593 1306 moestus
612 1265 731 1306 omni
751 1271 948 1320 tempore
969 1265 1146 1314 vixeris,

298 1331 390 1373 Seu
409 1337 452 1373 te
473 1332 518 1373 in
538 1339 706 1375 remoto
725 1334 920 1388 gramine
943 1348 1023 1388 per
1044 1333 1140 1375 dies

17 1491 21 1494 .
60 1466 136 1541 §aas
157 1470 231 1498 sunt
251 1471 338 1506 pote,
359 1466 430 1506 plns
454 1467 608 1497 sitiuntur
633 1477 740 1507 aquae:
768 1466 812 1497 cs.

58 1536 72 1543 „
106 1507 203 1541 itseh.
225 1534 229 1538 .
255 1510 392 1550 Aquosus
416 1509 485 1540 albo
511 1510 643 1549 Corpore
670 1510 817 1550 languor.

46 1550 164 1594 ,Aqua
189 1551 340 1587 intercus.
367 1562 434 1594 qua
461 1562 577 1594 corpus
605 1557 670 1583 tam
696 1552 816 1594 pallore

46 1596 50 1603 ²
64 1603 164 1638 quum
179 1594 334 1637 languore
348 1594 497 1626 afficitur.

65 1661 71 1666 .
111 1638 252 1670 17—24.
274 1637 410 1680 Sapiens
430 1637 525 1679 longe
547 1637 638 1669 aliter
660 1648 698 1670 ac
722 1639 814 1681 pIebs

53 1680 107 1712 ‘de
119 1680 284 1717 felicitate,
298 1691 371 1723 quae
385 1680 502 1712 virtute
518 1681 649 1722 paritur,
663 1681 791 1723 judicat
805 1693 814 1720 ;

65 1733 127 1756 noe
142 1723 312 1756 Phi-uatem
328 1724 412 1760 ideo,
428 1723 514 1766 quod
534 1723 567 1754 iu
589 1734 720 1764 regnum
738 1725 814 1755 Par-

63 1765 189 1799 thie-zm
203 1766 366 1798 restitutus
383 1766 436 1802 sit,
456 1766 491 1797 in
505 1776 637 1798 censum
651 1767 816 1798 beatorum

64 1809 162 1842 reim
172 1821 182 1840 ι
198 1809 360 1851 idemque,
372 1809 522 1853 probans,
531 1809 635 1840 solum
647 1820 720 1841 eum
732 1817 816 1842 recte

64 1850 132 1884 uici
148 1862 242 1896 posse
258 1862 376 1894 regem,
392 1858 425 1883 et
439 1852 574 1884 summis
588 1852 714 1883 virtutis
735 1863 815 1895 prae-

66 1893 141 1926 mii·
163 1895 297 1937 dignum
322 1905 403 1931 esse,
423 1896 480 1943 qui
504 1895 594 1926 nulla
618 1895 712 1938 plane
734 1896 816 1928 divi-

64 1937 183 1970 tiarum
198 1938 372 1981 cupiditate
387 1942 421 1970 et
433 1938 555 1969 invidia
568 1944 729 1979 tangatur,
747 1949 814 1971 rec—

64 1980 132 2012 tius
142 1981 296 2024 populum
309 1980 350 2013 de
358 1981 497 2012 humana
509 1981 659 2012 felicitate
670 1981 816 2023 judicare

66 2022 172 2056 docet.
229 2025 400 2056 Redditum
429 2024 507 2065 Cyri
533 2025 607 2055 solio
639 2025 816 2056 Pha-uatem.

10 2107 11 2110 Ἴ
65 2066 236 2102 Phraates,
247 2077 303 2098 rex
317 2066 520 2112 Parthorum,
537 2073 611 2098 cum
627 2066 817 2099 insolentius

19 2110 22 2111 ⁷
65 2115 100 2142 et
116 2109 280 2142 crudelius
294 2119 330 2142 se
345 2109 506 2151 gessisset,
521 2120 539 2141 a
554 2109 621 2141 suis
642 2111 794 2152 expulsus
807 2122 816 2149 ;

35 2181 42 2189 ,.
64 2153 222 2188 nod-idem
236 2151 364 2191 deiude,
378 2153 567 2195 Scytharum
583 2152 714 2189 auxilio,
727 2154 815 2196 quod

18 2227 26 2238 ,v
63 2191 298 2240 imploraverat,
320 2201 528 2233 sustentatus,
550 2196 593 2228 U.
616 2196 656 2228 C.
673 2207 813 2228 nccxxx

19 2263 21 2265 .
36 2270 38 2272 ,
54 2236 104 2274 ’ἰὰ
194 2240 251 2272 um
266 2238 432 2271 restitutus
447 2245 516 2271 est:
534 2238 601 2270 vid.
617 2239 682 2270 Dio
698 2239 733 2276 li,
754 2241 810 2271 18:

40 2279 112 2318 «cff-
124 2291 201 2326 unp.
215 2283 258 2315 td
273 2281 298 2319 i,
315 2282 372 2318 26,
395 2283 429 2313 5.
472 2283 552 2322 Cyri
573 2283 658 2318 solio.
682 2281 814 2325 imperio

15 2325 47 2364 ,ἔτ
62 2327 70 2365 '⁴
148 2324 156 2332 '
200 2347 211 2362 ,
226 2335 284 2368 pro
300 2325 463 2363 Parthico,
478 2330 515 2356 ut
529 2335 615 2368 saepe
631 2327 740 2357 Persae
757 2336 813 2368 pro

57 2363 216 2413 ,pathin
240 2378 314 2412 sup.
331 2367 352 2404 i,
365 2369 398 2404 2,
413 2369 470 2404 22.
484 2373 519 2400 et
533 2369 587 2403 21,
605 2369 657 2399 15.
702 2368 814 2401 Beato-

66 2415 156 2446 m:
177 2411 292 2444 Senec-
314 2410 419 2454 Epist.
442 2413 498 2448 45,
519 2413 623 2443 beatus
643 2422 702 2442 non
716 2413 742 2443 is
757 2419 812 2450 est,

59 2460 153 2497 jun
165 2455 279 2497 vulgus
290 2454 440 2495 appellat,
451 2456 492 2486 ad
501 2465 587 2495 quem
599 2465 710 2496 magna
719 2466 813 2495 pecu·

61 2510 65 2516 ¹
87 2501 90 2503 ’
135 2497 304 2541 ωηβιιτίῐς
326 2498 377 2529 sed
396 2498 462 2535 isse,
481 2501 533 2529 cui
555 2499 664 2528 bomem
681 2509 765 2528 omne
780 2500 813 2530 in

107 2541 133 2568 ·“’
158 2559 161 2566 ·
195 2547 251 2579 est,
279 2547 408 2577 erectus.
434 2541 575 2572 excelsus.
599 2547 629 2571 et
657 2542 814 2572 mirabilia

63 2623 66 2626 .
173 2605 176 2607 -
246 2584 353 2615 Virtus
375 2593 543 2627 personam
567 2583 722 2620 doctoris,
748 2584 815 2617 sive

2 2653 6 2661 .
69 2625 74 2631 ‘
111 2625 135 2633 ’“
166 2626 232 2665 tis,
242 2625 370 2676 virtutis
380 2626 549 2670 praeceptis
561 2625 687 2662 imbuti,
698 2627 815 2659 induit.

99 2705 153 2751 2«
166 2670 531 2761 mmmm?
538 2669 762 2754 1:1‘32302322’
776 2677 818 2745 ἐξ

152 2760 217 2789 tato
246 2755 389 2788 humana
422 2755 594 2793 imbiberit,
630 2756 817 2788 sententias.

10 2831 11 2834 ,
63 2819 65 2821 ·
169 2816 174 2823 ι
221 2823 232 2838 ,
261 2798 386 2840 insigne
413 2797 492 2839 regii
519 2798 670 2838 honoris;
701 2805 816 2836 tutum,

46 2856 57 2877 j
102 2874 107 2876 ,
132 2848 135 2877 j
170 2841 249 2886 tupi
267 2841 390 2884 nequit.
436 2842 613 2881 Propriam,
633 2851 817 2883 perennem,

198 2900 211 2911 ··
230 2897 240 2916 t
265 2885 339 2918 Cic.
354 2889 426 2928 post
449 2884 535 2916 Red.
555 2884 590 2915 in
609 2885 720 2916 Senat.
736 2886 769 2922 4,
785 2887 819 2916 Si

82 2963 91 2967 ,.
108 2960 109 2963 ,
135 2965 138 2967 ,
255 2938 324 2959 nne
343 2939 380 2959 ac
394 2929 552 2968 proprium
567 2938 690 2959 manere
702 2930 820 2968 potuis-

86 2970 89 2975 ’
125 2987 134 3000 Α·
147 2974 192 3003 att
203 2970 251 3003 sic
266 2980 420 3014 perennes
432 2976 465 3002 et
477 2977 604 3002 aeternae
617 2971 749 3002 deorum
765 2982 819 3003 vo-

172 3028 196 3039 ··-·
237 3016 369 3055 poprie
398 3013 549 3046 dicuntur
578 3013 664 3056 apud
689 3014 820 3046 Terent.

859 1465 965 1498 Andr.
978 1477 1010 1503 v,
1022 1467 1101 1504 5,4:
1126 1465 1187 1497 inf.
1205 1466 1270 1498 Sat.
1283 1464 1317 1501 ii,
1330 1466 1363 1502 6,
1378 1466 1411 1502 5,
1423 1465 1612 1505 nilamplius

859 1521 923 1546 oro,
949 1510 1037 1540 Maia
1060 1516 1145 1545 note,
1166 1511 1226 1541 nisi
1246 1515 1283 1540 ut
1303 1510 1430 1549 propria
1453 1508 1512 1539 haec
1536 1508 1611 1538 mihi

860 1563 988 1583 munera
1006 1551 1096 1595 faxis
1113 1564 1124 1589 ,·
1164 1552 1218 1583 ubi
1252 1551 1346 1594 plura
1380 1550 1447 1582 vid.
1482 1550 1516 1581 in
1546 1556 1613 1581 not.

863 1596 960 1627 Oculo
971 1597 1127 1631 irretortm
1139 1595 1172 1626 h.
1181 1606 1211 1627 e.
1221 1601 1320 1630 recto,
1329 1594 1613 1636 ὄμμασινόρθοῖς,

859 1637 1167 1681 ἀσκαρδαμύκτοις.
1175 1638 1445 1680 ἀμεταστρεπτί,
1453 1647 1517 1669 non
1528 1637 1612 1667 invi·

858 1681 970 1712 dorum
986 1691 1084 1717 more,
1105 1681 1162 1723 qui
1181 1691 1257 1716 rem,
1278 1680 1331 1712 cui
1350 1679 1507 1715 invident,
1524 1680 1611 1710 haud

859 1725 964 1760 rectis,
989 1724 1049 1755 sed.
1068 1724 1108 1755 ab
1131 1733 1169 1754 ea
1194 1723 1329 1760 retortis,
1355 1723 1389 1755 h.
1413 1733 1444 1754 e.
1467 1722 1553 1753 limis
1578 1728 1611 1754 et

859 1766 977 1798 invidis
992 1766 1095 1798 oculis
1111 1766 1305 1810 adspiciunt.

1084 1852 1143 1885 CA
1151 1852 1291 1884 RMEN
1321 1852 1391 1883 111.

904 1895 1029 1931 Dellio,
1054 1896 1111 1938 qui
1133 1901 1202 1927 tum
1225 1896 1266 1926 ob
1294 1899 1480 1937 praesentem
1505 1905 1607 1928 rerum

859 1949 989 1970 suarum
1005 1944 1123 1970 statum
1136 1938 1271 1970 tristitiae
1287 1948 1321 1970 se
1338 1937 1507 1969 tradidisse
1518 1937 1608 1970 vide-

859 1987 922 2020 tur,
943 1982 1084 2012 animum
1104 1981 1138 2012 iu
1157 1987 1292 2023 utraque
1310 1981 1438 2012 fortuna
1452 1980 1514 2012 sibi
1530 1991 1607 2012 con-

858 2030 995 2056 stantem
1018 2025 1231 2060 commendat,
1253 2033 1392 2065 eumque
1414 2030 1535 2059 monet,
1561 2029 1609 2059 ut.

858 2067 1020 2099 communi
1035 2067 1191 2099 moriendi
1206 2066 1395 2098 necessitate
1411 2072 1485 2098 ante
1499 2067 1610 2099 oculos

860 2110 920 2142 sibi
937 2110 1052 2153 posita,
1064 2110 1137 2141 vitae
1146 2109 1418 2152 jucunditatibuS,
1432 2109 1509 2140 dum
1520 2109 1607 2146 licet,

858 2153 1019 2196 sapienter
1037 2154 1229 2195 perfruatur!
1274 2153 1326 2184 De
1342 2162 1407 2194 quo
1420 2153 1550 2194 quidem
1568 2154 1609 2184 ad

853 2195 1058 2238 jucundioris
1080 2196 1151 2227 vitae
1174 2196 1315 2227 fructum
1337 2201 1501 2237 spectante
1525 2207 1606 2238 prae-

858 2245 964 2282 cepto,
979 2239 1097 2282 saepius
1119 2249 1202 2271 nova
1220 2244 1287 2270 arte
1309 2239 1350 2270 ab
1369 2239 1500 2270 Horatio
1519 2249 1605 2282 repe-

857 2283 926 2321 tito,
948 2292 1097 2325 compara
1123 2293 1196 2325 sup.
1224 2282 1281 2313 lib.
1305 2282 1324 2321 i,
1348 2292 1447 2314 carm.
1474 2284 1494 2313 4
1518 2288 1549 2314 et
1576 2283 1609 2315 9.

858 2326 933 2357 Fuit
959 2332 1065 2357 autem
1097 2327 1140 2363 Q.
1171 2325 1298 2356 Dellius
1327 2325 1420 2356 homo
1446 2325 1550 2356 varius
1577 2331 1610 2357 et

857 2368 1052 2404 inconstans.
1070 2371 1274 2410 bellorumque
1291 2370 1443 2404 civitium,
1459 2374 1496 2399 ut
1511 2379 1607 2400 voca·

857 2417 910 2443 tur
925 2422 944 2443 a
959 2411 1107 2443 Messala
1124 2411 1210 2454 apud
1229 2412 1342 2442 Senec.
1359 2412 1454 2443 Suas.
1469 2411 1492 2448 i,
1509 2413 1541 2448 6,
1554 2415 1607 2443 de-

857 2457 975 2493 sultor,-
1000 2455 1040 2486 de
1060 2465 1125 2496 quo
1145 2454 1212 2486 vid.
1239 2454 1326 2486 Vell.
1347 2455 1472 2486 Patere.
1495 2454 1529 2491 ii,
1553 2456 1607 2494 84,

856 2504 890 2530 et
906 2498 1007 2529 Dion.
1025 2498 1104 2534 xlix,
1121 2499 1176 2534 39,
1190 2497 1299 2539 ibique
1315 2498 1340 2528 F
1344 2497 1510 2530 abricium.

902 2542 998 2573 1-8.
1042 2542 1175 2582 AEquam
1218 2548 1374 2579 memento,
1414 2546 1491 2574 cett.
1529 2553 1610 2573 mens

856 2595 954 2626 oequa,
972 2594 1045 2625 quae
1061 2584 1189 2615 fortuna
1205 2584 1338 2616 adversa
1357 2584 1445 2615 haud
1465 2585 1505 2616 de
1523 2590 1609 2616 statu

858 2637 917 2659 suo
931 2627 1092 2669 dejicitur,
1109 2627 1164 2659 sed
1181 2628 1215 2658 in
1233 2637 1272 2659 ea
1290 2627 1352 2658 sibi
1370 2632 1506 2664 constat.
1523 2638 1609 2660 eam-

860 2680 923 2713 que
960 2670 1117 2713 patienter
1152 2670 1224 2701 fert.
1285 2670 1384 2702 Rebus
1422 2673 1453 2701 in
1491 2673 1613 2702 arduis.

863 2714 924 2745 Res
935 2715 1054 2751 aulum,
1071 2724 1143 2755 quae
1159 2712 1402 2745 difficultatibus
1416 2714 1502 2745 haud
1518 2713 1612 2746 facile

861 2754 1048 2800 superandis
1073 2767 1132 2788 nos
1156 2756 1346 2799 impediunt,
1371 2767 1421 2788 res
1449 2756 1556 2788 dubiae
1582 2762 1614 2788 et

860 2799 1063 2842 periculosa..
1090 2801 1136 2831 Ab
1148 2801 1292 2831 insolenti
1306 2806 1503 2840 temperatam
1516 2800 1612 2832 Laeti-

861 2847 920 2879 tia,
942 2842 977 2875 h.
993 2853 1023 2875 e.
1044 2842 1093 2874 ita
1108 2842 1228 2874 ratione
1244 2853 1278 2874 se
1294 2842 1353 2883 rigi
1372 2842 1557 2885 patientem,
1573 2853 1614 2874 ne

862 2885 1052 2918 insolentius
1073 2885 1106 2917 in
1121 2895 1154 2917 re
1168 2885 1310 2917 secunda
1324 2895 1358 2917 se
1374 2891 1474 2927 gerat,
1491 2885 1614 2916 nimiae-

864 2939 928 2971 que
951 2939 986 2961 se
1007 2929 1103 2960 dedat
1125 2928 1258 2960 laetitiae.
1304 2929 1357 2960 Cl.
1373 2928 1509 2960 Mitsch.
1523 2939 1613 2959 com-

865 2978 955 3014 parat
986 2972 1091 3003 Grotii
1121 2967 1272 3014 Excerpt.
1299 2977 1379 3011 trag.
1403 2982 1435 3013 p.
1458 2971 1535 3006 909,
1559 2970 1616 3001 ubi

866 3015 1016 3051 Incertus
1031 3026 1038 3043 :
1061 3013 1211 3057 Ἀγαθὸς
1227 3015 1318 3056 ἀνὴρ
1333 3013 1455 3055 λέγωθ’
1471 3013 1489 3044 ὀ
1505 3012 1615 3056 φέρων
