1884 3288
0 1298 16 1330 ’ρ

0 1331 19 1382 L}

14 1407 29 1419 ¹>-

0 1397 33 1552 ξι.

0 1555 7 1565 .

671 204 898 248 LIBER
929 204 966 256 Ι,
998 205 1038 246 ’7.

653 336 932 394 CARMEN
965 350 1071 393 v11.

435 503 438 507 -
478 481 551 512 AD
593 454 900 512 MUNATIUM
946 478 1233 511 PLANCUM.

307 585 601 627 LAUDABUNT
623 583 694 627 alii
713 583 874 627 claram
895 583 1105 634 Rhodon,
1127 591 1204 626 aut
1224 583 1485 639 Mitylenen,

362 651 457 694 Aut
478 652 707 708 Epheson,
729 652 960 695 bimarisve
983 651 1186 693 Corinthi

305 721 490 772 Moenia,
512 720 582 763 vel
603 721 781 763 Baccho
802 720 1000 770 Thebas,
1023 719 1091 762 vel
1113 719 1318 776 Apolline
1339 719 1543 776 Delphos

363 789 579 845 Insignes,
602 797 677 831 aut
697 787 915 830 Thessala
936 788 1122 844 Tempe.

250 858 278 898 5
308 857 426 899 Sunt
444 858 604 913 quibus
626 872 761 899 unum
782 872 894 912 opus
917 864 998 908 est,
1017 858 1193 899 intactae
1214 856 1407 899 Palladis
1425 872 1547 900 arces

363 925 565 967 Carmine
586 932 802 981 perpetuo
823 924 1061 975 celebrare,

303 992 502 1048 Indeque
525 993 777 1049 decerptam
798 992 931 1034 fronti
950 1007 1210 1048 praeponere
1232 992 1398 1036 olivam.

365 1061 584 1105 Plurimus
605 1062 650 1104 in
669 1061 700 1104 J
703 1061 857 1104 unonis
879 1059 1089 1104 honorem

291 1207 498 1241 CARMEN
530 1210 613 1242 VII.

116 1251 155 1282 L.
170 1250 342 1283 Munatius
362 1254 518 1289 Plancus,
534 1263 606 1285 cum
630 1252 671 1283 ob
686 1257 831 1284 contrac-

71 1299 138 1326 tam
169 1293 232 1326 sibi
257 1294 344 1343 apud
370 1295 554 1344 Augustum
576 1295 683 1327 dubiae
706 1295 779 1327 fidei
801 1301 833 1326 et

70 1336 296 1370 inconstantiae
325 1339 539 1380 suspicionem
567 1349 631 1370 non
655 1348 766 1380 parum
793 1337 832 1369 de

71 1381 185 1413 salutis
219 1391 287 1412 suae
326 1382 496 1414 securitate
537 1388 620 1412 esset
647 1381 831 1419 sollicitus,

70 1430 183 1466 sponte
203 1423 308 1455 solum
328 1424 471 1456 vertendi
492 1430 524 1455 et
545 1426 579 1455 in
603 1424 751 1456 Graecam
772 1423 831 1455 ali-

71 1477 168 1509 quam
199 1466 361 1499 civitatem
389 1467 570 1504 secedendi,
602 1473 756 1508 quantum
793 1477 831 1498 ex

71 1509 133 1542 hoc
155 1509 296 1542 carmine
316 1510 407 1542 nobis
429 1511 580 1552 colligere
599 1509 684 1546 licet,
708 1509 831 1558 cepisse

0 1566 8 1580 ἱ
70 1557 104 1584 Gt
118 1564 202 1585 cum
208 1563 312 1584 amico
335 1564 394 1584 SUO
418 1553 550 1586 Horflllo
576 1563 832 1585 communicasse

0 1582 14 1615 ι

0 1613 13 1633 a·

68 1595 196 1628 videtur
235 1595 416 1628 consilium.
474 1598 574 1628 Poeta
610 1596 719 1638 igitur,
755 1596 832 1638 quid

0 1639 7 1672 ἴ
59 1638 133 1670 *sibi
148 1639 292 1671 videatur
305 1640 346 1671 de
368 1639 426 1671 hoe
441 1640 587 1676 consilio,
603 1650 658 1688 per
682 1640 833 1681 ambages

41 2279 52 2291 ι
72 2246 142 2273 tum
161 2252 231 2274 esse
250 2242 468 2291 opinarentur,
484 2247 534 2273 est
555 2241 619 2273 fere
635 2241 706 2273 hic:

71 1687 106 1714 et
126 1683 226 1725 paulo
246 1681 362 1713 tectius
378 1682 412 1713 in
433 1682 494 1714 hoc
518 1693 658 1714 carmine
680 1682 832 1714 declarat.

72 1725 120 1757 Ut
141 1736 181 1757 ex
204 1725 284 1757 urbe
305 1724 452 1757 discedat
477 1725 632 1762 Plancus,
656 1725 743 1756 haud
759 1725 832 1766 qui·

70 1767 146 1800 dem
175 1769 355 1811 improbare
381 1768 532 1807 videtur;
564 1769 631 1804 sed,
664 1769 742 1799 dum
770 1779 832 1810 prae

73 1810 198 1844 Graecis
211 1811 396 1844 civitatibus
411 1814 495 1860 (quo
510 1817 577 1842 tum
602 1811 736 1852 migrare
751 1811 833 1842 sole-

71 1853 152 1887 bant
176 1853 338 1887 securitati
364 1865 430 1886 snae
461 1854 627 1892 timentes)
657 1853 834 1885 Tiburtinae

71 1897 211 1946 regionis
239 1896 457 1930 amoenitatem
492 1897 707 1932 commendat,
743 1897 836 1939 quasi

72 1940 163 1972 ahud
186 1950 297 1982 agenti,
315 1940 433 1978 locum,
455 1940 510 1971 uhi
534 1941 679 1972 Plancus
701 1940 834 1976 Bacchi,

73 1982 194 2015 laetitiae
209 1983 340 2019 datoris,
364 1993 495 2015 munere
510 1983 672 2015 tristitiam
688 1989 720 2014 et
741 1982 830 2014 dolo-

71 2036 139 2058 rem
165 2027 355 2068 abstergere,
386 2029 418 2058 e't
447 2026 487 2057 ad
517 2026 640 2068 quaevis
671 2025 833 2057 toleranda

73 2069 212 2102 animum
233 2069 418 2102 confirmare
436 2069 549 2112 possit,
569 2070 664 2118 longe
685 2075 834 2112 opportu-

71 2111 192 2144 niorem
218 2112 336 2144 innuit.
380 2113 496 2144 Nexus
523 2113 764 2147 sententiarum,
794 2111 834 2143 de

71 2165 136 2197 quo
158 2155 239 2188 adeo
261 2155 444 2187 laborarunt
467 2155 614 2187 nonnulli
634 2155 832 2197 interpreteS,

72 2203 110 2230 nt
128 2199 188 2231 hoc
208 2208 335 2231 carmen
351 2209 391 2230 ex
412 2199 540 2230 duobus
559 2198 693 2230 diversis
714 2199 831 2230 confla-

733 2242 834 2272 “-cla

72 2283 214 2317 tissimus
237 2285 375 2318 Graeciae
396 2284 542 2316 civitates
565 2284 637 2316 aliis
658 2285 836 2316 laudandas

64 2327 241 2376 -ηΙίιιψιος
263 2338 316 2359 me
338 2328 500 2376 praecipue
520 2328 659 2360 delectat
683 2327 836 2359 amoenis-

71 2370 157 2402 aima·
178 2370 312 2402 Tiburni
337 2381 444 2412 reg103
473 2377 509 2402 tu
535 2381 685 2419 quoque,
706 2371 837 2408 Plance,

72 2412 108 2445 in
118 2423 158 2446 ea
167 2413 372 2463 potissimum
386 2414 513 2456 regione
525 2424 624 2445 animi
639 2413 686 2445 tui
698 2395 838 2445 dolorerri

73 2456 231 2500 deponere
260 2457 389 2500 poteris,
422 2458 645 2499 (supplendum
674 2458 755 2488 enim
782 2463 838 2494 est,

113 2501 152 2532 oa
167 2501 306 2532 consulto
321 2502 515 2540 pretermisit
530 2499 637 2540 poeta)
654 2510 692 2531 eo
710 2506 740 2531 te
757 2509 834 2531 con-

72 2511 131 2579 gr,
153 2549 187 2575 et
211 2543 328 2585 cogita,
357 2553 423 2574 non
449 2553 574 2586 semper
598 2542 683 2574 mala
708 2542 834 2579 durare,

73 2585 131 2618 sod
151 2591 226 2630 post
246 2587 316 2622 illa,
340 2585 425 2618 sicut
446 2591 668 2628 tempestatem
690 2586 837 2628 excipere

73 2628 155 2662 solet
183 2629 349 2666 serenitas,
381 2628 533 2661 laetiorem
572 2634 687 2677 sortem
724 2629 837 2662 redire.

74 2671 277 2721 Ubicunque
292 2682 338 2710 es,
360 2672 410 2703 vel
431 2672 559 2703 futurus
581 2682 629 2708 οε,
651 2671 726 2703 vino
745 2683 838 2704 curas

73 2713 174 2755 dilue,
182 2721 215 2747 et
226 2715 368 2747 animum
378 2720 467 2746 tuum
480 2714 634 2746 exhilara.
679 2715 838 2765 Exemplo

74 2756 109 2790 in
137 2756 198 2791 bac
226 2768 260 2790 re
286 2757 345 2790 tibi
375 2768 445 2790 esse
475 2762 579 2800 potest
607 2758 740 2796 Teucer,
770 2759 837 2800 qui,

72 2800 222 2844 quamvis
241 2801 391 2851 ‘patriam
428 2811 520 2833 suam
551 2801 660 2840 sugere
688 2801 837 2837 debebat,

73 2847 183 2876 tmen
197 2843 338 2876 animum
358 2843 442 2876 haud
463 2843 695 2892 despondebat,
721 2843 784 2876 imo
799 2844 839 2876 ad

73 2886 184 2919 vinum
201 2897 235 2919 se
255 2887 423 2930 sociosque
440 2897 514 2918 suos
529 2886 570 2918 ad
589 2886 727 2918 melioris
748 2888 841 2919 sortis

73 2929 344 2979 exspectationem
365 2929 557 2962 excitabatss’
605 2931 713 2967 Quam
734 2931 842 2962 varius

73 2977 109 3004 et
121 2971 306 3006 inconstans
317 2973 413 3005 fuerit
427 2973 583 3010 Plancus,
600 2979 666 3004 tam
682 2982 720 3004 ex
736 2973 840 3006 diver-

76 3013 134 3054 sis,
149 3025 232 3060 quas
246 3015 280 3048 in
296 3016 464 3060 republica
474 3022 605 3050 secutus
615 3021 676 3053 est,
690 3017 842 3059 partibus,

876 1219 972 1251 quam
991 1220 1029 1241 ex
1042 1209 1163 1240 mutuis
1176 1209 1247 1251 ejus
1263 1213 1295 1240 et
1309 1207 1474 1240 Ciceronis
1482 1208 1639 1258 epistolis,

876 1262 948 1294 quae
965 1258 1092 1284 exstant
1106 1252 1140 1282 in
1157 1252 1229 1284 Cic.
1242 1253 1303 1294 1:.p
1322 1251 1364 1282 ad
1378 1251 1456 1283 Div.
1466 1252 1488 1290 l,
1505 1263 1535 1283 Χ.
1545 1252 1639 1284 iutel-

876 1295 932 1337 ligi
954 1302 1068 1338 potest.
1117 1295 1168 1328 Cf.
1192 1295 1231 1326 de
1252 1305 1290 1327 eo
1314 1295 1368 1327 Cl.
1394 1295 1542 1326 Wetzelii
1565 1296 1639 1328 Ind.

877 1339 974 1369 Nom.
990 1350 1023 1381 p.
1040 1340 1093 1370 69.

924 1382 953 1417 1,
971 1383 1004 1412 2.
1030 1382 1221 1412 Laudabunt
1241 1382 1318 1412 alii.-
1342 1391 1406 1412 non
1428 1381 1562 1413 deerunt
1585 1382 1641 1414 alii

876 1424 932 1465 qui
963 1423 1107 1462 laudent,
1134 1424 1370 1456 commendent.
1420 1424 1474 1456 cl.
1505 1425 1641 1456 Mitsch.

877 1467 917 1498 ad
937 1467 1069 1498 formam
1093 1467 1241 1499 Graecam
1259 1467 1418 1509 explicat:
1445 1467 1578 1499 laudent
1602 1468 1640 1499 li-

875 1516 936 1547 cet,
953 1509 1115 1542 celebrent
1131 1521 1185 1552 per
1204 1521 1266 1546 me.
1283 1510 1452 1542 extollant.
1500 1511 1640 1548 Rhodon,

875 1555 1004 1591 claram,
1026 1559 1215 1591 mercatura,
1235 1553 1369 1591 artibus,
1386 1559 1417 1585 et
1438 1553 1641 1596 philosophia

877 1603 969 1639 puta.
1030 1597 1218 1638 Mitylenen,
1265 1597 1347 1628 hanc
1394 1596 1491 1628 Lesbi
1533 1599 1641 1629 urbem

880 1639 993 1671 Cicero
1014 1650 1155 1681 quoque,
1178 1639 1211 1670 in
1230 1639 1320 1671 Orat.
1339 1651 1369 1671 c.
1388 1639 1483 1671 Rull.
1498 1650 1528 1671 c.
1548 1642 1599 1679 14,
1612 1645 1643 1672 et

878 1689 1007 1717 natura,
1025 1690 1054 1713 et
1073 1685 1275 1723 descriptione
1290 1683 1503 1724 oedficiornm,
1522 1690 1550 1714 et
1570 1685 1642 1723 pul-

877 1726 1054 1757 chritudine
1074 1727 1216 1765 inprimis
1236 1727 1365 1756 nobilem
1387 1731 1492 1756 vocat.
1540 1725 1641 1766 Ephe-

877 1779 955 1804 sum,
978 1768 1089 1799 urbem
1111 1768 1211 1799 loniae
1234 1768 1435 1805 maritimam,
1453 1768 1597 1800 Dianae·
1589 1780 1640 1800 rn-

878 1810 988 1858 primis
1015 1811 1134 1859 templo
1161 1811 1293 1842 claram.
1337 1811 1486 1847 Bimaris,
1509 1812 1551 1842 ob
1577 1812 1641 1844 duo

878 1864 989 1889 marra,
1006 1853 1130 1885 Ionium
1153 1859 1185 1884 et
1209 1855 1373 1895 AEgaeum,
1389 1836 1508 1903 qnibtis
1530 1855 1641 1886 corin-

880 1897 962 1932 thus,
979 1896 1019 1927 ad
1037 1896 1218 1928 Isthmum
1210 1907 1244 1927 in
1259 1897 1383 1928 Achaia
1400 1897 1472 1934 sita,
1486 1896 1640 1937 alluitur;

879 1939 1043 1982 epitheton
1073 1941 1198 1971 bimaris
1230 1939 1349 1970 factum
1379 1945 1429 1971 est
1460 1939 1500 1970 ad
1531 1940 1641 1972 Graec.

877 1981 1095 2020 διθάλασσος,
1105 1981 1375 2025 ἀμφιθάλασσος.
1405 1982 1580 2024 Opulentia
1592 1983 1642 2014 in-

878 2025 986 2068 primis
1002 2032 1033 2057 et
1047 2025 1219 2056 multarum
1233 2036 1335 2056 rerum
1348 2026 1545 2056 abundantia
1558 2026 1640 2058 hanc

879 2069 989 2100 urbem
1007 2068 1149 2100 floruisse
1165 2075 1311 2106 coustat3
1337 2069 1464 2100 (ΞΜ-εἰῶ
1479 2070 1569 2100 decus
1585 2081 1641 2102 vo-

877 2117 930 2143 cat
946 2111 1136 2144 Corinthum
1154 2111 1239 2143 Flor.
1254 2111 1288 2149 ii,
1308 2112 1360 2143 16.

921 2156 953 2191 3,
980 2157 1014 2186 4.
1038 2155 1176 2186 Baccho:
1209 2154 1332 2186 Bacchi
1362 2154 1493 2195 origine,
1522 2155 1642 2187 educa-

877 2199 975 2236 tione,
987 2203 1020 2229 et
1029 2198 1132 2229 cultu.
1166 2199 1327 2238 Apolline.-
1350 2197 1514 2240 Apollinis
1524 2199 1644 2241 templo

878 2249 908 2272 et
925 2241 1067 2272 oraculo.
1115 2241 1256 2272 Thessala
1272 2241 1394 2281 Tempe.-
1419 2241 1530 2272 harum
1543 2252 1642 2274 amoe-

879 2284 1081 2315 nissimarum
1120 2283 1202 2314 inter
1240 2284 1356 2315 Ossam
1394 2290 1428 2315 et
1466 2284 1643 2327 Olympum

879 2327 1058 2358 'lhessaliae
1077 2326 1285 2363 convallium,
1307 2332 1421 2375 praeter
1442 2327 1536 2358 ovid.
1562 2329 1645 2359 Met.

881 2370 904 2407 i,
929 2371 993 2402 569
1016 2380 1086 2412 sqq.
1109 2350 1287 2401 uberioreni
1318 2369 1564 2413 descriptionem
1590 2372 1645 2403 de-

881 2413 928 2444 dit
946 2413 1070 2444 AElian.
1089 2413 1134 2444 V.
1153 2414 1197 2444 H.
1214 2412 1260 2450 iii,
1281 2414 1310 2444 1.
1547 2430 1549 2433 >

927 2458 959 2493 5,
977 2457 1009 2488 6.
1034 2456 1175 2492 Intactae,
1200 2456 1234 2487 h.
1257 2466 1286 2487 e.
1315 2455 1510 2493 indelibatae,
1538 2463 1647 2489 castae.

880 2500 974 2530 Arces
998 2499 1201 2530 Athenarum
1227 2509 1352 2541 nempe,
1378 2500 1497 2541 quibus
1520 2500 1649 2542 praefuit

880 2542 1042 2578 Minerva,
1067 2542 1151 2573 unde
1173 2541 1261 2574 dicta
1283 2542 1341 2573 illa
1366 2550 1415 2573 est
1441 2544 1646 2584 πολιοῦχοςε

882 2585 948 2617 vid.
972 2585 1091 2628 Cuper.
1116 2585 1251 2617 Observ.
1274 2584 1321 2623 iii,
1345 2587 1396 2622 16,
1419 2591 1450 2616 et
1474 2587 1647 2628 Spanhem.

883 2628 924 2660 ad
947 2629 1076 2661 callim.
1100 2627 1133 2659 in
1155 2628 1242 2660 Pan.
1263 2639 1294 2659 v.
1313 2611 1370 2666 ¹53,
1393 2629 1484 2660 Arces
1508 2629 1650 2661 Palladis

882 2678 987 2703 autem
1013 2682 1068 2714 pro
1089 2671 1168 2714 ipsis
1190 2671 1337 2703 Athenis.
1383 2672 1546 2712 Perpetuo,
1561 2672 1648 2713 quod

882 2726 947 2746 uno
965 2721 1074 2746 tenore
1092 2725 1203 2746 omnes
1223 2714 1424 2746 Athenarum
1444 2715 1555 2747 laudes
1572 2726 1650 2747 con-

879 2758 1019 2800 junctim
1034 2763 1162 2795 tractat,
1178 2758 1313 2800 cyclico.

927 2803 960 2833 7.
985 2802 1049 2832 Pro
1075 2802 1224 2842 undique,
1247 2801 1332 2843 quod
1354 2799 1430 2832 inde
1452 2801 1493 2832 ab
1517 2801 1649 2832 Erasmo

884 2844 1039 2887 plurimas
1068 2844 1224 2876 editiones
1254 2843 1391 2877 obsidet.
1423 2844 1478 2875 Cl.
1508 2844 1648 2876 Mitsch.

884 2893 968 2920 recte
990 2888 1024 2918 in
1047 2893 1168 2919 textum
1192 2887 1323 2930 recepit,
1343 2887 1428 2929 quod
1446 2886 1516 2935 jam
1538 2887 1649 2918 Schra-

885 2930 980 2962 derus
995 2930 1188 2972 conjecerat,
1204 2932 1355 2972 indeque‚·
1381 2930 1427 2961 sic
1447 2929 1531 2960 enim
1547 2933 1651 2961 omnis

886 2973 1071 3010 difficultas,
1087 2983 1152 3014 qua
1167 2973 1202 3004 in
1223 2973 1283 3005 hoc
1299 2973 1369 3004 loco
1384 2972 1576 3015 explicando
1591 2973 1651 3003 mi-

888 3027 956 3050 sere
981 3027 1015 3050 se
1041 3022 1198 3050 torserunt
1223 3016 1420 3059 interpretes,
1449 3021 1568 3047 remota
1590 3022 1651 3048 est.
