1884 3288
320 199 400 240 196

873 199 1268 242 CARMINUM

603 300 792 342 Scandet
813 315 908 342 cum
929 301 1060 342 tacita
1080 301 1261 356 Virgine
1282 299 1490 355 pontifex.

526 367 578 408 10
606 367 754 418 Dicar,
776 382 860 422 qua
882 367 1040 409 violens
1062 368 1274 422 obstrepit
1294 366 1498 415 Aufidus,

604 434 665 475 Et
685 449 770 489 qua
789 449 954 489 pauper
975 449 1097 488 aquae
1120 434 1302 475 Daunus
1323 434 1552 488 agrestium

605 500 823 555 Regnavit
842 501 1111 555 populorum,
1133 515 1188 541 ex
1207 500 1356 541 humili
1376 507 1544 554 potens,

606 567 815 622 Princeps
836 566 1028 608 AEolium
1049 581 1217 608 carmen
1237 567 1289 608 ad
1313 566 1443 607 Italos

587 633 853 686 ⁴Deduxisse
874 634 1037 674 modos.

1099 633 1228 674 Sume
1250 633 1494 687 superbiam

524 699 574 739 15
605 700 842 747 Quaesitam
863 700 1038 748 meritis,
1060 706 1102 740 et
1122 700 1225 740 mihi
1245 699 1460 753 Delphica

602 765 748 807 Lauro
769 767 891 820 cinge
914 765 1072 814 volens,
1095 765 1381 819 Melpomene,
1404 779 1578 807 comam.

318 877 382 903 tam
409 874 620 906 vendebantur
647 885 742 916 quam
768 874 950 905 locabantur
979 884 1049 914 quae

321 914 362 945 ad
391 917 582 958 sepulturam
610 918 660 948 vel
697 917 836 948 funerum
867 922 1049 957 apparatum

321 957 526 998 pertinebant.
570 958 653 990 Hinc
668 959 726 990 inf.
740 960 806 990 Sat.
821 958 854 994 ii,
868 959 900 994 6,
914 959 964 994 19,
976 967 1050 988 auc-

322 1004 450 1031 tumnus
475 1000 575 1041 gravis
597 1008 724 1041 quaestus
751 1001 891 1031 Libitina:
915 1005 1051 1030 vocatur.

323 1040 428 1072 Multa
451 1053 524 1081 pars
546 1045 622 1074 mei.-
651 1042 744 1073 Ovid.
770 1042 791 1073 l.
810 1043 831 1073 l.
854 1042 929 1077 875,
958 1042 1052 1071 Parte

322 1089 421 1114 tamen
435 1086 554 1115 meliore
569 1087 625 1115 mei
635 1095 724 1123 super
738 1086 801 1114 alta
814 1086 952 1123 perennis
962 1084 1053 1114 Astra

310 1124 416 1165 ferar.
464 1126 561 1166 Usque
586 1138 638 1168 ego
659 1133 775 1165 postera
797 1127 933 1157 crescam
950 1126 1051 1161 laude,

322 1176 401 1198 nova
423 1178 542 1210 semper
557 1169 641 1211 apud
666 1174 804 1210 posteros
826 1167 919 1198 laude
943 1167 1054 1207 vigebo

320 1214 413 1250 atque
427 1210 620 1242 celebrabor.
668 1211 765 1252 Usque
778 1221 889 1244 reeens,
913 1214 1052 1240 recenter

321 1261 446 1293 quoque
482 1252 532 1284 die
566 1252 688 1296 vigens.
748 1253 831 1284 Dum
870 1252 1052 1291 Capitolium

322 1292 449 1325 scandet
465 1306 532 1325 cum
547 1297 640 1326 tacita
659 1295 782 1336 Virgine
791 1294 939 1335 pontifex,
953 1294 1052 1324 donec

322 1336 419 1366 stabit
435 1336 638 1378 Capitolium,
655 1336 687 1368 h.
700 1347 730 1368 e.
746 1336 778 1367 in
793 1342 963 1372 aeternnm5
988 1336 1049 1367 Ca-

322 1377 420 1417 pitolii
436 1379 518 1408 enirn
535 1378 735 1410 aeternitatem
753 1383 867 1409 cuncta
889 1376 1050 1418 portende-

321 1425 411 1449 rant:
435 1420 477 1451 cf.
493 1420 563 1452 Liv.
579 1420 601 1457 i,
617 1422 670 1452 55.
715 1421 778 1450 Pro
797 1419 928 1460 vulgari,
948 1421 1051 1454 stabit,

321 1461 427 1501 posuit
451 1472 515 1492 rem
541 1473 611 1503 quae
629 1462 662 1493 in
686 1462 854 1502 Capitolio,
877 1462 951 1492 dum
973 1460 1052 1492 illud

319 1503 433 1539 stabat,
459 1504 525 1535 fieri
548 1504 686 1542 solebat3
721 1513 911 1545 unoquoque
941 1513 1052 1544 nempe

320 1554 427 1576 mense
453 1546 534 1587 (vid,
560 1547 651 1578 Varr.
675 1547 713 1577 L.
739 1547 778 1576 L.
799 1545 840 1583 iv,
863 1557 895 1587 p.
913 1547 962 1580 15,
979 1545 1053 1576 edit.

321 1585 469 1627 Bipont.)
490 1598 578 1619 sacra
599 1588 728 1630 publica
749 1586 793 1618 ibi
817 1587 1054 1618 administrabat

320 1627 466 1660 Pontifex
481 1630 653 1666 Maximus,
670 1629 799 1660 solemni
816 1639 929 1670 pompa
951 1639 969 1659 a
991 1628 1051 1659 vir-

319 1668 447 1710 ginibus
463 1672 646 1703 Vestalibus
667 1681 704 1702 eo
725 1670 889 1702 deductus.
935 1670 1051 1705 Tacita,

320 1712 400 1743 refer
414 1712 452 1743 ad
475 1713 650 1751 religiosam
668 1713 884 1744 verecundiam
907 1723 967 1753 qua
991 1711 1050 1742 lin-

320 1753 390 1799 guis
405 1754 485 1787 inter
500 1765 589 1786 sacra
610 1755 713 1786 favere
731 1755 887 1785 debebant
909 1754 969 1796 piae
991 1753 1051 1785 vir-

321 1806 421 1836 grues·

367 1839 502 1870 10—16.
520 1838 627 1875 Dicar,
638 1850 695 1879 qua
707 1839 828 1874 violens,
841 1843 914 1869 cett.
926 1848 1051 1869 sensus:

319 1890 378 1920 ego
400 1880 550 1912 oriundus
571 1891 610 1911 ex
631 1890 669 1911 ea
691 1891 722 1910 re
745 1880 816 1911 ione
832 1891 895 1921 qua
917 1880 1053 1911 violento

319 1920 437 1962 impetu
452 1922 629 1953 devolvitur
643 1923 714 1952 Aufi
741 1932 786 1958 us,
803 1929 835 1953 et
850 1921 901 1953 ubi
917 1921 949 1952 in
965 1922 1053 1953 terris

322 1962 385 1993 illis
408 1963 502 1994 aridis
529 1963 635 1994 Dauni
667 1963 742 1994 olim
766 1974 860 2005 regno
884 1970 1053 2006 paruerunt

321 2010 458 2045 agrestes
482 2005 602 2047 populi,
626 2005 659 2036 h.
681 2015 711 2036 e.
738 2016 795 2046 ego
825 2006 984 2048 Appulus,
1013 2016 1052 2036 ex

320 2047 432 2077 humili
448 2047 516 2079 loco
531 2048 570 2078 ad
585 2057 739 2078 summurn
762 2048 867 2088 gloriae
890 2047 1046 2088 fastigium

318 2095 457 2127 evectus,
472 2089 605 2120 extollar
616 2089 698 2130 apud
722 2096 859 2130 posteros
873 2095 906 2121 ut
930 2089 1048 2120 Roma-

320 2140 430 2162 norum
457 2137 614 2174 poetarum
638 2132 676 2167 is,
698 2131 751 2173 qui
775 2131 891 2174 primus
913 2132 1050 2163 carmina

1092 872 1202 913 lyrica.
1225 873 1330 914 qualia
1347 873 1471 914 Sappho
1485 878 1517 904 et
1531 872 1660 904 Alcaeus
1674 871 1826 909 cecinere,

1093 915 1192 944 modis
1209 915 1328 945 Latinis
1350 914 1532 956 aptaverim.
1577 915 1718 957 Aufidus,
1734 915 1825 956 Apu-

1094 956 1145 986 liae
1169 956 1291 992 fluvius,
1309 967 1393 988 nunc
1418 957 1552 999 Ofanto:
1574 957 1618 987 cf.
1639 956 1696 988 inf.
1711 956 1754 992 iv,
1775 958 1822 992 14,

1094 999 1148 1028 25.
1208 999 1367 1038 Obstrepit,
1406 998 1616 1040 significanter
1643 997 1683 1029 de
1713 1008 1824 1029 sonoro

1094 1039 1284 1071 violentioris
1312 1039 1399 1071 fluvii
1426 1051 1518 1072 cursu
1533 1051 1541 1078 3
1584 1039 1656 1071 hinc
1690 1039 1824 1072 Aufidus

1095 1083 1182 1124 longe
1197 1093 1303 1113 sonans
1317 1082 1431 1114 dicitur
1446 1082 1503 1112 inf.
1520 1081 1561 1117 iv,
1578 1083 1610 1117 9,
1626 1083 1659 1112 2.
1682 1082 1823 1118 Daunus,

1097 1124 1245 1165 antiquus
1266 1135 1319 1155 rex
1338 1124 1475 1165 Apuliae¹
1499 1124 1554 1166 qui
1575 1133 1594 1154 a
1615 1129 1706 1159 terra,
1733 1124 1824 1165 cujus

1097 1166 1258 1206 imperium
1274 1167 1411 1202 tenebat,
1427 1177 1509 1207 aquae
1522 1177 1662 1206 paupere,
1679 1165 1711 1196 h.
1723 1176 1750 1196 e.
1763 1166 1824 1197 ari-

1094 1207 1146 1244 da,
1170 1209 1265 1245 sicca,
1289 1211 1440 1240 siticulosa
1465 1210 1517 1250 (ut
1538 1207 1596 1239 inf.
1618 1208 1718 1250 Epod.
1733 1209 1765 1245 3,
1784 1210 1823 1239 16

1094 1250 1214 1291 Apulia
1226 1250 1358 1291 dicitnr)
1370 1249 1468 1291 lyrica
1478 1249 1608 1281 audacia
1622 1249 1689 1291 ipse
1707 1261 1825 1290 pauper

1094 1303 1175 1332 aquae
1189 1292 1317 1324 dicitur.
1361 1293 1513 1334 Regnavit
1531 1293 1710 1332 populorum
1723 1303 1825 1332 agres-

1095 1336 1182 1369 tium,
1198 1335 1313 1366 Graeca
1327 1339 1480 1366 structura
1499 1334 1595 1406 ἳῆρέε
1619 1332 1733 1374 λαῶν)
1755 1345 1823 1376 pro,

1095 1386 1223 1416 regnum
1239 1377 1404 1417 agrestium
1421 1386 1503 1418 popu
1518 1386 1604 1407 orum
1621 1375 1732 1407 tenuit.
1779 1377 1825 1407 Εει·

1095 1419 1201 1448 humili
1214 1425 1326 1458 potens,
1351 1428 1390 1449 ex
1411 1417 1542 1459 ignobili
1563 1418 1665 1449 sactus
1689 1418 1823 1457 nobilis;

1096 1459 1239 1491 libertino
1255 1460 1370 1502 quippe
1386 1465 1472 1502 patre
1487 1465 1578 1491 natus
1592 1459 1651 1490 fuit
1663 1459 1824 1497 Horatius,

1095 1507 1131 1532 ut
1145 1501 1211 1543 ipse
1227 1503 1384 1543 profitetur
1398 1501 1455 1532 inf.
1471 1503 1538 1532 Sat.
1551 1501 1573 1538 i,
1585 1502 1617 1538 6,
1634 1502 1673 1532 6:
1698 1501 1738 1533 cf.
1753 1512 1825 1545 sup.

1096 1543 1129 1579 ii,
1149 1545 1202 1580 20,
1218 1546 1249 1574 5.
1271 1545 1405 1574 AEolium
1417 1554 1547 1580 carmen,
1563 1543 1684 1586 proprie
1697 1543 1825 1586 quidem

1095 1585 1133 1616 de
1149 1585 1188 1616 iis
1204 1585 1394 1616 carminibus
1410 1596 1480 1627 quae
1496 1586 1622 1627 Sappho
1636 1589 1668 1616 et
1682 1585 1824 1623 AIeaeus,

1095 1637 1134 1657 ex
1149 1627 1252 1658 insula
1267 1628 1382 1662 Lesbo,
1404 1627 1564 1675 praecipua
1585 1626 1686 1669 gentis
1709 1628 1825 1660 AEoliae

1096 1669 1180 1704 sede,
1204 1669 1328 1700 oriundi
1350 1679 1491 1701 cecinere
1503 1682 1513 1708 ;
1539 1669 1594 1700 sed
1611 1668 1679 1710 jam
1700 1668 1733 1700 in
1755 1670 1825 1701 uni-

1094 1721 1218 1741 versum
1232 1711 1271 1742 de
1289 1712 1471 1742 Graecorum
1493 1717 1651 1754 poetarum
1675 1711 1823 1743 carmini-

1094 1753 1153 1783 bus
1168 1753 1286 1794 lyricis.
1330 1754 1476 1793 Delphica
1492 1755 1599 1784 lauro:
1622 1752 1705 1784 idern
1717 1759 1824 1796 poeta·

1095 1805 1164 1825 rum
1179 1795 1340 1836 praemium
1354 1800 1386 1826 et
1400 1795 1532 1836 insigne,
1548 1797 1680 1826 lauream
1704 1795 1825 1828 scilicet

1096 1837 1301 1876 Apollinarem
1317 1837 1452 1868 Pindaro
1467 1837 1607 1868 vindicat
1619 1837 1676 1868 inf.
1691 1837 1733 1876 iv,
1743 1839 1776 1874 2,
1788 1839 1823 1870 9.

1099 1876 1204 1910 Valens
1213 1878 1368 1921 (θέλων),
1381 1879 1516 1922 propitia
1527 1891 1535 1918 3
1551 1878 1625 1910 hinc
1636 1881 1824 1927 saepevolens

1094 1923 1225 1960 propitia
1255 1922 1288 1951 in
1318 1921 1530 1963 precationum
1565 1921 1704 1952 formulis
1731 1921 1826 1964 jungi

1095 1963 1216 1995 solent:
1241 1963 1310 1994 Liv.
1325 1963 1347 2000 i,
1367 1964 1406 1994 16
1419 1963 1458 1994 de
1476 1963 1624 2009 Romulo)
1639 1974 1741 2003 pacem
1754 1975 1820 2004 pre·

1094 2006 1176 2036 cibus
1191 2012 1360 2046 exposcunt.
1380 2007 1428 2036 uti
1451 2006 1549 2036 volens
1569 2007 1718 2045 propitius
1740 2017 1824 2037 suam

1090 2058 1202 2086 semper
1222 2050 1339 2088 sospitet
1358 2049 1547 2089 progeniem.-
1577 2047 1620 2080 εἴ.
1642 2046 1713 2080 Liv.
1739 2047 1820 2087 xxiv,

1091 2090 1131 2120 21
1148 2095 1180 2121 et
1194 2090 1246 2120 38.
