1884 3288
310 221 389 261 110

860 219 1257 286 CARMINUM

584 317 644 359 Et
674 317 776 359 mihi
795 317 953 368 forsan,
975 319 1053 359 tibi
1075 319 1191 372 quod
1213 319 1392 373 negarit,

975 384 1175 438 Porriget
1194 385 1313 425 hora.

582 449 650 490 Te
669 463 821 503 greges
843 457 1012 491 centum
1033 450 1273 503 Siculaeque
1294 451 1453 491 circum

584 514 789 569 Mugiunt:
809 530 947 556 vaccae
964 532 973 564 ;
1005 516 1083 555 tibi
1104 514 1213 555 tollit
1233 515 1443 555 hinnitum

495 581 551 620 35
582 579 701 633 Apta
718 581 936 634 quadrigis
958 594 1095 632 equa3
1127 586 1170 619 te
1191 580 1256 619 bis
1282 580 1389 620 Afro

977 644 1146 684 Murice
1168 645 1312 684 tinctae

582 710 785 751 Vestiunt
805 710 912 750 lanae
930 727 938 750 :
970 710 1073 750 mihi
1093 718 1224 763 parva
1243 725 1357 758 rura,
1379 716 1422 751 et

583 777 789 830 Spiritum
812 776 957 816 Graiae
978 784 1147 816 tenuem
1170 777 1368 816 Camenae

582 842 720 883 Parca
739 857 824 882 non
843 842 1026 882 mendax
1046 841 1180 891 dedit,
1202 849 1244 882 et
1264 841 1494 895 malignum

493 907 549 947 40

973 907 1186 961 Spernere
1208 907 1375 961 vulguS.

822 1045 1094 1088 CARMEN
1132 1047 1283 1088 XVII.

803 1184 873 1214 AD
920 1184 1297 1214 MAECENATEM.

580 1301 678 1342 CUR
699 1315 765 1342 me
786 1299 970 1355 querelis
991 1299 1207 1340 exanimas
1230 1300 1315 1340 tuis
1333 1301 1349 1340 ’ἒ

578 1367 676 1408 Nec
699 1366 780 1407 Dis
802 1367 982 1407 amicum
1002 1373 1081 1413 est,
1103 1381 1182 1406 nec
1199 1366 1316 1415 mihi,
1339 1372 1380 1406 te
1401 1366 1519 1419 prius

297 1480 360 1505 tem
374 1479 406 1506 et
418 1479 527 1516 pectus
541 1475 624 1506 ultra
634 1475 746 1517 vulgus
762 1474 897 1516 sapiens.
932 1474 1029 1510 Hora,

296 1527 366 1558 quae
382 1522 503 1564 tempus
515 1517 666 1555 futurum,
681 1525 712 1548 et
728 1518 793 1548 fata
803 1516 897 1547 futuri
910 1522 1029 1557 tempo-

296 1558 338 1588 ris
354 1559 586 1596 subministrat3
610 1559 687 1590 alias
700 1560 800 1596 Horae,
815 1564 850 1588 ut
861 1559 938 1593 deae,
957 1557 1031 1587 anni

295 1600 527 1631 vicissitudines
540 1600 716 1642 dispensare
726 1601 903 1640 finguntur:
921 1599 962 1630 cf.
972 1598 1031 1629 inf.

297 1641 339 1671 iv.
356 1643 386 1676 7,
402 1643 434 1672 8.

340 1684 479 1714 33—37.
503 1683 543 1713 Te
555 1694 658 1724 greges
670 1690 800 1718 centum,
817 1686 891 1714 cett.
934 1682 983 1712 Tu
997 1691 1031 1712 es

295 1725 463 1755 multorum
487 1735 625 1766 gregum,
644 1731 861 1760 armentorum,
883 1729 914 1754 et
933 1733 1029 1764 equa-

296 1776 364 1796 rum
375 1767 527 1797 nobilium
538 1777 706 1808 possessor,
717 1772 881 1807 vestesque
892 1765 972 1806 geris
984 1765 1031 1795 bis

297 1808 399 1838 colore
415 1819 568 1849 purpureo
584 1808 717 1846 tinctas3
741 1808 774 1838 h.
795 1819 824 1838 e.
839 1813 872 1837 tu
888 1818 921 1837 es
936 1807 1027 1847 longe

296 1849 489 1887 ditissimus3
509 1850 683 1891 antiquitus
700 1850 795 1885 enim,
811 1854 847 1879 ut
864 1849 939 1879 satis
954 1859 1027 1879 con-

295 1896 369 1927 stat,
381 1891 412 1921 in
429 1901 608 1932 magnorum
621 1902 747 1932 gregum
759 1896 1028 1931 armentorumque

294 1933 487 1974 possessione
496 1935 626 1974 spectari
639 1933 780 1974 inprimis
790 1933 932 1962 solebant
941 1941 1028 1971 mag-

294 1984 344 2005 nae
359 1974 489 2009 divitiae,
506 1975 588 2005 unde
600 1974 739 2005 homines
752 1975 902 2005 beatiores
916 1974 1027 2004 dicun-

294 2021 344 2046 tur
358 2016 442 2057 apud
460 2017 588 2047 Homer.
604 2015 696 2046 Iliad.
713 2016 758 2052 ix,
777 2018 849 2050 154,
866 2015 1028 2056 ἅνδρες-

295 2057 520 2099 πολύῤῥηνες,
531 2058 752 2098 πολυβοῦται.
788 2058 826 2088 Te
837 2060 950 2087 circum
962 2068 1028 2086 mu-

292 2101 396 2140 giunt,
413 2100 571 2139 eleganter
590 2110 645 2141 pro
662 2099 794 2140 vulgari,
809 2105 843 2129 tu
864 2099 973 2133 habes,
995 2103 1029 2129 tu

294 2141 442 2182 possides,
466 2146 540 2171 cett.
585 2142 692 2171 Siculae
714 2152 825 2171 ναι-σω.-
851 2141 1025 2181 Grosphus,

292 2188 327 2213 ut
349 2183 382 2213 in
402 2182 549 2213 armentis
570 2182 634 2213 suis
654 2182 813 2213 nobilioris
833 2182 937 2223 stirpis
955 2191 1028 2212 vac-

293 2234 347 2255 cas
370 2225 507 2260 haberet,
531 2224 614 2255 haud
637 2223 731 2255 dubie
758 2224 870 2255 arcessi
891 2225 1029 2264 jusserat

294 2266 423 2301 Siculas,
447 2266 627 2308 praestantia
649 2276 706 2296 sua
722 2267 762 2296 ob
784 2266 906 2306 egregia
926 2265 957 2295 in
980 2265 1025 2295 Si-

294 2307 368 2338 cilia
383 2317 503 2350 pascua
518 2307 672 2348 insignes:
700 2310 754 2338 tibi
776 2309 854 2338 tollit
873 2308 1026 2337 hinnitum

295 2360 350 2391 pro
370 2349 500 2390 vulgari,
519 2349 575 2380 tibi
594 2354 660 2386 est;
682 2356 754 2388 apta
772 2350 940 2390 quadrigis,
962 2353 1025 2378 tam

295 2401 454 2432 generosa,
469 2396 504 2421 ut
517 2391 676 2432 quadrigis
694 2391 726 2421 in
742 2391 911 2422 certamine
926 2390 1027 2420 curuli

295 2433 395 2474 aptari
406 2443 432 2464 ε.
440 2433 532 2474 jungi
543 2433 640 2474 possit
652 2444 660 2471 ;
677 2444 819 2472 equarum
832 2437 936 2463 autem
950 2442 1027 2472 prae-

292 2475 420 2522 cipuum
447 2474 481 2505 in
504 2474 725 2505 certaminibus
752 2474 912 2505 curulibus
940 2483 1028 2503 usum

292 2517 399 2554 fuisse,
421 2516 471 2547 vel
494 2526 531 2547 ex
562 2517 652 2556 Virg.
679 2517 758 2547 Geo.
780 2516 801 2550 i.
824 2516 865 2546 59
893 2520 1027 2546 constat.

293 2558 386 2589 Lame
413 2560 457 2588 bis
482 2558 559 2598 Afro
583 2559 697 2588 murice
722 2560 834 2592 tinctae,
861 2556 909 2587 bis
934 2567 1028 2587 succo

292 2600 420 2631 muricis
444 2599 567 2630 infectae
583 2611 590 2629 z
620 2611 734 2634 murex,
763 2610 780 2630 e
809 2599 902 2639 cujus
934 2608 1028 2629 succo

291 2642 458 2683 parabatur
482 2641 567 2672 color
591 2651 774 2682 purpureuS,
801 2640 916 2671 dicitur
941 2640 1028 2681 Afer,

291 2683 374 2724 quod
388 2684 443 2714 ille
459 2682 499 2713 ad
523 2683 651 2717 Africae,
671 2682 856 2717 Phoeniciae,
873 2687 904 2712 et
924 2682 1024 2712 Laco-

291 2725 352 2756 niae
367 2725 457 2756 litora
471 2724 542 2766 capi
554 2725 672 2756 solebat
684 2737 692 2762 ;
716 2724 789 2755 hinc
803 2735 906 2754 murex
921 2724 1023 2754 δαείη,-

291 2768 338 2798 lus
359 2767 417 2798 inf.
439 2766 540 2808 Epist.
561 2766 596 2803 ii,
618 2768 652 2802 2,
677 2768 749 2803 181,
775 2766 896 2806 Tyrius,
920 2765 1022 2806 Epod.

291 2810 343 2845 12,
357 2810 411 2844 21,
428 2809 584 2839 Sidonium
603 2815 727 2845 ostrum,
744 2808 845 2849 Epist.
861 2807 883 2842 i,
904 2808 953 2842 lo,
971 2808 1024 2838 26.

288 2851 339 2883 De
367 2851 507 2882 vestibus
534 2850 582 2881 bis
611 2850 713 2881 colore
736 2859 888 2892 purpureo
916 2848 1021 2879 tinctis

286 2892 352 2924 sive
373 2892 520 2935 dibaphis
539 2892 602 2924 vid.
624 2893 753 2923 Ruben.
776 2891 815 2922 de
838 2892 907 2921 Lat.
927 2891 1019 2922 Clav.

287 2934 322 2971 ii,
340 2936 389 2966 14.

1116 1475 1253 1504 37—40.
1269 1475 1350 1504 Mihi
1358 1485 1453 1514 parva
1461 1485 1547 1511 rura,
1557 1477 1645 1504 cett.:
1663 1472 1804 1504 obversa-

1074 1520 1138 1545 tum
1158 1516 1284 1546 Horatio
1296 1526 1364 1546 esse
1381 1515 1583 1556 Bacchylidae
1599 1525 1736 1550 carmen,
1749 1524 1803 1545 cu-

1070 1557 1123 1597 jus
1153 1558 1277 1598 Fragm.
1308 1557 1439 1588 servavit
1467 1557 1586 1588 Athen.
1613 1557 1656 1592 xi,
1686 1567 1719 1597 p.
1741 1557 1804 1587 500

1075 1599 1225 1639 (Anthol.
1247 1600 1349 1630 Graec.
1369 1609 1399 1629 c.
1419 1598 1486 1634 xiii,
1505 1599 1543 1629 T.
1562 1598 1586 1634 i,
1602 1609 1632 1640 p.
1654 1599 1725 1633 85),
1739 1597 1804 1638 jam

1071 1641 1193 1670 monuit
1208 1641 1258 1671 Cl.
1274 1640 1404 1671 Mitsch.
1449 1641 1551 1670 Parva
1564 1652 1650 1675 rura,
1663 1639 1804 1679 intellige

1072 1682 1206 1722 agellum
1221 1682 1385 1712 Sabinum.
1411 1682 1560 1720 Spiritum
1573 1682 1676 1712 Graiae
1689 1687 1805 1711 tenuem

1075 1724 1220 1760 Camenae,
1232 1729 1356 1754 tenuem
1370 1723 1409 1754 ad
1421 1725 1528 1754 modos
1540 1723 1720 1755 Graecorum
1732 1732 1805 1764 poe-

1073 1771 1172 1795 tarum
1183 1765 1316 1796 canendi
1329 1765 1510 1796 facultatem
1521 1777 1530 1803 ;
1548 1766 1647 1796 Parca
1655 1775 1714 1794 non
1723 1774 1803 1794 men-

1070 1808 1140 1842 dax,
1155 1817 1222 1837 sors
1238 1807 1315 1838 mihi
1335 1807 1475 1837 nascenti
1490 1818 1508 1837 a
1525 1807 1646 1843 Parcis,
1661 1805 1806 1837 veridicis

1071 1848 1134 1878 illis
1155 1849 1283 1886 deabus,
1300 1849 1478 1890 assignata3
1502 1849 1611 1879 Parcae
1630 1848 1713 1879 enim
1733 1857 1805 1878 nas-

1071 1889 1214 1921 centibus
1229 1901 1290 1921 non
1305 1892 1406 1921 solum
1422 1897 1534 1922 sortem
1557 1889 1736 1931 praedicere,
1751 1888 1806 1920 sed

1071 1932 1166 1962 etiam
1178 1932 1332 1963 destinare
1343 1933 1502 1963 dicuntur.
1533 1931 1722 1973 Comparant
1732 1941 1806 1962 cum

1071 1975 1148 2004 Hor.
1163 1973 1258 2004 Pind.
1278 1974 1331 2005 Ol.
1347 1973 1414 2008 viii,
1428 1975 1481 2010 38,
1498 1974 1594 2004 Nem.
1608 1973 1650 2010 iv,
1667 1974 1720 2004 66.
1765 1973 1807 2004 Et

1070 2025 1220 2054 spernere,
1245 2025 1289 2047 se.
1315 2014 1411 2052 dedit,
1434 2015 1466 2046 h.
1493 2025 1523 2046 e.
1550 2015 1706 2046 concessit
1731 2014 1807 2045 mihi

1071 2057 1142 2092 hoc,
1156 2063 1190 2087 ut
1205 2067 1390 2098 spernerem.

1274 2139 1473 2170 CARMEN
1497 2139 1611 2171 XVII.

1115 2182 1241 2222 Quanto
1264 2191 1368 2212 amoes
1390 2182 1602 2212 Maecenatem
1625 2180 1807 2223 complexus

1071 2222 1164 2254 fuerit
1179 2223 1337 2258 Horatius.
1353 2228 1416 2254 tam
1437 2233 1601 2265 expressus
1614 2223 1648 2254 in
1662 2223 1721 2254 hoc
1740 2232 1806 2254 car-

1071 2265 1155 2295 mine
1168 2265 1208 2295 ob
1220 2265 1346 2296 iteratas
1358 2265 1385 2306 ej
1392 2275 1427 2296 us
1439 2265 1478 2296 de
1493 2265 1628 2295 instante
1641 2264 1701 2295 sibi
1710 2269 1808 2295 morte

1070 2306 1212 2347 querelas
1224 2306 1323 2344 dolor,
1335 2317 1429 2348 quam
1441 2306 1528 2343 ratio,
1540 2316 1604 2347 qua
1617 2315 1715 2336 vanas
1731 2305 1808 2336 istas

1069 2348 1209 2389 querelas
1220 2356 1444 2390 &compescere
1481 2348 1598 2384 studet,
1634 2347 1808 2378 luculenter

1069 2390 1252 2420 ostendunt.
1296 2391 1406 2430 Itaque
1429 2391 1636 2421 Maecenatem
1658 2388 1698 2420 de
1720 2388 1805 2424 vitae,

1070 2433 1207 2462 nondum
1244 2433 1417 2463 secundum
1456 2431 1582 2463 deorum
1613 2431 1806 2462 voluntatem

1071 2479 1202 2510 exactae,
1228 2473 1289 2504 fine
1317 2483 1355 2504 eo
1385 2473 1486 2513 magis
1513 2473 1653 2504 desinere
1681 2472 1806 2503 tandem

1071 2516 1157 2556 queri
1184 2515 1286 2556 jubet,
1313 2525 1384 2546 cum
1409 2515 1462 2546 ille
1487 2515 1610 2556 utrique
1634 2513 1807 2545 communis

1071 2558 1194 2587 futurus
1225 2557 1286 2595 sit,
1317 2568 1349 2588 se
1373 2556 1457 2588 enim
1484 2562 1554 2598 post
1582 2555 1653 2597 ejus
1677 2560 1806 2586 mortem

1072 2599 1191 2629 diutius
1214 2597 1247 2628 in
1270 2599 1328 2629 hac
1349 2598 1410 2629 vita
1429 2598 1542 2628 morari
1562 2597 1657 2635 nolle,
1675 2597 1729 2628 sed
1751 2606 1806 2638 pro

1073 2645 1279 2676 sacramento,
1296 2639 1379 2680 quod
1389 2639 1436 2670 illi
1452 2639 1584 2675 dederit,
1594 2638 1806 2670 indissolubili

1068 2683 1163 2724 plane
1177 2681 1334 2713 societatis
1349 2681 1476 2712 vinculo
1490 2691 1551 2711 una
1564 2690 1638 2711 cum
1649 2690 1686 2711 eo
1698 2679 1806 2711 mortis

1068 2724 1125 2754 iter
1135 2724 1344 2764 ingressurum
1357 2733 1442 2761 esse;
1458 2722 1520 2754 huc
1533 2721 1681 2753 accedere
1693 2721 1805 2753 mirum

1068 2766 1226 2806 quendam
1242 2765 1390 2801 siderum,
1407 2764 1466 2795 sub
1477 2763 1591 2805 quibus
1604 2769 1736 2804 uterque
1750 2772 1807 2794 na-

1067 2813 1118 2838 tus
1141 2807 1191 2844 sit,
1210 2817 1408 2842 consensum,
1431 2815 1647 2846 summamque
1661 2805 1804 2840 fortunae,

1065 2859 1128 2890 qua
1154 2849 1219 2890 jam
1246 2848 1341 2880 semel
1371 2853 1500 2887 uterque
1530 2847 1638 2878 mortis
1666 2846 1805 2888 periculo

1064 2896 1189 2932 ereptus
1200 2890 1252 2925 sit,
1266 2888 1501 2920 similitudinem
1514 2900 1520 2918 :
1539 2899 1602 2920 non
1614 2888 1708 2929 igitur
1718 2897 1803 2919 nunc

1064 2933 1103 2964 de
1119 2937 1228 2969 morte,
1245 2933 1299 2963 sed
1318 2931 1420 2973 potius
1435 2930 1475 2962 de
1493 2931 1586 2966 votis,
1609 2930 1731 2972 utrique
1748 2939 1803 2972 pro
