1884 3288
636 230 999 275 PRAEFATIO.
1544 237 1603 279 vii

0 342 2 390 Ῐ
55 346 152 389 simi
173 346 367 390 Jacobsii
389 345 576 388 debetur
609 347 808 389 acumini.
871 346 983 388 Erat
1015 345 1088 388 illa
1118 361 1295 402 quoque
1328 363 1458 403 quam
1488 351 1597 392 reci-

0 455 5 459 -
50 440 200 481 perem
222 424 488 480 dignissima,
512 439 610 466 cum
630 426 691 481 τῷ
710 426 910 468 habentis
938 427 983 467 in
1010 426 1197 468 valentis
1224 433 1407 477 mutato,
1431 427 1597 483 duplici

52 493 260 536 orationis
273 492 514 534 insolentiae
532 492 733 549 (plorare
749 494 860 536 arti-s·
880 509 976 549 pro,
994 495 1106 536 artis
1125 510 1275 545 causa,
1292 502 1336 537 et
1358 496 1423 537 nil
1432 497 1595 538 exitum

51 587 148 629 pro,
170 572 236 614 m'l
252 570 411 625 exitus)
433 573 611 628 egregie
634 580 928 615 succurratur.

46 685 50 689 .
109 651 244 700 Quod
258 651 313 693 ad
326 651 728 706 interpretationem
741 653 912 702 attinet,
927 653 1122 707 quamvis
1137 654 1252 695 omni
1268 668 1373 696 cura
1385 661 1430 696 et
1447 655 1593 697 studio

49 731 94 774 in
114 745 166 773 ea
185 737 383 772 versatus
407 745 514 780 sum,
535 745 616 772 nec
637 746 777 786 pauca
796 730 891 773 loca
913 731 1156 774 difficiliora
1177 747 1302 783 nova,
1325 748 1454 787 quam
1476 735 1521 775 in
1541 735 1593 776 iis

50 809 322 866 explicandis
343 809 567 865 ingressus
591 825 701 862 sum,
722 810 790 852 via
812 810 1048 866 explanare
1081 812 1245 862 studui,
1268 827 1319 854 ea
1340 819 1486 855 tamen
1505 829 1594 855 non

50 889 153 930 viris
174 889 329 940 doctis,
353 890 431 931 sed
459 889 675 931 tironibus
707 890 901 945 inprimis
931 905 999 932 me
1029 889 1277 932 consultum
1302 891 1446 942 ivisse,
1470 891 1594 934 facile

49 967 194 1019 docet,
216 982 305 1024 qua
324 983 432 1010 usus
453 983 563 1019 sum,
587 969 905 1025 interpretandi
926 969 1051 1011 ratio.
1111 969 1228 1011 Nam
1246 970 1289 1011 in
1309 970 1468 1025 quibus
1491 971 1594 1013 doc-

47 1048 173 1090 trinae
193 1047 298 1090 alias
319 1047 414 1090 laus
435 1055 478 1091 et
499 1048 625 1104 copia
641 1049 760 1090 cerni
781 1054 825 1090 et
846 1049 1014 1090 censeri
1037 1047 1163 1098 solet,
1181 1049 1226 1089 in
1241 1049 1292 1090 iis
1314 1048 1378 1091 fui
1392 1050 1589 1102 brevior;

48 1134 94 1169 at
122 1127 167 1168 in
196 1127 249 1169 iis
279 1143 378 1183 quae
409 1129 464 1171 ad
496 1134 640 1184 poetae
661 1128 844 1170 virtutes
866 1135 910 1170 et
933 1129 1172 1170 sententias
1199 1128 1390 1183 penitius
1422 1129 1592 1184 perspi-

48 1205 227 1248 ciendas
258 1207 402 1251 facere
432 1209 702 1259 viderentur,
732 1207 864 1264 paulo
895 1208 1128 1263 copiosior,
1162 1208 1362 1262 adeoque
1391 1207 1591 1250 utilitatis

45 1286 183 1342 magis
216 1301 346 1342 quam
380 1286 530 1342 gloriae
567 1287 804 1329 studiosus.
866 1286 940 1329 Ne
972 1301 1092 1336 vero,
1126 1286 1380 1341 priusquam
1414 1287 1508 1342 ipse
1535 1286 1591 1329 de

44 1381 310 1422 unoquoque
342 1367 532 1408 carmine
571 1365 824 1422 diligentius
861 1366 1138 1422 cogitassem,
1179 1366 1362 1408 aliorum
1401 1367 1591 1422 explica-

42 1445 183 1488 tiones
216 1452 378 1488 temere
409 1445 707 1501 amplecterer,
736 1445 805 1487 vel
834 1445 878 1487 in
906 1460 1057 1487 eorum
1090 1445 1315 1500 opiniones
1345 1460 1413 1487 me
1440 1446 1591 1488 induci

42 1532 234 1582 paterer,
254 1524 395 1582 legem
416 1525 522 1567 mihi
543 1525 698 1581 scripsi
729 1525 857 1577 hanc,
881 1532 929 1567 ut
957 1525 1131 1567 nonnisi
1155 1526 1246 1581 jam
1277 1532 1398 1567 certa
1418 1526 1473 1567 de
1495 1526 1591 1567 uni-

43 1601 312 1660 uscujusque
333 1604 532 1646 carminis
554 1604 734 1646 consilio
756 1613 800 1647 et
822 1620 954 1647 sensu
975 1612 1188 1661 concepta
1209 1605 1350 1647 animo
1373 1606 1590 1647 sententia

41 1685 303 1740 interpretes
325 1684 504 1734 adirem,
526 1691 585 1733 et,
608 1700 709 1739 quae
729 1685 858 1726 bonae
878 1684 1018 1739 frugis
1041 1685 1159 1739 apud
1181 1699 1257 1726 eos
1273 1684 1587 1740 reperirentur,

37 1764 86 1806 -in
114 1778 241 1805 usum
273 1777 415 1805 meum
437 1770 748 1805 converterem.
811 1763 924 1814 Nec,
957 1779 1056 1818 quae
1090 1762 1183 1804 aliis
1215 1771 1396 1818 accepta
1426 1763 1586 1814 refero,

40 1841 321 1893 dissimulavi,
340 1842 432 1892 sed,
450 1842 700 1897 ubicunque
723 1856 834 1897 opus
855 1842 1101 1891 videbatur,
1124 1842 1239 1882 bona
1260 1841 1349 1883 fide
1383 1842 1583 1885 indicavi.

41 1921 222 1977 Optima
253 1912 399 1963 autem
431 1921 730 1976 suppeditavit
761 1919 1100 1962 Mitscherlichii
1131 1920 1480 1970 commentarius,
1509 1936 1584 1962 ex-

41 1999 280 2055 quisitioris
294 2000 503 2042 doctrinae
520 2000 645 2055 copia
662 1998 992 2050 refertissimus3
1017 2014 1146 2055 quem
1165 2000 1342 2054 quidem
1362 2014 1414 2041 eo
1430 1998 1583 2042 luben-

11 2095 13 2098 ⁴
39 2080 126 2121 tius
146 2079 191 2121 in
210 2086 357 2136 partes
378 2080 540 2130 vocavi,
564 2094 651 2134 quo
672 2079 809 2134 magis
831 2080 926 2135 ejus
949 2086 1101 2121 auctor
1127 2080 1218 2134 jam
1239 2078 1354 2129 olim,
1378 2079 1434 2120 ad
1455 2080 1580 2135 cujus

11 2157 286 2215 *exemplum
319 2174 387 2201 me
420 2158 737 2214 componerem,
774 2158 879 2199 mihi
915 2159 1059 2200 extitit
1096 2158 1389 2214 dignissimus.
1463 2158 1580 2200 Nam

29 2231 126 2283 ‘non
159 2239 250 2281 sine
287 2253 452 2280 summa
483 2238 613 2280 animi
646 2237 869 2293 voluptate
910 2238 955 2279 in
986 2238 1235 2280 memoriam
1275 2252 1433 2280 revoco
1472 2237 1582 2280 illud

40 2325 226 2374 temPUS,
247 2333 336 2374 quo
363 2333 452 2360 non
480 2317 618 2359 solum
645 2318 806 2359 intimae
834 2332 912 2359 nos
939 2332 1100 2373 pueros
1128 2318 1172 2360 in
1203 2316 1352 2359 schola
1377 2317 1582 2360 Pol-tensi

39 2398 237 2441 amicitiae
257 2397 647 2451 familiaritatisque
676 2397 853 2439 tenebat
882 2396 1114 2447 vinculum,
1139 2397 1217 2438 sed
1250 2403 1447 2438 mutuum
1473 2413 1582 2453 quo-

0 2532 4 2538 >
38 2492 124 2532 que
156 2476 476 2519 honestissimae
511 2475 796 2518 aemulationis
837 2476 1033 2531 agitabat
1071 2477 1278 2519 studium.
1352 2477 1581 2520 Gaudebit

0 2558 5 2592 i
37 2556 172 2612 igitur
207 2555 293 2607 ille,
327 2557 452 2612 cujus
485 2557 663 2611 antiqua
705 2556 817 2598 fides
851 2563 895 2598 et
929 2557 1148 2598 rarissima
1183 2557 1312 2598 animi
1352 2558 1581 2613 integritas

0 2688 3 2698 λ
37 2635 144 2678 mihi
179 2642 224 2677 et
258 2634 352 2676 aliis
387 2636 490 2677 satis
522 2642 757 2691 perspecta
788 2642 868 2686 est,
907 2636 1134 2692 gaudebit,
1169 2637 1360 2692 inquam,
1397 2637 1480 2678 nisi
1512 2653 1581 2680 me

0 2744 5 2767 2
38 2715 184 2758 omnia
203 2715 370 2766 fallunt,
392 2714 477 2766 ille,
501 2715 537 2756 si
566 2722 758 2757 veterem
786 2730 911 2758 suum
939 2717 1124 2759 amicum
1153 2724 1256 2772 post
1283 2731 1467 2759 messem
1487 2733 1512 2758 a
1535 2732 1581 2759 se

38 2794 195 2837 factam
218 2794 359 2850 spicas
379 2793 540 2850 legisse
562 2794 839 2837 intellexerit.

96 2875 207 2917 Post
226 2874 473 2917 inchoatam
494 2874 832 2917 Mitscherlichii
853 2875 1088 2917 editionem
1109 2875 1250 2917 omnia
1271 2875 1448 2917 Horatii
1476 2874 1581 2916 Car-

0 2945 11 3010 Ξ
37 2955 153 2998 mina
183 2970 271 2998 uno
307 2962 423 2997 tomo
458 2954 676 3010 evulgavit
712 2954 777 2996 Cl.
806 2947 1065 2998 Wetzelius.
1128 2955 1348 2998 Instructa
1385 2963 1453 2998 est
1484 2956 1580 2997 haec

765 3034 844 3075 b2
