1904 3314
613 183 840 227 LIBER
870 183 930 234 -11,
962 185 1003 225 2.

1497 186 1583 227 523

170 287 302 330 Unde
325 286 450 329 simul
470 286 654 342 primum
675 299 743 327 me
764 284 966 326 dimisere
989 282 1196 338 Philippi,

77 355 135 397 50
164 355 338 397 Decisis
359 353 563 396 humilem
581 353 751 408 penniS‚
768 352 1028 406 inopemque
1047 351 1220 404 paterni

165 423 228 465 Et
247 423 348 464 laris
369 430 413 464 et
430 421 566 470 fundi,
584 426 820 476 paupertas
842 417 1011 473 impulit
1032 418 1179 459 audax

163 490 228 532 Ut
247 505 400 533 versus
421 489 622 530 facerem.
683 487 788 537 Sed,
811 486 930 541 quod
951 500 1038 527 non
1056 486 1183 535 desit,
1204 484 1454 537 habentem,

164 558 279 606 Quae
299 563 506 613 poterunt
526 570 716 610 unquam
739 555 840 596 satis
862 568 1109 609 expurgare
1131 554 1300 603 cicutae,

165 625 229 667 Ni
248 625 399 668 melius
421 625 608 667 dormire
629 630 779 678 putem
801 637 932 677 quam
953 622 1143 663 scribere
1164 624 1348 663 versus?

77 692 135 733 55
165 691 348 748 Singula
367 692 422 733 de
443 692 570 734 nobis
589 691 690 732 anni
710 690 964 745 praedantur
984 696 1138 731 euntes
1155 705 1165 730 ε

161 760 380 816 Eripuere
394 761 534 815 jocos,
556 759 792 809 Venerem,
814 757 1024 806 convivia,
1046 756 1223 807 ludum;

162 827 375 870 Tendunt
395 835 660 882 extorquere
682 833 896 882 poemata.

960 824 1082 872 Quid
1102 825 1257 867 faciam
1277 825 1341 866 vis
1360 827 1377 867 2

164 894 371 950 Denique
390 910 478 937 non
499 910 647 936 omnes
668 894 821 936 eadem
842 894 1052 934 mirantur
1071 900 1330 948 amantque:

164 962 367 1005 Carmine
387 971 435 1005 tu
457 963 640 1018 gaudeS,
661 962 734 1004 hic
743 961 997 1003 delectatur
1017 961 1169 1002 iambis
1186 978 1196 1012 3

75 1029 136 1074 60
161 1029 243 1073 Ille
264 1030 443 1073 Bioneis
466 1030 737 1085 sermonibus
753 1036 798 1071 et
820 1028 907 1070 sale
928 1029 1067 1083 nigro.

140 1090 143 1091 ⁷
163 1098 279 1141 Tres
299 1098 405 1140 mihi
424 1099 617 1140 convivae
638 1112 776 1154 prope
799 1097 1030 1138 dissentire
1052 1097 1269 1148 videntur,

164 1165 406 1210 Poscentes
428 1166 546 1208 vario
566 1165 751 1207 multum
771 1165 944 1207 diversa
963 1163 1122 1219 palato.

45 1270 80 1296 et
96 1263 211 1296 Cassio
224 1269 336 1296 contra
346 1263 525 1296 Antonium
536 1270 569 1296 et
581 1263 798 1295 Octavianum

50 1313 166 1350 captu
188 1306 328 1338 delatum
343 1313 450 1339 autem
472 1312 519 1338 est
535 1307 666 1337 Horatio
683 1316 798 1337 munus

49 1349 170 1382 tribuni
185 1361 196 1388 ;
221 1348 289 1381 vid.
322 1360 394 1392 sup.
423 1350 491 1380 Sat.
519 1348 542 1385 i,
571 1351 603 1384 6,
629 1350 681 1386 48,
711 1349 799 1383 Quod

48 1393 124 1424 mihi
141 1398 267 1434 pareret
289 1393 367 1434 legio
390 1392 528 1422 Romarm
551 1393 688 1423 tribuno.
733 1391 797 1422 Re-

51 1443 199 1476 sponsura
211 1447 220 1465 .·
243 1435 300 1476 qui
315 1434 414 1466 alicui
430 1434 474 1466 rei
490 1444 547 1477 par
565 1440 624 1470 est,
641 1434 691 1465 vel
706 1433 798 1465 resis-

53 1482 118 1510 tere
132 1482 250 1520 potest,
261 1477 291 1509 ei
305 1479 481 1518 respondere
497 1477 546 1508 vel
563 1487 734 1518 responsare
749 1476 798 1508 di-

53 1520 158 1552 citur:
186 1519 249 1552 vid.
271 1530 343 1563 sup.
366 1519 407 1551 ad
431 1521 500 1551 Sat.
523 1519 559 1556 ii,
582 1521 615 1556 7,
639 1521 702 1558 855
731 1520 802 1551 Cic.

50 1562 86 1594 in
101 1562 199 1595 Catil.
221 1562 255 1599 ii,
275 1563 328 1599 ll,
344 1563 417 1594 Jum
436 1574 505 1594 vero
525 1564 613 1594 urbes
627 1564 802 1604 provincia-

53 1617 125 1638 rum
134 1612 166 1637 et
175 1607 415 1647 municipiorum
427 1607 644 1645 respondebunt
658 1606 802 1636 Cutitiuae

52 1649 183 1680 tumulis
197 1649 397 1680 silvestribus.
449 1649 547 1685 Unde,
560 1658 580 1678 a
595 1657 659 1689 qua
673 1647 802 1689 quidem

51 1691 178 1723 militia.
224 1691 324 1722 Simul
337 1693 483 1732 primum,
500 1690 646 1729 simulac.
684 1691 737 1721 Me
753 1692 800 1721 di-

53 1736 160 1766 misae
177 1734 334 1774 Philippi.-
359 1744 431 1766 cum
447 1733 598 1765 Horatius
614 1739 685 1775 post
695 1732 800 1764 funes-

55 1782 121 1809 tam
143 1776 184 1808 ed
207 1776 375 1819 Philippos
393 1787 533 1819 pugnam
556 1776 589 1806 in
612 1776 707 1807 celeri
730 1776 806 1817 fuga

75 1818 254 1851 uaesivisset
277 1821 412 1850 salutem
435 1823 525 1861 (sup.
551 1819 614 1850 Od.
638 1819 671 1854 ii,
696 1819 727 1855 7,
755 1821 806 1857 10,

82 1873 168 1894 ecum
195 1862 352 1903 Philt‘ppos
371 1869 400 1893 et
416 1864 548 1902 ‚celerem
564 1861 683 1903 jugam
708 1862 805 1898 Sensi,

54 1905 165 1937 relicta
179 1916 239 1936 non
254 1906 326 1936 bene
338 1904 514 1946 pov-mula),
526 1904 631 1946 lepide
643 1905 708 1946 jam
726 1904 804 1935 Phi-

58 1947 164 1991 lippos
179 1958 214 1979 se
227 1946 384 1979 dimisisse
399 1948 456 1979 ait.

99 1991 155 2022 50.
192 1990 307 2022 Decisis
331 1991 479 2030 ‘humilem
502 1992 621 2031 permis.
668 1990 734 2027 Qui
763 2001 803 2021 ex

54 2032 128 2071 loco
153 2032 262 2065 altiore
285 2033 430 2075 dejectus
457 2039 506 2072 est
530 2033 563 2064 in
593 2033 805 2070 humiliorem,

54 2075 108 2109 vel
121 2086 163 2108 ex
174 2083 257 2108 sorte
274 2076 393 2108 laetiore
408 2076 575 2118 depressus
591 2082 637 2107 est
652 2077 692 2107 ad
708 2076 806 2106 tristi-

56 2128 157 2156 orem,
171 2118 215 2155 ei,
239 2119 429 2161 proverbiali
451 2119 623 2155 locutione,
644 2118 677 2149 in
695 2129 805 2150 verna-

57 2160 132 2193 cula
153 2171 281 2204 quoque
304 2161 390 2204 apud
407 2172 464 2193 nos
483 2162 612 2198 usitata,
630 2172 734 2201 penme
757 2161 806 2193 vel

57 2205 115 2236 ale
129 2205 234 2236 decisae
249 2215 308 2236 csse
322 2204 485 2236 dicuntur.
514 2204 662 2240 Humilis,
679 2214 803 2236 accom-

58 2246 187 2278 modate
204 2246 247 2278 ad
267 2257 344 2284 rem,
367 2247 436 2289 qui,
457 2246 573 2279 decisis
594 2247 717 2290 penniS,
741 2257 804 2278 non

59 2289 199 2332 amplius
213 2300 252 2322 ex
270 2289 365 2322 humo
382 2291 415 2320 in
430 2290 531 2321 altum
547 2291 662 2326 volare,
681 2290 713 2320 h.
724 2300 753 2321 e.
766 2290 805 2321 ad

58 2337 275 2375 paupertatem
292 2332 441 2364 redactus
462 2343 525 2364 non
543 2333 681 2375 amplius
702 2343 736 2365 se
751 2343 805 2365 ex-

58 2374 171 2408 tollere
184 2381 217 2408 et
229 2375 318 2407 laute
332 2375 436 2407 vivere
450 2381 564 2418 potest.

103 2419 158 2450 ⁵1.
173 2417 346 2459 Paupertas
354 2420 458 2450 audax
466 2430 477 2456 ‚·
502 2428 656 2461 pauperes
667 2418 752 2450 enim
767 2418 807 2449 ad

60 2459 175 2493 famem
182 2460 363 2503 pellendam
376 2467 501 2493 tentant
509 2464 682 2502 audentque
690 2461 807 2493 omnia.

60 2503 102 2537 In
125 2503 208 2536 hanc
231 2503 294 2536 fere
316 2504 504 2536 seutentiam
523 2504 653 2536 Persius
673 2505 706 2535 in
728 2505 806 2535 Pro-

61 2545 135 2588 logo
159 2558 189 2578 v.
219 2545 260 2578 87
287 2557 374 2588 sqq„
404 2547 480 2582 Quis
507 2548 655 2587 expedivit
679 2549 808 2587 psittaco

24 2611 27 2613 >
61 2599 152 2621 m
166 2591 286 2632 Χαῖρε,
305 2590 454 2630 Picusque
474 2591 579 2620 docuit
599 2591 688 2620 verba
705 2596 808 2621 nostro

61 2634 190 2664 mouri?
222 2633 375 2675 Magister
400 2635 488 2668 artis,
517 2634 680 2673 ingentique
711 2634 808 2675 lorgi-

61 2679 123 2714 τον,
155 2675 278 2713 Venter,
305 2681 432 2717 negatas
461 2676 577 2717 artifex
603 2677 685 2715 sequi
716 2687 809 2707 voces.

62 2716 214 2751 Ceterum
224 2718 380 2750 Horatius
396 2717 601 2760 paupertatis,
615 2727 680 2758 qua
693 2718 732 2748 ad
744 2729 811 2750 ver-

64 2770 120 2793 sus
142 2760 326 2793 scribendos
347 2771 383 2793 se
405 2760 552 2792 adactum
578 2770 645 2792 esse
670 2760 813 2800 simulat,

65 2802 257 2846 profe-sione
272 2809 381 2846 poetas
402 2804 566 2835 famelicos
590 2810 697 2835 notare
711 2810 744 2835 et
756 2804 812 2836 de-

64 2845 168 2883 ridere
183 2845 322 2880 voluisse
336 2845 471 2878 videtur.

68 2920 71 2921 a
111 2889 252 2921 52-54.
266 2881 424 2931 &Qquid
434 2901 492 2921 nou
501 2891 591 2925 desit,
602 2894 678 2920 cett.
714 2889 811 2921 Hunc

19 2958 26 2976 ,ἶ
67 2930 185 2969 locum.
201 2931 256 2974 qui
272 2932 378 2974 plures
388 2931 574 2974 interpretes
589 2931 702 2963 misere
712 2932 811 2971 torsit,

16 2979 21 2984 ‘
67 2973 115 3006 ita
124 2973 327 3017 interpretor:
353 2975 416 3007 Sed
432 2986 519 3007 nunc
534 2985 584 3006 me
599 2975 810 3016 possidentem

843 1263 939 1305 (quod
965 1275 1024 1294 non
1049 1263 1145 1304 desit)
1169 1270 1324 1306 quantum
1351 1265 1429 1296 satis
1452 1265 1504 1303 sit,
1530 1265 1591 1298 nisi

842 1306 875 1335 in
893 1305 951 1337 hac
967 1317 1071 1337 rerum
1085 1317 1224 1338 mearum
1241 1307 1425 1339 conditione
1442 1310 1592 1350 (dormire

843 1347 961 1384 εὕδειν,
986 1348 1048 1379 vid.
1074 1350 1208 1381 Stanlei.
1236 1350 1276 1381 ad
1298 1350 1448 1392 AEscbyl.
1473 1352 1590 1393 Agam.

843 1390 926 1431 345)
953 1391 1052 1432 quieti
1078 1391 1244 1432 indulgere
1267 1403 1364 1434 quam
1383 1403 1492 1425 versus
1513 1395 1592 1426 scri.

842 1433 916 1465 bere
939 1434 1058 1469 malim,
1077 1435 1298 1475 quaeptandem
1318 1446 1459 1477 unquam
1478 1436 1594 1469 cicutae

843 1477 885 1507 ab
903 1476 1030 1507 insania
1048 1477 1174 1518 poetica
1190 1488 1240 1508 me
1259 1477 1334 1509 satis
1351 1488 1486 1520 purgare
1505 1486 1594 1521 pote-

846 1522 942 1551 runt!
981 1519 1120 1556 brevius,
1153 1519 1209 1551 sed
1239 1531 1313 1552 cum
1343 1531 1428 1552 nunc
1460 1522 1592 1554 habeam

846 1567 1001 1602 quantum
1018 1573 1098 1604 opus
1113 1568 1162 1594 est
1176 1565 1270 1604 (satis
1286 1565 1366 1594 enim
1381 1575 1540 1606 superque,
1557 1572 1595 1597 ut

847 1614 918 1647 sup.
934 1606 1038 1646 Epod.
1057 1607 1085 1642 1,
1103 1607 1158 1641 31,
1174 1606 1230 1642 ait,
1247 1609 1398 1638 ditaverat
1414 1617 1487 1638 eum
1509 1609 1594 1640 Mae-

846 1647 968 1678 cenatis
990 1647 1196 1689 benignitas),
1215 1648 1275 1679 nisi
1293 1649 1389 1680 vitam
1410 1650 1544 1681 otiosam
1563 1657 1598 1683 et

849 1689 980 1722 inertem
1011 1701 1140 1732 poeseos
1170 1691 1275 1722 studio
1306 1692 1480 1733 praeferam,
1512 1703 1595 1724 nun-

846 1742 943 1773 quam
971 1733 1010 1763 ab
1038 1733 1164 1764 insania
1193 1734 1317 1775 poetica
1346 1735 1449 1766 curari
1476 1742 1598 1778 potero.

853 1776 1088 1810 Quae—cicutae.
1120 1776 1230 1807 Cicuta
1242 1782 1290 1807 est
1306 1776 1404 1808 herba
1417 1780 1509 1809 caule
1526 1778 1598 1810 laevi

850 1824 883 1849 et
900 1818 983 1849 binis
998 1818 1113 1849 cubitis
1135 1829 1367 1860 nonnunquam
1386 1820 1509 1856 altiore,
1526 1831 1596 1858 nos,

850 1861 1034 1903 Schierling,
1052 1862 1104 1892 cui
1121 1861 1204 1893 inest
1216 1862 1263 1892 vis
1279 1862 1412 1903 frigoris,
1429 1873 1494 1904 quo
1509 1863 1596 1896 calor

849 1903 1027 1946 sanguinis,
1049 1903 1081 1936 h.
1108 1901 1139 1935 e.
1165 1910 1330 1946 poetarum
1352 1905 1464 1942 fervor,
1486 1913 1597 1944 aestus,

848 1946 932 1978 furor
942 1947 1157 1988 extinguitur5
1175 1947 1249 1978 hinc
1259 1948 1388 1979 Persius
1399 1949 1465 1979 Sat.
1480 1959 1510 1985 v,
1525 1951 1597 1988 144,

851 1991 934 2024 Quid
959 1992 1014 2020 tibi
1035 1991 1101 2021 vis?
1124 1991 1224 2020 calido
1247 1991 1300 2021 sub
1322 1998 1442 2030 pectore
1463 1994 1600 2023 mascula

850 2034 919 2064 bilis
942 2032 1036 2074 (bilis
1058 2038 1174 2068 tumor,
1197 2033 1335 2070 insania,
1359 2035 1597 2077 μελαγχολία)

851 2075 1020 2110 Intumuit,
1033 2087 1123 2117 quam
1137 2087 1198 2106 uon
1212 2078 1375 2107 minae-rit
1387 2089 1468 2108 urna
1479 2079 1598 2110 ciente.

853 2118 974 2155 Cicuta,
998 2118 1130 2159 largiore
1153 2118 1267 2150 haustu
1290 2125 1407 2157 sumta,
1430 2126 1479 2151 est
1501 2131 1598 2153 vene-

851 2172 939 2199 num,
952 2167 989 2193 ut
999 2161 1138 2192 Socratis
1153 2168 1251 2193 morte
1262 2161 1339 2192 satis
1351 2168 1488 2194 constat.
1534 2164 1597 2195 Ea·-

843 2215 995 2245 purgore‚
1011 2204 1142 2236 liberare
1163 2204 1279 2241 calore,
1296 2206 1411 2236 cicutae
1431 2205 1545 2248 frigore
1563 2207 1597 2238 in

847 2253 975 2290 pectore
987 2247 1141 2278 extincto.

893 2292 935 2322 55
955 2300 1026 2332 sqq.
1047 2291 1223 2332 Postquam
1245 2291 1399 2322 Horatius
1417 2291 1510 2323 Floro
1526 2302 1596 2329 suo,

849 2333 905 2375 qui
919 2333 1034 2364 frustra
1050 2333 1155 2364 adhuc
1176 2334 1329 2375 promissa
1350 2333 1390 2364 ab
1405 2344 1442 2366 eo
1457 2335 1599 2367 carmina

850 2382 1084 2418 expectaverat‚
1105 2386 1150 2411 se,
1167 2386 1241 2407 cum
1261 2376 1322 2407 sibi
1342 2387 1427 2408 nunc
1450 2384 1600 2420 suppetat

851 2419 936 2450 unde
952 2418 1047 2456 vivat,
1061 2429 1154 2450 omne
1169 2419 1346 2450 carminum
1361 2419 1600 2452 scribendorum

851 2461 1004 2504 abjecisse
1019 2462 1159 2492 studium
1176 2462 1367 2503 significavit
1383 2463 1598 2505 (quamquam

852 2505 1016 2540 Horatius,
1043 2505 1120 2535 dum
1150 2515 1183 2536 se
1213 2506 1356 2536 carmina
1381 2505 1414 2536 in
1439 2513 1599 2548 posterum

851 2548 986 2579 scribere
1013 2547 1094 2578 velle
1124 2554 1231 2588 negat,
1256 2548 1316 2579 hoc
1343 2548 1446 2590 ipsum
1472 2559 1599 2581 carmen

853 2590 1010 2632 scripsit),
1031 2600 1117 2621 nunc
1139 2591 1218 2621 alias
1236 2591 1398 2622 subnectit
1420 2602 1543 2631 causas,
1559 2604 1599 2624 ex

853 2633 970 2675 quibus
986 2633 1090 2674 poesis
1106 2633 1190 2675 apud
1211 2644 1245 2665 se
1264 2644 1350 2665 nune
1376 2634 1508 2676 frigeat:
1534 2636 1598 2678 pri-

853 2686 940 2706 mum
965 2675 1107 2718 quidem,
1133 2676 1219 2717 quod
1245 2687 1317 2708 cum
1346 2683 1438 2709 aetate
1462 2684 1602 2710 mutetur

855 2718 1001 2756 animus;
1025 2729 1087 2750 non
1106 2719 1235 2761 placent
1255 2719 1339 2751 enim
1359 2726 1452 2752 aetate
1470 2731 1599 2762 provec-

855 2761 946 2799 tiore,
968 2772 1041 2803 quae
1071 2762 1184 2803 puerili
1214 2768 1246 2794 et
1271 2762 1408 2804 juvenili
1433 2764 1599 2806 placuere:

855 2803 981 2840 deinde,
1001 2805 1086 2846 quod
1105 2815 1160 2846 pro
1180 2805 1311 2836 diversis
1329 2806 1491 2837 hominum
1511 2806 1599 2848 inge-

856 2847 918 2878 niis
930 2857 992 2878 non
1004 2848 1120 2889 cuique
1130 2849 1300 2890 probentur
1314 2854 1474 2890 poetarum
1487 2849 1601 2880 diversi

855 2890 978 2930 generis
993 2890 1155 2930 carmina;
1178 2891 1259 2922 alius
1276 2891 1348 2928 hoc,
1366 2891 1446 2922 alius
1462 2891 1518 2921 illo
1533 2901 1602 2922 car-

855 2933 977 2964 minum
993 2943 1106 2974 genere
1124 2933 1319 2966 delectatur:
1344 2940 1423 2970 tum,
1439 2933 1524 2975 quod
1540 2933 1602 2964 sibi

855 2975 888 3007 in
914 2976 991 3008 urbe
1015 2975 1132 3008 viventi
1161 2983 1206 3007 tot
1229 2987 1315 3008 curae
1342 2983 1374 3008 et
1398 2976 1522 3017 negotia
1547 2986 1602 3017 per
