1884 3288
313 216 370 255 22

871 212 1267 256 CARMINUM

876 393 1147 437 CARMEN
1179 396 1262 437 XI.

843 539 914 570 AD
946 539 1294 571 LEUCONOEN.

431 629 503 670 Τυ
524 643 577 671 ne
597 629 830 684 quaesieriS,
853 631 961 672 scire
982 631 1115 681 nefas,
1138 646 1264 685 quem
1283 630 1400 680 mihi,
1422 646 1547 686 quem
1567 633 1646 674 tibi

430 695 579 737 Finem
600 695 662 736 Di
682 696 893 746 dederint,
917 696 1171 748 Leuconoe3
1203 712 1282 738 nec
1305 697 1565 752 Babylonios

428 761 630 803 Tentaris
650 777 863 804 numerOS.

924 763 986 804 Ut
1007 763 1168 814 melius,
1187 765 1398 818 quidquid
1418 765 1514 814 erit,
1534 765 1647 819 pati!

430 829 519 870 Seu
540 828 682 883 plures
703 829 879 879 hiemes,
903 844 979 870 seu
1000 830 1149 870 tribuit
1169 830 1344 885 Jupiter
1364 830 1567 881 ultimam,

373 894 400 935 5
430 895 542 942 Quae
562 910 674 936 nunc
694 896 904 950 oppositis
926 895 1122 937 debilitat
1140 897 1380 950 pumicibus
1400 911 1515 938 mare

428 961 717 1015 Tyrrhenum.

429 1026 560 1080 Spem
578 1026 746 1081 longam
765 1042 948 1069 reseces.

427 1093 570 1134 AEtas.

538 1180 736 1212 CARMEN
759 1182 822 1213 XI.

357 1221 435 1252 Cum
452 1222 639 1254 Leuconoen
655 1224 732 1265 (sub
747 1234 808 1265 quo
830 1223 903 1254 ficto
918 1222 1044 1254 nomine

313 1261 395 1293 haud
411 1264 505 1295 dubie
521 1265 621 1296 amica
636 1265 780 1306 quaedam
803 1266 927 1296 Horatii
950 1265 1043 1305 latet)

311 1314 367 1346 pro
382 1315 430 1343 ea,
443 1317 513 1347 quae
523 1312 589 1336 tum
599 1313 723 1348 ceperat
731 1307 893 1338 hominum
907 1308 1040 1343 animos,

312 1347 545 1388 superstitione,
564 1349 631 1390 jam
647 1349 679 1380 id
702 1359 804 1390 agere,
820 1355 856 1380 ut
870 1350 1041 1390 astrologos

311 1390 504 1421 consulendo
530 1391 622 1422 finem
652 1391 724 1422 vitae
750 1392 810 1422 sibi
834 1392 1040 1422 constitutum

311 1430 503 1467 sciscitetur,
524 1432 729 1464 intellexisset
749 1439 860 1475 poeta5
888 1443 956 1464 eam
980 1433 1039 1464 hoc

311 1473 459 1510 carmine,
475 1479 538 1504 tam
557 1475 621 1505 fata
636 1474 750 1512 futura,
763 1486 834 1517 quae
849 1475 1040 1515 ignorentur,

311 1515 412 1545 multo
421 1516 533 1547 melius
548 1516 632 1552 ferri,
647 1516 802 1552 docendo,
820 1527 913 1558 quam
928 1518 1039 1558 volup-

309 1559 421 1594 tatum,
438 1559 477 1589 ob
492 1558 563 1590 vitae
578 1558 772 1596 brevitatem,
784 1559 858 1590 dum
874 1559 960 1594 licet,
970 1570 1039 1601 per-

308 1597 538 1640 cipiendarum,
567 1600 699 1632 fructum
729 1601 989 1638 commendando,
1020 1611 1038 1632 a

310 1641 408 1672 stulto
423 1642 482 1673 isto
497 1642 628 1673 consilio
643 1653 772 1674 avocare
787 1643 903 1674 studet.

355 1683 383 1713 1.
409 1683 456 1714 Ne
471 1686 635 1724 quaesieris:
653 1695 718 1725 pro,
735 1695 810 1716 cave
826 1694 961 1727 quaeras,
973 1684 1038 1715 noli

309 1734 458 1764 quaerere.
503 1727 674 1757 Commode
694 1727 727 1757 in
750 1728 831 1758 hanc
851 1726 1037 1758 sententiam

310 1767 362 1797 (ΣΙ.
389 1767 524 1799 Mitseh.
547 1768 655 1799 laudat
680 1769 823 1810 Propert.
847 1769 880 1805 ii,
903 1770 957 1804 20,
984 1769 1036 1804 60,

309 1810 351 1838 At
375 1820 423 1839 vos
442 1811 599 1846 incertam,
624 1813 774 1847 mortales,
787 1813 914 1853 funeris
937 1812 1038 1841 horam

312 1851 466 1888 Quaeritis,
495 1858 524 1883 et
552 1864 610 1892 qun.
640 1855 677 1883 sit
709 1865 783 1884 mors
810 1855 950 1884 adeunda
980 1854 1039 1884 υἱιι.

312 1893 455 1927 Quaeritis
470 1900 498 1924 et
513 1896 582 1924 coelo
600 1895 772 1925 Phoenicum
790 1897 910 1926 inventa
925 1905 1037 1930 sereno,

313 1935 387 1970 Qnae
413 1938 452 1966 sit
476 1937 564 1966 stella
593 1938 704 1967 homini
731 1939 890 1973 commoda,
920 1948 1038 1977 qumque

308 1979 400 2008 mala.
444 1978 527 2008 Scire
536 1978 723 2019 nefas,q1oem
738 1984 826 2010 cett.:
851 1979 980 2020 impium
991 1986 1038 2010 est

309 2019 389 2050 scire
404 2019 452 2050 vel
465 2020 618 2051 sciscitari
629 2021 722 2054 velle,
735 2031 828 2061 quem
842 2027 915 2052 cett.
929 2032 937 2058 3
964 2031 1036 2050 nam

305 2063 439 2100 prudens
456 2062 509 2102 (ut
531 2062 610 2092 Hor.
625 2061 682 2092 inf·
704 2062 750 2097 iii,
773 2064 827 2099 29,
850 2063 910 2102 30)
922 2062 1035 2103 sutmi

309 2106 560 2142 temporise.zitum
570 2104 741 2144 Caliginosa
748 2111 832 2135 nocte
838 2107 947 2144 premit
953 2106 1035 2134 deus.

309 2145 391 2176 Stat.
408 2145 507 2176 Theb.
523 2145 569 2182 iii,
585 2147 659 2182 562,
670 2148 742 2186 quid
759 2149 892 2177 crastina
908 2148 1034 2176 volveret

307 2193 387 2223 aetas,
411 2188 494 2218 Scire
528 2187 612 2228 ¹tufus
648 2190 770 2218 homini.
829 2189 923 2223 Quem
952 2189 1035 2224 mihi,

306 2240 392 2269 quem
422 2231 477 2260 tibi
494 2230 593 2270 finem
618 2230 651 2260 di
678 2231 827 2262 dederint.
870 2231 1036 2262 Leuconoe

306 2270 412 2311 igitur,
429 2282 501 2302 eum
519 2282 580 2303 non
596 2272 696 2303 solum
711 2272 750 2303 de
771 2282 847 2308 suae,
863 2273 917 2303 sed
940 2273 1034 2303 etiam

306 2312 345 2344 de
362 2313 484 2344 Horatii
494 2314 564 2344 vitae
574 2314 660 2345 exitu
669 2320 751 2346 esset
765 2314 913 2350 sollicita,
925 2315 1034 2345 intimo

305 2364 377 2386 eum
393 2365 497 2386 amore
511 2356 655 2397 amplexa
669 2367 736 2387 esse
750 2356 882 2387 videtur.

347 2398 380 2433 2,
395 2399 428 2429 3.
453 2398 516 2429 Nec
540 2398 721 2439 Babylonios
743 2401 868 2429 tentaris
889 2409 1034 2429 numeros.

308 2438 390 2470 Cum
421 2440 590 2481 Babylonii
618 2440 762 2482 inprimis
790 2441 854 2472 sive
891 2440 1035 2472 Chaldaei

306 2476 456 2522 (quorum
473 2482 547 2513 urbs
562 2482 620 2513 fuit
635 2483 800 2523 Babylon)
815 2493 854 2513 ex
875 2482 952 2513 hora
972 2493 1034 2524 qua

305 2523 376 2563 quis
387 2529 479 2555 natus
487 2530 580 2558 esset,
590 2525 654 2556 sive
670 2525 852 2566 horoscopo,
861 2524 1033 2556 secundum

305 2565 575 2597 constellationem
605 2566 670 2597 sive
698 2567 871 2603 stellarum,
900 2577 1033 2608 quarum

305 2617 427 2639 cursum
438 2613 470 2639 et
483 2608 722 2650 conjunctiones
736 2609 769 2639 in
781 2608 1032 2650 ephemeridibus

304 2648 370 2681 suis
394 2650 443 2681 vel
468 2651 588 2682 tabulis
615 2651 833 2682 astronomicis
862 2651 1033 2692 descriptas

303 2691 475 2727 habebant,
484 2692 731 2740 computationes
744 2699 775 2724 et
789 2703 951 2724 numerum
967 2703 1032 2724 suae

304 2733 420 2776 cuique
433 2734 504 2765 vitae
519 2740 636 2766 exitum
653 2734 843 2776 praedicendi
856 2739 951 2766 artem
962 2745 1032 2776 pro-

304 2775 377 2807 fessi
391 2776 472 2815 siut;
496 2787 632 2808 numeros
647 2777 826 2818 Babylonios
835 2783 952 2807 tentare
962 2777 1031 2812 erit,

303 2827 343 2850 ex
377 2818 532 2850 subducto
571 2818 746 2850 secundum
787 2818 1030 2860 Babyloniorum

303 2865 399 2892 artem
411 2860 572 2892 stellarum
584 2871 724 2896 numero,
737 2860 802 2891 sive
812 2871 851 2892 ex
862 2861 1033 2892 Chaldaicis

304 2904 358 2943 (ut
381 2902 491 2934 Cicero
511 2903 650 2944 loquitur
674 2904 714 2935 de
738 2903 815 2934 Div.
840 2902 873 2940 ii,
898 2904 957 2941 47)
980 2914 1030 2933 ra-

302 2946 433 2976 tionibus
447 2944 520 2976 vitoe
537 2945 653 2977 exitum
676 2945 837 2987 explorare
859 2950 892 2976 et
913 2945 1031 2978 discere

779 962 946 1016 Sapias,
970 962 1064 1003 vina
1083 961 1235 1016 liques,
1251 970 1295 1004 et
1316 965 1453 1018 spatio
1472 963 1592 1005 brevi

1010 1027 1127 1069 Dum
1147 1028 1375 1082 loquimur,
1397 1029 1554 1084 fugerit
1573 1029 1716 1071 invida

632 1093 772 1148 Carpe
793 1094 918 1142 diem,
936 1109 1063 1148 quam
1082 1095 1298 1136 minimum
1320 1095 1495 1136 credula
1514 1102 1702 1150 postero.

1086 1181 1177 1220 velle,
1192 1181 1224 1213 h.
1239 1192 1267 1213 e.
1285 1181 1447 1214 consulere
1463 1182 1647 1223 astrologos.
1694 1181 1737 1214 Ut
1756 1193 1816 1213 mc-

1088 1225 1146 1254 lius
1156 1226 1302 1264 quidquid
1312 1227 1381 1260 erit,
1392 1227 1476 1264 poti.-
1494 1224 1514 1255 i.
1525 1235 1551 1255 e.
1562 1229 1680 1265 quanto
1690 1224 1815 1266 sapien-

1088 1266 1160 1303 tius,
1178 1266 1331 1307 quidquid
1345 1266 1502 1303 acciderit,
1517 1267 1671 1308 patienter
1684 1267 1780 1298 ferre!

1127 1310 1159 1339 5.
1183 1309 1255 1343 Quae
1266 1319 1346 1339 nunc
1354 1310 1492 1348 oppositis
1499 1309 1638 1339 debilitat
1648 1310 1816 1348 pumicibus

1083 1361 1164 1380 mare
1177 1350 1377 1390 Tyrrhenum,
1387 1350 1484 1392 lyrico
1495 1354 1606 1381 ornatu
1615 1360 1671 1392 pro
1679 1349 1813 1390 vulgari,

1084 1402 1156 1432 quae
1183 1402 1266 1422 nunc
1290 1392 1400 1423 transit
1422 1392 1472 1423 vel
1494 1391 1677 1433 transigitur
1704 1391 1816 1424 hiems.

1085 1434 1159 1468 Quae
1187 1445 1270 1465 nuuc
1297 1435 1436 1465 debilitat
1470 1443 1562 1470 mare,
1597 1445 1652 1477 pro
1679 1433 1816 1482 vulgari,

1082 1485 1145 1516 qua
1161 1486 1244 1507 nunc
1260 1486 1344 1508 mare
1359 1475 1550 1512 debilitatur,
1565 1475 1597 1506 h.
1607 1486 1635 1508 e.
1648 1476 1813 1517 frangitur,

1083 1517 1287 1558 repercutitur
1306 1519 1444 1558 oppositis
1466 1519 1646 1557 pumicibus,
1670 1527 1737 1560 pro,
1758 1529 1811 1550 ru-

1082 1558 1186 1600 pibus,
1210 1559 1396 1590 marinorum
1422 1560 1575 1591 fluctuum
1598 1559 1730 1602 impetn,
1753 1571 1807 1602 pu-

1081 1601 1197 1632 micum
1208 1601 1316 1638 instar,
1327 1601 1428 1632 exesis
1439 1606 1470 1632 et
1483 1600 1612 1632 cavatis.
1639 1601 1691 1633 Sic
1702 1613 1812 1642 pumex

1082 1653 1137 1684 pro
1148 1654 1223 1685 rupe
1232 1653 1401 1674 cavernosa
1415 1643 1499 1685 apud
1511 1643 1600 1684 Virg.
1610 1644 1726 1675 AEn.v.
1735 1645 1812 1684 214,

1084 1685 1191 1718 Qualis
1213 1687 1354 1725 spelunca
1379 1686 1476 1716 subito
1501 1693 1642 1717 commcna
1666 1687 1813 1725 columba,

1083 1727 1142 1757 Cui
1163 1729 1266 1758 domus
1290 1734 1318 1758 et
1342 1728 1443 1758 dulces
1469 1728 1611 1758 latebroso
1635 1729 1668 1759 in
1693 1730 1812 1768 pumice

1080 1769 1158 1805 nidi,
1187 1770 1299 1800 Fertur
1321 1771 1355 1799 in
1377 1780 1450 1800 arva
1464 1770 1566 1801 volans
1581 1774 1679 1807 cett-3
1701 1775 1733 1802 et
1754 1770 1810 1807 xii,

1080 1811 1155 1847 587,
1174 1811 1309 1842 Inclusas
1325 1817 1360 1841 ut
1381 1823 1449 1843 cnm
1473 1812 1614 1842 latebroso
1635 1813 1668 1842 in
1689 1813 1808 1852 pumice

1078 1859 1181 1891 pastor
1202 1853 1365 1894 Vestigavit
1381 1865 1447 1893 apes
1463 1857 1537 1884 cett.
1582 1852 1742 1894 Voigfius,
1765 1854 1812 1885 vir

1081 1895 1311 1930 celeberrimus,
1339 1906 1376 1926 ex
1399 1894 1538 1936 physicis
1561 1894 1733 1927 rationibus
1759 1898 1812 1936 (ut

1080 1946 1118 1966 ex
1135 1938 1186 1968 Cl.
1203 1937 1332 1968 Mitsch.
1346 1937 1443 1968 Anal.
1457 1937 1497 1968 ad
1511 1937 1590 1968 Hor.
1599 1937 1636 1968 T.
1646 1936 1681 1974 ii,
1697 1948 1730 1980 p.
1745 1939 1807 1970 677

1081 1977 1239 2016 intellexi)
1262 1979 1346 2010 hunc
1373 1979 1477 2010 locum
1498 1978 1722 2021 explicandum
1742 1990 1810 2012 esse

1080 2020 1249 2051 existimat.
1306 2022 1403 2052 Putat
1426 2020 1571 2052 nimirum
1593 2031 1648 2062 per
1667 2024 1809 2062 appositos

1077 2064 1207 2101 pumices
1236 2073 1369 2093 massam
1398 2063 1557 2094 ardentem
1587 2062 1654 2094 sive
1689 2062 1811 2106 lapides

1079 2103 1150 2143 igne
1165 2115 1288 2145 peresos
1303 2104 1522 2145 intelligendos
1535 2114 1614 2141 esse,
1627 2115 1706 2146 quos
1719 2116 1809 2138 mons

1078 2145 1254 2186 ignivomus
1269 2146 1300 2176 in
1312 2146 1487 2177 AEoliarum
1502 2146 1605 2178 insula
1614 2157 1688 2183 una,
1697 2148 1806 2179 Stron-

1078 2188 1162 2228 gyle,
1185 2189 1357 2230 ejaculetur
1385 2194 1416 2219 et
1443 2189 1476 2220 in
1503 2198 1588 2220 mare
1613 2188 1807 2230 Tyrrhenum

1076 2230 1216 2271 dejiciat.
1262 2232 1375 2272 Itaque
1388 2230 1472 2262 hunc
1487 2230 1589 2262 locum
1604 2230 1650 2262 ita
1664 2231 1726 2263 sere
1741 2243 1807 2264 ver·

1076 2273 1203 2303 tendum
1214 2283 1282 2304 esse
1291 2272 1470 2303 arbitratur:
1491 2273 1571 2303 Oder
1585 2283 1614 2303 es
1627 2283 1697 2315 mag
1712 2275 1807 2306 dieser

1082 2314 1200 2345 Winter
1215 2317 1268 2346 der
1283 2316 1368 2345 letzte
1377 2325 1460 2356 seyn,
1474 2316 1527 2346 der
1529 2316 1611 2355 jetzt
1621 2317 1680 2346 den
1695 2315 1806 2359 Drang

1077 2358 1126 2387 des
1151 2356 1386 2397 Tyrrhenischen
1410 2357 1523 2388 Meeres
1540 2357 1638 2388 durch
1655 2357 1808 2398 gljihende

1078 2399 1270 2429 Lavastrb'me
1293 2410 1330 2429 zu
1354 2399 1476 2430 brechen
1500 2399 1604 2430 strebt.
1646 2398 1708 2430 Sed
1726 2399 1807 2433 hanc

1077 2440 1258 2482 explicandi
1282 2440 1431 2472 rationem
1457 2439 1638 2482 neutiquam
1663 2451 1738 2474 usus
1759 2442 1805 2474 lo-

1077 2483 1191 2523 quendi
1207 2482 1354 2514 admittit.
1398 2483 1482 2514 Nam
1494 2492 1598 2514 massa
1612 2481 1668 2514 illa
1682 2482 1806 2523 ardens,

1077 2534 1104 2555 s.
1114 2525 1121 2554 i
1126 2535 1186 2565 gne
1197 2524 1280 2556 adesi
1295 2524 1426 2566 lapides,
1436 2525 1505 2564 ejici
1513 2523 1642 2566 quidem
1650 2535 1689 2556 ex
1701 2532 1807 2559 monte

1077 2566 1246 2607 ignivomo,
1262 2572 1293 2598 et
1314 2567 1346 2597 in
1361 2577 1445 2598 mare
1459 2568 1560 2606 dejici,
1575 2565 1631 2598 sed
1645 2576 1709 2598 non
1723 2567 1807 2600 sicut

1075 2619 1178 2651 rupes,
1208 2609 1256 2640 vel
1286 2614 1374 2639 vasta
1407 2608 1552 2650 quaedam
1588 2607 1697 2645 molen,
1733 2621 1805 2651 quae

1076 2651 1224 2682 fluctibus
1235 2651 1363 2682 marinis
1374 2649 1501 2686 resistit,
1509 2649 1588 2680 mari
1602 2652 1708 2690 opponi
1722 2657 1806 2685 recte

1075 2692 1241 2732 dicuntum
1265 2703 1322 2724 nec
1338 2698 1425 2724 tanta
1438 2691 1485 2724 vis
1496 2691 1616 2724 ardenti
1630 2691 1679 2722 illi
1693 2703 1804 2726 massae

1075 2740 1106 2765 et
1119 2734 1276 2777 lapidibus
1292 2735 1363 2775 igne
1382 2734 1498 2776 peresis
1518 2732 1612 2765 tribui
1634 2740 1747 2775 potest,
1770 2741 1806 2768 ut

1076 2787 1170 2814 mare,
1182 2777 1263 2808 sicut
1278 2787 1312 2807 ru
1337 2786 1371 2808 es
1385 2776 1540 2818 quaedam,
1549 2777 1719 2814 debilitent,
1730 2777 1805 2810 h.‚e.

1077 2819 1189 2850 fluctus
1206 2818 1299 2849 maris
1326 2822 1459 2859 tangant
1471 2823 1504 2849 et
1516 2817 1695 2850 retundant.

1117 2862 1214 2892 6-8.
1241 2861 1347 2900 Sapias
1374 2865 1450 2892 cett.
1478 2869 1606 2892 sensus:
1642 2870 1684 2892 ne
1707 2860 1804 2894 stulte

1074 2903 1169 2944 igitur
1191 2904 1230 2934 de
1254 2902 1325 2937 vitae
1350 2901 1435 2933 exitu
1453 2901 1641 2933 sciscitando
1664 2904 1802 2934 animum

1075 2950 1163 2977 tuum
1193 2954 1354 2983 maceres;
1389 2943 1478 2986 quin,
1502 2943 1645 2985 cogitans
1667 2944 1707 2976 de
1731 2945 1804 2978 vitae
