1904 3314
363 176 446 217 436

847 178 1380 221 EPISTOLARUM

477 277 646 328 Naenia,
667 293 763 332 quae
783 293 962 332 regnum
982 285 1099 320 recte
1117 278 1372 320 facientibus
1394 278 1535 328 offert,

479 344 540 386 Et
560 345 747 386 maribus
770 344 910 386 Curiis
931 352 975 386 et
996 346 1220 386 decantata
1243 344 1458 385 Camillis?

392 411 448 452 65
478 411 576 453 Isne
597 412 675 452 tibi
693 411 842 453 melius
863 412 1028 461 suadet,
1050 413 1123 466 qui
1143 427 1231 452 rem
1254 411 1399 460 facias,
1426 426 1531 460 rem,

479 479 526 519 Si
547 479 699 532 possis,
721 486 862 528 recte3
897 479 931 519 si
951 493 1049 527 non,
1072 493 1328 532 quocunque
1348 478 1474 518 modo
1494 492 1598 526 rem,

478 545 541 586 Ut
560 546 737 599 propius
760 552 929 599 spectes
949 545 1171 586 lacrimosa
1190 551 1388 598 poemata
1411 543 1550 598 Pupi:

476 611 562 660 An,
585 613 657 666 qui
679 611 860 652 fortunae
887 619 928 652 te
949 626 1202 665 responsare
1225 612 1423 665 superbae

478 677 682 719 Liberum
703 685 745 718 et
766 685 954 718 erectum
980 691 1170 731 praesens
1192 677 1389 718 hortatur
1408 683 1451 717 et
1472 678 1620 730 aptat?

393 744 448 783 70
478 744 648 791 Quodsi
669 759 734 784 me
755 743 940 798 populus
963 743 1184 784 Romanus
1206 743 1316 784 forte
1338 750 1474 797 roget,
1497 757 1574 784 cur

480 810 597 860 Non,
619 818 666 851 ut
687 811 937 865 porticibus,
962 811 1021 851 sic
1037 811 1210 864 judiciis
1232 810 1349 850 fruar
1370 810 1520 857 isdem,

476 876 572 917 Nec
595 892 762 931 sequar,
786 884 858 918 aut
879 877 1050 931 fugiam,
1074 891 1170 930 quae
1192 876 1329 930 diligit
1350 877 1455 930 ipse,
1477 874 1545 917 vel
1564 875 1654 916 odit
1672 891 1682 916 z

478 942 593 983 Olim
614 944 729 997 quod
750 943 898 997 vulpes
923 950 1085 997 aegroto
1106 950 1231 983 cauta
1250 942 1361 983 leoni

364 1074 417 1104 ubi
432 1085 575 1106 numeros
585 1075 756 1106 subducere
771 1075 907 1110 discant,
918 1080 1028 1106 euntes
1042 1074 1096 1105 de-

364 1116 497 1157 scripsit,
518 1117 643 1148 Homeri
661 1123 692 1148 et
715 1117 846 1147 aliorum
865 1123 1025 1158 poetarum
1042 1127 1095 1146 ex-

363 1159 466 1200 emplo
496 1159 647 1190 Horatius
670 1164 840 1201 opportune
866 1168 949 1188 nunc
976 1158 1096 1199 repetit.

365 1199 440 1230 Non
464 1200 551 1232 video
574 1201 679 1240 igitur,
701 1201 856 1241 quomodo
878 1200 928 1231 hic
951 1209 1056 1231 versus
1078 1210 1096 1230 a

365 1241 596 1283 Cuninghamo,
629 1248 660 1273 et
687 1244 727 1273 ab
754 1242 792 1272 iis
820 1242 875 1284 qui
897 1252 967 1273 eum
995 1242 1096 1272 secuti

363 1289 446 1319 sunt,
476 1295 531 1326 pro
559 1294 662 1326 panno
691 1289 796 1315 assuto
820 1283 926 1314 haberi
950 1283 1098 1325 potuerit.

365 1325 410 1356 Ut
432 1326 557 1357 meliore
583 1337 663 1357 nexu
686 1327 736 1356 hic
758 1335 860 1356 versus
880 1335 953 1356 cum
978 1336 1094 1366 praece-

363 1367 455 1398 dente
479 1368 657 1403 cohaereret,
678 1367 884 1398 Marklandus
909 1367 958 1408 (in
985 1367 1093 1408 Expli-

362 1414 438 1440 catt.
454 1410 571 1451 aliquot
587 1415 661 1441 vett.
684 1413 766 1440 auct.
783 1410 920 1440 locorum
941 1408 980 1439 ad
1003 1408 1094 1439 Euri-

362 1451 427 1492 pid.
443 1451 616 1493 Supplices,
632 1463 662 1494 p.
672 1451 753 1491 255)
764 1457 833 1492 post
846 1461 980 1490 senesque
994 1461 1091 1492 copu-

363 1493 425 1524 lam
454 1499 483 1524 ει
507 1493 714 1535 adjiciendam
741 1503 809 1524 esse
836 1493 1012 1534 suspicatus
1035 1498 1093 1528 est,

361 1535 606 1576 suffragantibus
623 1535 838 1570 Wakefieldio,
854 1534 1046 1570 Eichstadio,
1063 1540 1093 1565 et

362 1576 443 1608 aliis.
488 1577 548 1609 Sed
565 1577 635 1619 quis
654 1587 777 1619 μηδι-οε,
795 1587 812 1607 a
827 1576 1002 1607 divitiarum
1020 1586 1090 1607 coa-

360 1619 580 1650 cervandarum
619 1619 790 1660 cupiditate
825 1618 926 1649 adhuc
962 1617 1091 1653 alienos,

362 1659 581 1692 foeneratorum
610 1661 699 1691 illam
723 1660 755 1690 in
783 1661 866 1692 Jano
891 1659 1091 1695 cantilenam,

361 1704 519 1741 quaerenda
538 1705 665 1742 pecunia
685 1704 813 1742 primum
837 1709 889 1738 est,
913 1705 1009 1733 virtus
1030 1709 1092 1741 post

361 1755 505 1780 nummos,
531 1755 593 1775 una
616 1756 689 1776 cum
713 1744 884 1786 juvenibus
909 1750 939 1775 et
966 1743 1093 1775 senibus

359 1787 519 1828 repetiisse
534 1787 595 1818 sibi
610 1786 813 1829 persuadeat?
857 1787 925 1817 Imo
945 1786 1094 1817 Horatius

357 1827 491 1868 juvenes
509 1834 540 1859 et
561 1840 662 1866 senes,
680 1829 712 1859 in
727 1828 937 1860 subducendis
953 1829 1089 1859 numeris

361 1875 392 1900 et
403 1870 577 1902 rationibus
595 1871 687 1913 plane
702 1871 832 1908 defixos,
849 1870 952 1912 lepide
967 1881 1022 1912 per
1035 1881 1090 1912 ap-

361 1912 543 1952 positionem
560 1924 589 1944 v.
606 1915 647 1944 56
669 1913 812 1953 designat
826 1918 861 1943 ut
875 1923 998 1954 pueros,
1020 1923 1091 1943 cum

361 1953 394 1983 in
423 1954 562 1984 scholam
591 1965 623 1986 se
656 1955 830 1990 conferunt,
869 1954 988 1985 loculos
1018 1965 1090 1985 cum

361 1995 470 2026 tabula
482 2003 512 2026 et
525 1997 655 2027 calculis
670 2002 838 2037 gestantes.

403 2039 541 2069 57—59.
563 2040 596 2068 Si
609 2041 849 2079 quadringentis,
865 2042 937 2068 cett.
956 2039 1090 2069 Sensus:

359 2078 384 2108 si
397 2080 632 2120 quadringentis
643 2080 780 2110 millibus
796 2081 861 2110 HS.
878 2081 989 2120 (quam
1005 2090 1088 2110 sum·

360 2131 440 2152 mam
453 2122 609 2164 possidere
623 2122 756 2153 debebat
769 2122 801 2152 in
816 2121 953 2152 ordinem
970 2122 1088 2162 Eques-

359 2168 436 2194 trem
461 2163 673 2205 recipiendus)
701 2174 755 2194 sex
776 2164 825 2194 vel
851 2169 966 2204 septem
991 2163 1090 2193 millia

359 2205 485 2242 desunt,
508 2205 650 2247 quamvis
671 2216 704 2236 es
727 2205 772 2236 vir
791 2205 903 2239 bonus,
928 2205 1087 2240 honestus,

359 2246 489 2279 disertus
504 2255 534 2279 et
550 2248 677 2290 probus,
693 2253 796 2278 tamen
812 2247 852 2278 ad
866 2246 1003 2277 ordinem
1023 2247 1088 2288 ple-

360 2289 465 2320 beium
489 2290 614 2325 relatus,
635 2300 697 2320 non
719 2289 778 2320 frui
796 2294 881 2331 potes
896 2289 1011 2319 honore
1026 2299 1087 2330 quo

358 2331 478 2372 equites
501 2333 654 2363 fruuntur.
699 2331 751 2362 Sic
769 2332 907 2373 profecto
929 2341 990 2361 non
1009 2340 1087 2372 opus

359 2379 419 2408 est,
444 2379 476 2404 ut
498 2386 528 2406 v.
551 2376 590 2405 57
619 2379 650 2404 et
673 2375 712 2405 58
739 2379 857 2404 mutato
881 2373 987 2404 ordine
1015 2383 1086 2403 cum

360 2415 505 2447 Bentleio
518 2421 548 2447 et
563 2415 633 2447 aliis
653 2417 796 2455 legantur
810 2415 854 2446 sic
869 2426 874 2444 :
902 2416 955 2445 Est
971 2417 1088 2445 animus

361 2459 426 2492 tibi,
452 2465 523 2489 sunt
546 2469 648 2494 mores,
670 2465 711 2489 est
735 2459 842 2498 lingua
860 2457 1006 2498 fidesque,
1031 2458 1088 2487 Sed

357 2501 587 2542 quadringentis
620 2512 667 2531 sex
698 2506 803 2540 septem
838 2500 936 2529 millia
971 2501 1089 2530 desunt.

359 2541 410 2572 De
433 2543 530 2584 pretio
557 2543 734 2577 sestertium,
762 2547 792 2572 et
813 2541 851 2572 de
874 2541 993 2572 ratione
1022 2551 1087 2581 qua

356 2593 462 2614 eorum
488 2594 609 2614 summa
633 2584 824 2624 designatur,
848 2582 918 2614 vide
937 2593 1006 2624 quae
1030 2583 1085 2613 ob-

357 2626 545 2656 servavimus
567 2626 605 2656 ad
622 2626 782 2657 Ciceronis
797 2626 1002 2656 Auserlesene
1019 2624 1083 2656 Re-

356 2668 429 2702 den,
456 2679 486 2710 p.
517 2669 555 2698 17
578 2674 607 2699 et
634 2669 683 2699 18.
743 2669 784 2698 At
812 2670 900 2707 pueri
932 2669 1084 2697 ludentes:

357 2710 444 2751 pueri
459 2715 578 2746 contra,
594 2720 666 2740 cum
682 2709 807 2743 ludunt,
824 2720 885 2739 non
901 2709 1015 2743 ditiori,
1031 2709 1086 2740 sed

356 2751 385 2782 ei
409 2755 459 2793 qui
477 2759 556 2783 ‘recte
569 2753 665 2794 facit,
689 2751 743 2792 qui
763 2751 839 2782 alios
863 2757 927 2782 arte
950 2756 1085 2792 superat,

355 2803 491 2825 summos
513 2794 543 2824 in
565 2795 638 2824 ludo
661 2793 790 2824 honores
809 2793 962 2827 deferunt,
986 2803 1085 2833 regem

356 2846 427 2867 eum
448 2836 660 2879 appellantes:
684 2836 727 2867 cf.
749 2835 863 2866 Pollux
882 2835 923 2872 ix,
943 2837 974 2871 7,
989 2835 1006 2865 ὁ
1021 2836 1084 2876 μὲν

354 2877 543 2919 ἡττώμενος
553 2879 629 2915 ὄνος
638 2877 850 2909 ἐκαλεῖτο-ὁ
860 2876 891 2908 δὲ
902 2880 1004 2909 νικῶν
1018 2877 1082 2917 βαὲ

352 2921 473 2958 σιλεὺς.
519 2919 613 2957 Quod
635 2919 778 2950 ludorum
802 2919 965 2962 puerilium
984 2929 1082 2960 genus

1139 1080 1231 1115 poeta
1245 1074 1420 1116 respexerit,
1435 1074 1487 1105 vix
1500 1079 1584 1106 certo
1599 1074 1745 1106 constitui
1759 1080 1870 1117 potest.

1138 1115 1233 1157 Apud
1258 1126 1314 1147 nos
1340 1127 1465 1158 quoque
1487 1117 1520 1148 in
1543 1117 1684 1159 pluribus
1705 1126 1868 1159 puerorum

1140 1157 1222 1189 ludis
1247 1164 1278 1189 et
1302 1158 1334 1189 in
1361 1156 1674 1190 aliis‘certaminibus
1696 1159 1869 1201 (precipue

1138 1199 1171 1230 in
1200 1199 1238 1230 iis
1266 1200 1320 1231 ubi
1347 1201 1426 1232 alter
1461 1202 1589 1232 alterum
1618 1200 1788 1242 jaculando
1817 1202 1866 1232 vel

1137 1241 1280 1281 globulos
1298 1242 1338 1272 ad
1356 1248 1470 1274 certam
1493 1248 1607 1274 metam
1627 1242 1778 1274 mittendo
1797 1242 1864 1274 vin-

1137 1293 1206 1314 cere
1220 1283 1338 1324 studet)
1355 1285 1436 1325 viget
1449 1285 1499 1315 hic
1514 1294 1592 1320 mos,
1609 1290 1644 1315 ut
1658 1284 1698 1319 is,
1713 1284 1767 1326 qui
1781 1289 1865 1316 cete-

1137 1324 1177 1355 ris
1200 1325 1336 1366 palmam
1360 1326 1506 1368 praeripit,
1527 1329 1605 1368 regis
1627 1325 1717 1358 titulo
1735 1326 1865 1368 insigni-

1137 1372 1218 1397 atur.

1180 1410 1232 1444 60,
1253 1410 1306 1440 61.
1331 1410 1390 1440 Hic
1409 1420 1525 1445 murus,
1548 1413 1623 1440 cett.
1667 1409 1752 1440 Dum
1774 1414 1866 1452 poeta

1134 1450 1172 1480 de
1190 1451 1298 1491 pretio,
1317 1462 1378 1482 non
1393 1450 1521 1488 divitiis,
1537 1450 1592 1482 sed
1603 1456 1684 1482 recte
1695 1451 1786 1482 factis
1801 1459 1863 1483 sta-

1135 1493 1251 1523 tuendo
1270 1493 1419 1534 loquitur,
1440 1492 1548 1524 inserit
1566 1492 1773 1533 gravissimam
1793 1503 1864 1525 sen-

1136 1534 1263 1564 tentiam
1286 1535 1389 1566 hanc:
1415 1539 1436 1553 ‘⁶
1453 1534 1582 1566 Nullius
1602 1534 1646 1566 rei
1667 1534 1749 1566 male
1771 1535 1863 1567 factae

1136 1575 1195 1606 sibi
1214 1578 1375 1607 conscium
1392 1586 1472 1612 esse,
1496 1576 1536 1608 de
1555 1576 1644 1607 nullo
1665 1576 1782 1618 flagitio
1804 1587 1862 1619 pu-

1135 1617 1208 1648 dore
1227 1618 1377 1654 suffundi,
1397 1619 1455 1650 hoc
1473 1617 1646 1650 firmissime
1665 1625 1776 1660 pectus
1794 1629 1863 1650 mu-

1136 1659 1212 1695 nire,
1229 1666 1260 1691 et
1277 1661 1316 1691 ab
1336 1660 1375 1691 iis
1393 1671 1465 1702 quae
1485 1660 1588 1702 turpia
1606 1666 1679 1692 sunt
1699 1660 1862 1693 defendere

1135 1700 1261 1732 debet.”
1315 1703 1383 1734 Cic.
1408 1703 1448 1733 ad
1473 1702 1596 1733 Divers.
1617 1702 1671 1739 vii,
1694 1703 1726 1739 3,
1758 1713 1865 1735 vacare

1135 1745 1225 1783 culpa
1239 1756 1380 1786 magnum
1396 1751 1436 1776 est
1450 1745 1601 1775 solatium.

1178 1786 1316 1817 62—64.
1339 1787 1445 1818 Roscia
1471 1787 1538 1828 (dic
1565 1784 1662 1826 sodes)
1685 1791 1758 1818 cett.
1784 1787 1863 1818 Sen-

1136 1837 1188 1858 sus
1201 1840 1207 1858 z
1231 1828 1294 1866 dic,
1308 1839 1426 1870 quaeso,
1442 1839 1517 1859 num
1532 1827 1583 1859 lex
1598 1827 1715 1860 Roscia
1730 1830 1861 1869 (secun-

1135 1870 1208 1900 dum
1225 1881 1320 1911 quam
1338 1870 1455 1912 Equiti,
1477 1875 1513 1902 ut
1534 1869 1774 1912 quingentorum
1796 1871 1864 1903 HS.

1135 1913 1312 1952 possessori,
1327 1912 1432 1944 sedem
1447 1912 1480 1942 in
1499 1912 1686 1954 spectaculis
1707 1912 1863 1944 honorati-

1134 1963 1216 1984 orem
1227 1955 1258 1985 in
1268 1954 1502 1996 quatuordecim
1512 1954 1660 1995 gradibus
1667 1953 1732 1985 sive
1740 1955 1862 1991 cuneis,

1134 1996 1310 2032 orchestrae,
1345 1997 1378 2027 in
1412 2006 1474 2038 qua
1511 2002 1668 2028 senatores
1703 1996 1864 2034 sedebant,

1135 2038 1292 2078 proximis,
1323 2049 1475 2081 occupare
1510 2038 1644 2080 licebat)
1671 2038 1860 2080 praeferenda

1130 2079 1170 2109 sit
1190 2091 1353 2122 puerorum
1369 2081 1547 2118 cantilenae,
1565 2081 1630 2112 Rea·
1649 2082 1719 2116 eris,
1737 2082 1763 2112 si
1781 2088 1860 2113 reete

1120 2122 1246 2162 j'acies?
1270 2123 1299 2154 h.
1315 2133 1344 2154 e.
1360 2129 1464 2154 utrum
1487 2133 1562 2154 auro
1581 2132 1621 2154 an
1641 2122 1743 2154 virtuti
1758 2123 1859 2165 majus

1131 2163 1328 2194 tribuendum
1348 2164 1389 2195 sit
1404 2164 1558 2206 pretium!
1613 2165 1663 2196 De
1683 2165 1752 2204 lege
1770 2165 1857 2197 thea-

1131 2205 1203 2235 trali
1224 2205 1332 2236 Roscii
1351 2205 1486 2237 Othonis
1501 2206 1543 2237 cf.
1561 2216 1630 2247 sup.
1651 2206 1692 2237 ad
1711 2206 1812 2248 Epod.
1827 2209 1859 2244 4,

1134 2247 1185 2277 16.
1232 2248 1351 2282 Naenia,
1381 2247 1502 2289 proprie
1529 2248 1568 2278 de
1596 2254 1691 2279 cantu
1720 2247 1857 2289 lugubri,

1131 2298 1214 2319 nunc
1235 2289 1274 2320 de
1292 2294 1385 2320 cantu
1402 2289 1528 2327 laetiore,
1552 2289 1616 2321 sive
1634 2289 1673 2321 de
1691 2289 1774 2326 laeta,
1796 2301 1860 2332 qua

1130 2330 1235 2361 victori
1249 2331 1281 2361 in
1303 2331 1376 2362 ludo
1398 2330 1508 2373 puerili
1525 2331 1629 2372 palma'
1650 2330 1859 2372 adjudicatur,

1131 2373 1367 2404 acclamatione.
1413 2374 1454 2404 Et
1478 2374 1609 2404 maribus
1633 2373 1734 2404 Curr‘is
1754 2379 1782 2405 et
1805 2376 1857 2406 de-

1130 2421 1252 2445 cantata
1282 2416 1442 2445 Camillis?
1471 2425 1534 2456 qna
1562 2415 1718 2446 cantilena
1742 2415 1858 2448 Curius

1131 2467 1255 2497 quoque
1283 2463 1314 2488 et
1344 2457 1498 2488 Camillus
1528 2467 1592 2488 non
1621 2462 1712 2489 aetate
1738 2463 1857 2490 tantum

1131 2499 1254 2539 puerili,
1270 2500 1322 2530 sed
1341 2499 1432 2530 etiam
1455 2498 1584 2541 (mares)
1601 2505 1691 2531 aetate
1713 2499 1792 2530 virili
1810 2501 1858 2532 usi

1129 2547 1214 2577 sunt,
1231 2551 1292 2571 non
1310 2541 1434 2571 divitias
1457 2541 1697 2582 possidentibus,
1711 2542 1766 2573 sed
1779 2550 1858 2574 recte

1118 2582 1307 2623 facientibus
1331 2584 1565 2625 applaudentes.
1610 2583 1711 2615 Mares
1731 2582 1796 2625 jam
1818 2585 1858 2617 de

1127 2625 1330 2665 generosioris
1359 2625 1454 2656 animi
1489 2630 1519 2656 et
1554 2625 1702 2657 masculae
1735 2625 1859 2658 virtutis

1128 2666 1222 2698 viris:
1262 2667 1317 2698 inf.
1346 2666 1448 2709 Epist.
1477 2666 1516 2698 ed
1553 2667 1618 2698 Pis.
1653 2669 1728 2702 402,
1761 2679 1857 2700 mares

1126 2711 1232 2746 animi,
1247 2709 1363 2739 fortiter
1384 2714 1415 2740 et
1437 2708 1564 2742 viriliter
1582 2709 1760 2740 sentientes.
1803 2711 1855 2742 De

1129 2751 1225 2782 Curio
1244 2751 1313 2782 Cic.
1332 2750 1371 2782 de
1390 2751 1514 2782 Senect.
1531 2760 1601 2792 cap.
1625 2751 1674 2786 16,
1700 2752 1794 2782 Curio
1814 2755 1855 2783 ad

1115 2791 1224 2832 focum
1246 2794 1358 2823 sedenti
1376 2803 1517 2834 magnum
1533 2795 1606 2823 auri
1630 2795 1746 2832 pondus
1769 2794 1854 2824 Sum-

1125 2837 1199 2866 m'tes
1214 2847 1280 2866 cum
1295 2835 1478 2870 attulissent,
1489 2835 1640 2874 repudiati
1659 2836 1697 2865 ab
1713 2846 1745 2866 eo
1759 2842 1829 2866 sunt
1840 2847 1852 2873 ,·

1127 2888 1183 2907 non
1198 2879 1276 2908 enim
1291 2887 1401 2907 amum
1419 2877 1523 2908 hulme
1538 2877 1716 2916 praeclarum
1731 2878 1787 2908 sibi
1806 2879 1852 2909 υἱ-

1124 2921 1189 2950 deri
1205 2921 1293 2954 digit,
1309 2921 1356 2950 sed
1372 2921 1418 2954 iis,
1435 2921 1485 2959 qui
1504 2919 1643 2950 haberent
1659 2930 1779 2956 nurum,
1794 2921 1851 2951 im-
