1904 3314
633 196 637 198 '
689 187 914 230 LIBER
946 187 982 238 I,
1013 188 1061 229 5.·

211 291 420 344 Messius,
442 291 650 347 Accipio;
682 297 814 345 caput
834 297 879 332 et
898 295 1066 331 movet:

1551 193 1639 235 329

1101 288 1161 339 O,
1182 294 1257 330 tua
1277 304 1415 332 cornu

214 360 277 403 Ni
298 361 412 403 foret
431 367 608 403 exsecto
629 359 748 400 frons
771 358 945 413 (inquit)
967 357 1075 412 quid
1097 356 1279 407 faceres,
1303 373 1402 400 cum

121 429 180 471 60
210 428 283 471 Sic
303 429 478 472 mutilus
499 427 737 470 miniteris?

798 425 862 468 At
882 425 942 467 illi
963 426 1084 468 foeda
1105 426 1286 468 cicatrix

210 497 408 539 Setosam
427 495 524 538 laevi
544 495 732 537 frontem
752 501 1005 550 turpaverat
1026 494 1128 536 oris.

209 565 476 621 Campanum
495 563 540 605 in
561 564 774 613 morbum,
796 564 842 604 in
862 563 1015 605 faciem
1037 562 1252 618 permulta
1267 564 1456 619 jocatus,

209 632 436 675 Pastorem
458 631 635 674 saltaret
655 632 720 674 uti
741 631 949 688 Cyclopa,
971 633 1181 687 rogabat3

207 699 287 742 Nil
305 699 366 742 illi
384 699 503 742 larva
523 707 598 742 aut
620 701 793 756 tragicis
815 715 926 756 opus
948 715 1046 742 esse
1068 701 1307 743 cothurnis.

119 770 178 812 65
206 767 352 814 Multa
372 768 564 810 Cicirrus
587 769 643 811 ad
664 769 775 819 haec,
797 769 1003 811 donasset
1018 769 1166 824 jamne
1188 777 1384 812 catenam

207 837 281 880 Ex
300 843 403 879 voto
423 836 630 887 Laribus,
653 838 907 892 quaerebat?
941 839 1083 880 scriba
1104 839 1224 893 quod
1246 846 1376 890 esset,
1418 864 1420 869 ν

205 905 417 948 Deterius
437 904 572 947 nihilo
593 906 778 947 dominae
793 906 868 961 jus
890 921 1002 948 esse.

1065 906 1274 962 Rogabat

205 974 426 1031 Denique,
449 989 527 1016 cur
548 990 739 1031 unquam
758 974 970 1029 fugisset3
1004 976 1075 1017 cui
1097 976 1201 1017 satis
1223 991 1312 1017 una

204 1042 353 1085 Farris
372 1043 485 1086 libra
505 1043 631 1094 foret,
654 1043 806 1099 gracili
827 1044 902 1093 sic,
924 1050 1099 1098 tamque
1119 1043 1308 1099 pusillo?

117 1111 175 1154 70
205 1111 394 1154 Prorsus
410 1113 606 1167 jucunde
628 1127 796 1154 coenam
816 1112 1103 1167 produximus
1126 1112 1254 1154 illam.

203 1179 447 1223 Tendimus
467 1180 570 1223 hinc
591 1187 712 1223 recta
731 1181 1057 1232 Beneventum3
1090 1181 1166 1222 ubi
1188 1179 1366 1222 sedulus
1388 1180 1550 1238 hospes

175 1247 354 1299 ‚Paene,
376 1250 703 1300 macros,.a1·sit,
727 1250 830 1291 dum
851 1251 1006 1291 turdos
1029 1255 1175 1292 versat
1196 1250 1240 1291 in
1260 1249 1388 1304 igne:

202 1315 321 1358 Nam
341 1331 451 1371 vaga
471 1331 552 1372 per
574 1323 767 1358 veterem
787 1315 958 1372 dilapso
979 1317 1150 1359 flamma
1170 1316 1358 1359 culinam

85 1437 197 1477 dubio,
214 1438 290 1482 quia
305 1439 447 1471 Messius
461 1438 606 1471 vastioris
621 1439 760 1482 corporis
775 1438 832 1471 ho-

86 1493 138 1514 mo
154 1482 224 1521 suit,
239 1482 399 1524 simulque
414 1483 564 1523 ferocior;
587 1482 662 1514 hinc
686 1484 831 1514 Sarmen-

86 1530 138 1557 tus
153 1525 311 1557 Messium
325 1525 393 1557 sine
413 1526 501 1557 larva
526 1531 558 1557 et
579 1526 745 1557 cothurnis
770 1527 832 1567 Cy.

85 1570 174 1610 clopa
195 1569 310 1600 saltare
329 1568 434 1610 jubet,
459 1573 491 1600 et
522 1568 596 1600 hinc
628 1568 768 1600 Messius
792 1579 832 1600 ex

85 1611 230 1655 opposito
264 1623 295 1643 v.
329 1613 371 1643 69
399 1611 558 1643 Sarmenti
581 1622 733 1654 corpuso
719 1613 833 1643 aracile

85 1661 119 1687 et
131 1656 280 1696 pusillum
296 1654 408 1696 carpit.
452 1654 551 1697 Apud
577 1655 668 1696 Virg.
692 1655 772 1686 AEn.
796 1654 831 1691 ii,

85 1698 140 1734 51,
155 1709 248 1740 equus
261 1697 448 1745 simpliciter
458 1697 576 1728 dicitur
581 1698 687 1738 jerus

127 1742 270 1773 58—60.
294 1742 428 1781 Accipio,
440 1740 484 1771 ita
499 1746 558 1775 est.
574 1740 726 1772 concedo.
773 1740 831 1770 Ca-

81 1791 140 1825 put
152 1790 183 1816 et
196 1790 302 1822 movet.
312 1790 344 1816 et
357 1783 434 1832 equi
445 1783 543 1815 instar
558 1790 658 1831 caput
666 1783 829 1822 concutit;

82 1832 178 1860 terret
186 1833 293 1859 autem
304 1833 464 1869 strepituS,
475 1837 570 1868 quem
586 1837 660 1868 equl
675 1836 831 1857 concusso

85 1871 190 1914 capite
199 1869 304 1902 subito
314 1870 448 1902 faciunt.
471 1871 498 1900 T
502 1881 555 1901 um
566 1869 668 1918 pergit
680 1870 829 1900 Sarmen-

84 1919 148 1951 tus,
166 1914 250 1946 Cum
266 1919 303 1945 tu
318 1913 366 1945 sic
381 1913 514 1944 mutilus
529 1914 617 1962 (some
633 1911 829 1954 cornu)jam

84 1962 212 1994 terreas,
236 1966 267 1992 o.
295 1956 373 1998 quid
394 1956 524 1994 faceres,
543 1955 570 1986 si
594 1955 651 1987 tibi
675 1966 707 1986 ιιι
731 1955 831 1987 fronte

83 2009 149 2032 non
173 2005 337 2032 exsectum
364 2005 450 2032 esset
475 1981 596 2031 coi-nul
630 1998 692 2034 vel,
719 1998 750 2028 ni
775 2004 830 2030 tua

83 2042 168 2075 frons
193 2049 276 2076 esset
299 2041 368 2075 sine
390 2044 513 2075 cornu?
546 2041 723 2090 elegantius
743 2041 829 2073 enim

82 2093 195 2119 exsecto
218 2097 327 2123 cornu,
359 2096 416 2129 pro
444 2085 581 2134 vulgari,
610 2085 678 2117 sine
707 2095 827 2129 cornu.

82 2129 128 2161 sic
143 2140 203 2172 ego
217 2129 304 2161 hunc
318 2109 424 2161 locum
439 2128 598 2170 intelligo,

128 2173 185 2206 60.
207 2173 251 2204 At
277 2173 338 2208 illi,
364 2178 439 2204 cett.
463 2182 536 2203 nam
566 2170 654 2204 foeda
686 2181 828 2209 verruca,

83 2215 177 2258 cujus
203 2221 340 2248 exsectae
365 2214 498 2256 vestigia
521 2215 702 2250 exstabant,
730 2213 828 2256 hispi-

83 2258 158 2291 dam
185 2258 272 2302 (illi)
257 2258 392 2299 )illius
419 2258 552 2290 frontem
579 2268 599 2289 a
627 2258 708 2288 laeva
741 2263 829 2306 parte

82 2301 215 2346 turpiter
228 2301 467 2334 deformaverat.
489 2302 542 2337 At,
558 2300 774 2332 insolentius'
762 2311 829 2343 Jam

81 2355 150 2388 pro.
167 2355 318 2387 namque,
336 2344 472 2381 scilicet,
497 2344 656 2376 nimir-um

125 2389 265 2422 62—64.
291 2389 508 2429 Campanum
496 2399 529 2419 m
545 2389 699 2419 morbum:
723 2386 832 2418 Schol.

83 2431 184 2475 Crnq-
175 2453 198 2471 .,
213 2431 266 2463 hoc
279 2433 359 2463 em‘m
381 2433 467 2473 quasi
489 2443 509 2462 a
528 2438 645 2462 notura
669 2431 833 2470 Campanis

71 2474 148 2517 sere
171 2476 309 2507 omnibus
331 2477 422 2512 inest,
448 2482 484 2506 ut
508 2476 617 2515 capitis
648 2475 828 2514 temporibus

81 2529 199 2561 magna
211 2529 346 2550 verrucae
359 2520 564 2549 innascantur
579 2520 611 2548 in
626 2519 745 2548 modum
759 2527 827 2548 cor-

81 2572 190 2599 nuum,
205 2573 282 2603 quas
295 2573 364 2593 cum
388 2562 487 2592 incidi
501 2560 647 2602 jaciunt,
672 2562 828 2591 cicatrices

81 2605 117 2636 in
137 2605 250 2648 frome
273 2611 410 2640 manent,
434 2606 520 2646 quasi
545 2610 620 2634 notae
645 2609 826 2634 enectorum

79 2657 242 2680 amrinum.
288 2647 329 2679 In
353 2648 436 2679 hunc
458 2658 491 2678 ev
490 2659 530 2688 σο
548 2647 694 2684 morbum,
723 2647 753 2676 id
771 2653 826 2682 est,

68 2690 173 2732 facici
182 2693 291 2723 vitium
295 2693 433 2731 ,jocatur
442 2691 635 2722 Sarmentus.
648 2671 712 2720 vid.
723 2689 829 2720 Platt-

80 2733 149 2766 neri
164 2733 300 2766 Dissert.
308 2733 347 2766 de
358 2734 473 2765 Morbo
484 2734 660 2775 Campano,
673 2733 768 2764 1780.
789 2732 828 2763 In

69 2776 190 2819 ficiem
205 2787 252 2809 sc.
267 2777 354 2809 soede
368 2782 539 2820 turpatam.
586 2777 742 2807 Pastorem
767 2775 828 2816 Cy·

79 2821 165 2861 clepa
126 2830 306 2863 pffinempe
330 2819 576 2868 Polyphemum,
599 2820 725 2851 saltaret
754 2819 827 2866 (ὀρ-

81 2862 261 2906 χὴσαιτο),
285 2863 432 2895 saltando
461 2863 672 2905 exprimeret,
703 2861 831 2893 saltatio

82 2911 190 2939 autom
202 2907 260 2939 illa
274 2906 511 2955 pantomimica,
525 2917 598 2948 quae
624 2906 751 2947 Cyclops
774 2916 828 2936 vo-

82 2949 227 2987 cabatur,
267 2949 456 2998 expressisse
498 2949 623 2986 videtur
664 2948 828 2985 ridiculas,

83 3001 164 3033 quas
178 2992 322 3025 vastioris
337 3003 477 3036 corporis
505 2992 719 3035 Polyphemus
742 2991 828 3034 apud

880 1440 1047 1471 Galateam
1064 1439 1147 1476 fecit,
1165 1438 1313 1471 delicias:
1340 1438 1398 1469 inf.
1423 1439 1527 1481 Epist.
1543 1439 1577 1477 ii,
1594 1442 1627 1478 2,

881 1484 955 1519 125,
974 1483 1068 1514 Nunc
1083 1484 1177 1524 Satur
1181 1495 1243 1518 um
1259 1490 1499 1524 nuncagrestem
1517 1484 1627 1524 Cyclo-

875 1537 916 1566 pa
932 1533 1079 1558 movetur.
1128 1526 1249 1557 Larua:
1275 1525 1400 1556 scilicet
1415 1525 1471 1568 qui
1487 1525 1555 1567 jam
1573 1537 1628 1569 per

877 1579 910 1600 se
935 1565 1056 1600 foedum
1082 1569 1205 1600 vultum
1231 1568 1382 1605 ostendit,
1407 1580 1435 1600 ei
1458 1579 1520 1600 ιιοιι
1545 1579 1628 1612 opus

875 1618 925 1643 est
939 1611 1082 1643 soedioris
1098 1613 1205 1643 vultus
1222 1612 1331 1651 larva;
1355 1617 1388 1642 et
1406 1611 1462 1653 qui
1484 1611 1551 1654 jam
1573 1623 1628 1655 per

877 1665 910 1686 se.
925 1654 1099 1696 grandioris
1114 1654 1253 1697 corporis
1274 1655 1357 1686 mole
1375 1655 1504 1692 eminet,
1520 1666 1547 1686 is
1563 1666 1628 1687 non

876 1704 949 1739 eget
963 1697 1136 1729 cothurnis.

921 1742 975 1772 65.
1012 1741 1159 1771 Donasset
1184 1741 1295 1779 jamne
1322 1746 1461 1770 catenam
1488 1739 1534 1771 Ea.
1560 1747 1626 1772 voto

878 1783 1030 1814 Laribus.-
1076 1782 1184 1814 Schol.
1222 1782 1337 1824 Cruq.‚
1381 1782 1537 1814 Urbanius
1565 1785 1626 1815 haec

875 1827 959 1857 dicta
985 1832 1058 1857 sunt
1089 1828 1124 1858 in
1154 1827 1356 1862 Sarmentum,
1382 1827 1435 1866 qui
1465 1827 1626 1858 servilibus

875 1875 942 1900 erat
958 1871 1126 1906 natalibus,
1142 1875 1242 1900 sumta
1266 1869 1470 1900 translatione
1491 1882 1509 1900 a
1531 1882 1623 1912 gene-

874 1914 948 1943 rosis
972 1914 1090 1953 pueris,
1113 1913 1178 1953 qui,
1210 1913 1321 1953 egressi
1347 1922 1442 1942 annos
1468 1915 1622 1952 pueritiae,

864 1957 937 1995 jam
968 1962 1068 1987 sumta
1098 1962 1180 1998 toga,
1207 1955 1276 1985 Diis
1302 1956 1462 1995 penatibus
1495 1955 1624 1997 (Schol.

874 1998 994 2040 Porph.
1038 1997 1190 2038 Laribus)
1227 1998 1326 2028 bullas
1361 2009 1431 2028 suas
1467 2008 1622 2031 consecra-

873 2042 958 2079 bant,
984 2049 1014 2074 et
1037 2042 1146 2082 puellae
1169 2051 1277 2082 pupas.
1321 2042 1371 2072 Ad
1396 2041 1478 2072 hunc
1502 2044 1624 2074 modum

872 2086 1000 2116 ridendo
1019 2087 1190 2127 interrogat
1214 2085 1421 2122 Sarmentum,
1446 2091 1624 2118 catenamne

873 2138 958 2159 suam
974 2134 1004 2159 et
1018 2130 1167 2168 compedes
1195 2128 1267 2159 Diis
1290 2129 1502 2168 suspendisset,
1514 2131 1622 2170 quibus

876 2173 937 2212 ipse
951 2171 1175 2214 servitsjitisset
1188 2177 1420 2202 concatenatus
1413 2172 1426 2193 ⁷

917 2216 970 2253 66,
981 2215 1034 2246 67.
1048 2215 1155 2246 Scriba
1167 2216 1245 2256 quod
1258 2219 1342 2249 esset,
1357 2214 1620 2253 Deteriasnihilo,

873 2263 949 2289 cett.
965 2257 1051 2300 quod
1066 2228 1183 2289 scribaq
1188 2268 1273 2288 nunc
1289 2262 1370 2288 esset
1385 2257 1490 2306 (apud
1500 2258 1623 2306 Maece-

873 2306 990 2337 natem,
1012 2307 1046 2332 ut
1069 2300 1222 2340 videtur),
1245 2300 1278 2332 id
1300 2311 1339 2331 ne
1358 2300 1526 2331 minimum
1549 2300 1620 2349 qui-

873 2344 944 2375 dem
962 2344 1097 2386 dejure,
1116 2344 1201 2386 quod
1218 2343 1346 2375 domina
1365 2343 1470 2375 adhuc
1494 2343 1566 2375 viva
1589 2343 1622 2375 in

873 2398 946 2418 eum
978 2387 1104 2423 habeat,
1129 2388 1281 2419 deterere.
1326 2387 1390 2418 Pro
1411 2386 1533 2428 vulgari
1556 2387 1622 2419 lec-

875 2430 972 2466 tione,
991 2431 1065 2462 Nilo
1082 2430 1130 2462 vel
1152 2431 1260 2462 Nihilo
1281 2432 1428 2466 deterius,
1451 2430 1525 2461 dedi
1549 2440 1622 2461 cum

876 2473 940 2504 Fea
965 2473 1104 2516 plurium
1131 2473 1226 2505 codd.
1253 2473 1456 2510 auctoritate,
1477 2474 1622 2505 Detcrius

872 2517 982 2548 nihilo.

917 2560 970 2591 70.
1018 2560 1140 2591 Coenam
1174 2561 1384 2600 produximus,
1428 2559 1622 2603 peregimus,

872 2602 1104 2643 transegimus,
1142 2610 1178 2636 ut
1208 2610 1322 2634 noctem
1355 2605 1426 2634 vino
1455 2605 1623 2644 producere

873 2647 965 2688 apud
975 2627 1121 2678 Martial.
1138 2645 1173 2684 ii,
1190 2648 1246 2684 89,
1267 2647 1305 2677 1:
1331 2646 1373 2678 cf.
1388 2657 1461 2689 sup.
1487 2646 1552 2678 Od.
1575 2645 1623 2684 iii,

916 2733 969 2764 71.
993 2732 1210 2767 Beneventum,
1225 2731 1376 2774 oppidum
1393 2732 1428 2763 in
1444 2731 1623 2763 Samnitum

872 2780 903 2808 et
919 2774 1125 2818 Hirpinorum
1139 2775 1268 2807 finibus.

917 2820 971 2851 72.
999 2820 1057 2850 Ubi
1083 2820 1207 2850 sedulus
1232 2819 1331 2858 hospes
1361 2818 1465 2853 Poene,
1494 2828 1620 2852 vnum-os,

873 2867 950 2893 cett.
965 2862 1084 2904 junge:
1109 2864 1163 2894 ubi
1186 2863 1308 2894 sedulus
1331 2862 1440 2901 hospes,
1464 2862 1536 2891 dum
1559 2872 1622 2890 ma-

873 2916 937 2953 cros
953 2907 1084 2937 turdos
1074 2918 1107 2937 ιη
1125 2908 1195 2948 igne
1211 2912 1322 2942 versat,
1340 2915 1422 2944 poene
1435 2905 1524 2938 arsit,
1542 2913 1622 2944 pene

872 2947 947 2991 igne
962 2949 1145 2980 combustus
1160 2954 1220 2980 est.

916 2993 970 3029 73,
987 2993 1040 3025 74.
1067 2992 1146 3024 Nam
1162 3003 1253 3034 vaga
1269 2995 1343 3024 cett.
1362 2998 1469 3021 versus
1491 2987 1620 3028 elegan-
