1884 3288
647 198 871 241 LIBER
901 197 962 249 ΙΙ,
997 199 1062 240 17.

431 302 584 351 Obire‚
606 299 844 349 Maecenas,
865 314 1060 341 mearum

489 368 672 409 Grande
693 367 828 408 decus
851 365 1138 421 columenque
1159 382 1316 410 rerum.

311 437 340 478 5
368 435 444 477 Ah
461 438 470 477 Ξ
503 442 546 476 te
566 449 674 476 meae
697 435 733 476 si
753 442 923 490 partem
943 434 1096 475 animae
1117 435 1233 490 rapit

370 503 590 545 Maturior
610 503 688 552 vis,
710 502 819 556 quid
839 516 986 544 moror
1006 500 1176 543 altera?

426 570 526 612 Nec
547 584 674 611 carus
696 584 835 624 aeque,
858 584 938 611 nec
961 576 1185 624 superstes

482 638 676 693 Integer.
739 637 819 679 Ille
840 638 934 679 dies
955 645 1185 693 utramque

369 705 519 748 Ducet
538 706 720 747 ruinam.
782 705 889 746 Non
910 720 994 760 ego
1015 705 1238 760 perfidum

285 773 339 814 10
368 773 476 814 Dixi
497 779 840 826 sacramentum:
872 773 1046 823 ibimus,
1067 774 1240 824 ibimus,

424 840 664 895 Utcunque
685 840 927 895 praecedes,
952 855 1202 895 supremum
1239 835 1243 839 ’

483 909 678 964 Carpere
699 909 783 949 iter
804 908 983 950 comites
1005 909 1160 963 parati.

369 976 448 1019 Me
469 991 550 1018 nec
573 977 801 1018 Chimaerae
824 976 1003 1030 spiritus
1026 977 1180 1031 igneoe,

1545 203 1621 244 lll

367 1044 482 1095 Nec,
505 1045 542 1086 si
562 1051 764 1099 resurgat
785 1044 1054 1086 centimanus
1078 1045 1248 1100 GygeS,

284 1112 338 1153 15

426 1111 618 1154 Divellet
641 1126 844 1166 unquam.

907 1111 980 1153 Sic
1001 1113 1172 1167 potenti

481 1178 675 1220 Justitiae
696 1178 992 1234 placitumque
1016 1177 1184 1219 Parcis.

365 1245 455 1287 Seu
477 1246 630 1295 Libra,
653 1261 731 1287 seu
751 1260 819 1287 me
842 1245 1052 1300 Scorpius
1075 1245 1263 1300 adspicit

335 1371 343 1374 ῃ
367 1311 710 1363 Formidolosus‚
733 1327 835 1368 pars
858 1312 1087 1354 violentior

75 1405 149 1438 vite
163 1410 296 1439 servatae
310 1406 464 1439 beneficio
481 1407 661 1444 reddendis,
683 1406 828 1449 cogitan-

77 1447 155 1480 dum
169 1458 251 1481 esse.

122 1493 218 1524 1-4.
249 1491 427 1530 Exanimis,
451 1492 578 1534 gravius
602 1503 668 1535 pro,
691 1493 828 1529 crucias,

75 1535 230 1571 maceras,
250 1540 288 1566 ut
303 1535 396 1571 alias,
411 1546 550 1568 enecare.
599 1537 740 1571 Querens
754 1538 828 1572 tuis,

75 1586 124 1609 sc.
137 1577 179 1610 de
194 1577 373 1620 propinqua
388 1578 447 1609 tibi
462 1584 574 1610 morte.
615 1580 755 1611 'Constat
773 1589 829 1611 au-

76 1625 154 1658 tem,
180 1620 395 1652 Maecenatem
421 1631 506 1663 saepe
532 1621 732 1663 multumque
755 1633 830 1653 cum

75 1663 208 1695 adversa
217 1663 400 1694 valetudine
409 1664 628 1695 conflictatum
638 1674 707 1695 esse
717 1675 724 1694 :
742 1664 830 1698 Plin.

75 1705 134 1742 vii,
147 1706 204 1743 52,
222 1706 413 1741 Quibusdam
427 1713 576 1746 perpetuo
590 1706 695 1748 febris
716 1714 771 1743 est,
793 1715 830 1739 ut

78 1748 183 1781 Cilnio
212 1749 387 1780 Maecenati.
435 1748 501 1780 Nec
525 1750 584 1780 Dis
606 1751 750 1785 amicum,
774 1761 829 1782 nec

75 1792 163 1828 mihi,
177 1798 206 1822 te
218 1794 319 1832 prius,
333 1796 409 1823 cett.
425 1801 484 1822 nec
501 1791 574 1827 diis,
593 1802 651 1823 nec
667 1791 745 1823 mihi
759 1792 828 1834 pla-

76 1839 141 1870 cet,
159 1838 192 1865 te
209 1832 299 1877 prius
320 1833 421 1873 mori3
444 1833 506 1865 diis
526 1845 640 1876 nempe
663 1835 830 1876 displicere

76 1875 238 1908 debebant
253 1876 456 1912 Maecenatis,
472 1877 524 1908 cui
541 1877 664 1916 longior
678 1877 744 1908 vita
759 1877 830 1909 des-

77 1918 180 1951 tinata
199 1923 279 1956 erat,
295 1918 335 1950 de
356 1919 539 1962 propinqua
561 1925 659 1950 morte
680 1920 828 1961 querelae,

76 1966 110 1994 et
126 1961 260 1993 Horatio
274 1961 394 1993 endem
414 1963 575 1993 debebant
597 1972 666 1994 esse
688 1962 829 1994 tristissi-

75 2014 150 2042 mae,
165 2014 239 2036 cum
254 2009 346 2035 tanta
361 2003 476 2046 pietate
492 2015 565 2036 eum
581 2010 716 2041 amaret,
739 2011 776 2036 ut
790 2016 830 2036 ne

76 2053 177 2079 morte
194 2046 323 2090 quidem
342 2047 384 2078 ab
403 2057 442 2078 eo
462 2057 497 2078 se
516 2047 659 2090 disjungi
679 2058 830 2090 passurus

75 2096 174 2122 esset.
217 2091 358 2122 Amicum
381 2096 436 2126 est,
462 2090 595 2122 G'raece:
621 2091 723 2133 φίλον
745 2090 828 2128 ἐστὶ,

98 2132 199 2164 lecet:
216 2131 281 2164 vid.
295 2132 444 2163 Lambin.
458 2132 499 2164 ad
512 2133 544 2164 h.
557 2133 580 2164 1.
618 2135 775 2169 Columeu,
792 2139 830 2165 ut

111 2185 262 2207 meorum
267 2174 415 2217 βάθρον,
424 2176 556 2218 ἔρεισμα
565 2175 648 2219 (vid.
659 2177 824 2208 Hemster-

75 2216 203 2250 humad
223 2217 360 2250 Lucian.
380 2219 507 2250 Timon.
525 2228 556 2250 c.
577 2217 651 2258 50).
673 2220 712 2250 de
735 2229 773 2250 eo
794 2219 828 2250 in

98 2269 142 2292 uo
160 2259 265 2292 omnis
286 2260 390 2309 posita
407 2266 456 2292 est
476 2271 549 2309 spes
570 2267 602 2293 et
618 2262 735 2293 fiducia
752 2274 759 2292 :
784 2262 828 2293 cf.

127 2303 182 2334 ula
198 2301 239 2335 ad
254 2303 348 2344 Virg.
365 2304 447 2334 AEn.
463 2303 519 2342 xii,
535 2305 592 2336 59.

27 2379 29 2383 ,
119 2347 242 2378 5—-12,
263 2345 388 2378 Partem
410 2348 530 2382 anime,
556 2347 588 2379 h.
610 2357 639 2378 e.
663 2349 829 2378 dimidium

73 2389 198 2426 anime,
218 2393 257 2420 ut
276 2398 347 2431 sup.
366 2389 445 2421 Hor.
462 2389 485 2425 i,
503 2390 534 2426 3,
551 2391 584 2427 8,
604 2393 698 2422 vocat
719 2389 828 2432 Virgi-

16 2435 44 2469 ἐξ·
72 2429 176 2463 lium:
199 2433 352 2463 namn-ior
365 2434 422 2469 vis,
431 2442 516 2463 mors
529 2437 604 2464 ante
616 2433 826 2464 constitutum

17 2476 21 2479 ’
42 2472 152 2512 [vite
173 2473 344 2506 terminum
366 2475 567 2514 accelerata;
589 2475 650 2518 ipsi
668 2477 752 2508 enim
770 2475 827 2514 dii,

10 2534 13 2538 π
40 2514 58 2535 ““”
71 2522 114 2548 nt
129 2527 160 2548 v.
175 2518 196 2548 2
212 2517 390 2554 dicebatur,
405 2518 621 2549 Maecenatem
645 2524 718 2550 ante
741 2518 826 2550 diem

46 2555 66 2595 ’ξ’
73 2559 157 2605 προτί
171 2560 333 2592 nolebant.
379 2560 519 2592 Videtur
533 2560 631 2602 igitur
645 2567 740 2603 poeta
758 2572 826 2593 ma-

43 2610 59 2625 ⁹·
68 2602 204 2645 ‘tutioris
215 2602 324 2635 mortis
337 2613 468 2635 causam
479 2602 513 2634 in
526 2603 668 2642 nimiam,
681 2615 746 2647 qua
758 2615 826 2636 cor-

61 2645 162 2689 upon-in
176 2645 227 2678 aui
241 2645 324 2678 vires
343 2646 491 2678 conficiat
510 2647 688 2683 Maecenas,
707 2646 828 2678 sollici-

46 2687 220 2729 -i’tudinem
234 2692 236 2694 '
249 2698 314 2720 non
343 2688 413 2720 sine
446 2689 691 2731 reprehensione
719 2690 829 2732 aliqua

47 2731 256 2763 transferre.
287 2731 406 2767 Moror,
419 2732 508 2763 sc.in
518 2732 678 2763 histerris.
707 2734 827 2771 Altera,

152 2773 269 2806 nnimae
287 2783 361 2816 pars
383 2774 494 2806 altera.
540 2775 607 2806 Nec
621 2786 712 2806 carus
725 2787 824 2816 eque:

79 2815 81 2817 ’
110 2815 135 2847 l.
150 2815 288 2848 Mitsch.
303 2822 336 2848 et
350 2816 405 2848 alii
420 2816 603 2859 explicant:
629 2822 652 2836 ‘⁸
667 2817 828 2860 siquidem

42 2862 144 2901 <sm
165 2868 257 2901 eque
275 2864 373 2901 atque
391 2865 496 2898 antea,
511 2870 586 2891 cum
602 2865 649 2896 tu¹
672 2871 744 2902 pars
766 2860 829 2892 mei

15 2930 35 2942 „.
54 2911 66 2923 ²
79 2899 203 2938 intutior,
215 2911 408 2944 superesseS,
421 2912 515 2933 carus
527 2902 606 2933 mihi
618 2902 742 2934 futurus
754 2904 826 2940 sim,

14 2941 181 2987 ἔσς’νὴιαι
208 2954 274 2976 non
302 2944 441 2987 amplius
467 2945 648 2987 jucundam
677 2945 828 2977 ducam.'’

13 2991 51 3023 ἴς·
65 3003 67 3014 ι
81 2984 241 3028 Equidem
252 2987 382 3020 malim:
405 2998 479 3020 cum
491 2998 584 3021 nemo
596 2987 630 3019 in
642 2988 708 3020 vita
722 2994 829 3027 restet,

874 1406 928 1438 cui
949 1416 1041 1448 aeque
1062 1416 1099 1438 ac
1123 1405 1181 1437 tibi
1208 1416 1302 1437 carus
1324 1412 1356 1438 et
1377 1406 1514 1439 dilectus
1536 1408 1595 1440 sim
1614 1421 1623 1449 ;

872 1460 930 1480 uec
945 1456 1095 1489 superstes
1107 1449 1245 1490 Integer,
1263 1450 1389 1481 sublata
1402 1460 1514 1494 nempe
1530 1452 1630 1484 altera

874 1492 991 1523 animae
1007 1498 1104 1534 parte.
1154 1492 1322 1533 Utramque
1346 1496 1420 1535 (pro
1442 1494 1628 1536 utriusque)

873 1537 964 1566 ducet
991 1537 1128 1570 ruinam,
1162 1536 1324 1567 communi
1353 1546 1430 1567 casu
1461 1543 1630 1579 utrumque

874 1577 1021 1609 detrudet
1042 1578 1083 1609 ad
1111 1578 1242 1614 inferos,
1267 1589 1323 1620 pro
1347 1578 1483 1620 vulgari,
1507 1586 1629 1611 utrum-

874 1630 936 1662 que
959 1631 999 1652 ex
1023 1620 1083 1652 hac
1107 1620 1172 1652 vita
1195 1621 1327 1657 auferet,
1351 1621 1480 1663 utrique
1503 1623 1631 1664 parabit

875 1661 1048 1694 interitum.
1108 1664 1351 1699 Sacramentum,
1386 1664 1627 1706 jusjurandum,

875 1705 962 1746 quod
975 1704 1104 1742 milites,
1116 1716 1150 1736 se
1163 1716 1329 1747 uunquam
1341 1706 1518 1737 formidinis
1529 1718 1629 1739 causa

874 1748 966 1788 signa
994 1748 1173 1779 deserturos
1197 1758 1278 1784 esse,
1301 1748 1434 1784 dabant,
1458 1750 1539 1781 bene
1559 1750 1629 1791 jam

873 1789 1061 1821 transfertur
1082 1790 1122 1821 ad
1142 1790 1233 1822 fidem
1256 1800 1353 1832 quam
1375 1792 1528 1822 Horatius
1543 1793 1627 1824 Mae-

874 1833 992 1871 cenati,
1007 1843 1040 1864 se
1056 1843 1129 1864 eum
1152 1843 1190 1864 ne
1216 1833 1400 1864 morientem
1422 1833 1552 1875 quidem
1573 1835 1629 1868 de-

874 1882 1028 1906 serturum
1044 1886 1126 1912 esse,
1142 1875 1282 1907 dederat.
1335 1876 1507 1917 Utcunque,
1523 1887 1628 1918 quan-

874 1917 1056 1960 docunque,
1074 1924 1111 1949 ut
1132 1929 1204 1960 sup.
1225 1918 1247 1954 i,
1272 1919 1326 1954 35.
1343 1920 1398 1949 23.
1444 1919 1627 1959 Supremam

876 1960 1006 2000 Carpere
1028 1963 1106 1991 iter.-
1137 1960 1291 1999 similiter,
1315 1966 1350 1991 ut
1370 1961 1551 1992 observavit
1574 1963 1629 1993 cl.

874 2003 1012 2034 Mitsc'h.
1026 2003 1167 2045 loquitur
1179 2003 1279 2045 Soph.
1297 2003 1408 2044 Antig.
1419 2005 1495 2042 818,
1508 2003 1626 2046 ’0ρᾶτὲ

873 2047 1027 2088 με-τὰν
1040 2046 1169 2078 νεάταν
1182 2045 1264 2077 ὁδὸν
1275 2047 1493 2087 στείχουσαν,
1503 2046 1627 2080 νέατον

873 2087 906 2120 δὲ
916 2088 1041 2131 φέγγος
1053 2089 1268 2121 λεύσσουσαν
1276 2089 1394 2121 ἀελίου
1407 2101 1416 2127 ;
1432 2096 1464 2121 et
1478 2090 1628 2122 Simmias

875 2131 986 2162 Rhod.
1003 2132 1046 2167 iv,
1065 2134 1097 2168 4,
1115 2131 1248 2163 Anthol.
1270 2132 1378 2163 Graec.
1400 2133 1437 2163 T.
1453 2133 1476 2168 i,
1502 2144 1534 2175 p.
1552 2135 1626 2170 137,

873 2173 961 2216 ᾤχεο
975 2175 1041 2217 γὰρ
1059 2174 1225 2217 πυμάταν
1241 2173 1288 2212 εἰς
1306 2173 1514 2217 Ἀχέροντος
1533 2176 1627 2208 ὁδόν.

920 2218 1059 2249 13-16,
1087 2218 1139 2248 Me
1160 2229 1215 2250 nec
1241 2219 1407 2254 Chimaerae,
1437 2224 1515 2250 cett.
1546 2219 1626 2250 nihil

871 2260 1013 2297 omnino,
1038 2270 1097 2292 nec
1123 2260 1296 2296 Chimaera,
1325 2260 1456 2302 igneum
1480 2261 1626 2303 spiritum

871 2303 996 2339 efflans,
1025 2313 1084 2335 nec
1108 2303 1218 2345 Gyges
1241 2303 1444 2335 centimanus
1468 2305 1625 2348 (ἑκατόγ-

873 2345 981 2389 χειρ).
995 2357 1045 2378 me
1061 2354 1091 2377 te
1106 2345 1140 2377 in
1153 2348 1272 2378 Orcum
1293 2347 1496 2378 comitantem
1509 2358 1528 2378 a
1541 2348 1625 2379 soci-

872 2395 954 2420 etate
982 2394 1038 2420 tua
1057 2389 1207 2421 divellere
1230 2394 1391 2431 poterunt.
1437 2389 1570 2421 Scilicet
1592 2391 1626 2422 in

871 2432 992 2463 Orcum
1002 2431 1188 2463 descensuri
1198 2431 1338 2463 incidere
1349 2432 1510 2464 debebant
1520 2433 1553 2464 in
1562 2433 1626 2465 duo

870 2474 931 2506 ista
954 2480 1107 2510 monstra,
1133 2475 1326 2507 Chimaeram
1350 2481 1382 2507 et
1407 2475 1536 2517 Gygen,
1562 2487 1627 2508 una

870 2528 946 2550 cum
972 2517 1045 2548 aliis
1067 2518 1100 2548 in
1125 2518 1202 2549 Orci
1225 2517 1383 2549 vestibulo
1406 2519 1625 2550 stabulantia:

870 2560 937 2592 vid.
956 2560 1050 2602 Virg.
1069 2562 1149 2592 AEn.
1163 2561 1206 2596 vi,
1223 2561 1289 2592 285
1302 2571 1372 2603 sqq.
1406 2561 1458 2592 De
1476 2562 1626 2593 chimarra

870 2603 936 2634 vid.
959 2613 1031 2645 sup.
1055 2603 1095 2634 ad
1117 2603 1140 2639 i,
1165 2605 1220 2639 27,
1244 2604 1299 2635 24.
1346 2605 1513 2646 Resurget,
1542 2605 1626 2636 mole

871 2656 930 2677 sua
944 2656 978 2677 se
995 2647 1090 2682 levet,
1106 2651 1138 2678 et
1152 2652 1265 2677 contra
1287 2657 1337 2678 me
1358 2652 1505 2688 assurgat
1521 2659 1529 2685 3
1553 2658 1624 2689 pro-

871 2694 988 2720 stratus
997 2689 1083 2720 enim
1092 2688 1224 2730 jacebat
1237 2689 1348 2731 Gyges
1359 2689 1393 2720 in
1405 2691 1548 2726 Tartaro,
1562 2701 1626 2732 quo

871 2741 946 2763 cum
962 2731 1035 2763 aliis
1049 2731 1238 2763 centimanis
1253 2733 1271 2763 J
1277 2732 1344 2763 ovis
1364 2732 1498 2764 fulmine
1519 2733 1625 2775 dejec-

871 2780 922 2806 tus
938 2775 1052 2805 fuerat.
1096 2775 1149 2806 Sic
1166 2778 1285 2815 potenti
1305 2776 1441 2807 Justitiae
1460 2777 1627 2816 placitum-

871 2829 927 2858 que
951 2818 1075 2854 Parcis,
1092 2818 1162 2848 haec
1184 2823 1291 2848 nostra
1313 2828 1352 2849 ne
1371 2823 1472 2849 morte
1495 2819 1625 2860 quidem

872 2860 1050 2891 dirimenda
1072 2860 1210 2892 societas
1231 2861 1362 2891 deorum
1383 2861 1546 2892 voluntate
1570 2861 1626 2892 de-

872 2909 958 2934 creta
974 2908 1034 2934 est.
1081 2904 1198 2935 Parcas
1212 2903 1419 2934 nascentibus
1436 2903 1501 2933 fata
1516 2903 1625 2934 decer-

873 2956 946 2977 nere
971 2951 1004 2977 et
1026 2945 1200 2986 assignare,
1226 2946 1259 2976 in
1282 2946 1397 2986 vulgus
1421 2951 1550 2976 notum:
1583 2946 1626 2976 cf.

875 2989 983 3021 Carm.
1007 2994 1113 3021 antec.
1128 3000 1160 3020 v.
1183 2990 1237 3020 39.
1282 2989 1440 3020 Praeclare
1463 2993 1568 3019 autem
1593 2988 1626 3019 in
