1884 3288
667 199 894 243 LIBER
925 198 1008 250 lv,
1039 199 1081 240 9.

668 410 948 454 CARMEN
979 411 1064 454 IX.

611 553 699 584 AD
756 553 1118 586 LOLLIUM.

382 648 458 690 NE
478 647 591 690 forte
611 649 766 691 credas
786 649 1031 698 interitura,
1054 664 1154 704 quae

382 715 537 772 Longe
560 723 785 758 sonantem
806 723 934 759 natus
952 717 1008 759 ad
1032 716 1246 760 Aufidum

439 784 546 826 Non
566 792 666 827 ante
687 784 886 841 vulgatas
909 801 989 841 per
1009 793 1127 828 artes

498 853 650 896 Verba
669 853 825 909 loquor
847 854 1053 896 socianda
1075 855 1268 896 chordis.

328 921 356 962 5
384 920 505 971 Non,
529 922 563 963 si
585 922 755 977 priores
777 921 997 964 Maeonius
1019 930 1139 964 tenet

383 990 523 1032 Sedes
546 990 784 1040 Homerus,
809 990 1054 1032 Pindaricae
1074 990 1224 1041 latent,

442 1058 648 1114 Ceaeque,
671 1067 715 1100 et
736 1057 877 1101 Alcaei
898 1059 1086 1101 minaces

499 1127 830 1182 Stesichorique
852 1142 1007 1183 graves
1031 1128 1260 1170 Camenae:

382 1195 498 1244 Nec,
522 1196 557 1237 si
578 1195 686 1251 quid
708 1195 810 1238 olim
828 1195 933 1237 lusit
954 1195 1204 1248 Anacreon,

302 1262 356 1304 10
386 1263 563 1306 Delevit
585 1272 691 1306 aetas
709 1281 718 1306 :
753 1264 892 1319 spirat
913 1265 1058 1308 adhuc
1080 1281 1213 1316 amor,

95 1373 174 1412 xxii,
199 1375 253 1413 17,
275 1373 372 1408 Ἀλλ’
401 1376 516 1419 ἔμπας
543 1377 639 1420 ὑμεῖς
671 1389 706 1410 τε
733 1378 790 1409 καὶ
813 1377 848 1408 ἐκ

93 1417 206 1460 βυθοῦ
231 1417 343 1452 ’ἕλκετε
372 1421 462 1458 ming
491 1421 632 1453 Αὐτοῖσι
661 1420 846 1454 ναύταισιν

94 1460 262 1506 ὀΐομένοις
270 1461 458 1496 θανέεσθαι·
475 1463 516 1495 cf.
526 1464 708 1496 Hemsterh.
716 1463 755 1495 ad
767 1465 847 1495 Luc.

95 1505 138 1537 Τ.
153 1505 178 1543 i,
201 1515 236 1548 pq
257 1507 333 1538 285.
375 1506 472 1538 Liber
495 1514 563 1539 vota
587 1510 675 1539 bonos
697 1509 783 1539 ducit
806 1510 848 1539 ad

95 1549 206 1580 exitur.
249 1549 414 1585 Bacchus,
424 1549 601 1582 divinitatis
610 1551 729 1585 honore
740 1561 759 1582 a
771 1560 846 1592 poe-

98 1589 140 1622 tis
158 1596 330 1629 mactatus,
350 1592 561 1632 agricolarum
581 1604 690 1636 preces
707 1593 849 1624 exaudit.

100 1633 155 1666 De
171 1634 313 1670 Baccho,
329 1634 388 1666 deo
401 1636 531 1677 agresti,
547 1636 591 1668 cf.
607 1647 679 1678 sup.
695 1636 735 1667 ad
752 1637 798 1672 iii,
815 1637 847 1672 8,

99 1677 132 1709 6.
176 1677 358 1710 observent
378 1677 498 1710 tirones
522 1678 555 1710 in
578 1679 704 1722 triplice
733 1679 849 1711 divini-

100 1719 176 1769 tatis
196 1720 490 1764 circumscriptione
511 1728 612 1765 poetae
630 1728 731 1754 artem
748 1727 780 1754 et
800 1723 848 1754 in-

98 1772 242 1805 genium.

331 1850 532 1883 CARMEN
557 1851 619 1882 IX.

147 1891 243 1930 Quod
255 1893 431 1926 Censorino
446 1893 479 1925 in
495 1894 637 1926 carmine
654 1893 852 1937 praecedente

101 1935 268 1977 probatum
290 1936 350 1968 ivit
371 1937 538 1973 Horatius,
561 1941 582 1956 “
599 1947 663 1968 non
683 1942 851 1986 poetarum

101 1984 241 2015 tantum,
264 1979 320 2011 sed
347 1990 454 2011 eorum
482 1990 611 2023 quoque
635 1991 691 2022 qui
719 1981 759 2011 ab
788 1980 852 2011 illis

101 2021 316 2058 celebrentur.
340 2021 568 2064 immortalitati
593 2023 772 2056 consecrari
796 2033 851 2054 no·

102 2063 226 2100 mina.''
261 2065 295 2097 id
323 2065 425 2097 Lollio
461 2077 604 2109 qunque,
637 2066 708 2109 ejus
740 2066 854 2098 laudes

103 2107 273 2140 aeternitati
287 2109 473 2145 traditurus,
489 2109 523 2141 in
539 2113 598 2142 hoc
621 2109 760 2142 carmine
780 2119 852 2151 pro-

102 2148 170 2182 bnt.
212 2152 305 2189 Mea,
319 2151 374 2190 ait,
390 2152 532 2184 carmina
545 2152 645 2195 lyrica
662 2163 726 2184 non
744 2152 851 2184 interi-

102 2197 175 2226 tura
195 2199 283 2226 sunt.
330 2195 486 2234 Quamvis
502 2197 592 2228 ‚enim
618 2197 774 2227 Homerus
790 2195 853 2237 pri-

102 2244 190 2268 mum
211 2236 320 2270 locum
341 2237 425 2270 inter
445 2245 555 2282 poetas
577 2244 726 2282 occupat,
744 2244 853 2270 tamen

101 2289 212 2312 eorum
241 2290 370 2324 quoque
395 2288 559 2324 poetarum
589 2282 646 2324 qui
676 2287 750 2324 post
779 2293 852 2313 eum

100 2321 265 2364 vixerunt,
283 2329 322 2356 ut
343 2323 517 2362 Pindarus,
536 2325 728 2360 Simonides,
754 2325 852 2357 Stesi-

102 2365 233 2405 chorus,
249 2366 430 2404 Anacreon,
446 2374 479 2400 et
491 2369 632 2412 Sappho,
649 2368 735 2399 haud
747 2368 853 2400 deleta

92 2479 97 2491 ,
127 2450 163 2483 ui
182 2451 225 2484 ad
245 2452 373 2486 illorum
395 2455 576 2497 exemplum
603 2466 653 2487 me
677 2455 852 2497 composui.

126 2494 294 2529 cletumdri
310 2507 414 2546 spero.
451 2498 517 2530 Per
533 2503 694 2540 poetarum
711 2498 855 2529 carmina

28 2426 42 2458 3-
102 2413 155 2441 est
171 2410 345 2450 nemerim
369 2418 562 2454 quapropter
576 2422 640 2444 ,nec
660 2422 762 2443 meam
781 2422 852 2453 ego,

31 2522 58 2584 ἶ
105 2543 213 2577 niuem
242 2538 266 2571 ii
294 2540 403 2576 simul,
431 2540 487 2583 qui
517 2552 550 2572 in
581 2541 647 2572 illis
672 2541 854 2578 laudantur,

104 2585 231 2614 attium
243 2581 361 2615 ferunt.
406 2583 550 2616 Fuerunt
567 2585 652 2616 enim
671 2585 740 2615 sine
756 2583 855 2615 dubio

28 2621 59 2653 ι·
105 2622 214 2672 plum
235 2625 310 2657 olim
326 2636 390 2658 non
403 2627 512 2658 solum
537 2627 696 2663 mulieres,
721 2627 855 2659 Helenae

32 2670 33 2673 ’
48 2672 66 2714 'f
100 2674 140 2699 m
152 2667 315 2701 amori-bus
329 2669 513 2706 similfimae,
526 2670 582 2702 sed
597 2670 656 2701 viri
667 2670 763 2701 sortes
775 2681 854 2712 quo-

58 2748 63 2758 )
203 2711 341 2749 Teucro,
369 2712 554 2752 Idomeneo,
579 2713 743 2749 Sthenelo.
767 2714 854 2745 Hec-

94 2757 189 2792 stom,
205 2753 388 2798 Deiphobo,
404 2761 437 2788 et
446 2756 691 2798 Agamemnone
706 2757 791 2788 haud
806 2755 855 2787 in-

68 2823 71 2825 .
95 2792 258 2836 fotium,
281 2798 336 2830 sed
357 2809 432 2830 cum
454 2799 476 2830 ii
500 2809 564 2831 non
587 2809 605 2830 a
625 2805 715 2842 poeta
738 2799 858 2842 aliquo,

98 2842 148 2882 ἐκ
157 2838 208 2872 ini
223 2840 265 2872 ab
281 2841 432 2879 Homero,
448 2842 644 2874 carminibus
664 2842 706 2874 ad
726 2843 858 2885 posteri-

58 2886 85 2925 ?
103 2886 206 2921 «Dum
221 2884 388 2927 propagati
404 2884 616 2922 sint,.aeterna
635 2885 792 2918 oblivione
813 2896 860 2918 se-

31 2959 45 2968 ‚a
58 2947 68 2956 -.
96 2923 329 3001 minoem.
372 2927 500 2971 Itaque,
514 2939 588 2960 cum
605 2939 663 2970 ego
679 2935 772 2972 poeta
787 2929 860 2965 sim,

103 2991 105 2993 -
142 2974 145 2975 ’
162 3004 167 3007 7
206 2969 345 3004 ‚virtutes
354 2976 445 3008 tuas,
461 2981 480 3003 o
495 2971 594 3007 Lolli,
607 2972 766 3003 oblivione
780 2973 860 3003 obli-

892 1375 936 1408 ita
965 1379 1138 1416 prudentia>
1170 1383 1246 1413 tuae,
1278 1378 1466 1414 constantiae,
1493 1377 1642 1416 justitie.

891 1421 1093 1457 abstinentiae,
1125 1421 1299 1457 honestatis,
1329 1425 1362 1451 et
1387 1431 1463 1451 verae
1485 1421 1643 1459 supientiae

892 1469 1011 1494 aeterna
1041 1463 1128 1512 apud
1159 1469 1301 1506 posteros
1327 1461 1448 1502 vigebit
1477 1462 1642 1494 memoria.

892 1506 1045 1538 Horatius
1062 1506 1169 1548 igitur,
1193 1505 1279 1548 quod
1302 1505 1431 1548 scripsit
1451 1505 1484 1536 in
1505 1505 1645 1537 carmine

891 1549 1092 1591 praecedente
1122 1549 1164 1581 ad
1194 1549 1407 1582 Censorinum
1435 1559 1465 1580 v.
1500 1550 1552 1585 11,
1592 1549 1643 1586 12,

894 1593 1043 1623 Carmina
1057 1604 1214 1633 possumus
1239 1594 1374 1630 Donare,
1394 1598 1424 1623 et
1442 1593 1577 1632 pretium
1594 1594 1644 1622 di-

892 1645 958 1666 cere
974 1638 1106 1672 muneri,
1124 1635 1156 1667 id
1169 1636 1202 1667 in
1214 1636 1275 1668 hoc
1292 1634 1432 1666 carmine
1448 1634 1488 1666 ad
1503 1634 1645 1666 Lollium

893 1676 1011 1719 insigni
1033 1684 1100 1710 arte
1124 1678 1259 1720 repetiit.
1303 1679 1352 1709 Eo
1376 1677 1445 1719 ipso
1471 1687 1556 1708 anno
1579 1687 1644 1719 quo

894 1721 1081 1752 M.Lollius
1094 1722 1270 1753 Palicanus
1282 1731 1354 1752 cum
1369 1722 1410 1758 Q.
1428 1719 1565 1751 AEmilio
1583 1721 1646 1752 Le·

893 1763 968 1837 pido
983 1764 1096 1795 consul
1112 1764 1183 1799 suit,
1197 1774 1310 1806 nempe
1325 1763 1367 1794 U.
1385 1764 1425 1795 C.
1444 1774 1644 1800 nccxxxnr,

916 1817 953 1838 oc
978 1817 1106 1838 carmen
1133 1807 1286 1850 scriptum
1313 1816 1395 1842 esse,
1421 1815 1460 1837 eo
1485 1805 1586 1847 magis
1610 1812 1648 1837 ut

893 1850 1021 1881 credam
1041 1850 1192 1886 adducor,
1213 1850 1299 1892 quod
1319 1849 1375 1881 ille
1397 1848 1438 1880 ad
1459 1848 1519 1880 hoc
1541 1859 1646 1891 usque

895 1898 1020 1935 tempus
1041 1904 1075 1925 se
1098 1893 1230 1935 dignum
1254 1892 1384 1924 omnino
1413 1891 1452 1922 iis
1481 1891 1646 1930 laudibus,

896 1935 1014 1978 quibus
1042 1936 1076 1968 in
1103 1937 1163 1968 hoc
1187 1936 1328 1967 carmine
1350 1945 1368 1966 a
1390 1940 1483 1978 poeta
1505 1941 1647 1972 ornatur,

896 1979 1080 2022 praestitisse
1117 1979 1251 2011 videtur.
1305 1977 1523 2020 Ignominiosa
1559 1977 1646 2010 enim

895 2022 964 2060 issa,
977 2033 1049 2064 quae
1064 2022 1103 2054 de
1118 2022 1146 2064 ej
1154 2033 1189 2054 us
1201 2022 1331 2064 ingenio
1346 2027 1378 2053 et
1387 2021 1528 2053 moribus
1539 2021 1646 2053 serun-

897 2070 959 2102 tur,
986 2065 1113 2108 judicia
1142 2065 1225 2107 (vid.
1260 2065 1348 2098 Vell.
1378 2065 1412 2103 ii,
1439 2065 1482 2096 97
1510 2070 1542 2096 et
1574 2066 1647 2102 102,

898 2109 984 2140 Plin.
1007 2109 1050 2146 ix,
1070 2110 1124 2146 35,
1151 2111 1167 2151 ᾗ
1188 2107 1262 2149 58).
1286 2108 1312 2139 si
1339 2118 1406 2150 qua
1429 2107 1506 2140 fides
1528 2107 1567 2139 iis
1590 2107 1647 2139 ha-

897 2151 1003 2183 benda
1029 2152 1080 2188 sit,
1107 2153 1194 2183 haud
1215 2152 1313 2184 dubie
1342 2151 1383 2183 ad
1409 2151 1520 2188 vitam,
1547 2161 1646 2194 quam

898 2201 972 2237 post
986 2195 1187 2227 consulatum
1204 2195 1315 2237 gessit,
1334 2194 1503 2237 pertinent.

944 2239 1062 2270 1—12.
1088 2239 1191 2280 Longe
1207 2246 1365 2270 sonantem
1382 2245 1474 2269 nat-us
1492 2239 1532 2269 ad
1555 2238 1646 2279 Aufi-

897 2283 981 2319 dum,
993 2292 1051 2323 ego
1068 2282 1239 2325 Appulus:
1258 2282 1299 2313 cf.
1314 2292 1385 2324 sup.
1402 2282 1442 2313 ad
1457 2280 1503 2319 iii,
1520 2283 1574 2319 30,
1598 2282 1648 2312 lO.

902 2325 996 2356 Verba
1013 2327 1117 2367 loquor
1131 2327 1274 2356 socianda
1287 2326 1424 2356 chordis:
1448 2324 1591 2355 carmina
1607 2325 1647 2354 ad

896 2367 1049 2399 citharam
1064 2373 1238 2411 temperata
1252 2374 1285 2400 et
1300 2367 1560 2406 accommodata;
1586 2367 1648 2402 vel,

899 2417 933 2442 ut
962 2422 1035 2454 sup.
1060 2411 1095 2447 ii,
1126 2413 1178 2448 12,
1204 2413 1224 2442 4
1247 2411 1400 2453 loquitur,
1424 2412 1518 2442 modis
1541 2417 1648 2451 aptata

896 2464 989 2486 cano.
1034 2455 1204 2486 Horatium
1228 2454 1372 2485 imitatus
1387 2460 1436 2485 est
1452 2453 1547 2485 Ovid.
1566 2455 1649 2485 Met.

899 2497 942 2535 xi,
961 2499 994 2535 5,
1020 2498 1140 2538 Orphea
1158 2499 1308 2538 percussis
1331 2499 1492 2529 sociantem
1511 2499 1650 2528 carmina

898 2541 1029 2572 chordis.
1073 2540 1227 2572 Similiter
1253 2541 1328 2576 fere,
1357 2545 1392 2572 ut
1418 2541 1566 2572 observat
1597 2540 1649 2572 Cl.

900 2583 1036 2615 Mitsch.
1054 2583 1209 2626 hymnum
1228 2594 1281 2626 per
1303 2584 1467 2626 εὐλογίαν
1490 2583 1650 2626 φόρμιγγι

901 2627 1074 2668 συνάορον
1096 2626 1243 2668 designat
1266 2627 1427 2659 Pindarus
1453 2627 1544 2659 Nem.
1562 2627 1603 2662 iv,
1622 2627 1652 2658 8.

903 2671 974 2701 Non
999 2677 1071 2702 ante
1096 2672 1240 2712 vulgatas
1264 2681 1318 2711 per
1346 2677 1438 2705 artes,
1461 2681 1518 2713 per
1543 2670 1650 2712 lyricae

901 2724 1032 2756 poeseos
1051 2719 1149 2745 artem
1172 2714 1309 2756 primum
1327 2723 1346 2744 a
1362 2724 1412 2745 me
1427 2713 1510 2745 inter
1533 2714 1653 2745 Roma-

901 2767 960 2788 nos
990 2757 1176 2798 vulgatam3
1207 2757 1274 2788 sive
1304 2767 1359 2799 per
1378 2758 1460 2798 fides
1488 2768 1591 2791 novas.
1618 2762 1654 2786 ut

901 2800 983 2831 dixit
1007 2799 1157 2831 Horatius
1180 2810 1253 2842 sup.
1278 2799 1299 2835 i,
1315 2801 1370 2838 26,
1389 2801 1447 2831 10:
1473 2799 1515 2831 cf.
1538 2799 1583 2837 iii,
1599 2800 1655 2834 30,

906 2844 959 2880 13,
972 2848 1005 2876 et
1016 2842 1073 2874 inf.
1089 2843 1194 2886 Epist.
1205 2843 1226 2881 i,
1240 2844 1291 2878 19,
1303 2844 1358 2874 27.
1397 2843 1481 2879 Non,
1499 2844 1524 2874 si
1538 2845 1655 2883 priores

907 2887 1055 2918 Maeonius
1077 2893 1156 2918 tenet
1182 2886 1270 2918 Sedes
1292 2887 1453 2922 Homerus,
1478 2887 1653 2917 Pindaricae

905 2935 980 2961 cett.
999 2930 1106 2961 Notus
1125 2928 1158 2960 in
1180 2929 1264 2961 hanc
1286 2929 1477 2961 sententiam
1496 2935 1544 2960 est
1564 2929 1654 2958 locus

907 2972 1073 3004 Ciceronis
1092 2973 1182 3004 Orat.
1205 2972 1227 3008 i,
1255 2973 1357 3003 Prima
1375 2975 1452 3003 enim
1475 2980 1656 3012 sequentem,

111 3009 208 3043 Μή
218 3012 332 3054 patiar,
344 3012 457 3051 -immo,
470 3021 505 3046 ut
519 3015 694 3047 carminum
709 3025 862 3053 meorum,
907 3017 1060 3047 honestum
1075 3023 1115 3046 est
1129 3018 1160 3046 in
1173 3017 1312 3047 secundis
1323 3018 1478 3055 tertiisque
1488 3015 1658 3045 consistere..

873 3070 891 3091 Q
