1884 3288
668 193 898 240 LIBER
934 198 970 249 Ι,
1007 199 1069 240 10.

387 302 416 343 5
445 300 514 343 Te
534 314 700 350 canam,
718 299 863 354 magni
882 299 1006 341 Jovis
1027 306 1072 340 et
1094 299 1293 341 Deorum

446 369 680 418 Nuntium,
700 382 933 422 curvaeque
955 366 1060 422 lyrae
1080 374 1328 422 parentem3

446 436 678 486 Callidum,
700 435 915 491 quidquid
937 435 1114 490 placuit,
1138 436 1293 490 jocoso

849 502 1053 544 Condere
1075 502 1206 544 furto.

446 571 531 623 Te,
551 572 690 614 boves
712 570 812 614 olim
834 571 916 613 nisi
937 570 1207 612 reddidisses

363 639 416 681 10
446 639 535 681 Per
555 638 703 681 dolum
725 646 904 689 amotas,
927 652 1114 694 puerum
1136 638 1292 680 minaci

443 706 568 749 Voce
590 707 695 749 dum
717 713 866 758 terret,
890 706 1048 748 viduus
1070 706 1279 761 pharetra

851 773 970 816 Risit
994 773 1170 830 Apollo.

443 844 563 893 Quin
585 850 630 885 et
650 841 850 892 Atridas,
873 842 986 884 duce
1009 850 1065 893 te,
1089 842 1318 898 superbOS‚

320 965 322 967 ι
441 912 521 955 11ἰο
539 912 660 954 dives
683 911 883 952 Priamus
905 910 1069 961 relicto,

362 981 415 1023 15
445 979 775 1035 Thessalosque
796 979 920 1034 ignes
941 986 985 1020 et
1006 979 1153 1034 iniqua
1173 978 1322 1034 Trojae

26 1090 45 1101 „
850 1046 1006 1088 Castra
1026 1046 1193 1088 fefellit.

67 1124 71 1145 l
103 1132 106 1135 >
441 1115 516 1157 Tu
537 1115 631 1170 pias
652 1113 763 1156 laetis
785 1115 949 1156 animas
970 1116 1147 1170 reponis

15 1174 41 1186 ⁸
443 1183 651 1233 Sedibus,
674 1183 882 1238 virgaque
902 1183 1041 1225 levem
1063 1197 1239 1226 coerces

446 1252 596 1294 Aurea
617 1252 805 1302 turbam,
829 1252 998 1307 superis
1021 1252 1221 1294 Deorum

849 1319 1018 1362 Gratus
1040 1327 1084 1362 et
1103 1321 1211 1361 imis.

1582 199 1636 240 21

356 1321 414 1362 20

27 1426 43 1431 ·
93 1415 148 1444 tu·
161 1415 211 1444 ent
223 1410 406 1444 Mercurius
419 1424 424 1442 :
449 1411 553 1454 λόγου
569 1410 750 1453 προφήτης
763 1410 844 1442 dici-

16 1475 23 1490 u
43 1484 48 1490 .,
91 1454 462 1498 .tur0rph.l{.xxvii,4.
495 1454 593 1493 Nepos
602 1455 751 1492 Atlantis,
761 1454 846 1486 filius

42 1522 46 1526 .
91 1506 212 1540 nempe
225 1497 318 1530 Jovis
331 1507 372 1528 ex
387 1498 491 1534 Maia,
509 1497 651 1528 Atlantis
666 1496 743 1534 filia,
757 1497 843 1529 Plei-

19 1578 27 1587 .
38 1551 51 1568 's
92 1539 195 1573 udum
202 1550 279 1572 una..
295 1540 387 1572 Feros
396 1541 500 1572 cultus
509 1541 662 1571 hominum
672 1547 843 1571 recentum.-

35 1588 37 1594 ‘
94 1582 192 1616 ‘tuden
204 1590 238 1615 et
249 1583 388 1615 incultos
402 1583 481 1614 olim
506 1583 653 1615 homines
667 1595 676 1622 ;
699 1590 844 1621 recentes,

28 1663 41 1669 „
95 1634 207 1659 mens
221 1626 298 1658 olim
315 1626 393 1662 nati,
426 1626 596 1668 rimigenii,
619 1626 846 1668 antiquissimi,

19 1675 26 1710 J
43 1675 46 1678 ’
97 1669 323 1714 πρωτότοκοι.
413 1680 479 1701 oce:
519 1669 658 1711 loquela,
689 1680 846 1706 sermone,

19 1717 35 1749 ²5
94 1711 197 1744 animi
210 1711 262 1744 sui
275 1712 465 1744 sententiam
481 1722 555 1743 cum
575 1712 647 1742 aliis
667 1712 847 1743 communi-

95 1755 194 1788 eundi
206 1755 374 1787 facultate.
421 1756 528 1791 Catus,
543 1765 605 1786 vox
619 1755 752 1790 Sabina,
776 1765 843 1797 pro,

95 1804 226 1832 cnutus.
258 1797 282 1830 i.
308 1808 338 1830 e.
362 1798 514 1841 prudens,
544 1797 686 1840 sapiente
711 1797 845 1829 consilio

94 1846 274 1885 prmtan93
295 1841 456 1884 sapienter
474 1841 557 1873 enim
578 1840 737 1883 judicavit
759 1841 846 1872 Mer·

96 1883 218 1922 curius,
243 1883 340 1916 rudes
367 1889 399 1916 et
430 1884 512 1916 feros
547 1883 713 1914 bominum
743 1894 846 1915 mores

97 1927 187 1960 nulla
203 1937 237 1960 re
251 1926 354 1969 magis
367 1927 518 1959 cultiores
530 1926 616 1958 reddi
632 1936 734 1969 posse,
747 1937 843 1968 quam

97 1970 260 2002 communi
284 1969 438 2002 sermonis
463 1980 524 2001 usu
549 1970 617 2001 sive
639 1969 842 2011 eloquentia3

98 2013 174 2046 hinc
203 2013 318 2046 cicero
343 2014 436 2045 Orat.
465 2014 488 2049 i,
515 2014 547 2049 8,
573 2013 614 2043 de
638 2013 841 2054 eloquentia:

20 2082 30 2094 „
99 2056 176 2093 Qua
197 2058 243 2088 vis
258 2057 324 2088 ntia
346 2058 448 2097 potuit
471 2062 528 2087 aut
549 2058 694 2096 dispersos
715 2056 846 2087 homines

86 2105 196 2132 ‘unum
224 2101 259 2131 in
291 2099 390 2130 locum
417 2109 614 2142 congregare,
643 2105 700 2128 aut
728 2110 747 2129 a
767 2098 846 2140 sera

94 2145 270 2186 agrestique
291 2143 357 2174 vita
371 2144 412 2174 ad
436 2143 519 2173 hunc
541 2143 706 2172 humanum
726 2144 846 2172 cultum

95 2186 446 2228 nidumquededucm?
464 2185 586 2216 Decorae
595 2195 675 2215 more
684 2185 843 2224 palaestrae,

20 2228 65 2273 ᾗ»,
95 2228 134 2263 ΙΙ.
147 2238 179 2262 ο.
193 2227 361 2264 institutis,
377 2238 451 2270 quae
466 2237 580 2270 corpus
600 2227 641 2258 ad
664 2227 844 2259 decentiam

94 2277 334 2316 componerent,
349 2270 576 2302 certaminibus
590 2269 790 2312 palaestricis.

7 2340 11 2342 v
33 2323 39 2354 ἒ
63 2321 66 2338 ἵ
140 2314 240 2348 5-8.
263 2314 400 2346 Deorum
421 2316 579 2351 nuntium,
595 2314 748 2356 ἄγγελον
758 2313 843 2346 ἀθα-

38 2356 41 2358 ’
92 2356 406 2435 mmdm'xropa.
421 2357 587 2398 Curvaeque
597 2358 672 2398 lyrae
681 2363 846 2396 parentem.

63 2410 77 2427 f:
95 2418 98 2419 ν
114 2415 115 2418 ¹
193 2401 234 2432 tin
246 2410 352 2432 curvae
367 2399 520 2432 testudini
534 2399 640 2431 ovium
665 2399 767 2431 nervis
781 2400 845 2442 pri-

62 2455 66 2457 ·
97 2448 171 2477 huo
193 2443 272 2487 lym
294 2449 408 2476 auctor
429 2443 529 2474 fuisse
550 2443 733 2486 perhibetur
756 2444 844 2474 Mer-

75 2523 78 2526 ,
95 2486 225 2520 curius:
249 2485 292 2518 cf.
313 2487 444 2518 Homer.
467 2487 513 2518 Η.
529 2485 563 2517 in
589 2487 690 2518 Merc.
707 2487 749 2517 40
772 2497 842 2528 sqq.

26 2545 39 2572 ;δ
88 2529 276 2571 etl-ticina
298 2529 344 2561 D.
360 2529 405 2561 D.
422 2529 477 2560 vii.
527 2529 684 2560 Callidum
706 2531 844 2565 condere,

30 2583 75 2618 ε,
97 2572 215 2607 &nce
227 2581 296 2616 pro.
313 2571 467 2604 callidum
483 2573 524 2604 ad
537 2571 750 2604 condendum.

37 2616 75 2658 '7⁴32-
131 2614 262 2651 ·'9-l2.
282 2616 420 2647 Sensus:
443 2614 522 2647 dum
545 2615 621 2646 olim
644 2614 763 2656 Apollo
783 2614 843 2646 tibi

67 2662 75 2674 ’·
95 2657 203 2692 flbnc
213 2659 360 2702 parvulo,
370 2668 485 2701 poenas
494 2658 658 2694 minando,
672 2658 702 2689 ni
712 2659 844 2690 abactas

116 2704 121 2709 “
162 2701 305 2734 &nudem
315 2701 403 2732 abeo
418 2702 514 2733 boves
525 2701 683 2738 redderes,
693 2706 843 2732 terrorem

174 2745 234 2784 tiu
255 2744 351 2777 eece!
377 2755 415 2776 eo
430 2744 500 2787 ipso
519 2750 679 2776 momento
700 2743 771 2786 ejus
784 2743 843 2781 ira,

226 2797 258 2826 a,
268 2787 378 2819 dolose
391 2797 411 2818 a
426 2793 458 2819 te
473 2793 627 2830 surrepta,
639 2797 674 2818 se
686 2787 845 2829 privatum

206 2829 393 2866 dvenentis,
407 2830 441 2861 in
455 2831 555 2861 risum
578 2830 716 2862 vertitur.
762 2830 844 2862 Pue-

31 2884 313 2956 ⁴:2ffl,'·boves
341 2925 382 2948 ex
413 2915 544 2948 Admeti
579 2916 743 2954 armentis,
772 2927 844 2958 quae

232 2959 397 3002 pascebat,
419 2959 503 2991 clam
525 2959 675 2991 avertisse
697 2960 846 3002 (Homer.

46 2996 102 3059 :7357
160 3002 195 3036 in
209 3003 315 3035 Mero.
330 3001 402 3044 19),
418 3009 450 3035 et
466 3001 564 3034 simili
583 3001 712 3034 furandi
734 3002 845 3035 dexte-

215 2873 411 2910 Mercurius,
425 2873 479 2904 vix
494 2873 590 2904 trium
606 2872 728 2904 dierum
750 2883 845 2916 puer·
856 2890 863 2897 ι

889 1411 980 1443 ritate
996 1420 1106 1443 arcum
1121 1417 1154 1443 et
1164 1410 1298 1453 sagittas
1310 1410 1454 1454 Apo¹lini
1469 1409 1640 1443 abstulisse

889 1454 1017 1491 dicitur,
1044 1456 1121 1487 Luc.
1138 1456 1182 1486 D.
1199 1455 1244 1486 Ι).
1258 1454 1314 1486 νίἰ.
1361 1455 1440 1486 Haec
1463 1454 1529 1485 duo
1545 1455 1638 1493 furta,

889 1498 1019 1529 diversis
1043 1498 1238 1540 temporibus
1258 1498 1355 1535 facta,
1372 1497 1474 1540 lepide
1491 1498 1639 1532 Alcaeus,

889 1552 984 1584 quem
1007 1541 1158 1572 Horatius
1181 1540 1335 1583 sequitur,
1356 1541 1537 1582 conjunxit.
1586 1541 1637 1571 Vi-

891 1587 984 1621 dnus,
999 1585 1125 1620 Graece,
1141 1584 1274 1615 vrduum
1290 1594 1323 1615 se
1339 1583 1490 1616 sentiens-

938 1628 1078 1659 1:3-16,
1113 1629 1250 1665 Sensus}
1284 1629 1348 1658 imo
1379 1627 1547 1662 Priamus,-
1574 1625 1637 1657 Ilio

891 1670 951 1744 gad
967 1681 1083 1712 corpus
1104 1671 1252 1702 Hectoris
1267 1671 1307 1700 ab
1335 1669 1460 1701 Achille
1483 1669 1640 1700 redimen-

915 1713 987 1753 um)
1004 1714 1176 1756 profectuS‚
1195 1723 1267 1744 cum
1286 1719 1316 1744 te
1332 1712 1416 1743 duce
1431 1712 1551 1744 callido
1567 1719 1638 1743 ute-

887 1762 983 1792 retur,
1008 1767 1111 1798 neque
1127 1757 1167 1787 ab
1184 1755 1319 1791 Atridis,
1343 1757 1584 1796 Agamemnone
1606 1760 1639 1786 et

888 1799 1052 1835 Menelao,
1085 1809 1189 1841 neque
1226 1808 1244 1829 a
1283 1798 1437 1839 vigilibus
1473 1797 1638 1840 copiarum

890 1842 1029 1873 Achillis
1039 1842 1073 1872 in
1084 1843 1195 1873 castris
1204 1841 1388 1873 Graecorum
1401 1846 1592 1883 conspectus
1604 1846 1638 1872 et

889 1885 1032 1916 detectus
1047 1891 1108 1916 est.
1154 1885 1238 1916 Rem
1262 1890 1366 1915 narrat
1387 1885 1516 1915 Homer.
1537 1883 1636 1915 Iliad.

888 1928 974 1963 xxiv,
991 1929 1056 1959 336
1085 1937 1157 1969 sqq.
1207 1928 1356 1966 Superbos
1385 1926 1635 1969 (μεγαθύμους,

887 1970 1129 2013 μεγαλήτορας
1136 1977 1145 2007 )
1153 1976 1218 2001 tam
1225 1971 1266 2001 ob
1275 1970 1482 2004 fortitudinis,
1493 1979 1589 2011 quam
1596 1969 1637 2001 ob

888 2024 1030 2045 summae.
1047 2024 1120 2055 quae
1136 2023 1233 2056 penes
1247 2023 1301 2044 eos
1315 2013 1385 2049 fuit,
1400 2013 1550 2055 potentiae
1566 2012 1636 2054 glo-

888 2057 979 2087 riam.
1018 2057 1113 2087 Diues
1127 2055 1381 2099 (πολύχρυσος,
1400 2054 1636 2095 πολὺκτητος)

889 2100 958 2130 auri
974 2098 1083 2135 simul,
1099 2099 1184 2141 quod
1200 2098 1239 2130 ad
1256 2098 1405 2131 Hectoris
1423 2109 1539 2140 corpus
1554 2098 1637 2130 redi-

889 2142 1040 2173 mendum
1055 2153 1148 2174 curru
1164 2142 1386 2173 advehendum
1403 2147 1639 2177 curaverat.re-

887 2191 1001 2228 spectu
1034 2186 1152 2217 habito.
1199 2185 1408 2226 Thessalosque
1432 2187 1528 2227 ignes.
1574 2185 1637 2216 Per

888 2230 971 2271 ignes
983 2228 1192 2270 designantur
1205 2227 1330 2270 vigiles,
1345 2229 1400 2270 qui
1424 2227 1516 2268 ignes
1537 2227 1570 2259 in
1587 2229 1636 2259 vi-

887 2271 974 2312 giliis
989 2273 1163 2303 accendere
1183 2271 1308 2309 s‘olent3
1331 2278 1363 2302 et
1387 2281 1443 2313 per
1470 2270 1635 2307 Thessalos,

888 2315 979 2346 locus
1002 2315 1058 2346 ubi
1078 2315 1234 2350 Achilles,
1251 2314 1438 2351 Thessalus,
1465 2313 1499 2344 in
1524 2315 1638 2346 castris

889 2358 1074 2390 Graecorum
1089 2358 1252 2390 tendebat.

936 2402 1075 2433 17—20.
1101 2402 1149 2432 Tu.
1175 2403 1245 2442 pias
1274 2401 1350 2432 laetis
1375 2402 1493 2432 animas
1516 2403 1636 2441 reponis

890 2444 1027 2476 Sedibus.
1072 2446 1101 2476 A
1118 2454 1250 2475 munere
1271 2445 1339 2487 pias
1354 2443 1477 2475 animas
1490 2444 1524 2475 in
1545 2444 1636 2475 laetas

886 2487 978 2519 sedes
992 2487 1058 2519 sive
1082 2487 1226 2529 Elysium
1241 2486 1423 2518 deducendi
1441 2493 1473 2518 et
1495 2487 1635 2530 compel-

888 2531 974 2562 lendi
986 2530 1110 2563 Graecis
1125 2530 1240 2562 dicitur
1253 2531 1434 2562 Mercurius
1449 2529 1635 2573 ψυχοπομ-

889 2573 968 2612 πός,
998 2574 1224 2616 ψυχαγωγὸς,
1246 2573 1287 2604 de
1310 2583 1375 2615 quo
1400 2573 1466 2605 vid.
1488 2573 1635 2616 inprimis

888 2617 1151 2649 Hemsterhusius
1175 2616 1217 2648 ad
1243 2617 1324 2648 Luc.
1347 2617 1532 2659 Contempl.
1556 2627 1586 2648 c.
1609 2618 1637 2648 1.

891 2661 986 2702 Virga
1002 2672 1098 2691 aurea
1111 2658 1249 2713 (ῥάβδῳ
1266 2661 1421 2702 χρυσείῃ,
1437 2660 1524 2691 unde
1545 2661 1635 2691 Mer-

887 2703 968 2735 curii
989 2702 1244 2746 χρυσόρραπις)
1267 2713 1342 2744 qua,
1357 2703 1447 2734 velut
1468 2709 1575 2745 pastor
1595 2703 1636 2734 ad

887 2757 1014 2787 gregem
1035 2746 1226 2788 cogendum.
1250 2746 1362 2777 utitur.
1406 2746 1506 2788 Virga
1529 2752 1636 2778 autem

887 2789 946 2820 illa
960 2790 1114 2822 Mercurii
1131 2787 1298 2832 (ῥάβδος)
1321 2788 1496 2830 antiquitus
1512 2789 1590 2831 nillil
1617 2798 1636 2820 a

888 2832 1029 2864 caduceo
1050 2833 1175 2864 diversa
1196 2832 1273 2863 fuit:
1299 2833 1365 2864 vid.
1389 2832 1441 2863 Cl.
1463 2832 1571 2873 Ilgen.
1595 2833 1636 2865 ad

891 2876 1023 2907 Homer.
1049 2877 1090 2908 Η.
1106 2877 1139 2907 in
1162 2876 1266 2907 Mero.
1280 2886 1310 2906 v.
1325 2877 1388 2907 528
1403 2887 1412 2915 3
1435 2879 1468 2906 et
1486 2875 1636 2908 Amiciss-

887 2918 1026 2960 Boettig.
1050 2921 1086 2951 in
1113 2921 1173 2951 den
1206 2918 1380 2962 Vasengem.
1407 2919 1429 2955 i,
1458 2919 1491 2954 2,
1519 2930 1550 2960 p.
1580 2921 1636 2951 96.

890 2962 1000 2993 Lem-m
1029 2963 1163 2998 turbam,
1194 2961 1295 2993 exiles
1331 2962 1464 2996 animas,
1502 2960 1635 2994 εἴδωλα.

891 3005 1012 3046 Superis
1026 3007 1164 3044 deorum,
1181 3005 1309 3042 Graece,
1328 3015 1394 3048 pro,
1418 3003 1541 3047 superis
1563 3006 1638 3037 diis».
