1884 3288
563 545 1027 606 CARM

1099 543 1561 604 INUM

840 718 1008 756 LIBER
1038 717 1286 755 TERTIUS.

1876 1085 1877 1088 Α
1877 1051 1884 1055 ι
1871 1006 1884 1044 A.»
1870 817 1884 990 “he-fimi?

903 1086 1172 1128 CARMEN
1205 1087 1240 1127 I.

605 1205 705 1258 Om
727 1217 950 1271 profanum
971 1216 1124 1270 vulgus
1145 1222 1188 1257 et
1209 1230 1361 1266 arce03

602 1287 759 1328 Favete
779 1287 959 1341 linguis:
992 1287 1177 1327 carmina
1198 1301 1283 1327 non
1303 1287 1422 1340 prius

657 1353 823 1394 Audita
844 1352 1068 1392 Musarum
1089 1353 1288 1392 sacerdos

715 1419 966 1473 Virginibus
988 1419 1218 1472 puerisque
1240 1425 1380 1459 canto.

561 1506 759 1538 CARMEN
784 1507 814 1537 Ι.

362 1549 556 1589 Praeceptum
582 1548 662 1578 illud
688 1558 705 1579 e
727 1547 924 1589 philosophia
946 1547 1053 1578 Stoica

319 1589 525 1631 depromtum,
561 1590 664 1620 Veram
695 1591 844 1621 hominum
867 1590 1053 1630 felicitatem

320 1642 413 1672 neque
440 1634 473 1662 in
495 1634 628 1671 potentia
658 1638 686 1661 et
717 1633 859 1662 honorum
888 1633 1053 1670 splendore,

321 1684 413 1713 neque
427 1675 460 1703 in
476 1685 655 1714 magnarum
673 1675 852 1704 divitiarum
868 1675 1051 1712 possessione,

321 1717 370 1745 sed
385 1717 418 1745 in
433 1717 532 1746 animo
549 1717 726 1756 tranquillo,
742 1722 770 1746 et
785 1717 817 1745 in
838 1726 869 1744 eo
888 1717 964 1755 quod
983 1717 1053 1745 satis

319 1763 362 1787 est
391 1760 602 1797 acquiescente,
630 1759 795 1796 ponendam
825 1758 1055 1797 metiendamque

322 1809 390 1835 esse,
407 1799 474 1840 jam
498 1809 578 1830 nova
597 1799 631 1829 in
655 1800 712 1830 hoc
731 1798 867 1830 carmine
887 1799 1054 1829 sententia-

323 1850 390 1870 rum
420 1841 583 1880 gravitate,
619 1851 773 1882 novaque,
805 1851 899 1882 quam
928 1841 987 1871 sibi
1022 1847 1058 1872 ut

325 1883 477 1914 sacerdoti
516 1884 682 1913 Musarum
720 1883 839 1918 tribuit,
873 1882 1057 1914 auctoritate

325 1924 469 1966 proponit
490 1930 582 1965 atque
601 1925 809 1955 commendat.
854 1925 965 1955 Nexus
986 1935 1056 1956 sen-

324 1966 490 1997 tentiarum
518 1972 567 1996 est
594 1966 655 1997 fere
684 1966 755 1997 hic:
788 1967 936 2007 gravioris
964 1976 1055 2006 argu-

326 2008 425 2039 menti
447 2018 584 2044 carmen,
600 2008 685 2049 quod
700 2018 758 2049 ego
775 2014 956 2039 cantaturus
978 2018 1058 2046 sum,

327 2055 445 2081 attento
476 2050 579 2080 animo
609 2050 778 2091 percipite:
812 2060 909 2090 reges,
934 2049 1058 2085 divites,

327 2091 504 2127 nobiliores,
535 2096 566 2122 et
594 2092 648 2122 alii
678 2092 727 2122 vel
755 2092 854 2132 gioria
883 2092 932 2123 vel
963 2091 1060 2132 gratia

351 2133 437 2174 opuli
456 2134 639 2169 eminentes,
658 2134 736 2164 male
761 2135 854 2174 vulgo
877 2133 910 2163 in
931 2143 1059 2164 censum

326 2144 501 2206 i’eliciorum
532 2176 694 2206 hominum
726 2175 922 2213 referuntur;
957 2180 1062 2206 manet

327 2216 411 2248 enim
425 2227 478 2248 eos
495 2227 555 2247 non
571 2218 671 2247 solum
688 2227 777 2258 aequa
790 2217 940 2248 moriendi
955 2227 1060 2248 neces-

328 2259 416 2294 sitas,
451 2259 504 2290 sed
538 2258 631 2290 iidem
665 2269 802 2300 quoque,
835 2259 910 2290 dum
940 2259 1060 2296 vivunt,

329 2300 450 2332 miseris
470 2300 553 2332 curis
576 2301 743 2341 agitantur.
789 2301 873 2332 Hinc
889 2301 931 2336 fit,
947 2307 982 2332 ut
997 2311 1061 2332 me-

329 2342 398 2373 dias
412 2341 492 2373 inter
507 2353 598 2374 curas
614 2353 670 2373 nec
686 2343 931 2374 lautissimarum
950 2343 1059 2385 epula-

330 2395 397 2415 rurn
434 2384 585 2415 suavitate
620 2386 824 2418 delectentur,
863 2395 920 2415 nec
957 2385 1062 2416 avium

331 2426 522 2468 citharaeque
539 2433 635 2457 cantu
655 2427 693 2458 ad
715 2437 856 2458 somnum
879 2426 1060 2458 invitentur.

333 2469 459 2505 Quanto
488 2468 587 2509 major
612 2468 706 2510 igitur
732 2474 780 2500 est
809 2469 865 2506 nil,
893 2469 952 2499 nisi
978 2468 1062 2511 quod

330 2511 407 2540 satis
437 2516 496 2548 est,
523 2510 726 2542 desiderantis
754 2510 909 2548 felicitas5
947 2511 974 2542 is
1004 2521 1061 2542 nec

331 2552 459 2583 marinis
485 2553 734 2594 tempestatibus,
765 2563 822 2584 nec
851 2558 920 2583 ortu
947 2563 1062 2584 casuve

331 2593 466 2626 siderum
501 2594 682 2632 minacium,
715 2605 772 2626 nec
806 2595 967 2636 grandine,
1003 2605 1061 2626 nec

331 2636 430 2667 nimia
438 2636 545 2678 pluvia
557 2636 690 2668 nimiove
705 2636 780 2668 solis
795 2643 883 2673 aestu,
893 2637 1063 2668 sterilitatis

331 2678 449 2713 causis,
463 2679 672 2726 perturbatur.
718 2678 871 2710 Videmus
890 2689 974 2710 nunc
993 2679 1062 2719 qui-

330 2719 402 2751 dem
415 2719 525 2751 divites
543 2721 702 2751 immensis
722 2720 877 2751 sumtibus
899 2721 1064 2761 magnifice.

332 2762 365 2793 in
380 2762 475 2793 maris
492 2762 590 2798 litore,
611 2767 648 2792 ut
662 2761 706 2792 ibi
721 2772 754 2793 se
774 2769 922 2800 recreent,
942 2769 1062 2794 exstru-

330 2813 382 2835 ere
397 2803 551 2843 aedificia3
575 2804 628 2835 sed
645 2804 734 2834 timor
751 2810 783 2835 et
799 2804 902 2835 tristes
917 2814 999 2836 curae
1019 2805 1062 2836 ibi

331 2855 457 2887 quoque
486 2846 527 2876 ab
555 2845 594 2877 iis
622 2846 704 2876 haud
730 2845 891 2883 recedunt,
913 2845 976 2876 imo
997 2857 1061 2883 eos,

331 2887 396 2919 sive
426 2887 496 2919 navi
525 2887 592 2919 sive
619 2897 701 2928 equo
726 2892 843 2924 vectos,
868 2887 986 2935 ubique
1013 2899 1060 2920 se-

332 2935 474 2972 quuntur
493 2935 586 2971 atque
608 2934 763 2971 premunt.
808 2929 902 2967 Quod
919 2939 945 2960 si
966 2929 1062 2971 igitur

1097 1515 1154 1536 nec
1171 1503 1418 1546 praestantissimi
1439 1505 1609 1541 marmoris.
1625 1515 1682 1538 nec
1698 1506 1827 1539 nobilis-

1097 1547 1184 1577 simae
1208 1557 1364 1588 purpurae,
1389 1557 1446 1578 nec
1466 1547 1531 1578 vini
1550 1547 1670 1590 optimi,
1691 1559 1749 1580 nec
1769 1559 1827 1580 uu-

1097 1595 1282 1628 guentorutn
1317 1588 1605 1630 pretiosissimorum
1636 1600 1710 1622 usus
1737 1591 1828 1632 quid-

1097 1641 1191 1671 quam
1210 1631 1249 1661 ad
1271 1641 1362 1662 curas
1385 1631 1569 1662 avertendas
1588 1631 1682 1668 valet,
1701 1642 1757 1664 cur
1771 1643 1828 1674 ego

1097 1679 1159 1702 tam
1177 1673 1291 1704 stultus
1303 1672 1373 1708 sim,
1390 1678 1423 1703 ut
1436 1673 1576 1704 villulam
1589 1674 1739 1705 Sabinam
1753 1685 1827 1706 cum

1098 1714 1235 1745 aedificiis
1247 1714 1432 1754 magnificis,
1446 1715 1516 1746 vitae
1525 1714 1757 1757 jucunditatem
1771 1726 1828 1748 au-

1097 1761 1158 1787 tern
1191 1762 1221 1787 et
1252 1756 1510 1798 tranquillitatem
1545 1767 1616 1789 curn
1651 1755 1830 1790 divitiarum

1098 1798 1250 1829 molestiis
1284 1799 1428 1840 curisque
1457 1802 1652 1840 permutem]
1711 1800 1763 1831 Sic
1793 1810 1831 1831 ea

1101 1850 1172 1881 quae
1196 1850 1288 1882 super
1313 1841 1407 1882 hujus
1429 1841 1575 1872 carminis
1597 1842 1771 1878 sententiis,
1796 1847 1832 1874 ut

1101 1892 1210 1923 parum
1233 1883 1313 1913 inter
1334 1893 1366 1914 se
1387 1881 1626 1918 commeatibus,
1649 1893 1668 1914 a
1689 1884 1832 1926 pluribus

1100 1923 1256 1965 disputata
1279 1930 1364 1961 sunt,
1388 1933 1468 1955 vana
1489 1930 1521 1956 et
1537 1924 1629 1956 nihili
1647 1935 1716 1958 esse
1738 1926 1833 1959 facile

1101 1971 1241 2038 appa—rep
1271 2008 1384 2039 Verbis
1414 2008 1605 2039 solemnibus
1635 2008 1676 2039 ad
1705 2009 1834 2042 audien-

1102 2049 1175 2079 tiam
1198 2049 1258 2080 sibi
1278 2049 1452 2080 faciendam
1471 2049 1631 2082 exorditur
1649 2056 1762 2092 poeta3
1784 2061 1832 2083 ar-

1103 2092 1243 2131 gumenti
1271 2101 1394 2133 nempe,
1425 2092 1510 2132 quod
1539 2092 1571 2123 in
1606 2092 1664 2124 hoc
1696 2094 1834 2126 carmine

1102 2138 1288 2165 tractaturus
1310 2140 1366 2169 est,
1391 2134 1572 2173 gravitatem
1594 2143 1665 2165 cum
1687 2144 1721 2166 re
1746 2145 1834 2167 sacra

1103 2184 1298 2217 comparans,
1327 2175 1424 2206 utitur
1459 2175 1522 2206 illis
1551 2175 1691 2207 formulis
1719 2177 1834 2218 quibus

1103 2217 1181 2247 alias
1210 2218 1268 2248 sub
1296 2227 1455 2248 sacrorum
1484 2217 1581 2249 initiis
1611 2217 1658 2249 uti
1692 2219 1836 2251 solebant

1104 2258 1296 2297 sacerdotes;
1318 2259 1455 2301 profanis
1475 2260 1613 2300 quidem,
1634 2264 1670 2291 ut
1685 2270 1741 2292 eos
1760 2261 1834 2294 inde

1104 2307 1253 2336 arcerent,
1262 2302 1349 2338 ἑκὰς,
1359 2300 1502 2342 βέβηλοι
1510 2301 1517 2331 !
1531 2302 1580 2333 vel
1589 2301 1677 2340 ἑκὰς,
1684 2302 1770 2340 ἑκὰς,
1779 2302 1834 2335 ὅσ-

1105 2342 1489 2386 τιςᾶλιτρὸς(Οθ.Ηίιη.Η
1513 2345 1833 2386 mn.Ap.2),Procul,

1103 2387 1232 2424 opi-ocul
1246 2392 1315 2420 este,
1328 2386 1449 2428 profani
1463 2355 1575 2458 ἓὸἱῐς.
1587 2387 1667 2419 AEn.
1681 2387 1725 2425 vi,
1739 2386 1833 2429 258),

1105 2437 1160 2468 pro
1192 2438 1254 2469 quo
1284 2428 1434 2458 Horatius
1485 2426 1553 2465 ixit,
1583 2428 1643 2459 Odi
1669 2429 1834 2470 prcfizmem

1106 2470 1214 2510 vulgus
1236 2477 1265 2500 et
1291 2481 1396 2507 arceo‚·
1422 2469 1554 2500 initiatis
1581 2479 1663 2506 uero,
1689 2476 1724 2502 ut
1745 2481 1834 2503 sacro

1105 2510 1227 2542 silentio
1245 2511 1284 2542 iis
1305 2511 1498 2547 interessent,
1521 2511 1704 2554 εὐφημεῖτε,
1725 2513 1837 2545 Favete

1106 2553 1241 2595 linguis!
1263 2553 1404 2595 (linguas
1425 2553 1613 2590 cohibendo,
1629 2554 1661 2584 h.
1675 2564 1705 2586 e.
1726 2559 1834 2587 tacen—

1105 2595 1164 2634 do)
1188 2595 1418 2627 acclamantes:
1442 2595 1582 2638 apposite
1601 2595 1698 2636 igitur
1716 2597 1757 2628 ad
1778 2597 1835 2629 has

1106 2637 1254 2668 formulas
1277 2637 1344 2679 jam
1367 2647 1400 2668 se
1421 2647 1484 2668 nou
1506 2642 1606 2669 vatem
1628 2637 1677 2669 vel
1700 2645 1834 2680 poetam,

1105 2678 1161 2710 sed
1177 2679 1337 2710 Musarum
1351 2681 1528 2710 sacerdotem
1541 2679 1710 2721 profitetur.
1755 2681 1834 2712 Car-

1104 2723 1187 2752 mina
1204 2732 1263 2752 mm
1283 2723 1369 2761 prius
1392 2722 1510 2758 audita,
1529 2721 1561 2752 h.
1583 2731 1611 2753 e.
1629 2731 1722 2758 nova.
1743 2723 1836 2764 quasi

1106 2773 1197 2794 nemo
1225 2768 1296 2794 ante
1324 2773 1396 2795 eum
1425 2769 1582 2805 praecepta
1606 2768 1671 2794 tm
1697 2763 1836 2796 salubria

1106 2805 1254 2836 cecinerit
1266 2817 1277 2845 ;
1299 2805 1360 2836 nisi
1374 2805 1451 2836 forte
1466 2805 1532 2836 haec
1547 2815 1673 2847 quoque
1687 2808 1781 2838 verbe
1796 2807 1835 2838 ad

1104 2847 1270 2878 formulam
1296 2847 1452 2888 quandam
1476 2847 1647 2879 solemnem
1675 2848 1836 2880 referenda

1105 2889 1179 2927 sint,
1207 2889 1262 2920 ubi
1290 2901 1364 2920 mma
1394 2899 1413 2920 a
1441 2889 1550 2930 mystis
1571 2889 1836 2931 ,promittebantur

1104 2937 1273 2973 praecepta,
1302 2929 1411 2974 qualia
1439 2941 1602 2973 nunquam
1627 2929 1723 2964 fando
1746 2931 1835 2964 audi-
