1904 3314
110 1249 258 1292 ugilisfio
269 1259 280 1287 ‚·
300 1248 438 1290 diligens
453 1248 578 1280 scilicet
592 1259 694 1280 rerum
708 1248 860 1290 gerenda·

109 1301 180 1323 rum
199 1297 232 1323 et
248 1291 361 1323 virium
379 1292 623 1324 exercendarum
646 1291 787 1322 studium
806 1291 861 1333 ju-

109 1333 208 1366 bebat
247 1334 425 1366 Stoicorum
461 1334 637 1377 sapientia:
686 1334 862 1365 Lambinus

111 1382 276 1420 comparat
289 1377 396 1409 locum
411 1376 587 1415 Ciceronis,
601 1376 657 1418 qui
670 1376 710 1407 de
724 1377 796 1408 Fin.
813 1376 860 1412 iii,

97 1420 156 1463 *20
177 1421 332 1452 catonem
357 1420 498 1452 Stoicum
523 1419 569 1450 ita
595 1420 777 1461 loquentem
809 1419 858 1450 in-

66 1463 67 1466 ’
111 1462 220 1496 ducit:
245 1463 324 1495 Cum
341 1469 444 1495 autem
466 1465 506 1495 ad
531 1464 655 1494 tuendos
677 1473 858 1494 conservan-

66 1523 67 1526 =
112 1507 221 1548 doque
234 1506 365 1538 homines
382 1507 529 1538 hominem
548 1513 656 1538 natum
677 1516 735 1537 esse
755 1507 858 1537 videa-

113 1559 192 1586 mus,
221 1555 452 1582 consentaneum
479 1555 521 1581 est
551 1549 623 1580 huic
653 1555 785 1586 natum,
824 1555 861 1580 ut

113 1593 233 1634 sapiens
242 1593 317 1624 velit
323 1603 430 1635 gerere
443 1598 472 1623 et
488 1593 706 1623 administrare
719 1593 860 1632 rempub-

115 1635 218 1667 licam.
261 1635 304 1667 Et
328 1646 439 1667 mersor
460 1636 600 1667 civilibus
621 1636 725 1670 undis,
748 1640 779 1667 et
803 1634 860 1665 ob-

114 1686 190 1711 ruor
211 1688 315 1711 rerum
339 1677 485 1711 civilium
505 1677 612 1709 undis.
657 1676 762 1708 Paulo
787 1678 861 1708 sub-

115 1720 225 1754 limius
240 1733 334 1759 ουτω,
348 1720 466 1764 quibus
481 1726 592 1763 pectus
607 1719 701 1762 quasi
717 1719 818 1751 undat
830 1726 862 1752 et

115 1769 240 1803 estuat,
258 1770 412 1796 vocantur
435 1766 548 1796 undae:
572 1763 693 1796 Catull.
714 1762 790 1800 lxiv,
808 1763 862 1801 62,

114 1813 146 1839 et
163 1809 282 1851 magnis
298 1819 444 1839 curarum
457 1808 599 1850 fluctuat
619 1807 733 1843 atmiis,-
758 1806 790 1836 in
813 1815 863 1836 se-

117 1856 235 1893 quente
260 1850 362 1893 Epist.
388 1861 418 1882 v.
443 1851 498 1888 22,
521 1851 656 1881 adversis
678 1860 781 1880 rerum
805 1850 863 1879 im-

116 1893 284 1926 mersabilis
293 1895 385 1925 undis
395 1905 407 1932 ς
426 1893 519 1935 Virg·
534 1893 614 1924 AEn.
631 1892 698 1930 viii,
714 1893 766 1928 19,
778 1902 862 1932 mag-

117 1947 156 1968 no
170 1937 467 1979 curarumfluctuat
477 1942 552 1967 aestu
562 1947 574 1972 ,·
591 1935 680 1966 etsie
693 1934 864 1966 AEsonides

117 1978 203 2028 apud
220 1979 296 2011 Val.
317 1979 427 2011 Flacc.
445 1990 477 2015 v,
495 1980 560 2010 303
575 1980 697 2009 undans
718 1979 801 2008 curis
815 1977 864 2008 di-

117 2027 214 2056 citur.
257 2020 400 2065 Oppiau.
417 2022 493 2054 Hal.
508 2023 583 2058 505,
599 2021 679 2059 νόος
694 2020 726 2052 δέ
744 2020 774 2052 οἱ
786 2020 864 2060 ἠΰτε

119 2066 206 2108 κῦμα
220 2064 372 2097 εἰλεῖται·
395 2064 459 2096 vid.
475 2064 639 2097 Drakenb.
654 2064 692 2095 ad
717 2063 775 2095 Sil.
791 2064 865 2095 Ital.

119 2106 165 2146 ix,
194 2109 271 2140 527.
330 2107 395 2147 Qui
425 2107 594 2140 lectionem
622 2118 721 2139 versor
751 2114 864 2138 nostrae

117 2149 251 2183 lectioni
263 2162 375 2183 mersor
394 2151 576 2194 praeferunt,
595 2149 784 2191 elegantiam
805 2149 864 2180 hu-

115 2193 172 2236 jus
186 2193 248 2225 loci
263 2204 375 2236 parum
435 2200 592 2237 rspectam
614 2193 746 2225 habent.
794 2193 864 2224 Nec

118 2246 228 2268 vocem
262 2248 363 2270 versor
407 2242 454 2270 ert
483 2236 664 2276 Latinitas3
703 2235 866 2266 notissima

118 2279 204 2312 enim
229 2279 349 2312 locutio
367 2281 483 2312 versari
505 2282 538 2311 in
560 2280 665 2321 aliqua
687 2290 721 2310 re
745 2277 864 2309 nomini

120 2323 213 2362 undis
227 2322 331 2366 (quod
355 2322 494 2366 postulat
510 2322 639 2354 omnino
661 2322 790 2360 mersor)
811 2331 864 2353 ac-

105 2365 312 2399 commodari
327 2365 461 2409 nequit:
484 2365 529 2398 cf.
552 2365 673 2398 Catull.
695 2364 794 2401 lxviii,
812 2366 864 2402 13,

119 2408 242 2450 decipe,
255 2411 338 2451 queis
351 2409 608 2451 merserfortunae
620 2409 775 2450 fluctibus
790 2411 864 2448 ipse.

79 2472 90 2490 ⁴-
103 2450 290 2526 ‚Armpgfi
322 2451 518 2495 Aristippus,
549 2453 734 2494 Cyrenaeus,
765 2451 864 2493 Cyre-

80 2514 115 2541 ‘⁷5
132 2512 144 2521 ⁴=
212 2518 217 2521 -
257 2493 414 2539 inciplinae
429 2501 551 2531 auctor,
569 2505 727 2526 summum
746 2495 866 2525 bonum

79 2577 81 2579 ι
103 2543 134 2578 3>-
151 2537 331 2582 'jwlnpttte
386 2539 526 2570 nendum
543 2549 611 2570 esse
623 2542 779 2568 statuens.

95 2591 142 2608 «-
164 2580 307 2618 m—26.
342 2582 345 2585 Ὗ
373 2592 427 2613 um
466 2581 631 2616 Horatius,
664 2581 718 2622 qui
749 2580 867 2611 celeres

186 2640 227 2652 w:
255 2640 265 2651 Α
286 2634 302 2655 s
324 2623 357 2656 in
377 2624 503 2656 virtutis
522 2622 672 2655 exercitio
695 2623 796 2654 facere
811 2632 868 2653 cu-

82 2667 83 2670 *
99 2667 131 2702 “⁷⁷
138 2701 140 2703 ,
215 2672 243 2704 t,
257 2677 322 2702 rem
337 2678 449 2712 parum
463 2666 630 2710 procedere
643 2671 672 2697 et
691 2665 784 2696 nimis
799 2665 868 2695 lon-

100 2703 127 2739 ⁴,
165 2726 189 2738 ·
210 2714 337 2754 tempus
350 2711 384 2743 in
400 2721 438 2742 ea
455 2710 709 2742 consumendum
733 2718 802 2739 esse
821 2707 869 2738 iu-

115 2764 120 2771 ⁸
147 2755 157 2774 ‘l
178 2753 180 2755 Ι
204 2751 213 2759 A.
305 2753 312 2759 ·

701 199 928 244 LIBER
960 199 995 250 Ι,
1033 201 1069 241 1.

1573 199 1658 240 433

225 303 358 347 Nunc
379 306 423 347 in
444 300 662 360 Aristippi
684 303 831 346 furtim
851 310 1074 359 praecepta
1096 303 1283 354 relabor,

225 371 288 414 Et
307 373 412 414 mihi
433 387 516 424 res,
537 386 623 414 non
643 386 711 413 me
731 372 864 414 rebus
886 372 1154 427 subjungere
1176 386 1324 414 conor.

136 439 196 481 20
225 439 289 482 Ut
309 456 397 482 nox
416 440 558 496 longa,
580 440 740 495 quibus
761 440 968 482 mentitur
988 440 1139 491 amica,
1162 440 1346 495 diesque

226 507 384 564 Longa
404 509 578 550 videtur
598 522 708 563 opus
731 507 995 549 debentibus
1015 525 1024 557 3
1057 515 1106 549 ut
1127 504 1253 563 piger
1273 523 1414 549 annus

225 575 424 632 Pupillis,
446 590 555 631 quos
577 577 688 618 dura
709 576 866 630 premit
886 575 1087 617 custodia
1108 583 1293 616 matrum
1311 592 1319 616 :

226 642 299 685 Sic
319 643 423 685 mihi
443 644 568 686 tarda
588 643 730 684 fluunt
750 643 1008 699 ingrataque
1030 650 1241 698 tempora,
1265 658 1365 698 quae
1389 658 1510 697 spem

224 710 548 766 Consiliumque
569 718 791 753 morantur
811 711 970 766 agendi
991 712 1191 767 gnaviter
1215 711 1276 761 id,
1298 711 1419 765 quod

136 777 194 820 25
221 777 374 834 AEque
388 780 660 836 pauperibus
681 779 880 835 prodest,
901 778 1196 835 locupletibus
1219 793 1361 834 aeque,

223 845 373 902 AEque
393 847 640 903 neglectum
660 847 810 902 pueris
833 848 1098 903 senibusque
1120 847 1311 889 nocebit.

225 913 400 967 Restat,
421 922 471 957 ut
490 915 559 957 his
581 930 664 971 ego
684 930 752 957 me
773 916 867 970 ipse
888 930 1037 971 regam
1064 915 1265 970 solerque
1285 914 1533 957 elementis:

223 981 330 1025 Non
349 984 492 1039 possis
513 983 640 1026 oculo
661 990 870 1039 quantum
892 984 1158 1026 contendere
1182 984 1404 1039 Lynceus,

223 1049 331 1094 Non
350 1058 494 1094 tamen
514 1052 678 1094 idcirco
699 1059 950 1094 contemnas
970 1050 1118 1108 lippus
1141 1053 1294 1108 inungi
1311 1070 1321 1103 3

138 1118 197 1161 30
225 1117 338 1170 Nec,
362 1119 466 1174 quia
486 1119 696 1175 desperes
718 1120 867 1162 invicti
887 1121 1081 1162 membra
1102 1120 1330 1176 Glyconis,

906 1250 998 1291 longa
1014 1260 1082 1286 nox,
1108 1251 1191 1282 lenta
1207 1252 1282 1286 dies,
1304 1253 1393 1292 piger·
1415 1260 1528 1281 annus.
1573 1250 1656 1288 Opus

906 1293 1091 1330 debentibus,
1119 1292 1156 1323 iis
1177 1293 1232 1335 qui
1256 1304 1391 1336 pensum
1414 1293 1480 1324 sive
1502 1302 1583 1334 opus
1606 1291 1655 1322 di-

906 1345 1022 1366 urnum
1036 1335 1087 1367 vel
1103 1346 1159 1378 pro
1174 1337 1317 1367 mercede
1327 1338 1376 1367 vel
1392 1346 1432 1367 ex
1448 1335 1550 1366 officio
1562 1334 1653 1377 perfi-

905 1387 977 1409 cere
992 1377 1120 1409 debent.
1169 1379 1315 1410 Custodia
1332 1385 1485 1409 matrum.-
1505 1388 1579 1409 cum
1596 1387 1655 1418 pu-

905 1419 976 1462 pilli
1003 1430 1068 1451 non
1092 1426 1200 1452 essent
1224 1422 1284 1452 sub
1307 1421 1408 1452 tutela
1430 1426 1578 1457 matrum,
1602 1429 1658 1460 per

903 1465 1071 1494 custodiam
1099 1463 1243 1505 intellige
1271 1474 1412 1495 severam
1441 1473 1563 1498 curam,
1592 1471 1656 1503 qua

906 1506 997 1537 bonae
1015 1511 1132 1539 matres
1153 1506 1235 1539 filios
1256 1516 1276 1538 a
1297 1506 1461 1538 luxuriosa
1478 1506 1543 1537 vita
1566 1505 1654 1536 cohi-

905 1548 988 1580 bitos
1011 1548 1050 1580 ad
1071 1548 1294 1592 parsimoniam
1316 1549 1443 1591 adigere
1462 1548 1656 1586 studebaut3

905 1591 1063 1633 ejusmodi
1080 1597 1186 1624 autem
1197 1600 1331 1624 matrum
1345 1595 1483 1624 custodia
1497 1594 1577 1623 dura
1591 1596 1658 1622 erat

906 1635 979 1666 filiis
1009 1635 1171 1668 luxuriose
1193 1642 1225 1668 et
1251 1635 1400 1668 licentius
1431 1635 1535 1667 vivere
1566 1634 1657 1676 cupi-

905 1677 1048 1710 entibus.

947 1722 1004 1752 24.
1028 1721 1209 1757 Morantur,
1225 1720 1414 1764 impediunt,
1430 1720 1614 1753 extrahunt.

950 1764 1093 1794 27—31.
1111 1764 1229 1799 Restat,
1241 1771 1288 1800 ut.
1301 1769 1376 1795 cett.
1408 1765 1545 1796 Sensus:
1565 1764 1659 1795 rebus

907 1805 953 1837 sic
972 1817 1005 1838 se
1024 1806 1228 1843 habentibus.
1246 1807 1315 1838 haec
1336 1807 1428 1848 quasi
1447 1806 1658 1849 philosophiae

908 1849 1000 1880 initia
1015 1855 1047 1882 et
1064 1850 1137 1880 vitae
1158 1855 1317 1892 praecepta
1338 1860 1388 1882 me
1409 1855 1520 1891 regant
1537 1856 1570 1882 et
1590 1849 1659 1880 ani-

907 1903 993 1924 mum
1019 1903 1123 1924 meum
1151 1893 1358 1924 confirment:
1394 1896 1414 1911 ‘¹
1434 1892 1512 1924 Noli
1534 1893 1658 1935 aliquid

908 1935 1032 1978 assequi
1050 1935 1142 1971 velle,
1163 1935 1247 1977 quod
1270 1947 1326 1978 pro
1345 1935 1553 1967 facultatibus
1566 1946 1586 1967 a
1601 1945 1658 1966 na-

909 1985 979 2010 tura
1002 1978 1058 2009 tibi
1079 1978 1161 2009 datis
1186 1978 1316 2021 assequi
1335 1989 1400 2010 non
1425 1985 1527 2021 potes,
1544 1979 1599 2010 sed
1618 1989 1657 2009 ea

908 2032 982 2063 quae
1015 2021 1113 2053 habes
1147 2021 1315 2063 diligenter
1352 2032 1429 2053 cura
1465 2027 1498 2053 et
1534 2021 1658 2053 tuere.‘'

910 2066 1005 2095 Hanc
1029 2064 1220 2095 sententiam
1241 2065 1363 2096 duobus
1388 2064 1544 2108 exemplis
1566 2065 1657 2095 illus·

908 2107 1018 2138 travit:
1045 2111 1065 2125 '‘
1084 2107 1168 2145 Quis
1190 2113 1239 2139 est
1257 2113 1321 2139 tam
1346 2107 1489 2143 demens,
1515 2113 1558 2144 ut,
1584 2108 1659 2150 quia

909 2151 1074 2181 oculorum
1106 2149 1174 2181 acie
1202 2161 1266 2181 non
1296 2157 1460 2193 penetrare
1490 2156 1593 2193 potest
1621 2161 1659 2182 eo

909 2204 974 2235 quo
986 2198 1167 2235 penetrasse
1182 2193 1300 2225 dicitur
1312 2195 1471 2236 Lynceus,
1482 2195 1658 2231 oculorum,

909 2236 1026 2278 quibus
1043 2236 1170 2277 gaudet,
1187 2247 1297 2268 curam
1318 2237 1482 2279 negligat;
1506 2238 1568 2274 vel,
1583 2237 1660 2280 quia

908 2280 938 2310 ei
955 2290 1019 2310 non
1034 2279 1168 2321 contigit
1180 2279 1464 2323 Glyconiscorpus
1477 2281 1660 2312 robustissi-

909 2333 1008 2359 mum,
1034 2322 1074 2354 ab
1097 2333 1147 2359 eo,
1173 2333 1236 2364 quo
1257 2324 1431 2355 instructus
1453 2330 1512 2362 est,
1530 2334 1659 2366 corpore

908 2366 1034 2397 morbos
1050 2372 1190 2398 avertere
1206 2377 1269 2397 non
1285 2366 1412 2398 studeat
1422 2366 1456 2396 ν’

952 2410 1008 2440 28.
1028 2409 1125 2440 Oculo
1136 2411 1326 2441 contendere.
1359 2410 1548 2441 Contendere
1560 2410 1661 2451 (cruv-

911 2451 1053 2492 τείνειν)
1071 2453 1190 2493 aliquid
1208 2458 1268 2489 est,
1286 2453 1446 2484 contentis
1463 2453 1512 2484 vel
1532 2453 1662 2484 intentis

910 2495 1030 2526 viribus
1041 2494 1165 2536 aliquid
1175 2496 1300 2536 assequi
1312 2502 1344 2526 et
1355 2496 1502 2538 perficere
1512 2495 1638 2526 studere
1652 2507 1658 2525 t

911 2540 972 2569 iter
986 2539 1165 2568 contendere
1183 2538 1266 2579 apud
1290 2538 1360 2570 Cic.
1382 2549 1437 2580 pro
1459 2539 1560 2569 Rosc.
1582 2539 1660 2569 Aru.

914 2583 967 2616 34,
981 2581 1112 2612 intentis
1126 2580 1246 2611 viribus
1262 2580 1318 2611 iter
1335 2581 1437 2612 faeere
1451 2593 1459 2620 ;
1485 2582 1585 2611 labore
1604 2583 1664 2611 uli-

913 2626 987 2664 quid
1017 2625 1196 2668 contendere
1227 2624 1311 2666 apud
1340 2623 1410 2655 Cic.
1439 2624 1533 2655 Offic.
1558 2624 1603 2661 iii,
1630 2626 1663 2659 2.

917 2668 1031 2702 Quare,
1048 2674 1197 2707 quantum
1212 2669 1328 2698 conniti
1340 2669 1442 2698 animo
1455 2675 1549 2708 potes,
1565 2679 1663 2708 quun-

915 2717 980 2740 tum
1006 2710 1105 2740 labore
1129 2712 1306 2741 contendere
1330 2711 1665 2752 (assequi)—mntum

108 2790 114 2795 ⁴
150 2768 182 2789 ,.,ι
201 2787 205 2789 ,
221 2769 227 2779 2
252 2759 288 2790 -t,
299 2764 368 2796 jam
382 2758 546 2796 comparat
555 2763 588 2784 se
600 2763 672 2784 cum
688 2750 727 2782 iis
741 2751 870 2793 quibus,
905 2753 978 2795 fac,
999 2759 1035 2783 ut
1053 2752 1186 2794 efficias,-
1210 2754 1319 2794 itaque
1338 2754 1424 2784 oculo
1443 2755 1664 2784 contendere-

115 2802 163 2834 ’νζ
181 2795 380 2840 -cupiditate
393 2796 516 2839 aliquid
531 2794 730 2838 adipiscendi
741 2794 789 2826 vel
802 2804 872 2837 per·
916 2803 1065 2837 quantum
1079 2795 1150 2830 erit.
1168 2795 1300 2827 intentis
1321 2796 1424 2827 oculis
1445 2796 1574 2838 assequi
1597 2803 1667 2827 tan-

125 2843 134 2878 ]
227 2838 266 2876 ·i,
285 2839 484 2882 interjectum
507 2845 632 2882 tempus
650 2836 874 2879 longissimum
917 2845 997 2876 tum,
1009 2844 1166 2880 quantum
1187 2840 1336 2882 Lynceus
1351 2846 1514 2871 assecutus
1533 2850 1603 2871 esse
1619 2840 1667 2870 di-

81 2923 84 2925 >
135 2887 149 2906 ·:
179 2885 262 2917 'tun
304 2883 435 2924 Diesque
450 2884 562 2925 longa.-
581 2892 649 2924 pro,
668 2882 759 2919 longa
775 2881 874 2911 Bent-

238 2926 368 2959 :tuerere
393 2926 526 2957 Banhio
545 2925 578 2956 in
602 2924 739 2956 Advers.
756 2922 875 2959 xxxvii,

80 3001 81 3005 ,
146 2965 272 3010 fidon
287 2967 320 3000 in
337 2974 459 3001 textum
475 2979 545 2999 rece
569 2967 595 2999 it
614 2969 710 3002 lenta,
729 2972 764 2997 ut
778 2965 878 2997 varia-

122 3012 129 3026 *
141 3015 151 3043 .”
181 3009 327 3054 epithetis
343 3011 444 3054 major
460 3012 550 3043 conci
567 3011 683 3042 iaretur
698 3009 856 3051 elegantia
871 3021 876 3039 :

920 2882 1002 2914 citur
1018 2894 1024 2912 ε
1049 2892 1107 2912 vox
1124 2888 1246 2914 tantum
1261 2888 1335 2914 ante
1355 2892 1504 2924 quantum
1522 2893 1583 2914 non
1601 2893 1668 2914 raro

920 2925 1087 2957 omittitur.

966 2969 1020 3000 29.
1046 2968 1113 2999 Non
1129 2974 1226 2999 tamen
1238 2969 1372 3000 idcirco.-
1394 2975 1574 3000 nontamen
1587 2968 1671 3004 ideo,

925 3011 1002 3053 quia
1017 3011 1166 3053 Lynceus
1188 3017 1218 3042 te
1237 3010 1304 3042 visu
1323 3012 1417 3053 longe
1435 3011 1546 3048 vincit,
1562 3011 1671 3042 oculo·
