1904 3314
305 179 394 219 330

841 177 1275 222 SATIRARUM

422 274 620 316 Vulcano
642 270 847 317 summum
868 279 1128 332 properabat
1147 277 1333 320 lambere
1354 283 1525 320 tectum.

339 342 393 384 75
423 343 633 384 Convivas
653 343 800 384 avidos
821 358 985 385 coenam
1007 358 1235 399 servosque
1253 346 1448 386 timentes

420 409 536 450 Tum
555 423 719 462 rapere,
741 416 870 463 atque
891 425 1034 451 omnes
1054 411 1321 466 restinguere
1343 410 1448 452 velle
1470 410 1650 452 videres.

422 475 579 530 Incipit
599 490 654 516 ex
673 475 744 517 illo
764 483 927 517 montes
949 475 1110 531 Apulia
1130 484 1254 519 notos

421 542 653 583 Ostentare
673 542 790 591 mihi,
813 557 920 596 quos
941 550 1075 584 torret
1095 542 1327 593 Atabulus,
1348 550 1391 585 et
1411 558 1519 598 quos

418 607 653 660 Nunquam
673 621 932 660 erepsemus‚
956 609 1035 648 nisi
1055 624 1132 649 nos
1153 610 1289 650 vicina
1309 609 1471 652 Trivici

335 675 391 716 80
420 673 536 716 Villa
555 674 788 727 recepisset
807 673 1030 715 lacrimoso
1050 690 1134 716 non
1157 675 1246 715 sine
1268 675 1398 724 fumo,

419 741 543 782 Udos
563 754 658 780 cum
678 739 787 780 foliis
808 754 945 780 ramos
966 747 1116 780 urente
1137 741 1313 780 camino.

416 807 503 848 Hic
523 821 604 859 ego
625 806 869 846 mendacem
893 805 1166 846 stultissimus
1187 820 1323 859 usque
1344 806 1528 860 puellam

419 873 492 914 Ad
511 872 692 913 mediam
713 879 878 912 noctem
899 879 1127 926 exspecto:
1162 886 1332 912 somnus
1355 879 1494 914 tamen
1513 871 1652 914 aufert

417 939 635 980 Intentum
654 938 838 989 Veneri;
871 946 959 979 tum
981 938 1199 979 immundo
1221 939 1382 979 somnia
1402 939 1496 980 visu
1670 935 1671 940 ¹

332 1007 387 1048 85
417 1006 684 1047 Nocturnam
704 1012 867 1046 vestem
886 1005 1112 1054 maculant,
1134 1013 1407 1059 ventremque
1424 1006 1635 1060 supinum.

417 1073 618 1119 Quatuor
636 1071 736 1112 hine
756 1072 943 1126 rapimur
963 1073 1113 1126 viginti
1132 1079 1175 1113 et
1195 1072 1322 1113 millia
1342 1073 1503 1122 rhedis,

416 1138 615 1179 Mansuri
635 1137 855 1192 oppidulo,
878 1138 993 1192 quod
1015 1153 1141 1179 versu
1162 1139 1304 1180 dicere
1325 1153 1409 1180 non
1429 1145 1508 1189 est,

417 1205 558 1259 Signis
578 1204 780 1259 perfacile
801 1211 889 1246 est:
922 1205 1038 1246 venit
1059 1204 1258 1246 vilissima
1278 1219 1420 1256 rerum
1685 1229 1709 1252 0

415 1271 502 1312 Hic
523 1285 656 1324 aqua3
689 1272 764 1312 sed
787 1272 907 1326 panis
928 1272 1054 1326 longe
1075 1271 1397 1325 pulcherrimus,
1419 1271 1532 1313 ultra

325 1335 386 1380 90
416 1337 605 1378 Callidus
626 1345 672 1378 ut
693 1337 827 1379 soleat
847 1338 1035 1379 humeris
1057 1346 1227 1392 portare
1249 1339 1407 1388 viator;

415 1403 530 1444 Nam
551 1402 712 1444 Canusi
731 1403 968 1458 lapidosus,
990 1419 1112 1458 aquae
1133 1419 1218 1445 non
1239 1405 1367 1445 ditior
1388 1419 1508 1453 urna,

415 1471 504 1517 Qui
523 1470 641 1512 loeus
663 1486 688 1511 a
709 1471 810 1511 forti
831 1471 1041 1512 Diomede
1062 1479 1128 1512 est
1149 1472 1346 1512 conditus
1368 1471 1479 1512 olim.

415 1535 636 1577 Flentibus
657 1537 726 1578 hic
748 1537 906 1579 Varius
929 1538 1111 1578 discedit
1133 1544 1312 1578 moestus
1334 1537 1491 1578 amicis.

410 1603 524 1644 'Inde
546 1603 699 1644 Rubos
721 1603 823 1644 fessi
845 1604 1126 1658 pervenimus,
1149 1610 1300 1658 utpote
1320 1603 1493 1658 longum

302 1734 430 1767 tissimi:
456 1735 497 1766 cf.
510 1745 580 1776 sup.
597 1736 636 1766 ad
651 1736 715 1766 Sat.
733 1734 755 1770 i,
774 1736 803 1771 l,
822 1735 893 1764 114.
937 1735 1030 1764 Lam-

301 1781 379 1813 bere,
394 1787 448 1819 pro
463 1778 594 1817 vulgari,
607 1780 789 1818 contingere.

344 1821 397 1853 75.
414 1820 466 1850 76.
489 1821 609 1855 Avidos,
636 1829 680 1850 sc.
704 1818 830 1855 edendi,
858 1823 893 1849 ut
915 1828 1030 1860 praece-

300 1862 388 1892 dent.
420 1864 485 1891 Sat.
519 1863 590 1892 126.
637 1861 803 1898 Timente57·
839 1871 911 1891 nam
941 1860 1030 1895 servi,

301 1914 373 1935 cum
397 1903 482 1934 cibos
506 1903 586 1933 clam
610 1903 792 1944 surripiunt,
808 1902 919 1933 timent
940 1903 999 1932 sibi
1015 1913 1034 1933 a

300 1945 437 1977 domino.
483 1945 612 1984 Rapere,
629 1945 737 1986 raptim
751 1945 882 1975 auferre.
917 1945 1034 1975 Videres

302 1987 406 2028 (ἴδοις
419 1986 495 2026 ἄν),
509 1987 610 2017 videre
626 1987 759 2023 licebat;
784 1996 852 2022 nos,
868 1989 907 2017 da
928 1987 1034 2017 konnte

301 2041 371 2060 man
387 2030 491 2060 sehon
514 2028 571 2059 inf.
586 2030 652 2059 Sat.
668 2028 690 2064 i,
707 2030 738 2064 8,
754 2030 806 2065 34,
820 2035 967 2068 serpentes
987 2035 1033 2058 at·

301 2083 356 2112 que
364 2073 478 2102 videres
493 2070 635 2112 Infernas
646 2081 747 2100 errare
758 2082 790 2100 ca
796 2082 854 2106 nes
871 2073 901 2101 Ιιι
907 2081 1030 2110 namque

299 2116 472 2149 rubentem
505 2105 582 2143 ibid.
611 2123 642 2142 v.
672 2114 725 2147 50,
757 2113 882 2152 Saganae
915 2113 1028 2143 calien-

298 2158 388 2187 drum
404 2155 659 2186 Recidere—cum
681 2166 787 2195 magno
811 2157 930 2193 risuque
942 2156 1029 2192 joco-

300 2209 355 2239 que
378 2198 514 2233 viderem
540 2196 629 2237 Virg.
653 2196 721 2227 Ecl.
743 2207 786 2230 v1,
802 2197 855 2231 27,
874 2196 949 2226 Tam
964 2207 1029 2226 vero

299 2243 332 2271 in
355 2249 512 2270 numeram
546 2239 722 2278 Faunosque
745 2238 891 2279 ferasque
919 2240 1031 2268 videres

302 2282 433 2312 Ludere.
478 2282 687 2321 Restinguere,
705 2291 749 2311 sc.
762 2280 880 2320 ignem.

343 2324 481 2354 77—85.
513 2324 563 2353 Ex
598 2324 662 2359 illo,
694 2332 710 2353 e
740 2322 919 2353 Benevento
947 2321 1029 2352 inde.

302 2366 404 2401 Notos,
419 2363 533 2406 patrios
548 2363 667 2395 scilicet
684 2364 824 2395 Horatio.
862 2365 1027 2394 Atabulus.

300 2407 340 2439 de
365 2408 423 2438 hoc
445 2412 537 2437 vento
562 2406 633 2448 (qui
654 2417 737 2437 nunc
760 2406 875 2437 dicitur
899 2406 1031 2446 δῖνοι-σο)

304 2450 434 2480 laudant
454 2450 563 2479 Senec.
589 2451 711 2484 Quaest.
735 2449 811 2479 Nat.
831 2459 862 2483 v,
887 2449 938 2483 17,
953 2449 1030 2478 Ata-

300 2493 387 2523 butus
402 2492 544 2531 Apuliam
566 2491 701 2532 infestat,
727 2491 898 2520 Calabriam
923 2491 1029 2530 Iapyx,

300 2535 433 2565 Athenas
474 2533 590 2567 Sciron,
640 2533 847 2572 Pamphyliam
891 2533 1029 2572 Catoegis,

302 2577 437 2607 Galliam
455 2575 593 2606 Circius:
618 2575 657 2605 cf.
674 2574 755 2605 l’lin.
774 2575 813 2605 Η.
831 2575 874 2605 Ν.
891 2574 963 2610 xvii,
975 2576 1028 2611 36,

300 2619 331 2650 8.
375 2618 548 2657 Erepsemus
581 2618 664 2658 (pro,
694 2616 943 2657 erepsissemus),
982 2628 1028 2647 re-

299 2660 403 2702 pendo
418 2665 449 2691 et
471 2659 617 2690 enitendo
639 2659 912 2699 superavissemus.
960 2659 1027 2689 Tri-

298 2705 378 2733 vici:
396 2701 502 2733 Schol.
515 2702 603 2735 Aer„
615 2702 832 2741 oppidiinflne
847 2701 1027 2740 Campaniae,

296 2757 353 2785 quo
378 2745 513 2775 vehicula
536 2746 650 2783 juncta
685 2745 821 2773 accedere
855 2750 1024 2783 nequeant;

297 2798 369 2827 ergo
390 2786 535 2833 Horatius
557 2787 597 2816 ad
619 2786 721 2815 iillum
740 2786 874 2815 ditm-tit.
918 2787 1027 2816 Iami-

298 2840 385 2862 mom.
407 2838 426 2859 a
447 2827 476 2858 vi
499 2836 591 2868 quam
611 2827 716 2857 fumus
741 2826 773 2856 iu
794 2826 902 2857 oculos
921 2826 1026 2858 habet.

296 2871 409 2913 Aufert
424 2869 578 2901 Innatum
597 2869 718 2900 Veneri:
742 2868 878 2899 suaviter
898 2879 1025 2900 somnus

295 2921 365 2944 eum
382 2921 476 2955 quem
491 2916 635 2953 occupat,
649 2911 689 2942 ab
710 2910 748 2941 iis
770 2921 841 2952 quae
863 2910 933 2952 eJus
955 2911 1022 2942 ani-

1073 1744 1159 1764 mum
1184 1733 1311 1765 turbant
1334 1739 1366 1765 et
1389 1734 1542 1772 cruciant,
1563 1734 1698 1776 auferre,
1727 1735 1759 1767 h.
1773 1745 1803 1767 e.

1074 1786 1239 1811 removere,
1255 1777 1386 1812 solvere,
1403 1782 1434 1808 et
1449 1776 1579 1808 liberare
1593 1777 1718 1808 dicitur.

1117 1819 1254 1849 86-92.
1280 1819 1441 1859 Rapimur,
1460 1818 1567 1861 rapido
1588 1828 1682 1850 cursu
1697 1818 1804 1851 avehi:-

1075 1871 1156 1890 mur.
1180 1861 1431 1901 Oppidala,q1wd
1449 1872 1534 1892 versu
1555 1862 1655 1892 dicere
1675 1873 1732 1892 non
1749 1869 1803 1899 est,

1076 1903 1159 1943 quod
1175 1913 1237 1933 non
1253 1913 1341 1934 versu
1357 1903 1494 1951 quidem,
1512 1902 1588 1944 quia
1601 1902 1670 1944 ejus
1692 1913 1804 1935 nomen

1077 1955 1182 1975 versus
1206 1950 1336 1975 metrum
1362 1945 1490 1987 respuit,
1515 1945 1570 1976 sed
1594 1945 1688 1976 facile
1710 1947 1805 1986 signis

1077 1986 1211 2017 externis
1226 1987 1337 2026 (rebus
1353 1987 1425 2018 huic
1440 1986 1554 2034 oppido
1576 1987 1804 2036 peculiaribus)

1077 2028 1233 2069 designari
1249 2035 1360 2070 potest,
1375 2039 1465 2070 aquae
1479 2028 1599 2060 scilicet
1614 2029 1756 2077 penuria,
1772 2035 1805 2061 et
1863 2066 1866 2067 ⁷
1882 2050 1885 2054 ι

1073 2081 1171 2117 panis,
1194 2071 1247 2111 qui
1270 2071 1312 2102 ibi
1332 2072 1489 2112 coquitur,
1510 2071 1702 2112 praestantia.
1746 2072 1802 2102 Iu

1072 2112 1222 2152 telligitur
1235 2119 1338 2143 autem
1362 2113 1560 2154 Equotutium
1581 2113 1679 2155 (alias
1702 2113 1805 2154 Equus

1075 2154 1215 2188 Tuticus)
1230 2165 1313 2185 nune
1330 2156 1491 2186 Scotuocio.
1539 2155 1646 2186 Venit.-
1668 2164 1751 2196 nqua
1762 2157 1803 2187 ob

1072 2195 1140 2237 ejus
1163 2195 1206 2226 ibi
1235 2196 1388 2227 raritatem
1410 2207 1472 2227 non
1495 2195 1555 2227 nisi
1579 2197 1684 2228 oblato
1705 2197 1804 2239 pretio

1073 2238 1175 2273 datur,
1204 2238 1235 2268 h.
1267 2249 1295 2268 e.
1324 2238 1479 2269 venditur.
1537 2239 1639 2275 Ultra,
1674 2239 1805 2271 ulterius

1074 2279 1157 2310 inde.
1198 2281 1351 2312 Callidus.
1376 2280 1520 2321 providus
1544 2262 1652 2315 futuri,
1673 2288 1806 2319 portare,

1073 2331 1116 2352 sc.
1134 2322 1327 2358 Canusium3
1352 2322 1431 2352 ham
1447 2322 1562 2352 camasi
1581 2323 1742 2362 lapidosus,
1758 2334 1804 2355 sc.

1073 2364 1161 2436 panis
1186 2369 1232 2394 est
1259 2364 1415 2405 (fortasse,
1447 2363 1523 2404 quia
1552 2363 1748 2396 frumentum
1770 2366 1804 2397 in

1107 2416 1152 2436 cis
1174 2405 1323 2448 lapidosis
1338 2411 1369 2436 et
1390 2405 1527 2436 arenosis
1550 2416 1611 2437 non
1634 2407 1710 2438 satis
1731 2418 1807 2450 pur.

1075 2448 1139 2488 gari
1169 2453 1271 2489 potest
1300 2449 1339 2478 ab
1369 2447 1510 2478 immixta
1539 2447 1684 2489 glarea);
1721 2461 1803 2490 aqua:

1074 2502 1132 2520 mm
1165 2492 1258 2520 ditior
1286 2502 1377 2526 πιν,ιια
1407 2499 1483 2520 urna
1513 2500 1595 2526 vero,
1625 2500 1687 2539 qua
1720 2501 1804 2533 aqua

1075 2531 1226 2567 hauritur,
1257 2542 1318 2562 non
1353 2532 1480 2573 (ditior)
1519 2532 1639 2575 plenior
1675 2532 1719 2564 ibi
1755 2539 1804 2564 est

1074 2584 1175 2615 aquae,
1202 2574 1232 2604 h.
1254 2584 1282 2604 e.
1299 2574 1407 2605 eadem
1431 2575 1573 2610 Canusii,
1601 2585 1672 2616 quae
1695 2576 1802 2617 Equo

1074 2616 1155 2652 tutii,
1166 2627 1255 2657 aquae
1272 2622 1320 2647 est
1334 2616 1473 2658 penuria.
1520 2617 1682 2654 Quibwws,
1694 2618 1803 2649 Canu-

1073 2658 1175 2697 sium;
1203 2657 1256 2689 sed
1281 2665 1362 2689 recte
1387 2658 1426 2689 de
1451 2658 1545 2706 hujus
1569 2659 1671 2690 ultimi
1694 2669 1802 2691 versus

1073 2700 1250 2741 integritate
1273 2700 1395 2731 dubitat
1419 2699 1594 2736 Benueius,
1616 2707 1649 2732 et
1674 2701 1802 2742 quidem

1070 2753 1107 2774 ex
1124 2743 1249 2773 duabus
1265 2743 1418 2784 praecipue
1440 2742 1633 2780 rationibus;
1655 2744 1801 2785 primum,

1070 2784 1145 2825 quia
1169 2784 1308 2826 ineptum
1331 2790 1363 2816 et
1380 2783 1524 2826 putidum
1546 2784 1640 2816 fuerit
1661 2786 1803 2833 Geogra-

1071 2827 1201 2868 phorum
1233 2837 1317 2858 more
1350 2826 1539 2857 conditorem
1581 2826 1713 2858 Canusii
1748 2827 1799 2859 hic

1068 2878 1329 2900 commemorare·
1321 2892 1330 2908 ,
1389 2868 1500 2899 deinde
1543 2868 1628 2910 quod
1671 2869 1798 2905 locutio,

1067 2914 1191 2942 condere
1219 2912 1314 2942 Iocum
1341 2915 1493 2954 repugnet
1524 2910 1620 2952 plane
1650 2911 1798 2953 loquendi

1883 275 1904 704 ‚mu-...amnn—
1871 0 1904 266 m
