1904 3314
343 239 427 280 308

459 338 537 380 Ille
557 338 767 394 Tigellius
787 338 882 381 hoc.

877 236 1309 280 SATIRARUM

943 339 1102 389 Caesar,
1123 339 1198 392 qui
1218 351 1372 391 cogere
1394 343 1554 391 posset,

406 405 432 444 5
461 405 508 446 Si
528 412 696 459 peteret
714 419 791 460 per
810 405 1032 446 amicitiam
1052 405 1185 458 patris
1205 410 1334 457 atque
1356 418 1488 452 suam,
1510 417 1596 444 non

463 471 704 526 Quicquam
723 471 973 526 proficeret3
1005 470 1042 510 si
1061 469 1337 518 collibuisset,
1358 470 1412 510 ab
1433 483 1513 510 ovo

464 537 615 591 Usque
634 538 689 578 ad
709 536 988 578 malacitaret
1007 535 1056 577 Io
1077 535 1249 577 Bacche
1268 537 1278 576 ἱ
1309 535 1438 576 modo
1458 549 1621 575 summa

463 603 600 652 Voce,
621 603 748 644 modo
767 602 863 652 hac,
883 608 1055 643 resonat
1074 616 1171 655 quae
1191 600 1365 642 chordis
1386 607 1571 654 quatuor
1589 601 1686 641 ima.

464 669 542 710 Nil
561 669 724 723 aequale
743 669 905 710 homini
923 668 1004 709 fuit
1022 667 1097 708 illi.

1159 667 1284 721 Saepe
1304 666 1420 707 velut
1439 667 1514 720 qui

385 735 436 774 10
466 734 693 784 Currebat,
715 734 883 788 fugiens
903 733 1084 782 hostem,
1105 746 1301 787 persaepe
1322 732 1438 773 velut
1459 732 1534 787 qui

466 800 497 841 J
500 801 648 842 unonis
670 815 789 842 sacra
809 800 940 841 ferret
957 815 965 841 ε
996 799 1186 840 habebat
1207 813 1321 852 saepe
1342 798 1565 847 ducentos,

467 867 594 921 Saepe
615 868 763 909 decem
784 881 927 908 servos
944 883 954 916 3
984 866 1112 907 modo
1132 879 1258 919 reges
1279 872 1408 919 atque
1428 864 1680 914 tetrarchas,

471 933 628 974 Omnia
646 949 798 987 magna
818 933 1021 986 loquens;
1053 932 1192 981 modo,
1216 931 1281 971 Sit
1301 931 1404 972 mihi
1424 946 1566 972 mensa
1584 932 1717 986 tripes
1737 938 1781 971 et

470 999 646 1040 Concha
666 1000 763 1040 salis
783 1000 894 1054 puri,
915 1005 958 1040 et
979 1005 1093 1052 toga,
1116 1011 1212 1050 quae
1231 996 1462 1038 defendere
1483 997 1634 1051 frigus,

387 1064 438 1105 15
469 1065 673 1112 Quamvis
695 1080 851 1114 crassa,
873 1071 1014 1118 queat.

593 1206 760 1237 SATIRA
785 1207 849 1237 ΙΙΙ.

399 1247 579 1278 Amicorum
599 1248 674 1279 vitia
695 1247 804 1279 leniter
826 1247 963 1281 ferenda,
986 1255 1090 1286 neque.

358 1288 473 1325 omnia,
490 1289 522 1319 in
537 1289 652 1330 quibus
666 1294 797 1331 peccant
811 1290 916 1324 amici,
933 1287 971 1318 ad
987 1288 1089 1319 vivum

356 1331 526 1361 resecanda
540 1341 616 1363 esse.

404 1373 432 1402 1.
456 1372 646 1408 cantoribus,
658 1372 696 1403 de
712 1371 840 1402 musicis
855 1371 887 1401 in
901 1371 1091 1406 universum,

358 1412 424 1444 sive
442 1413 555 1444 fidibus
577 1413 641 1446 sive
656 1423 731 1446 voce
754 1413 962 1444 canentibus:
986 1412 1028 1443 cf.
1052 1413 1090 1442 ad

361 1455 429 1486 Sat.
443 1455 465 1491 i,
480 1457 512 1490 2,
529 1455 561 1486 3.

405 1497 437 1526 4.
459 1496 477 1526 I
479 1497 528 1532 lle,
543 1506 597 1537 per
611 1496 785 1538 emphasin,
802 1501 836 1526 ut
850 1501 932 1527 recte
950 1496 1093 1526 observat

363 1537 469 1568 Schol.
485 1538 603 1579 Cruq.;
626 1548 697 1568 nam
716 1539 763 1568 M.
778 1538 975 1578 Hermogenes
990 1537 1090 1576 Tigel-

362 1579 420 1610 lius
435 1589 505 1610 vere
520 1584 585 1610 tum
602 1579 716 1610 nobilis
732 1579 792 1610 fuit
806 1584 866 1609 tam
885 1584 948 1610 arte
962 1579 1090 1615 musica,

362 1630 455 1661 quam
469 1620 566 1661 gratia
579 1626 611 1651 et
625 1621 763 1652 amicitia
775 1621 852 1651 adeo
867 1630 883 1650 a
907 1621 950 1650 ud
964 1621 1092 1659 Augus-

362 1667 441 1698 tum,
458 1667 488 1693 et
502 1662 687 1693 liberalitate
706 1663 790 1704 apud
805 1672 887 1703 popu
903 1672 973 1692 um:
998 1661 1038 1692 cf.
1054 1661 1093 1692 ad

363 1704 428 1734 Sat.
455 1702 478 1739 i,
505 1705 537 1740 2,
566 1705 597 1734 3.
643 1705 717 1740 Hoc,
743 1715 791 1735 sc.
817 1703 938 1734 vitium.
984 1703 1092 1739 Ca'sar,

364 1745 569 1781 Octavianus,
584 1746 639 1786 qui
661 1747 700 1777 ab
724 1745 854 1777 Horatio
871 1745 903 1775 in
926 1745 964 1775 iis
986 1746 1095 1775 carmi-

361 1786 465 1824 nibus,
483 1798 554 1828 quae
579 1787 704 1829 scripsit
721 1793 886 1828 antequam
905 1786 958 1818 ille
982 1797 1095 1818 nomen

363 1827 502 1868 Augusti
530 1835 718 1860 assumserat
746 1831 808 1866 (U.
831 1830 871 1860 C.
899 1829 1095 1868 nccxxvu),

364 1869 546 1910 simpliciter
561 1872 659 1901 Coesar
675 1871 860 1912 appellatur.

406 1913 438 1947 5,
461 1913 494 1942 6.
538 1913 570 1942 Si
594 1919 716 1951 peteret,
742 1923 809 1953 pro,
837 1912 980 1953 petebat3
1002 1913 1094 1952 profl-

364 1959 442 1982 ceret
455 1963 521 1994 pro,
538 1953 714 1994 proficiebat
730 1953 774 1993 (εἰ
791 1953 965 1991 αι’τὴσατο,
979 1955 1036 1985 οὐκ
1051 1956 1096 1986 ἂν

364 1993 500 2034 τύχοι)ε
525 1994 602 2025 ratio
628 1995 841 2035 grammatica,
864 2005 902 2026 ex
928 2005 990 2035 qua
1017 2006 1095 2027 nou-

366 2045 524 2076 nunquam
536 2036 621 2077 apud
636 2037 768 2078 optimos
777 2047 919 2077 quosque
934 2037 1095 2078 scriptores

364 2077 585 2117 conjunctivus
611 2089 664 2125 pro
691 2078 860 2109 indicativo
884 2078 1018 2119 ponitur,
1044 2080 1096 2109 vix

366 2120 529 2166 perspicue
564 2125 638 2150 satis
675 2120 777 2151 doceri
813 2126 923 2161 potest.
982 2121 1095 2156 Patris,

366 2159 446 2191 Ju1i1
469 2160 613 2196 Caesaris,
637 2161 728 2202 cujus
750 2161 916 2202 adoptatus
938 2161 1018 2191 filius
1039 2162 1097 2192 fuit

365 2202 572 2232 Octavianus.

409 2244 505 2275 6—8.
525 2245 570 2274 Ab
579 2254 629 2273 ovo
642 2243 738 2284 Usque
746 2246 785 2274 ad
795 2245 885 2279 mala,
896 2243 936 2273 ab
945 2243 1032 2275 initio
1042 2255 1094 2275 us-

369 2295 432 2326 que
442 2286 481 2316 ad
492 2286 582 2316 finem
596 2297 604 2323 3
620 2285 805 2316 translatum
817 2295 835 2315 a
844 2285 918 2315 satis
930 2290 1002 2316 noto
1014 2297 1097 2318 more

366 2327 591 2362 Romanorum,
609 2327 692 2368 apud
708 2337 786 2368 quos
806 2327 839 2357 in
853 2327 1002 2368 principio
1021 2337 1096 2358 con-

366 2368 517 2400 viviorum
538 2381 604 2403 oua,
620 2368 653 2398 in
674 2369 734 2399 fine
754 2370 831 2399 mala
850 2378 890 2409 ap
913 2369 1095 2400 oriebantur.

368 2410 430 2440 Pro
442 2413 548 2441 citaret
561 2410 661 2451 placet
672 2410 807 2450 quidem,
820 2379 911 2451 quod²
917 2421 954 2441 ex
969 2411 1095 2451 conjec-

369 2457 439 2482 tura
461 2452 546 2483 dedit
561 2452 732 2488 Bentleius,
746 2454 870 2483 iteraret
884 2464 893 2488 ;
918 2453 972 2482 sed
990 2455 1096 2488 citare,

367 2493 393 2524 si
414 2494 479 2534 jam
504 2499 550 2525 est
570 2494 846 2535 (frequentativum
870 2503 887 2523 a
912 2494 1019 2533 ciem)
1039 2495 1095 2526 fre·

366 2540 498 2575 quenter
518 2535 609 2574 ciere,
631 2541 661 2566 ct
682 2536 809 2576 proinde
830 2542 969 2574 repetere,
989 2536 1095 2567 eodem

366 2576 457 2608 redit.
509 2578 664 2609 Gesnerus
692 2578 724 2607 in
755 2578 835 2608 hanc
866 2587 927 2608 rem
959 2578 1098 2609 laudavit

367 2619 469 2649 locum
505 2619 663 2651 Ciceronis
694 2620 783 2650 Orat.
819 2619 840 2653 i,
873 2620 926 2654 59,
956 2619 1011 2650 vubi
1039 2625 1097 2657 est,

366 2671 495 2700 paeanem
508 2664 614 2692 citare.
658 2660 803 2692 Similiter
824 2661 884 2691 fere
898 2661 1010 2691 dicitur
1030 2673 1096 2693 car-

366 2713 433 2734 men
451 2714 573 2738 movere,
590 2704 617 2734 V
622 2703 678 2742 irg.
698 2704 776 2733 AEn.
801 2714 831 2738 x,
851 2703 921 2739 163,
936 2710 1098 2743 cantusque

1076 1063 1235 1105 Decies
1257 1069 1436 1104 centena
1457 1062 1651 1104 dedisses

1132 1213 1198 1240 nos,
1221 1209 1284 1235 tota
1311 1203 1450 1236 carmina
1472 1203 1574 1235 verbis
1595 1202 1700 1245 primis
1724 1202 1862 1235 indicare

1131 1251 1162 1276 et
1194 1246 1320 1277 laudare
1348 1247 1502 1278 solebant.
1552 1244 1605 1276 Sic
1637 1245 1798 1286 Virgilius,
1828 1245 1861 1276 in

1133 1287 1204 1318 Ecl.
1239 1298 1269 1324 v,
1309 1288 1362 1323 86,
1403 1287 1554 1328 Eclogam
1597 1287 1767 1318 secundam
1810 1297 1863 1328 per

1133 1329 1232 1369 prima
1245 1329 1312 1369 ejus
1329 1329 1434 1364 verba.
1450 1329 1603 1359 Formosus
1620 1329 1759 1369 Corydon
1773 1331 1861 1359 arde-

1134 1371 1183 1400 bat
1198 1371 1317 1406 Alexin,
1338 1375 1369 1402 et
1388 1370 1510 1401 tertiam
1533 1379 1597 1412 per,
1621 1370 1731 1410 Cty'um
1751 1372 1865 1410 pecus?

1134 1423 1174 1442 an
1192 1413 1344 1443 Meliboei?
1365 1412 1518 1452 designat.
1559 1412 1599 1442 In
1615 1411 1731 1444 Bacche
1749 1412 1866 1443 vocalis

1133 1453 1234 1484 brevis
1247 1464 1261 1483 e
1275 1458 1397 1495 propter
1412 1453 1494 1484 arsin
1509 1453 1657 1495 producta
1671 1458 1731 1486 est.
1773 1454 1863 1485 Modo

1134 1505 1246 1525 summa
1266 1506 1342 1531 voce,
1362 1495 1550 1530 acutissima,
1566 1505 1633 1531 nos,
1647 1497 1680 1526 in
1695 1497 1750 1526 der
1766 1496 1864 1532 Htihe,

1135 1539 1174 1566 im
1188 1538 1316 1567 Discunt
1328 1549 1336 1565 :
1352 1539 1434 1567 modo
1444 1538 1511 1572 hac,
1523 1545 1567 1567 se.
1578 1546 1664 1572 voce,
1676 1547 1739 1578 quoe
1749 1545 1865 1568 resonat

1135 1577 1215 1618 (est)
1233 1577 1265 1608 in
1285 1584 1413 1618 quatuor
1435 1579 1551 1609 chordis
1569 1578 1621 1620 (in
1640 1579 1865 1619 Tetrachordo)

1135 1621 1207 1691 1‘lr3nn,
1235 1621 1429 1661 gravissima.-
1459 1629 1526 1656 nos,
1555 1622 1589 1651 in
1617 1621 1670 1651 der
1701 1621 1796 1663 Tiefe,
1823 1624 1865 1652 im

1167 1672 1223 1691 ass.

1179 1704 1199 1733 9
1220 1713 1289 1744 sqq.
1332 1703 1411 1742 Sa’pe
1439 1704 1521 1734 velut
1549 1704 1622 1744 qui:
1648 1704 1766 1746 junge:
1794 1714 1866 1744 sae-pe

1136 1747 1286 1782 currebat,
1302 1747 1385 1776 velut
1398 1746 1450 1785 qui
1465 1746 1570 1776 hostem
1575 1744 1718 1786 fugiens,
1733 1755 1778 1776 sc.
1794 1755 1866 1776 cur-

1138 1793 1228 1818 reret.
1273 1787 1293 1818 J
1297 1797 1346 1817 am
1368 1792 1459 1828 poeta
1478 1797 1498 1818 a
1510 1786 1598 1824 vitio,
1613 1787 1698 1829 quod
1717 1787 1867 1828 Tigellius

1138 1838 1302 1860 commune
1327 1828 1464 1860 habebat
1487 1839 1559 1860 cum
1581 1829 1718 1866 musicis,
1742 1828 1782 1860 ad
1805 1829 1887 1860 alia,

1138 1871 1226 1905 vitia,
1253 1870 1434 1901 nominatim
1465 1870 1506 1901 ad
1533 1870 1716 1903 mutabilem
1741 1870 1870 1912 Tigellii

1139 1912 1276 1942 animum
1291 1918 1323 1944 et
1339 1912 1378 1943 ad
1391 1912 1460 1954 ejus
1480 1912 1731 1948 inconstantiam,
1746 1912 1867 1949 transit,

1139 1963 1175 1984 eo
1198 1954 1324 1995 quidem
1349 1954 1491 1992 consilio,
1512 1959 1549 1985 ut
1572 1954 1616 1986 sie
1638 1954 1719 1986 viam
1743 1954 1802 1985 sibi
1828 1953 1868 1985 ad

1139 2001 1341 2044 praeceptum,
1363 1999 1382 2013 ‘¹
1394 1996 1563 2027 amicorum
1580 1995 1666 2030 vitia,
1685 2006 1758 2027 cum
1778 2005 1870 2028 nemo

1138 2037 1206 2068 sine
1220 2038 1304 2068 vrtiis
1325 2043 1482 2073 nascatur,
1503 2047 1594 2079 aequo
1617 2037 1720 2069 animo
1742 2037 1870 2069 ferenda

1138 2079 1239 2115 esse,'’
1254 2079 1386 2110 muniat.
1432 2079 1483 2110 Ad
1504 2090 1628 2120 persaepe
1648 2089 1710 2111 non
1731 2081 1871 2110 currebat

1138 2121 1353 2161 repetendum,
1377 2120 1432 2152 sed
1459 2121 1532 2152 inde
1560 2121 1759 2156 eliciendum,
1785 2121 1870 2152 lento

1139 2163 1236 2202 gradu
1259 2162 1434 2198 incedebat,
1456 2162 1547 2204 quasi
1568 2167 1647 2194 esset
1667 2163 1868 2204 κανηφόρος,

1139 2213 1209 2243 quae
1245 2213 1334 2234 sacra
1362 2204 1382 2235 J
1389 2205 1499 2235 unonis
1526 2204 1694 2246 incapite
1726 2209 1870 2246 gestaret.

1140 2244 1267 2276 Scilicet
1286 2245 1319 2275 in
1341 2245 1460 2286 pompis
1481 2245 1680 2284 solemnibus,
1698 2246 1818 2288 quales,
1833 2251 1871 2277 ut

1139 2295 1178 2317 ex
1199 2287 1257 2316 hoc
1280 2286 1349 2317 loco
1371 2292 1510 2328 apparet,
1530 2287 1563 2317 in
1585 2287 1606 2319 J
1611 2288 1722 2318 imonis
1742 2298 1870 2330 quoque
1896 2288 1898 2290 ’

1140 2326 1285 2359 honorem
1313 2328 1563 2364 instituebantur,
1590 2328 1722 2370 virgines
1746 2333 1868 2370 (κανη-

1139 2368 1375 2442 Ξὲρὲἶζῖῗξῖἒῐί
1387 2370 1870 2452 ῗίἑῗᾱέἰῖῖὲξ“ῐῗῖῗο’ὶῖ’ἒὲξὲ

1139 2423 1257 2493 Ροηοξε
1270 2453 1412 2484 solebant
1426 2453 1459 2483 in
1476 2453 1596 2494 capite:
1620 2422 1685 2485 vffl.
1701 2455 1870 2496 Spanhem.

1140 2494 1179 2524 ad
1195 2494 1382 2526 Callimach.
1407 2495 1449 2526 ΙΙ.
1471 2494 1504 2526 in
1526 2495 1600 2526 Cer.
1620 2506 1650 2526 v.
1669 2497 1740 2527 127.
1783 2497 1869 2528 Hinc

1140 2535 1196 2566 ins.
1223 2538 1287 2567 Sat.
1315 2537 1347 2573 ii,
1370 2539 1402 2573 8,
1427 2537 1478 2572 13,
1499 2543 1535 2567 ut
1558 2538 1660 2568 Attica
1681 2541 1767 2580 virgo
1793 2539 1876 2569 Cum.

1138 2580 1230 2609 sacris
1259 2579 1384 2609 Cereris.
1427 2579 1513 2609 Bene
1541 2578 1575 2609 in
1603 2579 1685 2610 hane
1714 2590 1777 2611 rem
1803 2579 1869 2621 jam

1141 2620 1311 2650 Lambinus
1332 2620 1520 2661 comparavit
1532 2619 1636 2651 locum
1654 2620 1814 2652 Ciceronis
1829 2622 1869 2653 de

1141 2662 1234 2693 Offic.
1247 2661 1269 2697 i,
1283 2663 1335 2696 36.
1345 2663 1585 2692 cavendum—ne
1597 2664 1790 2694 tarditatibus
1799 2669 1868 2694 uta·

1139 2715 1207 2733 mur
1227 2706 1260 2734 in
1278 2706 1412 2743 ingressu
1428 2705 1623 2740 mollioribus,
1642 2711 1678 2736 nt
1695 2715 1869 2745 pomparum

367 2751 475 2774 movete
484 2756 494 2781 ;
520 2745 612 2776 Ovid.
640 2745 719 2775 Met.
745 2744 806 2781 xiV,
827 2746 882 2779 21,
907 2755 1025 2775 carmen
1047 2757 1097 2776 ore
1129 2746 1264 2785 ferculis
1278 2748 1384 2776 similes
1397 2755 1455 2776 esse
1467 2747 1634 2778 videamur.

368 2797 446 2817 move
461 2798 554 2817 sacro.
599 2787 632 2816 In
650 2786 784 2816 Bacche!
805 2785 904 2827 prima
918 2788 1011 2817 verba
1026 2798 1094 2818 car-

368 2828 460 2858 minis
484 2828 563 2859 inter
591 2827 780 2858 coenandum
804 2830 857 2866 (ut
878 2838 914 2858 ex
938 2828 1038 2858 verbis
1059 2831 1094 2859 ab

365 2880 416 2900 ουο
445 2880 535 2910 usque
566 2872 605 2899 ml
636 2871 715 2899 mala
749 2868 896 2908 colligas)
928 2870 1096 2902 decantati.

365 2912 436 2942 Jam
457 2921 495 2942 ex
517 2911 623 2951 primis
638 2911 738 2942 verbis
760 2917 867 2940 notum
890 2903 947 2941 ho‘c
969 2922 1092 2943 carmen

364 2958 430 2984 tum
453 2952 511 2985 fuit
532 2953 684 2984 omnibus.
731 2954 856 2985 Veteres
879 2959 993 2990 autem,
1013 2954 1094 2985 sicut

1186 2789 1232 2818 12.
1263 2787 1450 2818 Tem-archas.
1482 2787 1643 2818 Tetrarcha
1658 2787 1878 2828 regiaedigniae

1139 2829 1210 2859 tatis
1221 2834 1252 2860 et
1266 2829 1424 2870 potestatis
1438 2833 1514 2864 erat,
1527 2839 1716 2872 quamquam
1732 2829 1777 2860 illi
1790 2830 1868 2870 regis

1139 2871 1261 2902 nomine
1276 2870 1322 2901 uti
1336 2870 1418 2902 haud
1433 2870 1558 2902 licebat.

1184 2914 1232 2943 13.
1255 2913 1397 2952 Loquens,
1406 2922 1477 2943 cum
1487 2911 1641 2952 jactantia
1653 2913 1684 2943 in
1697 2923 1749 2944 ore
1758 2921 1868 2954 gerens

1138 2964 1349 2996 crepansque5
1373 2955 1416 2984 sic
1435 2954 1549 2994 passim
1568 2955 1646 2995 loqui
1663 2954 1702 2986 de
1715 2954 1866 2995 magnilo-
