1884 3288
337 211 418 260 134

853 224 1254 267 CARMINUM

673 325 843 366 Devota
862 341 946 366 non
967 326 1171 367 exstinxit
1192 326 1336 373 arbor,

730 391 826 433 Nec
849 391 992 433 Sicula
1012 391 1239 433 Palinurus
1259 391 1387 432 unda.

612 457 844 512 Utcunque
864 473 1027 499 mecum
1046 473 1121 499 vos
1141 459 1274 507 eritis,
1293 457 1430 499 libens

526 524 583 564 30
612 524 895 566 Insanientem
916 527 1057 566 navita
1078 525 1321 578 Bosporum

668 591 882 641 Tentabo,
905 599 947 632 et
969 599 1136 632 arentes
1159 605 1308 631 arenas

724 658 883 699 Litoris
906 658 1074 711 Assyrii
1096 658 1244 698 viator.

610 723 758 764 Visam
782 725 1011 767 Britannos
1034 724 1275 778 hospitibus
1297 723 1425 773 feros,

609 790 668 830 Et
688 791 831 831 laetum
849 792 1006 844 equino
1029 791 1233 844 sanguine
1257 790 1530 839 Concanum3

523 855 579 896 35

666 856 814 897 Visam
836 856 1104 910 pharetratos
1127 855 1319 897 Gelonos

722 922 782 962 Et
803 922 1050 975 Scythicum
1070 923 1295 963 inviolatus
1316 937 1493 963 amnem.

610 987 702 1027 Vos
725 988 939 1029 Caesarem
959 989 1103 1038 altum,
1123 988 1270 1029 militia
1291 988 1414 1028 simul

608 1053 763 1094 Fessas
785 1044 987 1096 cohortes·
1005 1056 1171 1096 abdidit
1191 1055 1378 1109 oppidis,

664 1121 699 1161 F
702 1122 807 1161 inire
829 1129 1092 1175 quaerentem
1110 1121 1296 1171 labores,

520 1188 576 1228 40

719 1187 861 1228 Pierio
882 1189 1084 1229 recreatis
1107 1196 1230 1229 antro
1247 1205 1256 1229 :

606 1254 699 1295 Vos
721 1254 816 1296 lene
837 1254 1058 1296 consilium
1080 1262 1123 1296 et
1143 1255 1268 1304 datis,
1291 1262 1334 1296 et
1355 1255 1456 1296 dato

604 1321 832 1372 Gaudetis,
856 1322 989 1363 almae.

320 1468 392 1500 stat,
409 1463 586 1505 frequenter
600 1462 783 1494 commorari
799 1463 950 1494 solebant.
983 1464 1048 1494 Ves-

322 1507 377 1536 tris
390 1506 666 1549 amicumfonthus
682 1512 710 1536 et
723 1508 829 1540 choris,
846 1517 899 1547 pro
921 1506 1051 1546 vulgari,

320 1558 370 1579 me
389 1555 532 1590 poetam;
557 1554 591 1579 ut
613 1559 682 1589 sup.
707 1548 727 1585 i,
743 1550 795 1585 26,
814 1550 842 1584 1,
860 1549 956 1578 Musis
975 1551 1050 1578 ami-

320 1601 382 1627 cus,
394 1596 466 1621 cett.
501 1591 648 1629 Philippis
660 1602 742 1620 versa
755 1593 830 1620 acies
843 1598 933 1627 retro,
945 1590 1052 1620 clades

319 1631 374 1662 illa
390 1632 450 1663 fusi
466 1632 505 1663 ad
524 1632 685 1673 Philippos
702 1631 877 1668 exercitus3
900 1638 1051 1662 servatam

321 1680 425 1704 autem
441 1675 473 1704 in
495 1684 599 1716 pugna
621 1674 675 1704 illa
695 1674 819 1704 funesta
838 1673 942 1711 vitam,
958 1684 1051 1715 quam

319 1725 390 1757 sup.
415 1716 448 1751 ii,
473 1717 502 1754 7,
530 1717 564 1746 13
589 1716 739 1746 Mercurii
759 1715 869 1746 tribuit
890 1715 1051 1753 custodiae,

315 1757 381 1798 jam
393 1768 497 1789 causae
511 1769 574 1789 suae
587 1758 756 1789 inserviens
773 1759 935 1788 Musarum
946 1758 1052 1789 tutelae

319 1810 352 1830 se
363 1800 475 1832 debere
492 1801 548 1831 ait.
580 1801 706 1834 Devota,
719 1800 928 1837 exsecrabilis,
939 1802 1054 1842 nefasto

320 1842 442 1873 scilicet
461 1845 509 1874 die
529 1844 581 1884 (ut
601 1853 669 1884 sup.
691 1842 722 1879 ii,
746 1843 796 1878 13,
822 1843 902 1873 1-3
922 1842 1052 1882 dicitur)

317 1887 415 1923 posita
435 1892 462 1915 et
483 1886 629 1924 sacrilega
652 1896 741 1915 manu
763 1887 919 1922 producta.
966 1885 1051 1915 Paci-

320 1937 428 1963 mwus,
447 1933 626 1969 tempestas,
642 1937 704 1968 qua
724 1926 797 1956 olim
819 1927 857 1956 ad
875 1934 1050 1968 promonto-

317 1967 397 1999 rium
416 1969 601 2000 Palinurum
617 1978 782 2010 oppressus
797 1974 829 1998 et
841 1969 878 1998 ad
895 1979 1050 1999 summum

319 2010 390 2042 vitae
413 2011 577 2042 discrimen
605 2011 758 2041 adductus
785 2011 839 2040 sui.
884 2012 1052 2042 Palinurus

320 2058 426 2083 notum
444 2054 476 2083 in
492 2064 545 2084 ora
563 2053 711 2083 Lucaniae
730 2062 824 2094 prope
843 2053 965 2084 Veliam
981 2063 1050 2094 pro-

319 2095 517 2130 montorium,
534 2095 704 2135 naufragiis
725 2094 877 2136 inprimis,
895 2105 966 2135 quse
982 2105 1048 2125 cre-

319 2137 374 2167 bro
392 2136 434 2167 ibi
450 2138 489 2168 ad
506 2138 637 2169 latentes
652 2138 798 2178 scopulos
817 2137 881 2167 fieri
896 2137 1048 2175 solebant,

317 2178 445 2216 infame,
462 2180 500 2210 ab
523 2181 635 2211 AEneae
650 2180 864 2220 gubernatore,
888 2180 1048 2214 Palinuro,

317 2219 361 2252 ita
384 2221 520 2252 dictum:
549 2222 638 2263 Virg.
664 2223 741 2252 AEn.
763 2221 804 2256 vi,
831 2222 903 2251 381.
947 2222 1050 2252 Sicula

318 2265 402 2293 unda
431 2264 539 2295 latiore
562 2275 654 2295 sensu
682 2274 746 2304 pro,
780 2263 854 2293 mari
879 2263 1050 2304 Tyrrheno,

317 2305 411 2346 cujus
439 2317 510 2348 pars
538 2314 619 2337 certe
650 2304 788 2336 Siciliam
815 2305 1050 2346 praeterlabitur.

318 2348 463 2378 Ceterum
481 2349 574 2390 hujus
593 2347 734 2390 periculi,
750 2347 798 2377 cui
816 2353 908 2388 poeta
923 2348 955 2377 in
972 2347 1049 2378 mari

315 2390 474 2431 expositus
490 2391 592 2426 fuerit,
609 2391 696 2421 nulla
711 2389 786 2420 alibi
800 2390 832 2420 fit
849 2389 975 2420 mentio.

357 2433 496 2464 29—32.
520 2434 558 2463 In
573 2439 673 2463 vestro
688 2432 837 2463 comitatu
852 2431 1048 2473 periculosis-

316 2473 395 2504 sima
417 2485 551 2516 quaeque
575 2475 642 2506 loca
665 2481 725 2505 tam
750 2474 826 2504 mari
849 2484 942 2514 quam
969 2480 1047 2505 terra

316 2527 424 2547 securo
446 2517 550 2548 animo
576 2517 678 2553 adibo,
706 2527 762 2547 nec
790 2515 885 2547 ullius
908 2517 1047 2547 barbarae

316 2559 417 2598 gentis
433 2559 581 2589 saevitiam
598 2559 724 2590 timebo.
758 2558 928 2598 Utcunque,
946 2569 1045 2599 quan-

314 2601 491 2643 docunque,
504 2601 577 2632 dum
591 2614 599 2639 ;
616 2601 872 2637 i11sm1ientem‚0b
887 2606 1046 2631 ventorum

316 2642 461 2679 furorem,
493 2654 555 2685 quo
591 2654 674 2674 mare
706 2642 748 2673 ibi
779 2643 928 2674 concitari
959 2643 1048 2674 solet.

316 2685 477 2726 Bosporum
491 2699 498 2715 :
523 2686 560 2716 de
579 2687 717 2728 Bosporo
734 2685 880 2721 Thracio,
896 2685 1046 2725 navigan-

314 2726 397 2759 tibus
420 2728 631 2764 infestissimm
651 2727 691 2758 cf.
715 2738 782 2768 sup.
806 2728 845 2757 ad
867 2726 899 2762 ii,
927 2729 974 2763 13,
997 2729 1047 2759 15.

316 2771 457 2808 Temabo,
481 2771 639 2812 eleganter
664 2780 729 2812 pro,
754 2770 899 2799 audacter
929 2769 1044 2808 adibo3

312 2819 441 2850 tentare,
460 2813 542 2843 enirn
566 2813 723 2854 eleganter
743 2811 901 2846 dicuntur,
921 2811 974 2852 qui
997 2822 1045 2842 res

313 2855 502 2898 periculosas
513 2866 583 2886 cum
598 2854 730 2885 audacia
743 2861 774 2884 et
785 2853 894 2884 fiducia
909 2853 1045 2894 quadam

311 2898 497 2940 suscipiunt.
539 2899 665 2929 Arentes
689 2906 807 2933 arenas,
830 2905 959 2926 arenosa
987 2895 1042 2927 de-

309 2946 401 2972 serta.
445 2941 559 2971 Litoris
574 2941 692 2981 Assyrii
707 2940 815 2974 viator,
828 2938 859 2968 h.
873 2948 901 2968 e.
917 2937 974 2968 iter
990 2948 1041 2980 pe-

310 2981 410 3016 destre
436 2982 556 3015 faciens
585 2992 638 3024 per
667 2990 829 3014 arenarum
860 2990 984 3012 acervos
1011 2980 1042 3012 in

1052 1322 1217 1362 Scimus
1239 1330 1286 1362 ut
1308 1323 1460 1376 impios

1096 1463 1186 1504 Syria
1201 1474 1208 1500 3
1234 1465 1306 1494 litus
1320 1463 1401 1493 enirn
1415 1464 1494 1504 jam,
1510 1468 1546 1493 ut
1560 1463 1745 1494 Graecorum
1762 1462 1829 1499 θίν,

1094 1505 1133 1536 de
1149 1515 1310 1536 arenarum
1324 1505 1470 1541 cumulis,
1487 1504 1552 1536 sive
1565 1509 1749 1535 coacervata
1763 1514 1830 1536 are-

1095 1558 1144 1577 nae
1173 1547 1285 1589 copia:
1316 1547 1378 1577 vid.
1408 1547 1542 1587 Boettig.
1569 1550 1601 1577 et
1628 1545 1761 1577 Mitsch.
1789 1546 1830 1578 ad

1097 1589 1126 1619 h.
1141 1589 1161 1619 l.
1174 1591 1292 1630 Assyrii
1306 1600 1370 1630 pro,
1385 1588 1476 1630 Syrii.
1490 1594 1526 1619 ut
1537 1599 1631 1630 saepe.
1662 1587 1831 1629 Designari

1096 1637 1197 1661 autern
1222 1642 1240 1661 a
1269 1636 1355 1672 poeta
1383 1636 1494 1672 putant
1519 1631 1614 1672 Syriae
1641 1631 1828 1672 Palmyrenae

1095 1675 1282 1708 solitudines,
1297 1673 1336 1704 de
1352 1673 1465 1714 quibus
1478 1673 1542 1703 vid.
1561 1672 1646 1704 Plin.
1661 1683 1691 1708 v,
1707 1674 1760 1709 24,
1776 1675 1829 1705 25.

1138 1717 1274 1746 33—36.
1289 1716 1450 1746 Britannos
1461 1714 1726 1756 hospitibusferos;
1744 1724 1827 1754 nam,

1097 1757 1122 1788 si
1137 1768 1242 1787 verum
1257 1763 1315 1793 est,
1329 1757 1412 1799 quod
1430 1759 1534 1788 Acron
1544 1757 1582 1788 ad
1597 1757 1627 1787 h.
1638 1757 1660 1787 l.
1673 1757 1828 1794 observat,

1098 1799 1240 1830 Britanni
1253 1799 1411 1831 immolare
1426 1799 1568 1830 solebant
1579 1798 1727 1841 hospites.
1759 1799 1826 1830 Loe-

1095 1848 1159 1872 tum
1181 1846 1286 1882 equino
1313 1844 1462 1882 sanguine
1485 1843 1679 1872 Concanum:
1707 1840 1747 1872 de
1768 1841 1828 1873 hoc

1097 1884 1225 1915 barbaro
1240 1895 1333 1921 more,
1350 1895 1412 1925 quo
1427 1884 1581 1918 Concani,
1598 1882 1778 1914 Cantabriae
1793 1883 1828 1915 in

1096 1926 1250 1973 Hispania
1266 1926 1492 1957 Tarraconensi
1507 1925 1652 1968 populus,
1666 1925 1830 1966 sanguinis

1095 1969 1201 2009 equini
1224 1974 1297 2010 potu
1319 1968 1464 1999 delectati
1485 1978 1553 1999 esse
1572 1967 1731 2004 dicuntur,
1747 1967 1828 1998 nihil

1094 2010 1220 2050 quidem
1233 2009 1359 2041 aliunde
1372 2015 1494 2041 constat
1508 2021 1516 2047 ς,
1536 2009 1590 2041 sed
1602 2019 1675 2041 cum
1687 2009 1826 2050 Scythae,

1095 2053 1282 2093 quibuscum
1304 2053 1413 2090 multa,
1429 2058 1507 2083 teste
1523 2052 1623 2083 strab.
1639 2051 1684 2089 iii,
1705 2061 1736 2092 p.
1753 2052 1826 2088 165.

1092 2094 1272 2125 communia
1301 2094 1438 2125 habuere
1464 2094 1624 2132 Cantabri,
1653 2093 1827 2125 secundum

1095 2136 1183 2176 Virg.
1209 2136 1289 2167 Geo.
1314 2136 1358 2173 iii,
1385 2138 1459 2174 464,
1486 2138 1534 2167 lac
1561 2142 1731 2167 concretum
1758 2147 1826 2167 cum

1092 2181 1240 2218 sanguine
1256 2180 1362 2219 equino
1377 2178 1562 2219 potaverint,
1578 2177 1626 2209 vel
1643 2178 1726 2212 inde.
1741 2177 1827 2218 quod

1096 2221 1243 2251 Horatius
1257 2221 1295 2250 de
1314 2220 1471 2251 Concanis
1485 2225 1643 2256 memorat,
1659 2219 1825 2251 admodum

1093 2261 1127 2292 fit
1156 2262 1326 2304 probabile.
1373 2263 1509 2298 Gelonos,
1529 2267 1650 2302 gentem
1675 2261 1824 2293 Sarmati-

1092 2314 1172 2342 cam,
1210 2315 1332 2335 amnem
1372 2305 1597 2346 Borysthenem
1639 2304 1826 2342 accolentes,

1089 2347 1295 2385 pharetratos.-
1318 2346 1461 2378 similiter
1481 2346 1520 2377 ad
1542 2356 1649 2378 eorum
1671 2346 1825 2377 feritatem

1091 2388 1315 2429 designandam
1338 2388 1426 2430 Virg.
1453 2390 1528 2420 AEn.
1546 2388 1612 2426 viii,
1625 2388 1700 2426 725,
1712 2387 1824 2419 dicun-

1093 2437 1142 2461 tur
1171 2431 1349 2472 sagittiferi.
1393 2431 1547 2470 Sythicum
1575 2441 1701 2468 amnem,
1729 2429 1762 2460 h.
1791 2440 1823 2462 e.

1092 2474 1226 2508 Tanain,
1242 2483 1296 2514 pro
1313 2473 1448 2513 Scythis,
1461 2473 1531 2515 ejus
1546 2472 1674 2504 accolis.

1133 2517 1272 2546 37—4‘2.
1295 2516 1333 2545 In
1357 2521 1466 2552 vestro,
1489 2525 1508 2546 o
1530 2516 1646 2550 Musae,
1669 2513 1824 2546 consortio

1094 2558 1229 2598 Augusti
1258 2567 1382 2599 quoque
1415 2557 1538 2588 animus
1566 2567 1606 2588 ex
1637 2555 1716 2587 finiti
1748 2556 1824 2588 belli

1090 2600 1248 2630 laboribus
1273 2599 1428 2638 reficitur3
1458 2599 1488 2630 h.
1510 2609 1538 2630 e.
1565 2599 1731 2640 Aug-ustus
1753 2609 1822 2640 per-

1090 2643 1215 2673 functus
1244 2641 1319 2673 belli
1346 2641 1506 2672 laboribus
1535 2640 1632 2671 animi
1661 2641 1823 2672 recreandi

1090 2694 1187 2715 causa
1203 2684 1358 2715 literarum
1378 2683 1481 2714 studia
1495 2688 1618 2713 tractat.
1662 2682 1712 2713 De
1728 2693 1823 2724 opera

1090 2726 1122 2756 in
1152 2727 1309 2757 literarum
1340 2725 1452 2756 studiis
1481 2725 1520 2756 ab
1546 2726 1693 2765 Augusto
1722 2725 1823 2767 posita

1088 2769 1175 2800 testis
1195 2775 1242 2799 est
1260 2767 1428 2799 Suetonius
1448 2766 1514 2799 Vit.
1531 2767 1606 2798 Oct.
1623 2777 1651 2797 c.
1666 2767 1708 2797 84
1723 2772 1755 2798 et
1769 2768 1822 2798 85.

1089 2812 1206 2846 Altum,
1229 2811 1322 2851 longe
1345 2819 1437 2850 super
1463 2808 1541 2840 alios
1562 2808 1692 2845 elatum,
1717 2809 1823 2840 excel-

1089 2863 1175 2883 sum:
1201 2853 1295 2884 Ovid.
1309 2862 1346 2883 ex
1372 2853 1466 2882 Pont.
1483 2851 1519 2886 ii,
1535 2853 1566 2886 3,
1581 2851 1636 2881 63.
1680 2850 1820 2891 oppidis,

1087 2905 1131 2925 sc.
1162 2895 1368 2929 coloniarum,
1399 2903 1471 2935 quae
1499 2892 1618 2935 praemii
1648 2892 1718 2924 loco
1751 2898 1823 2934 post

1086 2938 1204 2968 bellum
1227 2935 1377 2977 assignari
1398 2936 1540 2966 solebant
1558 2933 1732 2970 militibus;
1757 2934 1821 2965 ele-

1086 2986 1196 3021 ganter
1218 2984 1322 3012 autem
1341 2977 1460 3011 emeriti
1480 2976 1594 3009 milites
1610 2978 1725 3017 oppidis
1748 2978 1819 3009 abdi
