1904 3314
330 215 416 255 474

818 214 1344 257 EPISTOLARUM

390 312 417 352 5
447 310 619 352 Evellas
639 327 766 366 agro;
797 320 841 354 et
860 314 1007 354 melior
1027 315 1081 355 sit
1101 315 1324 364 Horatius,
1346 329 1399 354 an
1420 328 1502 355 res,

447 378 524 419 Me
544 380 732 432 quamvis
755 379 916 420 Lamiae
935 381 1069 434 pietas
1091 388 1133 422 et
1155 396 1257 422 cura
1276 388 1478 430 moratur,

445 443 638 485 Fratrem
659 446 890 495 moerentis,
911 454 1034 500 rapto
1055 447 1108 487 de
1130 446 1261 488 fratre
1283 446 1464 487 dolentis

446 509 753 561 Insolabiliter3
784 518 923 552 tamen
943 513 1053 553 istuc
1074 527 1190 553 mens
1211 513 1458 567 animusque

446 576 563 626 Fert,
585 583 627 616 et
647 583 758 617 amat
778 578 924 630 spatiis
946 579 1160 619 obstantia
1180 593 1377 632 rumpere
1398 578 1595 619 claustra.
1622 606 1626 610 ⁴

366 644 417 684 lO
446 643 567 684 Rure
589 657 669 697 ego
689 644 912 693 viventem,
935 651 982 684 tu
1003 645 1108 685 dicis
1130 645 1172 684 in
1193 646 1299 686 urbe
1322 645 1516 685 beatum:

448 710 528 750 Cui
549 708 689 763 placet
709 709 896 759 alterius,
917 725 994 751 sua
1014 711 1207 751 nimirum
1228 718 1293 752 est
1314 712 1412 752 odio
1435 725 1539 752 sors.

447 774 615 815 Stultus
637 783 815 829 uterque
835 775 974 816 locum
993 777 1245 817 immeritum
1265 785 1463 818 causatur
1483 777 1650 830 inique3

443 841 494 881 In
515 841 638 895 culpa
659 849 725 882 est
745 843 920 891 animus,
943 843 1016 895 qui
1037 857 1081 883 se
1102 858 1187 884 non
1207 843 1360 898 effugit
1379 858 1579 898 unquam.

445 907 517 948 Tu
536 908 812 948 mediastinus
835 909 960 948 tacita
980 922 1108 962 prece
1129 923 1230 948 rura
1250 909 1450 962 petebas;

365 973 417 1014 15
445 973 576 1015 Nunc
597 975 744 1015 urbem
764 981 807 1015 et
825 973 950 1015 ludos
971 981 1014 1015 et
1033 973 1185 1015 balnea
1205 973 1366 1014 villicus
1387 980 1534 1027 optas:

446 1039 522 1081 Me
543 1047 738 1081 constare
759 1041 860 1080 mihi
881 1041 978 1089 scis,
998 1047 1042 1080 et
1063 1040 1285 1080 discedere
1307 1039 1484 1088 tristem,
1562 1090 1569 1103 ·

444 1106 800 1160 Quandocunque
822 1106 997 1146 trahunt
1018 1106 1150 1146 invisa
1170 1106 1341 1160 negotia
1362 1105 1558 1146 Romam.

444 1172 547 1212 Non
568 1173 717 1213 eadem
739 1173 957 1222 miramur3
991 1186 1042 1212 eo
1063 1172 1327 1212 disconvenit
1347 1171 1458 1212 inter

443 1238 606 1292 Meque
627 1245 668 1279 et
690 1246 758 1279 te:
790 1253 901 1286 nam,
923 1253 1019 1292 quae
1040 1238 1207 1279 deserta
1231 1244 1274 1278 et
1294 1237 1509 1292 inhospita
1528 1243 1679 1291 tesqua

358 1306 414 1346 20
444 1305 611 1354 Credis,
634 1319 799 1345 amoena
818 1311 956 1353 vocat,
978 1318 1141 1344 mecum
1162 1304 1235 1357 qui
1257 1305 1399 1353 sentit,
1421 1311 1464 1344 et
1485 1304 1575 1344 odit

444 1371 556 1418 Quae
577 1378 624 1411 tu
644 1370 824 1424 pulchra
845 1377 994 1423 putas:
1027 1369 1168 1410 fornix
1190 1370 1266 1410 tibi
1283 1375 1326 1410 et
1346 1377 1474 1410 uncta
1493 1369 1653 1424 popina

443 1437 663 1478 Incutiunt
683 1437 802 1477 urbis
824 1436 1097 1484 desiderium,
1119 1436 1266 1484 video;
1299 1443 1342 1476 et
1363 1435 1477 1489 quod

443 1502 641 1557 Angulus
662 1503 743 1542 iste
764 1502 872 1542 feret
893 1503 1016 1556 piper
1037 1509 1081 1542 et
1102 1509 1169 1541 tus
1192 1502 1308 1542 ocius
1331 1515 1435 1550 uva3

442 1570 538 1610 Nec
561 1569 695 1609 vicina
717 1570 879 1618 subest,
902 1569 1043 1608 vinum
1065 1568 1274 1622 praebere,
1295 1567 1486 1615 taberna,

330 1709 406 1733 emta
419 1704 513 1742 juvat
537 1703 630 1740 spinis
653 1702 690 1731 de
711 1702 849 1739 pluribus
872 1702 957 1731 nna?
987 1701 1058 1732 hinc

329 1746 449 1784 spinosae
463 1755 541 1774 curae
556 1743 639 1784 apud
655 1743 772 1773 Catull.
787 1742 861 1780 lxiv,
878 1744 931 1773 72.

374 1787 406 1816 5.
437 1786 478 1816 Et
504 1787 605 1815 melim·
630 1787 668 1814 sit
695 1784 852 1819 Horatius,
879 1797 920 1815 an
947 1795 1004 1819 τρε,
1031 1790 1063 1815 et

331 1833 434 1859 utrum
450 1827 522 1869 plus
537 1827 640 1857 valeat
655 1826 751 1856 virtus
766 1826 887 1857 Horatii
907 1827 939 1857 in
963 1827 1061 1867 repel-

330 1870 432 1900 lendis
447 1868 670 1908 vincendisque
689 1868 727 1898 iis
741 1878 812 1908 quae
835 1869 973 1899 animum
997 1875 1060 1899 tur-

330 1911 418 1947 bant,
445 1921 485 1941 an
511 1911 556 1940 vis
581 1910 636 1940 illa
658 1920 752 1950 quam
777 1920 874 1940 rerum
902 1910 1059 1941 habenda-

330 1963 399 1983 rum
415 1952 599 1994 cupiditates
617 1962 763 1992 curaeque
788 1952 820 1982 in
843 1953 980 1983 animum
1005 1953 1058 1983 ha-

330 1995 418 2026 bent.

373 2038 405 2067 6.
430 2036 560 2066 Lamiae:
579 2036 618 2066 de
632 2035 813 2071 Q.AEmilio
824 2035 1059 2076 Lamia,quem,

330 2084 367 2109 ut
390 2089 429 2109 ex
455 2078 514 2108 hoc
540 2087 664 2117 quoque
691 2077 759 2107 loco
788 2083 926 2123 apparet,
950 2078 1060 2108 intimo

331 2129 434 2151 amore
456 2118 638 2160 complexus
659 2123 707 2148 est
730 2119 887 2154 notanus.
908 2119 969 2149 vid.
990 2130 1059 2161 sup.

331 2162 392 2193 Od.
417 2161 438 2196 i,
461 2162 514 2196 26,
538 2160 571 2190 in
595 2161 726 2200 Argum.
770 2159 881 2190 Lamiae
908 2164 1003 2199 pietus
1031 2169 1059 2192 et

328 2215 412 2241 cura,
435 2203 506 2244 pius
529 2212 603 2242 erga
630 2201 764 2232 amicum
790 2211 893 2231 meum
918 2202 1059 2233 Lamiam

330 2255 426 2285 amor,
438 2251 469 2276 et
479 2245 518 2275 de
529 2254 578 2278 eo,
589 2243 722 2284 graviter
732 2242 835 2272 fratris
851 2249 947 2274 morte
961 2245 1058 2275 afflic-

328 2292 372 2321 to,
387 2286 462 2318 'cura
477 2293 568 2327 atque
581 2284 758 2316 sollicitudo
771 2295 780 2322 ;
804 2284 860 2315 nisi
876 2285 947 2326 quis
961 2288 1056 2325 pieta-

328 2336 386 2360 tem
413 2329 452 2359 ad
479 2328 646 2358 fraternum
674 2336 818 2361 amorem,
842 2333 872 2357 et
892 2338 996 2358 curam
1019 2329 1057 2358 ad

329 2371 448 2401 luctum
477 2370 586 2400 referre
615 2368 714 2398 malit.
759 2368 810 2398 Me
833 2375 981 2404 moratur,
1008 2380 1057 2401 me

330 2413 443 2443 Romae
458 2411 579 2446 retinet,
594 2420 643 2441 me
661 2410 693 2440 in
716 2411 792 2440 urbe
814 2419 937 2441 manere
955 2410 1055 2451 jubet,

329 2464 373 2485 sc.
395 2459 428 2484 ut
451 2454 484 2484 in
512 2451 629 2484 Lamiae
655 2451 716 2482 mei
739 2451 853 2482 doloris
878 2453 1055 2484 societatem

326 2495 462 2527 veniam.

369 2540 399 2569 8.
419 2538 505 2568 Mens
518 2539 702 2577 animusque,
714 2541 798 2567 totus
813 2546 899 2566 meus
915 2535 1055 2576 animus,

325 2579 492 2621 istucjbrt,
510 2579 541 2609 in
558 2578 661 2609 villam
678 2589 727 2609 me
742 2578 834 2608 trahit
848 2577 999 2619 rapitque.

372 2623 404 2653 9.
433 2621 473 2651 Et
502 2627 583 2651 amat
613 2623 716 2660 spatiis
747 2622 891 2650 obstantia
921 2631 1057 2660 rumpere

327 2665 476 2694 claustra:
498 2668 529 2693 et
542 2662 712 2703 cupiditate
723 2661 943 2703 impedimenta
954 2662 1056 2693 itineri

325 2706 358 2736 in
372 2705 478 2736 villam
493 2704 617 2746 objecta
630 2714 647 2735 e
663 2703 764 2735 medio
775 2703 905 2734 tollendi
920 2704 1053 2746 impelli-

327 2752 393 2786 tur3
411 2753 503 2782 amat,
515 2746 613 2788 cupit.
625 2748 722 2787 φιλεῖ,
738 2747 845 2779 ποθεῖ,
859 2746 967 2787 Eurip.
980 2747 1056 2778 Hec.

326 2790 410 2820 998:
434 2789 475 2820 cf.
494 2799 563 2830 sup.
586 2788 623 2818 ad
642 2788 704 2819 Od.
721 2787 764 2822 iii,
785 2788 832 2822 16,
854 2789 901 2818 10.
946 2788 1057 2826 spatiis

325 2832 473 2862 obstantia
490 2831 635 2864 claust-ra,
651 2829 768 2860 locutio
790 2839 808 2859 a
830 2828 913 2859 ludis
927 2830 1057 2861 Circen-

325 2872 410 2903 sibus
423 2871 573 2903 translata
585 2883 592 2909 3
613 2873 745 2903 claustra
760 2876 832 2901 sunt
845 2881 981 2902 carceres
991 2872 1054 2904 sive

325 2914 483 2956 repagula,
504 2914 618 2955 quibus
641 2913 800 2955 quadrigae
823 2913 854 2942 in
879 2912 961 2944 ludis
983 2914 1052 2945 Cir-

319 2956 481 2994 censibus,
496 2955 594 2988 donec
614 2955 737 2998 signum
760 2955 799 2986 ad
821 2960 975 2987 certamen
998 2957 1052 2987 da-

1102 1700 1204 1737 batur,
1220 1711 1238 1731 a
1253 1703 1356 1740 spatio,
1374 1700 1405 1730 h.
1420 1710 1450 1731 e.
1462 1699 1619 1731 cuniculo
1637 1699 1702 1730 sive
1718 1698 1830 1735 stadio,

1103 1742 1339 1773 cohibebantur.

1149 1786 1200 1814 11.
1223 1785 1285 1814 Sua
1303 1786 1446 1815 nimirum
1467 1789 1508 1814 est
1529 1783 1594 1813 odio
1613 1793 1686 1818 sors,
1708 1782 1736 1813 is
1756 1792 1831 1814 sane

1105 1831 1186 1856 sorte
1201 1837 1255 1857 sua
1272 1837 1333 1857 non
1348 1831 1512 1858 contentus
1527 1830 1582 1856 est.

1151 1869 1199 1898 12.
1220 1869 1343 1903 Locum,
1371 1879 1417 1899 sc.
1446 1867 1478 1897 in
1502 1876 1564 1908 quo
1589 1866 1762 1898 collocatus
1787 1871 1834 1898 est

1104 1909 1152 1940 vel
1183 1910 1269 1941 vivit.
1325 1911 1521 1944 Immeritum,
1554 1908 1763 1945 innocentem,
1797 1914 1834 1939 ut

1103 1955 1190 1983 vestis
1213 1954 1359 1982 immerita
1381 1962 1451 1993 sup.
1471 1951 1533 1982 Od.
1553 1949 1574 1988 i,
1594 1951 1643 1988 17,
1662 1951 1717 1987 28,
1735 1952 1834 1990 paries

1104 1995 1268 2024 immeritus
1283 1995 1348 2024 Sat.
1362 1993 1396 2031 ii,
1411 1995 1443 2028 3,
1458 1993 1488 2023 7.

1149 2037 1198 2066 13.
1224 2037 1285 2070 Qui
1309 2047 1338 2066 se
1366 2047 1424 2066 non
1446 2035 1556 2076 effugit
1575 2045 1729 2074 unquam:
1760 2044 1832 2075 sup.

1103 2077 1166 2108 Od.
1183 2077 1217 2113 ii,
1237 2079 1286 2113 16,
1302 2079 1356 2114 20,
1371 2079 1435 2117 quis
1450 2078 1530 2107 exsul
1547 2076 1583 2106 Se
1598 2075 1832 2117 quoquesugit?

1103 2120 1163 2150 Pro
1178 2131 1321 2160 unquam,
1339 2119 1414 2160 quia
1427 2128 1527 2149 sermo
1544 2124 1591 2148 est
1608 2118 1648 2148 de
1669 2118 1749 2154 loco,
1765 2128 1830 2148 ma-

1102 2160 1156 2190 lim
1181 2173 1328 2201 usquam5
1359 2171 1596 2200 uon—usquam,
1615 2159 1647 2190 in
1671 2158 1758 2190 nullo
1783 2170 1831 2191 us-

1102 2212 1197 2243 quam
1212 2204 1291 2234 loco.

1147 2245 1195 2274 14.
1224 2245 1424 2275 Mediastinus
1441 2255 1448 2273 :
1494 2243 1613 2274 videtur
1649 2242 1693 2274 ita
1727 2242 1831 2274 dictus

1100 2295 1165 2315 esse
1181 2295 1287 2316 servus
1302 2286 1450 2322 urbanus,
1467 2285 1521 2325 qui
1537 2284 1648 2316 mediis
1662 2283 1694 2315 in
1711 2285 1831 2316 aedibus

1100 2327 1139 2357 ad
1155 2327 1274 2368 quaevis
1289 2326 1430 2357 obeunda
1454 2325 1579 2357 servitia
1600 2332 1711 2368 praesto
1727 2326 1831 2357 adsta-

1101 2369 1173 2399 bat:
1198 2379 1265 2403 nos,
1288 2369 1493 2400 Hausknecht·

1146 2411 1196 2442 18.
1222 2411 1290 2441 Non
1315 2413 1413 2441 eadem
1437 2413 1603 2441 miramur:
1635 2419 1699 2440 non
1722 2409 1829 2441 eodem

1100 2462 1192 2483 sensu
1206 2453 1244 2483 de
1260 2452 1368 2483 iisdem
1385 2452 1476 2483 rebus
1490 2451 1652 2482 afficimur.

1145 2496 1196 2525 19.
1221 2495 1353 2535 Tesqua:
1379 2495 1452 2525 Vet.
1475 2493 1594 2530 schol„
1616 2494 1723 2535 lingua
1743 2492 1829 2523 Sabi-

1100 2547 1206 2567 norum
1222 2538 1283 2567 loca
1299 2536 1437 2577 ἀξθῖοἰίἱα
1461 2543 1488 2566 ει
1511 2536 1622 2575 repleta
1640 2536 1770 2565 semibus
1788 2536 1830 2565 sie

1100 2581 1315 2609 nominantur:
1339 2578 1403 2608 vid.
1423 2578 1534 2608 Festus
1555 2588 1583 2608 s.
1601 2586 1644 2613 v.,
1669 2577 1769 2608 Van-o
1790 2576 1830 2608 de

1100 2621 1138 2651 L.
1159 2621 1196 2651 L.
1213 2621 1253 2655 vi,
1267 2622 1300 2651 2.

1142 2663 1195 2693 21.
1223 2663 1321 2692 Uncta
1341 2663 1471 2702 popina.-
1502 2659 1599 2701 possit
1625 2659 1749 2702 quidem
1773 2669 1828 2690 ex-

1098 2704 1206 2746 plicari
1227 2705 1394 2740 immunda,
1412 2703 1459 2733 uti
1480 2707 1608 2732 vocatur
1627 2705 1736 2742 popina
1757 2710 1829 2742 sup.

1097 2748 1162 2778 Sat.
1185 2745 1219 2782 ii,
1241 2748 1271 2782 4,
1295 2747 1349 2783 62,
1371 2745 1426 2775 sed
1451 2745 1604 2774 immunda
1627 2742 1741 2785 popina
1764 2753 1827 2773 non

1098 2794 1198 2836 potest
1223 2787 1306 2818 urbis
1331 2785 1516 2818 desiderium
1542 2785 1705 2822 incutere3
1734 2791 1828 2815 uncta

1098 2830 1192 2870 igitur
1204 2829 1269 2871 jam
1286 2829 1412 2871 popina,
1427 2828 1482 2858 ubi
1500 2832 1605 2858 unctae
1626 2827 1690 2858 sive
1712 2825 1824 2857 lautio-

1097 2882 1145 2903 res
1166 2871 1268 2913 epulae
1290 2869 1566 2907 administrantur3
1589 2868 1634 2900 sic
1649 2868 1706 2899 inf.
1725 2867 1827 2910 Epist.

1097 2913 1119 2950 i,
1137 2915 1188 2950 17,
1205 2914 1255 2950 12,
1276 2919 1397 2947 unctus,
1420 2911 1475 2952 qui
1496 2910 1612 2941 lautius
1634 2910 1722 2946 vivit,
1743 2921 1825 2941 acce-

1097 2958 1145 2987 des
1167 2957 1261 2987 siccus
1282 2957 1322 2986 ad
1350 2960 1495 2992 unctum5
1526 2951 1624 2994 Epist.
1647 2952 1670 2990 i,
1696 2953 1746 2988 15,
1771 2953 1824 2988 44,
