1904 3314
723 217 950 261 LIBER
982 219 1017 270 Ι,
1049 221 1088 261 7.

255 322 454 365 Demetri
474 322 598 378 (puer
620 321 690 363 hic
712 336 798 363 non
817 319 925 362 laeve
940 321 1065 375 jussa
1087 319 1280 376 Philippi

248 389 544 446 vAccipiebat),
567 390 651 440 abi,
674 402 837 444 quaere,
859 394 904 430 et
923 388 1061 430 refer:
1094 388 1211 430 unde
1233 389 1376 438 domo,
1397 388 1509 442 quis,

253 457 392 513 Cujus
414 457 611 506 fortunae,
634 471 720 511 quo
745 457 798 497 sit
819 462 959 511 patre,
983 470 1123 510 quove
1143 462 1343 510 patrono.

165 525 221 567 55
251 525 308 576 It,
329 525 444 567 redit
464 531 507 566 et
529 530 698 566 narrat:
732 523 972 572 Vulteium,
995 524 1166 564 nomine
1189 522 1382 572 Menam,

251 592 517 641 Praeconem,
539 591 659 633 tenui
681 606 828 640 censu,
853 591 943 632 sine
965 591 1140 632 crimine
1161 597 1337 640 notum3

251 660 312 702 Et
333 673 568 716 properare
589 658 700 708 loco,
724 666 768 700 et
790 673 977 708 cessare,
999 665 1044 699 et
1065 672 1277 712 quaerere,
1299 665 1343 699 et
1365 657 1441 707 uti,

249 727 530 769 Gaudentem
549 728 782 782 parvisque
805 725 1042 775 sodalibus,
1065 733 1109 766 et
1128 724 1218 766 lare
1240 732 1375 774 certo,
1421 723 1427 729 '

250 794 312 837 Et
331 793 462 844 ludis,
485 801 542 844 et,
565 801 667 849 post
688 794 835 835 decisa
855 794 1043 848 negotia,
1067 792 1247 847 Campo.

159 864 218 906 60
248 863 406 905 Scitari
425 862 534 905 libet
554 877 610 904 ex
631 863 741 917 ipso,
765 876 1038 917 quaeeunque
1059 860 1219 902 refers:
1253 861 1324 902 dic

243 929 318 972 Ad
340 945 509 973 coenam
529 930 686 972 veniat.

203 1006 210 1008 “
244 997 400 1040 Mirari
422 1012 568 1040 secum
590 997 762 1039 tacitus.

246 1066 522 1122 Respondet.

245 1132 444 1189 Negligit
465 1140 539 1174 aut
560 1132 724 1175 horret.

172 1269 227 1305 49,
243 1269 296 1300 50.
322 1269 494 1309 conspuit,
510 1276 546 1300 ut
568 1271 671 1307 aiunt,
691 1273 768 1300 cett.
788 1267 874 1299 hunc

128 1310 236 1343 locum
250 1310 295 1342 ita
311 1311 454 1353 intelligo
469 1324 476 1342 :
505 1311 686 1354 Philippus,
703 1311 779 1342 dum
797 1321 873 1352 que-

128 1353 207 1385 ritur
222 1353 262 1386 de
278 1353 417 1385 molestia
433 1364 528 1395 quani
548 1354 609 1384 sibi
632 1353 802 1394 grandaevo
817 1353 874 1384 do-

129 1407 215 1428 mum
239 1396 382 1428 redeunti
402 1402 487 1428 creet
501 1397 552 1427 via
566 1396 701 1437 longior,
719 1395 877 1438 conspicit

128 1439 266 1481 aliquem
282 1440 380 1471 otiose
403 1438 437 1470 in
453 1438 608 1470 tonstrina
624 1438 798 1475 sedentem,
816 1449 875 1468 un-

127 1492 269 1524 guesque
291 1481 351 1513 sibi
373 1483 521 1524 (leniter)
538 1481 664 1524 placido
687 1481 875 1522 tranquillo-

125 1535 190 1566 que
219 1525 326 1556 animo
356 1531 559 1574 purgantem.
612 1524 738 1555 Invidia
767 1530 873 1555 tactus

127 1566 226 1609 hujus
240 1567 391 1599 felicioris
405 1567 542 1598 hominis
558 1566 723 1610 adspectu,
734 1577 871 1603 servum,

125 1612 194 1652 qui,
204 1609 277 1653 quis
287 1609 330 1641 sit
340 1610 405 1644 ille.
417 1616 628 1652 percontetur,
639 1610 672 1640 in
687 1610 871 1640 tonstrinam

126 1652 236 1690 mittit,
250 1658 327 1685 cett.
371 1653 448 1695 Ipsa
471 1653 539 1684 haec
564 1651 701 1683 narratio
723 1662 771 1687 eo,
787 1652 873 1693 quod

125 1705 267 1738 personae
289 1702 352 1726 tarn
376 1696 543 1737 loquentes
556 1706 651 1736 quam
675 1701 805 1736 agentes
822 1694 871 1725 in-

125 1739 300 1775 ducuntur,
321 1738 436 1774 multo,
460 1744 497 1769 ut
522 1738 611 1774 alibi,
634 1738 669 1768 fit
693 1738 819 1769 suavior
841 1743 873 1768 et

125 1781 277 1813 vividior:
301 1791 367 1812 rem
383 1791 507 1812 omnem
530 1787 649 1816 autem,
668 1786 704 1811 ut
727 1782 871 1822 probaret

123 1823 327 1859 sententiam,
344 1834 398 1856 eos
419 1829 545 1855 tantum
570 1829 654 1855 recte
677 1823 785 1854 felices
807 1822 870 1854 dici

147 1877 232 1902 osse.
257 1866 350 1909 “qui
374 1872 457 1898 sorte
479 1876 539 1898 sua
561 1865 707 1905 contenti
727 1865 873 1900 vivant‚''

148 1910 251 1942 nxisse
272 1909 397 1942 videtur
418 1910 583 1940 Horatius.
626 1910 777 1940 Abi-asum
796 1908 870 1950 (alii

124 1954 283 1990 adrasum,
297 1953 351 1984 sed
367 1952 532 1984 lectionem
549 1953 688 1982 abrasum
705 1953 871 1983 confirmat

125 1995 331 2038 plurimorum
358 1995 463 2027 Codd.
490 1994 680 2035 auctoritas)
708 1995 768 2025 Fea
801 2000 872 2036 post

125 2037 312 2070 Marcilium
336 2044 368 2070 et
393 2038 473 2069 alios
498 2037 648 2079 explicat,
673 2037 868 2073 libertinum,

123 2081 202 2122 quia
224 2081 340 2124 capitis
362 2081 465 2112 crines
490 2080 593 2112 abrasi
617 2079 733 2111 suerint
755 2091 867 2111 manu-

123 2123 252 2162 missis3
279 2123 336 2155 sed
362 2123 539 2159 libertinus,
563 2123 723 2165 praecipue
744 2122 811 2164 jam
837 2123 870 2154 in

123 2166 280 2198 tonstrina
295 2165 421 2202 sedens,
439 2165 488 2197 vix
503 2166 606 2197 dictus
621 2173 670 2197 est
684 2165 870 2208 simpliciter

122 2210 263 2241 abram.
314 2208 472 2251 Equidem
498 2216 586 2251 puto,
612 2210 757 2244 Menam,
783 2214 868 2250 post-

123 2261 221 2294 quam
246 2251 318 2295 ejus
343 2252 440 2283 barba
467 2253 578 2283 abrasa
603 2251 664 2282 fuit
688 2261 706 2282 a
733 2258 869 2289 tonsore,

122 2293 245 2326 otiandi
258 2304 356 2327 causa
365 2294 398 2326 in
407 2306 505 2326 vacua
519 2296 646 2325 tonsoris
661 2296 766 2325 umbra
778 2294 830 2335 (h.
841 2305 868 2326 e.

123 2335 157 2368 in
183 2337 285 2369 otiosa
307 2337 474 2373 tonstrina,
500 2337 540 2369 de
565 2347 642 2368 voce
665 2348 779 2368 vacuus
801 2338 867 2369 vid.

123 2389 194 2423 sup.
208 2379 250 2412 ad
266 2391 296 2412 v.
312 2382 372 2417 45)
390 2381 590 2415 remansisse.
609 2386 641 2412 et
663 2379 696 2410 in
720 2380 779 2412 hoc
803 2381 868 2412 otio

122 2421 228 2465 ipsum
243 2421 307 2455 sibi
320 2423 432 2455 leniter
447 2424 535 2466 (nos,
549 2427 605 2454 mit
630 2423 868 2466 Wohlbehugen)

122 2475 247 2515 ungues
277 2476 439 2509 purgasse.
491 2467 601 2498 Lectio
629 2468 773 2497 adrasum
802 2477 868 2508 pro,

124 2508 233 2540 leviter
261 2519 368 2540 rasum
392 2509 443 2540 vel
471 2508 666 2546 semirasum‚
692 2510 869 2550 nuperrime

123 2556 218 2583 nacta
231 2557 280 2584 est
292 2551 486 2584 defensorem
504 2552 536 2582 iu
554 2551 704 2584 Heidelb.
721 2552 836 2584 Jahrb.

167 2595 222 2626 51.
245 2595 400 2636 Propi-ios,
430 2605 494 2626 non
519 2594 663 2630 aliorum,
691 2602 726 2626 ut
752 2600 871 2633 tonsor,

123 2637 179 2669 sed
194 2647 270 2669 suos
285 2637 383 2681 ipsius
400 2647 531 2678 ungues.
804 2638 807 2641 “

167 2681 223 2712 52.
246 2680 318 2711 Non
341 2682 421 2719 Iaeve,
443 2690 517 2722 ergo
540 2679 659 2719 dextre,
677 2680 709 2712 h.
725 2691 754 2712 e.
774 2687 869 2718 recte,

124 2722 218 2760 scite,
234 2723 415 2765 prudenter.

166 2767 223 2798 53.
244 2765 276 2797 U
277 2767 334 2798 nde
348 2769 446 2803 domo,
462 2768 540 2807 quis,
554 2771 630 2797 cett.
678 2765 872 2798 Obversatus

123 2807 248 2840 videtur
262 2808 394 2840 Horatio
415 2810 541 2847 modus,
557 2819 621 2851 quo
645 2809 728 2850 apud
754 2810 871 2841 Home-

122 2860 194 2882 rum
219 2861 258 2883 ex
282 2851 430 2883 uiruntur
452 2852 552 2893 ignoti
572 2859 604 2883 et
626 2852 800 2893 peregrini3
827 2852 872 2884 sic

124 2893 274 2926 Telemac
299 2904 338 2926 us
358 2895 399 2926 ad
418 2895 599 2927 Minervam
617 2894 738 2936 Odyss.
759 2894 781 2933 i,
799 2896 871 2932 170,

125 2937 205 2974 'rig-3
230 2937 336 2970 πόθεν
350 2938 396 2976 εἷς
411 2937 549 2981 ἀνδρῶν
563 2949 571 2976 3
596 2937 678 2969 πόθι
692 2949 744 2969 τοι
759 2938 872 2976 πόλις,

125 2977 185 3017 ἠδὲ
201 2982 340 3020 τοκῆες;
363 2982 431 3016 Quo
441 2983 598 3021 sitpntre:
623 2980 648 3011 si
662 2981 830 3024 Philippus
841 2981 874 3013 in

127 3023 235 3055 abraso
259 3033 428 3066 agnoscere
453 3022 605 3066 potuisset
631 3025 784 3062 libertum,
812 3035 876 3057 non

749 929 853 971 Non
876 944 977 971 sane
999 929 1180 971 credere
1202 928 1360 970 Mena:

825 997 946 1044 Quid
968 996 1134 1038 multa?

584 1065 734 1120 Neget
755 1064 826 1106 ille
848 1064 979 1106 mihi?

788 1131 1014 1175 Vulteium
1035 1147 1158 1174 mane
1180 1131 1412 1187 Philippus

1196 995 1408 1051 Benigne,

1040 1064 1190 1120 Negat
1211 1065 1453 1119 improbuS,
1474 1072 1518 1107 et
1540 1072 1582 1108 te

919 1278 1044 1299 servum
1070 1269 1110 1299 de
1136 1267 1206 1309 ejus
1234 1272 1322 1310 patre
1350 1277 1491 1310 quaerere
1517 1267 1667 1309 jussurus

920 1310 1043 1342 fuisset.

963 1355 1018 1385 56.
1051 1353 1147 1384 Tenui
1169 1365 1270 1389 censu,
1293 1352 1324 1383 in
1349 1353 1436 1384 tenui
1460 1364 1493 1385 re
1515 1353 1668 1384 constitu-

921 1402 999 1432 tum,
1028 1396 1122 1438 cujus
1153 1406 1200 1427 res
1231 1396 1405 1427 secundum
1440 1406 1572 1427 censum
1602 1402 1669 1427 erat

919 1438 1047 1475 tenuis;
1085 1438 1230 1469 similiter
1258 1449 1329 1480 sup.
1361 1438 1426 1469 Od.
1458 1437 1493 1469 ii.
1525 1440 1577 1474 15,
1612 1440 1665 1475 13,

920 1492 1024 1512 census
1044 1483 1151 1512 brevis.
1197 1481 1268 1511 Sine
1290 1483 1418 1512 crimine
1440 1487 1560 1516 notum,
1578 1482 1666 1513 nullo

917 1524 1048 1555 crimine
1072 1523 1122 1559 iis,
1139 1524 1331 1565 quibuscum
1353 1523 1441 1559 vivit,
1458 1530 1590 1562 notum;
1614 1524 1664 1555 in-

918 1567 1061 1598 nocentis
1076 1567 1170 1607 igitur
1186 1567 1258 1597 vitae
1276 1565 1401 1597 laudem
1422 1567 1530 1598 Menae
1547 1566 1665 1599 tribue-

918 1609 993 1640 bant
1009 1609 1032 1639 ii
1047 1609 1164 1650 quibus
1180 1609 1234 1640 ille
1252 1615 1347 1640 notus
1362 1615 1440 1641 erat.

966 1653 1021 1683 57.
1047 1653 1088 1683 Ει
1111 1663 1274 1692 properare
1294 1654 1367 1688 loco,
1385 1660 1413 1683 et
1432 1664 1567 1684 cessare.-
1599 1663 1663 1684 rem

917 1694 1057 1737 aliquam
1088 1705 1146 1726 suo
1177 1701 1316 1736 tempore
1345 1701 1401 1726 aut
1430 1694 1583 1726 intentius
1611 1701 1667 1726 aut

916 1737 1076 1768 remissius
1103 1747 1206 1778 agere.
1257 1738 1356 1768 Loco:
1387 1748 1459 1778 quae
1482 1742 1661 1779 opportuno

914 1785 1053 1821 tempore
1069 1780 1160 1815 fiunt,
1178 1781 1240 1811 loco
1254 1779 1319 1811 fieri
1336 1779 1508 1811 dicuutur:
1533 1780 1576 1811 cf.
1590 1790 1661 1822 sup.

916 1822 979 1852 Od.
995 1822 1037 1859 iv,
1060 1825 1108 1861 12,
1123 1824 1179 1858 28,
1198 1823 1297 1853 Dulce
1320 1829 1362 1853 est
1384 1825 1515 1863 desipere
1534 1825 1567 1853 in
1585 1824 1659 1855 loco.

918 1865 1059 1900 Quaerere
1095 1865 1282 1907 simpliciter
1317 1876 1383 1907 pro,
1412 1877 1475 1897 rem
1506 1876 1659 1907 quaerere,

915 1907 1082 1948 colligere:
1107 1918 1178 1950 sup.
1201 1909 1267 1939 Sat.
1286 1908 1309 1943 i,
1334 1909 1362 1944 l,
1381 1909 1436 1944 92,
1460 1909 1599 1949 Denique
1621 1911 1662 1940 sit

905 1952 984 1991 finis
999 1953 1178 1992 quaerendi;
1202 1951 1260 1981 inf.
1278 1950 1378 1992 Epist.
1391 1951 1412 1988 i,
1430 1952 1480 1988 15,
1492 1952 1547 1987 32,
1561 1952 1658 1986 Quic-

915 1996 987 2034 quid
1010 1996 1179 2035 quasiemt,
1194 1996 1295 2024 ventri
1310 1995 1440 2025 donabat
1455 2005 1571 2031 avaram
1595 1996 1658 2026 Te-

914 2042 994 2068 rent.
1022 2037 1160 2079 Adelph.
1180 2048 1210 2072 v,
1231 2038 1262 2075 4,
1287 2038 1336 2072 15,
1357 2038 1496 2068 Comi-ivi
1519 2039 1553 2068 in
1576 2050 1656 2079 quae-

912 2082 1014 2111 rundo
1040 2082 1134 2110 vitam
1162 2087 1254 2120 alque
1282 2086 1401 2111 atatem
1429 2091 1535 2111 meam.
1592 2081 1658 2117 Uti,

912 2132 957 2153 sc.
973 2133 1004 2154 re
1019 2123 1166 2164 quaesita.

956 2167 1010 2197 58.
1038 2166 1378 2206 Par-visquesodalibus.
1413 2165 1509 2196 Parvi
1522 2165 1658 2202 sodales,

914 2208 969 2249 qui
1000 2207 1174 2239 humilioris
1200 2207 1403 2243 conditionis,
1430 2207 1480 2239 vel
1502 2208 1536 2239 in
1563 2219 1659 2250 parvo

914 2251 1014 2292 pretio
1025 2257 1121 2293 atque
1135 2251 1251 2283 honore
1263 2257 1353 2282 sunt:
1371 2250 1495 2282 dixerat
1507 2252 1660 2284 Horatius

913 2295 951 2325 de
975 2305 1008 2325 se
1032 2294 1101 2336 ipso
1124 2305 1154 2325 v.
1178 2295 1232 2330 44,
1259 2295 1394 2325 Parvum
1417 2306 1515 2334 parva
1537 2297 1658 2326 decent.

915 2337 955 2368 Et
978 2338 1042 2368 lare
1063 2344 1155 2374 certo,
1178 2337 1322 2378 intellige
1345 2336 1476 2368 domum
1501 2338 1657 2380 propriam

911 2385 943 2411 et
957 2380 1159 2422 peculiarem,
1175 2391 1192 2412 e
1208 2390 1272 2422 qua
1295 2391 1314 2411 a
1337 2380 1462 2412 nemine
1482 2381 1558 2422 pelli
1574 2387 1661 2424 pote-

911 2429 959 2453 rat
981 2423 1141 2455 Vulteius.

956 2467 1010 2497 59.
1042 2467 1153 2502 Ludis,
1183 2477 1228 2498 sc.
1257 2465 1403 2498 scenicis.
1462 2465 1531 2497 Post
1562 2469 1662 2499 decisa

914 2511 1047 2551 negotia,
1082 2515 1248 2552 postquam
1279 2511 1381 2540 Mena
1416 2514 1451 2539 ut
1481 2520 1583 2552 praeco
1612 2511 1662 2541 vel

915 2552 1088 2583 scrutarius
1110 2559 1159 2592 (v.
1183 2552 1242 2592 65)
1264 2553 1391 2594 negotia
1416 2562 1472 2582 sua
1498 2553 1662 2594 transegit.

918 2596 1039 2635 Campo,
1067 2606 1115 2627 sc.
1139 2595 1272 2631 Martio,
1296 2595 1350 2626 ubi
1378 2595 1476 2626 animi
1498 2597 1661 2628 recreandi

915 2648 1011 2679 causa
1034 2638 1170 2680 juvenes
1197 2637 1317 2680 virique
1343 2637 1522 2674 convenire,
1549 2640 1662 2670 ambu-

916 2681 993 2717 lare,
1010 2686 1130 2716 natare,
1147 2688 1178 2712 et
1193 2681 1273 2727 aliis·
1286 2681 1492 2723 gymnasticis
1508 2683 1661 2714 exercita-

915 2724 1054 2755 tionibus
1066 2723 1199 2756 detineri
1215 2724 1372 2756 solebant.

958 2768 1011 2798 60.
1037 2767 1243 2809 Quaecunque,
1261 2767 1367 2798 omnia
1383 2767 1440 2798 illa
1454 2778 1538 2808 quae.

959 2812 1015 2841 62.
1041 2810 1199 2852 Benigne:
1223 2816 1296 2853 apte
1309 2810 1400 2842 vertit
1411 2810 1662 2846 Vossius,Dank

906 2853 976 2894 far
989 2855 1039 2884 die
1059 2854 1154 2884 Ehre:
1178 2853 1241 2885 vid.
1256 2853 1297 2884 ad
1314 2864 1342 2884 v.
1364 2855 1413 2884 16.

960 2898 1014 2933 63,
1039 2897 1093 2928 64.
1119 2897 1286 2937 Improbus,
1312 2896 1475 2938 illepidus,
1507 2895 1662 2932 inficetus‚

917 2938 1057 2982 ineptus,
1069 2939 1136 2981 qui,
1146 2940 1231 2982 quod
1245 2939 1353 2971 honori
1367 2938 1428 2969 sibi
1440 2939 1554 2969 ducere
1566 2939 1662 2968 debc-

919 2981 984 3018 bat,
1007 2982 1166 3025 repudiat.
1213 2983 1264 3016 De
1281 2993 1356 3014 voce
1373 2983 1522 3022 improbus
1537 2981 1577 3011 cf.
1592 2991 1665 3022 sup.

921 3025 960 3057 ad
985 3027 1053 3059 Sat.
1075 3025 1110 3063 ii,
1130 3027 1162 3063 6,
1183 3027 1237 3057 29.
1285 3026 1412 3061 Horret,
1440 3030 1479 3061 te,
1505 3028 1539 3054 ut
1564 3023 1665 3054 virurn
