<?xml version="1.0" encoding="UTF-8"?>
<!DOCTYPE html PUBLIC "-//W3C//DTD XHTML 1.0 Transitional//EN"
    "http://www.w3.org/TR/xhtml1/DTD/xhtml1-transitional.dtd">
<html xmlns="http://www.w3.org/1999/xhtml" xml:lang="en" lang="en">
 <head>
  <title>
</title>
<meta http-equiv="Content-Type" content="text/html;charset=utf-8" />
  <meta name='ocr-system' content='tesseract 3.04.00' />
  <meta name='ocr-capabilities' content='ocr_page ocr_carea ocr_par ocr_line ocrx_word'/>
</head>
<body>
  <div class='ocr_page' id='page_1' title='image "./operahorac00horauoft_0417.png"; bbox 0 0 1904 3314; ppageno 0'>
   <div class='ocr_carea' id='block_1_1' title="bbox 12 202 62 349">
    <p class='ocr_par' dir='ltr' id='par_1_1' title="bbox 12 202 70 372">
     <span class='ocr_line' id='line_1_1' title="bbox 12 202 62 349; baseline 0 23"><span class='ocrx_word' id='word_1_1' title='bbox 12 202 62 349; x_wconf 47' lang='lat' dir='ltr'>l</span> 
     </span>
    </p>
   </div>
   <div class='ocr_carea' id='block_1_2' title="bbox 0 2321 51 3314">
    <p class='ocr_par' dir='ltr' id='par_1_2' title="bbox 0 2321 51 3314">
     <span class='ocr_line' id='line_1_2' title="bbox 0 2321 51 3314; baseline 0 0"><span class='ocrx_word' id='word_1_2' title='bbox 0 2321 51 3314; x_wconf 95' lang='lat' dir='ltr'> </span> 
     </span>
    </p>
   </div>
   <div class='ocr_carea' id='block_1_3' title="bbox 682 166 1076 218">
    <p class='ocr_par' dir='ltr' id='par_1_3' title="bbox 682 166 1076 218">
     <span class='ocr_line' id='line_1_3' title="bbox 682 166 1076 218; baseline -0.01 -6"><span class='ocrx_word' id='word_1_3' title='bbox 682 167 910 212; x_wconf 89' lang='lat' dir='ltr'><strong>LIBER</strong></span> <span class='ocrx_word' id='word_1_4' title='bbox 941 166 1002 218; x_wconf 90' lang='lat'>11,</span> <span class='ocrx_word' id='word_1_5' title='bbox 1033 167 1076 209; x_wconf 82' lang='lat'>3.</span> 
     </span>
    </p>
   </div>
   <div class='ocr_carea' id='block_1_4' title="bbox 1565 170 1648 211">
    <p class='ocr_par' dir='ltr' id='par_1_4' title="bbox 1565 170 1648 211">
     <span class='ocr_line' id='line_1_4' title="bbox 1565 170 1648 211; baseline -0.012 0"><span class='ocrx_word' id='word_1_6' title='bbox 1565 170 1648 211; x_wconf 83' lang='lat'>377</span> 
     </span>
    </p>
   </div>
   <div class='ocr_carea' id='block_1_5' title="bbox 67 269 1590 1148">
    <p class='ocr_par' dir='ltr' id='par_1_5' title="bbox 67 269 1590 1148">
     <span class='ocr_line' id='line_1_5' title="bbox 223 269 1345 330; baseline -0.005 -14"><span class='ocrx_word' id='word_1_7' title='bbox 223 273 272 315; x_wconf 85' lang='lat' dir='ltr'>Si</span> <span class='ocrx_word' id='word_1_8' title='bbox 292 273 399 330; x_wconf 88' lang='lat' dir='ltr'>quid</span> <span class='ocrx_word' id='word_1_9' title='bbox 421 272 654 315; x_wconf 85' lang='lat' dir='ltr'><strong>Stertinius</strong></span> <span class='ocrx_word' id='word_1_10' title='bbox 675 271 766 312; x_wconf 84' lang='lat' dir='ltr'>veri</span> <span class='ocrx_word' id='word_1_11' title='bbox 787 277 963 326; x_wconf 83' lang='lat' dir='ltr'>erepat3</span> <span class='ocrx_word' id='word_1_12' title='bbox 995 270 1112 311; x_wconf 91' lang='lat' dir='ltr'>unde</span> <span class='ocrx_word' id='word_1_13' title='bbox 1133 284 1217 325; x_wconf 86' lang='lat' dir='ltr'>ego</span> <span class='ocrx_word' id='word_1_14' title='bbox 1238 269 1345 311; x_wconf 83' lang='lat' dir='ltr'>mira</span> 
     </span>
     <span class='ocr_line' id='line_1_6' title="bbox 219 338 1414 398; baseline -0.004 -15"><span class='ocrx_word' id='word_1_15' title='bbox 219 341 450 398; x_wconf 90' lang='lat' dir='ltr'>Descripsi</span> <span class='ocrx_word' id='word_1_16' title='bbox 471 340 622 383; x_wconf 87' lang='lat' dir='ltr'>docilis</span> <span class='ocrx_word' id='word_1_17' title='bbox 645 346 869 395; x_wconf 85' lang='lat' dir='ltr'>praecepta</span> <span class='ocrx_word' id='word_1_18' title='bbox 887 338 997 388; x_wconf 90' lang='lat' dir='ltr'>haec,</span> <span class='ocrx_word' id='word_1_19' title='bbox 1021 346 1215 393; x_wconf 86' lang='lat' dir='ltr'>tempore</span> <span class='ocrx_word' id='word_1_20' title='bbox 1237 351 1325 392; x_wconf 91' lang='lat' dir='ltr'>quo</span> <span class='ocrx_word' id='word_1_21' title='bbox 1346 352 1414 378; x_wconf 88' lang='lat' dir='ltr'>mc</span> 
     </span>
     <span class='ocr_line' id='line_1_7' title="bbox 133 406 1275 466; baseline -0.004 -16"><span class='ocrx_word' id='word_1_22' title='bbox 133 409 192 451; x_wconf 88' lang='lat'>35</span> <span class='ocrx_word' id='word_1_23' title='bbox 222 410 398 452; x_wconf 86' lang='lat' dir='ltr'>Solatus</span> <span class='ocrx_word' id='word_1_24' title='bbox 415 410 548 466; x_wconf 86' lang='lat' dir='ltr'>jussit</span> <span class='ocrx_word' id='word_1_25' title='bbox 570 409 810 464; x_wconf 80' lang='lat' dir='ltr'><strong>sapientem</strong></span> <span class='ocrx_word' id='word_1_26' title='bbox 831 422 1010 462; x_wconf 88' lang='lat' dir='ltr'>pascere</span> <span class='ocrx_word' id='word_1_27' title='bbox 1033 406 1227 455; x_wconf 82' lang='lat' dir='ltr'><strong>barbam,</strong></span> <span class='ocrx_word' id='word_1_28' title='bbox 1263 419 1275 433; x_wconf 38' lang='grc' dir='ltr'>κ</span> 
     </span>
     <span class='ocr_line' id='line_1_8' title="bbox 218 473 1286 534; baseline -0.007 -13"><span class='ocrx_word' id='word_1_29' title='bbox 218 476 371 534; x_wconf 87' lang='lat' dir='ltr'><strong>Atque</strong></span> <span class='ocrx_word' id='word_1_30' title='bbox 391 493 416 520; x_wconf 85' lang='lat' dir='ltr'>a</span> <span class='ocrx_word' id='word_1_31' title='bbox 437 477 640 520; x_wconf 81' lang='lat' dir='ltr'>Fabricio</span> <span class='ocrx_word' id='word_1_32' title='bbox 661 492 748 518; x_wconf 91' lang='lat' dir='ltr'>non</span> <span class='ocrx_word' id='word_1_33' title='bbox 770 476 940 518; x_wconf 79' lang='lat' dir='ltr'><strong>tristem</strong></span> <span class='ocrx_word' id='word_1_34' title='bbox 959 483 1092 531; x_wconf 90' lang='lat' dir='ltr'>ponte</span> <span class='ocrx_word' id='word_1_35' title='bbox 1113 473 1286 515; x_wconf 89' lang='lat' dir='ltr'>reverti.</span> 
     </span>
     <span class='ocr_line' id='line_1_9' title="bbox 219 543 1401 600; baseline -0.004 -13"><span class='ocrx_word' id='word_1_36' title='bbox 219 545 337 588; x_wconf 84' lang='lat' dir='ltr'>Nam</span> <span class='ocrx_word' id='word_1_37' title='bbox 357 545 468 587; x_wconf 86' lang='lat' dir='ltr'>male</span> <span class='ocrx_word' id='word_1_38' title='bbox 488 560 536 586; x_wconf 87' lang='lat' dir='ltr'>re</span> <span class='ocrx_word' id='word_1_39' title='bbox 557 552 695 600; x_wconf 87' lang='lat' dir='ltr'>gesta,</span> <span class='ocrx_word' id='word_1_40' title='bbox 719 559 853 599; x_wconf 88' lang='lat' dir='ltr'>quum</span> <span class='ocrx_word' id='word_1_41' title='bbox 874 543 1030 585; x_wconf 90' lang='lat' dir='ltr'>vellem</span> <span class='ocrx_word' id='word_1_42' title='bbox 1051 543 1222 583; x_wconf 89' lang='lat' dir='ltr'>mittere</span> <span class='ocrx_word' id='word_1_43' title='bbox 1245 548 1401 597; x_wconf 86' lang='lat' dir='ltr'>operto</span> 
     </span>
     <span class='ocr_line' id='line_1_10' title="bbox 221 610 1416 668; baseline -0.004 -13"><span class='ocrx_word' id='word_1_44' title='bbox 221 613 301 656; x_wconf 90' lang='lat' dir='ltr'>Me</span> <span class='ocrx_word' id='word_1_45' title='bbox 321 613 464 668; x_wconf 86' lang='lat' dir='ltr'>capite</span> <span class='ocrx_word' id='word_1_46' title='bbox 485 613 529 654; x_wconf 92' lang='lat' dir='ltr'>in</span> <span class='ocrx_word' id='word_1_47' title='bbox 551 613 725 663; x_wconf 88' lang='lat' dir='ltr'>flumen,</span> <span class='ocrx_word' id='word_1_48' title='bbox 748 613 907 654; x_wconf 84' lang='lat' dir='ltr'>dexter</span> <span class='ocrx_word' id='word_1_49' title='bbox 928 612 1065 661; x_wconf 87' lang='lat' dir='ltr'>stetit,</span> <span class='ocrx_word' id='word_1_50' title='bbox 1088 618 1146 660; x_wconf 91' lang='lat' dir='ltr'>et,</span> <span class='ocrx_word' id='word_1_51' title='bbox 1165 610 1282 652; x_wconf 86' lang='lat' dir='ltr'>Cave</span> <span class='ocrx_word' id='word_1_52' title='bbox 1304 610 1416 651; x_wconf 84' lang='lat' dir='ltr'>faxis</span> 
     </span>
     <span class='ocr_line' id='line_1_11' title="bbox 218 678 1575 737; baseline -0.004 -13"><span class='ocrx_word' id='word_1_53' title='bbox 218 681 288 724; x_wconf 85' lang='lat' dir='ltr'>Te</span> <span class='ocrx_word' id='word_1_54' title='bbox 308 682 545 737; x_wconf 86' lang='lat' dir='ltr'>quidquam</span> <span class='ocrx_word' id='word_1_55' title='bbox 567 682 819 737; x_wconf 86' lang='lat' dir='ltr'>indignum:</span> <span class='ocrx_word' id='word_1_56' title='bbox 851 680 998 736; x_wconf 89' lang='lat' dir='ltr'>pudor</span> <span class='ocrx_word' id='word_1_57' title='bbox 1020 679 1194 734; x_wconf 85' lang='lat' dir='ltr'>(inquit)</span> <span class='ocrx_word' id='word_1_58' title='bbox 1217 686 1260 720; x_wconf 86' lang='lat' dir='ltr'>te</span> <span class='ocrx_word' id='word_1_59' title='bbox 1282 678 1418 720; x_wconf 86' lang='lat' dir='ltr'>malus</span> <span class='ocrx_word' id='word_1_60' title='bbox 1442 679 1575 735; x_wconf 80' lang='lat' dir='ltr'>angit,</span> 
     </span>
     <span class='ocr_line' id='line_1_12' title="bbox 130 747 1217 805; baseline -0.003 -14"><span class='ocrx_word' id='word_1_61' title='bbox 130 749 190 803; x_wconf 67' lang='lat'>40</span> <span class='ocrx_word' id='word_1_62' title='bbox 222 749 404 792; x_wconf 83' lang='lat' dir='ltr'>Insanos</span> <span class='ocrx_word' id='word_1_63' title='bbox 425 750 501 805; x_wconf 89' lang='lat' dir='ltr'>qui</span> <span class='ocrx_word' id='word_1_64' title='bbox 521 750 633 791; x_wconf 88' lang='lat' dir='ltr'>inter</span> <span class='ocrx_word' id='word_1_65' title='bbox 653 764 830 791; x_wconf 86' lang='lat' dir='ltr'>vereare</span> <span class='ocrx_word' id='word_1_66' title='bbox 851 749 1030 790; x_wconf 85' lang='lat' dir='ltr'>insanus</span> <span class='ocrx_word' id='word_1_67' title='bbox 1050 747 1217 789; x_wconf 86' lang='lat' dir='ltr'>haberi.</span> 
     </span>
     <span class='ocr_line' id='line_1_13' title="bbox 67 803 1590 874; baseline -0.001 -14"><span class='ocrx_word' id='word_1_68' title='bbox 67 803 77 810; x_wconf 41' lang='lat'><strong>⁴</strong></span> <span class='ocrx_word' id='word_1_69' title='bbox 219 817 412 861; x_wconf 85' lang='lat' dir='ltr'>Primum</span> <span class='ocrx_word' id='word_1_70' title='bbox 435 833 534 860; x_wconf 87' lang='lat' dir='ltr'>nam</span> <span class='ocrx_word' id='word_1_71' title='bbox 555 819 783 874; x_wconf 88' lang='lat' dir='ltr'>inquiram,</span> <span class='ocrx_word' id='word_1_72' title='bbox 806 817 914 873; x_wconf 91' lang='lat' dir='ltr'>quid</span> <span class='ocrx_word' id='word_1_73' title='bbox 937 818 991 858; x_wconf 85' lang='lat' dir='ltr'>sit</span> <span class='ocrx_word' id='word_1_74' title='bbox 1013 816 1158 858; x_wconf 85' lang='lat' dir='ltr'>furere</span> <span class='ocrx_word' id='word_1_75' title='bbox 1177 833 1186 866; x_wconf 84' lang='lat'>3</span> <span class='ocrx_word' id='word_1_76' title='bbox 1218 815 1304 857; x_wconf 89' lang='lat' dir='ltr'>hoc</span> <span class='ocrx_word' id='word_1_77' title='bbox 1327 815 1363 856; x_wconf 90' lang='lat' dir='ltr'>si</span> <span class='ocrx_word' id='word_1_78' title='bbox 1383 815 1466 857; x_wconf 84' lang='lat' dir='ltr'>erit</span> <span class='ocrx_word' id='word_1_79' title='bbox 1482 815 1526 857; x_wconf 90' lang='lat' dir='ltr'>in</span> <span class='ocrx_word' id='word_1_80' title='bbox 1547 822 1590 858; x_wconf 90' lang='lat' dir='ltr'>te</span> 
     </span>
     <span class='ocr_line' id='line_1_14' title="bbox 220 884 1289 942; baseline -0.002 -15"><span class='ocrx_word' id='word_1_81' title='bbox 220 885 424 942; x_wconf 17' lang='lat' dir='ltr'>Solo,lnil</span> <span class='ocrx_word' id='word_1_82' title='bbox 444 888 580 938; x_wconf 88' lang='lat' dir='ltr'>verbi,</span> <span class='ocrx_word' id='word_1_83' title='bbox 604 902 758 942; x_wconf 90' lang='lat' dir='ltr'>pereas</span> <span class='ocrx_word' id='word_1_84' title='bbox 781 886 886 941; x_wconf 90' lang='lat' dir='ltr'>quin</span> <span class='ocrx_word' id='word_1_85' title='bbox 909 885 1094 935; x_wconf 86' lang='lat' dir='ltr'>fortiter,</span> <span class='ocrx_word' id='word_1_86' title='bbox 1117 884 1289 926; x_wconf 89' lang='lat' dir='ltr'>addam.</span> 
     </span>
     <span class='ocr_line' id='line_1_15' title="bbox 219 953 1412 1010; baseline -0.003 -13"><span class='ocrx_word' id='word_1_87' title='bbox 219 953 364 1002; x_wconf 84' lang='lat' dir='ltr'>Quem</span> <span class='ocrx_word' id='word_1_88' title='bbox 384 955 496 997; x_wconf 86' lang='lat' dir='ltr'>mala</span> <span class='ocrx_word' id='word_1_89' title='bbox 517 955 714 1006; x_wconf 88' lang='lat' dir='ltr'>stultitia,</span> <span class='ocrx_word' id='word_1_90' title='bbox 737 962 781 997; x_wconf 91' lang='lat' dir='ltr'>et</span> <span class='ocrx_word' id='word_1_91' title='bbox 803 968 1108 1010; x_wconf 88' lang='lat' dir='ltr'>quemcunque</span> <span class='ocrx_word' id='word_1_92' title='bbox 1130 953 1301 994; x_wconf 85' lang='lat' dir='ltr'>inscitia</span> <span class='ocrx_word' id='word_1_93' title='bbox 1322 953 1412 994; x_wconf 87' lang='lat' dir='ltr'>veri</span> 
     </span>
     <span class='ocr_line' id='line_1_16' title="bbox 220 1022 1423 1080; baseline -0.002 -16"><span class='ocrx_word' id='word_1_94' title='bbox 220 1022 396 1066; x_wconf 85' lang='lat' dir='ltr'>Caecum</span> <span class='ocrx_word' id='word_1_95' title='bbox 417 1025 523 1080; x_wconf 85' lang='lat' dir='ltr'>agit,</span> <span class='ocrx_word' id='word_1_96' title='bbox 545 1025 746 1066; x_wconf 88' lang='lat' dir='ltr'>insanum</span> <span class='ocrx_word' id='word_1_97' title='bbox 769 1023 1009 1078; x_wconf 87' lang='lat' dir='ltr'>Chrysippi</span> <span class='ocrx_word' id='word_1_98' title='bbox 1030 1022 1226 1077; x_wconf 88' lang='lat' dir='ltr'>porticus</span> <span class='ocrx_word' id='word_1_99' title='bbox 1248 1028 1292 1062; x_wconf 88' lang='lat' dir='ltr'>et</span> <span class='ocrx_word' id='word_1_100' title='bbox 1313 1036 1423 1076; x_wconf 85' lang='lat' dir='ltr'>grex</span> 
     </span>
     <span class='ocr_line' id='line_1_17' title="bbox 131 1089 1532 1148; baseline 0 -16"><span class='ocrx_word' id='word_1_101' title='bbox 131 1090 189 1132; x_wconf 86' lang='lat'>45</span> <span class='ocrx_word' id='word_1_102' title='bbox 219 1089 449 1133; x_wconf 87' lang='lat' dir='ltr'>Autumat.</span> <span class='ocrx_word' id='word_1_103' title='bbox 507 1092 620 1135; x_wconf 83' lang='lat' dir='ltr'>Haec</span> <span class='ocrx_word' id='word_1_104' title='bbox 642 1092 844 1148; x_wconf 88' lang='lat' dir='ltr'>populos,</span> <span class='ocrx_word' id='word_1_105' title='bbox 866 1091 962 1132; x_wconf 86' lang='lat' dir='ltr'>haec</span> <span class='ocrx_word' id='word_1_106' title='bbox 983 1106 1163 1146; x_wconf 86' lang='lat' dir='ltr'>magnos</span> <span class='ocrx_word' id='word_1_107' title='bbox 1184 1090 1369 1132; x_wconf 83' lang='lat' dir='ltr'>formula</span> <span class='ocrx_word' id='word_1_108' title='bbox 1389 1105 1532 1146; x_wconf 86' lang='lat' dir='ltr'>reges,</span> 
     </span>
    </p>
   </div>
   <div class='ocr_carea' id='block_1_6' title="bbox 91 1223 855 2387">
    <p class='ocr_par' dir='ltr' id='par_1_6' title="bbox 102 1223 855 1309">
     <span class='ocr_line' id='line_1_18' title="bbox 102 1223 855 1264; baseline 0.004 -10"><span class='ocrx_word' id='word_1_109' title='bbox 102 1229 218 1255; x_wconf 83' lang='lat' dir='ltr'>carnut</span> <span class='ocrx_word' id='word_1_110' title='bbox 246 1223 381 1256; x_wconf 85' lang='lat' dir='ltr'>alterum</span> <span class='ocrx_word' id='word_1_111' title='bbox 419 1226 627 1264; x_wconf 83' lang='lat' dir='ltr'>Mercurium,</span> <span class='ocrx_word' id='word_1_112' title='bbox 669 1231 855 1258; x_wconf 84' lang='lat' dir='ltr'>mercaturae</span> 
     </span>
     <span class='ocr_line' id='line_1_19' title="bbox 102 1266 378 1309; baseline 0.011 -13"><span class='ocrx_word' id='word_1_113' title='bbox 102 1266 282 1309; x_wconf 62' lang='lat' dir='ltr'>praesidem.</span> <span class='ocrx_word' id='word_1_114' title='bbox 374 1300 378 1308; x_wconf 68' lang='grc'>,</span> 
     </span>
    </p>

    <p class='ocr_par' dir='ltr' id='par_1_7' title="bbox 102 1309 854 1609">
     <span class='ocr_line' id='line_1_20' title="bbox 145 1309 854 1347; baseline 0.001 -7"><span class='ocrx_word' id='word_1_115' title='bbox 145 1309 200 1341; x_wconf 82' lang='lat'>27.</span> <span class='ocrx_word' id='word_1_116' title='bbox 223 1309 471 1347; x_wconf 79' lang='lat' dir='ltr'>Morbi—illins,</span> <span class='ocrx_word' id='word_1_117' title='bbox 488 1311 593 1342; x_wconf 85' lang='lat' dir='ltr'>insani</span> <span class='ocrx_word' id='word_1_118' title='bbox 617 1311 705 1342; x_wconf 88' lang='lat' dir='ltr'>illius</span> <span class='ocrx_word' id='word_1_119' title='bbox 727 1311 854 1343; x_wconf 89' lang='lat' dir='ltr'>emendi</span> 
     </span>
     <span class='ocr_line' id='line_1_21' title="bbox 102 1351 854 1395; baseline 0.001 -11"><span class='ocrx_word' id='word_1_120' title='bbox 102 1351 330 1395; x_wconf 78' lang='lat' dir='ltr'>vendendique</span> <span class='ocrx_word' id='word_1_121' title='bbox 359 1353 467 1384; x_wconf 79' lang='lat' dir='ltr'>studii.</span> <span class='ocrx_word' id='word_1_122' title='bbox 513 1355 654 1390; x_wconf 79' lang='lat' dir='ltr'>Morbus,</span> <span class='ocrx_word' id='word_1_123' title='bbox 682 1360 718 1385; x_wconf 88' lang='lat' dir='ltr'>ut</span> <span class='ocrx_word' id='word_1_124' title='bbox 750 1354 854 1392; x_wconf 85' lang='grc' dir='ltr'><strong><em>νόσος</em></strong></span> 
     </span>
     <span class='ocr_line' id='line_1_22' title="bbox 103 1395 852 1439; baseline 0.003 -13"><span class='ocrx_word' id='word_1_125' title='bbox 103 1395 187 1438; x_wconf 72' lang='lat' dir='ltr'>apud</span> <span class='ocrx_word' id='word_1_126' title='bbox 203 1395 346 1431; x_wconf 73' lang='lat' dir='ltr'>Graecos,</span> <span class='ocrx_word' id='word_1_127' title='bbox 362 1405 426 1428; x_wconf 89' lang='lat' dir='ltr'>non</span> <span class='ocrx_word' id='word_1_128' title='bbox 441 1407 510 1428; x_wconf 87' lang='lat' dir='ltr'>raro</span> <span class='ocrx_word' id='word_1_129' title='bbox 525 1397 566 1428; x_wconf 91' lang='lat' dir='ltr'>de</span> <span class='ocrx_word' id='word_1_130' title='bbox 582 1397 666 1428; x_wconf 82' lang='lat' dir='ltr'>vitiis</span> <span class='ocrx_word' id='word_1_131' title='bbox 681 1403 713 1428; x_wconf 87' lang='lat' dir='ltr'>et</span> <span class='ocrx_word' id='word_1_132' title='bbox 727 1397 852 1439; x_wconf 89' lang='lat' dir='ltr'>cupidi-</span> 
     </span>
     <span class='ocr_line' id='line_1_23' title="bbox 102 1437 852 1489; baseline 0.003 -19"><span class='ocrx_word' id='word_1_133' title='bbox 102 1437 232 1470; x_wconf 81' lang='lat' dir='ltr'>tatibus.</span> <span class='ocrx_word' id='word_1_134' title='bbox 255 1439 409 1481; x_wconf 80' lang='lat' dir='ltr'>Purgare,</span> <span class='ocrx_word' id='word_1_135' title='bbox 421 1440 537 1477; x_wconf 82' lang='lat' dir='ltr'>Graece</span> <span class='ocrx_word' id='word_1_136' title='bbox 552 1440 852 1489; x_wconf 79' lang='grc' dir='ltr'>(ἀποκαθαίρειν),</span> 
     </span>
     <span class='ocr_line' id='line_1_24' title="bbox 102 1480 852 1525; baseline 0.001 -12"><span class='ocrx_word' id='word_1_137' title='bbox 102 1491 176 1513; x_wconf 85' lang='lat' dir='ltr'>cum</span> <span class='ocrx_word' id='word_1_138' title='bbox 193 1480 344 1523; x_wconf 83' lang='lat' dir='ltr'>genitivo,</span> <span class='ocrx_word' id='word_1_139' title='bbox 360 1488 397 1513; x_wconf 86' lang='lat' dir='ltr'>ut</span> <span class='ocrx_word' id='word_1_140' title='bbox 412 1483 497 1525; x_wconf 87' lang='lat' dir='ltr'>apud</span> <span class='ocrx_word' id='word_1_141' title='bbox 514 1484 638 1515; x_wconf 88' lang='lat' dir='ltr'>Livium</span> <span class='ocrx_word' id='word_1_142' title='bbox 658 1484 780 1520; x_wconf 83' lang='lat' dir='ltr'>xxxvii,</span> <span class='ocrx_word' id='word_1_143' title='bbox 797 1485 852 1521; x_wconf 82' lang='lat'>28,</span> 
     </span>
     <span class='ocr_line' id='line_1_25' title="bbox 104 1524 852 1570; baseline 0.004 -15"><span class='ocrx_word' id='word_1_144' title='bbox 104 1524 224 1560; x_wconf 73' lang='lat' dir='ltr'>Quibus</span> <span class='ocrx_word' id='word_1_145' title='bbox 247 1527 455 1567; x_wconf 75' lang='lat' dir='ltr'>purgantibus</span> <span class='ocrx_word' id='word_1_146' title='bbox 479 1528 633 1558; x_wconf 74' lang='lat' dir='ltr'>civitatem</span> <span class='ocrx_word' id='word_1_147' title='bbox 657 1529 751 1558; x_wconf 84' lang='lat' dir='ltr'>omnis</span> <span class='ocrx_word' id='word_1_148' title='bbox 764 1527 852 1570; x_wconf 68' lang='lat' dir='ltr'>jacti</span> 
     </span>
     <span class='ocr_line' id='line_1_26' title="bbox 102 1567 700 1609; baseline 0.005 -11"><span class='ocrx_word' id='word_1_149' title='bbox 102 1569 237 1609; x_wconf 73' lang='lat' dir='ltr'>dictique</span> <span class='ocrx_word' id='word_1_150' title='bbox 251 1567 368 1599; x_wconf 65' lang='lat' dir='ltr'>hostilis</span> <span class='ocrx_word' id='word_1_151' title='bbox 382 1570 526 1600; x_wconf 78' lang='lat' dir='ltr'>adversus</span> <span class='ocrx_word' id='word_1_152' title='bbox 544 1571 700 1601; x_wconf 75' lang='lat' dir='ltr'>Romanos.</span> 
     </span>
    </p>

    <p class='ocr_par' dir='ltr' id='par_1_8' title="bbox 103 1611 854 1741">
     <span class='ocr_line' id='line_1_27' title="bbox 146 1611 854 1656; baseline 0.003 -14"><span class='ocrx_word' id='word_1_153' title='bbox 146 1612 203 1643; x_wconf 80' lang='lat'>28.</span> <span class='ocrx_word' id='word_1_154' title='bbox 242 1611 364 1642; x_wconf 78' lang='lat' dir='ltr'>Novus.-</span> <span class='ocrx_word' id='word_1_155' title='bbox 403 1622 519 1643; x_wconf 87' lang='lat' dir='ltr'>uovum</span> <span class='ocrx_word' id='word_1_156' title='bbox 556 1613 709 1650; x_wconf 87' lang='lat' dir='ltr'>studium,</span> <span class='ocrx_word' id='word_1_157' title='bbox 742 1623 854 1656; x_wconf 82' lang='lat' dir='ltr'>nempe</span> 
     </span>
     <span class='ocr_line' id='line_1_28' title="bbox 103 1652 854 1697; baseline 0.004 -13"><span class='ocrx_word' id='word_1_158' title='bbox 103 1652 317 1697; x_wconf 82' lang='lat' dir='ltr'>pbilosophiae</span> <span class='ocrx_word' id='word_1_159' title='bbox 329 1654 464 1694; x_wconf 79' lang='lat' dir='ltr'>Stoicae3</span> <span class='ocrx_word' id='word_1_160' title='bbox 482 1666 599 1687; x_wconf 89' lang='lat' dir='ltr'>novum</span> <span class='ocrx_word' id='word_1_161' title='bbox 613 1655 708 1697; x_wconf 88' lang='lat' dir='ltr'>igitur</span> <span class='ocrx_word' id='word_1_162' title='bbox 719 1656 854 1687; x_wconf 86' lang='lat' dir='ltr'>insauiae</span> 
     </span>
     <span class='ocr_line' id='line_1_29' title="bbox 105 1697 776 1741; baseline 0.004 -14"><span class='ocrx_word' id='word_1_163' title='bbox 105 1706 228 1740; x_wconf 80' lang='lat' dir='ltr'>genus3</span> <span class='ocrx_word' id='word_1_164' title='bbox 254 1708 324 1728; x_wconf 85' lang='lat' dir='ltr'>narn</span> <span class='ocrx_word' id='word_1_165' title='bbox 341 1697 439 1729; x_wconf 72' lang='lat' dir='ltr'>Stoici</span> <span class='ocrx_word' id='word_1_166' title='bbox 455 1709 581 1741; x_wconf 86' lang='lat' dir='ltr'>quoque</span> <span class='ocrx_word' id='word_1_167' title='bbox 597 1699 776 1731; x_wconf 87' lang='lat' dir='ltr'>insaniunt.</span> 
     </span>
    </p>

    <p class='ocr_par' dir='ltr' id='par_1_9' title="bbox 91 1739 855 2166">
     <span class='ocr_line' id='line_1_30' title="bbox 147 1739 855 1785; baseline 0 -12"><span class='ocrx_word' id='word_1_168' title='bbox 147 1741 203 1773; x_wconf 79' lang='lat'>29.</span> <span class='ocrx_word' id='word_1_169' title='bbox 228 1739 534 1782; x_wconf 73' lang='lat' dir='ltr'>Trajecm—dolme:</span> <span class='ocrx_word' id='word_1_170' title='bbox 555 1742 773 1785; x_wconf 84' lang='lat' dir='ltr'>Damasippus</span> <span class='ocrx_word' id='word_1_171' title='bbox 785 1742 855 1773; x_wconf 91' lang='lat' dir='ltr'>vult</span> 
     </span>
     <span class='ocr_line' id='line_1_31' title="bbox 91 1781 852 1826; baseline 0.003 -12"><span class='ocrx_word' id='word_1_172' title='bbox 91 1781 220 1822; x_wconf 55' lang='lat' dir='ltr'>dicere,</span> <span class='ocrx_word' id='word_1_173' title='bbox 246 1790 414 1826; x_wconf 86' lang='lat' dir='ltr'>postquam</span> <span class='ocrx_word' id='word_1_174' title='bbox 438 1795 477 1816; x_wconf 84' lang='lat' dir='ltr'>ex</span> <span class='ocrx_word' id='word_1_175' title='bbox 503 1786 608 1816; x_wconf 90' lang='lat' dir='ltr'>auimo</span> <span class='ocrx_word' id='word_1_176' title='bbox 630 1796 700 1816; x_wconf 88' lang='lat' dir='ltr'>meo</span> <span class='ocrx_word' id='word_1_177' title='bbox 721 1786 852 1817; x_wconf 89' lang='lat' dir='ltr'>nimium</span> 
     </span>
     <span class='ocr_line' id='line_1_32' title="bbox 103 1826 853 1870; baseline 0 -12"><span class='ocrx_word' id='word_1_178' title='bbox 103 1826 208 1858; x_wconf 78' lang='lat' dir='ltr'>omnia</span> <span class='ocrx_word' id='word_1_179' title='bbox 225 1827 392 1858; x_wconf 88' lang='lat' dir='ltr'>coemendi</span> <span class='ocrx_word' id='word_1_180' title='bbox 407 1827 548 1858; x_wconf 85' lang='lat' dir='ltr'>studium</span> <span class='ocrx_word' id='word_1_181' title='bbox 564 1828 684 1870; x_wconf 86' lang='lat' dir='ltr'>expuli,</span> <span class='ocrx_word' id='word_1_182' title='bbox 699 1839 787 1860; x_wconf 83' lang='lat' dir='ltr'>novae</span> <span class='ocrx_word' id='word_1_183' title='bbox 799 1828 853 1864; x_wconf 88' lang='lat' dir='ltr'>rei,</span> 
     </span>
     <span class='ocr_line' id='line_1_33' title="bbox 103 1869 853 1914; baseline 0.003 -14"><span class='ocrx_word' id='word_1_184' title='bbox 103 1869 315 1912; x_wconf 84' lang='lat' dir='ltr'>philosophiae</span> <span class='ocrx_word' id='word_1_185' title='bbox 329 1870 457 1906; x_wconf 83' lang='lat' dir='ltr'>Stoicae,</span> <span class='ocrx_word' id='word_1_186' title='bbox 473 1872 577 1902; x_wconf 87' lang='lat' dir='ltr'>studio</span> <span class='ocrx_word' id='word_1_187' title='bbox 594 1882 642 1903; x_wconf 86' lang='lat' dir='ltr'>me</span> <span class='ocrx_word' id='word_1_188' title='bbox 658 1871 759 1914; x_wconf 80' lang='lat' dir='ltr'>abripi</span> <span class='ocrx_word' id='word_1_189' title='bbox 782 1882 853 1914; x_wconf 83' lang='lat' dir='ltr'>pas-</span> 
     </span>
     <span class='ocr_line' id='line_1_34' title="bbox 103 1915 852 1962; baseline 0.003 -19"><span class='ocrx_word' id='word_1_190' title='bbox 103 1922 159 1944; x_wconf 80' lang='lat' dir='ltr'>sus</span> <span class='ocrx_word' id='word_1_191' title='bbox 174 1923 266 1952; x_wconf 85' lang='lat' dir='ltr'>sum;</span> <span class='ocrx_word' id='word_1_192' title='bbox 289 1923 345 1962; x_wconf 87' lang='lat' dir='ltr'>pro</span> <span class='ocrx_word' id='word_1_193' title='bbox 359 1924 408 1950; x_wconf 87' lang='lat' dir='ltr'>eo,</span> <span class='ocrx_word' id='word_1_194' title='bbox 424 1919 461 1945; x_wconf 88' lang='lat' dir='ltr'>ut</span> <span class='ocrx_word' id='word_1_195' title='bbox 476 1915 536 1945; x_wconf 83' lang='lat' dir='ltr'>sibi</span> <span class='ocrx_word' id='word_1_196' title='bbox 551 1920 677 1946; x_wconf 86' lang='lat' dir='ltr'>constet</span> <span class='ocrx_word' id='word_1_197' title='bbox 699 1915 731 1946; x_wconf 88' lang='lat' dir='ltr'>in</span> <span class='ocrx_word' id='word_1_198' title='bbox 755 1920 852 1947; x_wconf 88' lang='lat' dir='ltr'>meta-</span> 
     </span>
     <span class='ocr_line' id='line_1_35' title="bbox 104 1955 853 1999; baseline 0.001 -12"><span class='ocrx_word' id='word_1_199' title='bbox 104 1955 215 1998; x_wconf 79' lang='lat' dir='ltr'>phora,</span> <span class='ocrx_word' id='word_1_200' title='bbox 232 1956 326 1992; x_wconf 77' lang='lat' dir='ltr'>dixit.</span> <span class='ocrx_word' id='word_1_201' title='bbox 342 1967 381 1988; x_wconf 89' lang='lat' dir='ltr'>ex</span> <span class='ocrx_word' id='word_1_202' title='bbox 394 1956 561 1999; x_wconf 75' lang='lat' dir='ltr'>pleuritico</span> <span class='ocrx_word' id='word_1_203' title='bbox 577 1958 678 1989; x_wconf 84' lang='lat' dir='ltr'>factus</span> <span class='ocrx_word' id='word_1_204' title='bbox 693 1970 761 1989; x_wconf 85' lang='lat' dir='ltr'>sum</span> <span class='ocrx_word' id='word_1_205' title='bbox 785 1969 853 1990; x_wconf 85' lang='lat' dir='ltr'>car-</span> 
     </span>
     <span class='ocr_line' id='line_1_36' title="bbox 105 1998 855 2041; baseline 0.003 -11"><span class='ocrx_word' id='word_1_206' title='bbox 105 1998 229 2030; x_wconf 81' lang='lat' dir='ltr'>diacus.</span> <span class='ocrx_word' id='word_1_207' title='bbox 277 1998 438 2041; x_wconf 70' lang='lat' dir='ltr'>Trcy&#39;ectot</span> <span class='ocrx_word' id='word_1_208' title='bbox 463 2011 520 2031; x_wconf 88' lang='lat' dir='ltr'>nos</span> <span class='ocrx_word' id='word_1_209' title='bbox 536 2001 674 2032; x_wconf 87' lang='lat' dir='ltr'>etiamin</span> <span class='ocrx_word' id='word_1_210' title='bbox 687 2001 855 2033; x_wconf 75' lang='lat' dir='ltr'>vernacula</span> 
     </span>
     <span class='ocr_line' id='line_1_37' title="bbox 105 2040 854 2081; baseline 0.004 -9"><span class='ocrx_word' id='word_1_211' title='bbox 105 2040 212 2074; x_wconf 80' lang='lat' dir='ltr'>dicere</span> <span class='ocrx_word' id='word_1_212' title='bbox 227 2042 377 2079; x_wconf 77' lang='lat' dir='ltr'>solemuS,</span> <span class='ocrx_word' id='word_1_213' title='bbox 401 2043 462 2074; x_wconf 81' lang='lat' dir='ltr'>Die</span> <span class='ocrx_word' id='word_1_214' title='bbox 485 2043 659 2076; x_wconf 68' lang='lat' dir='ltr'>Krankhffl&#39;t</span> <span class='ocrx_word' id='word_1_215' title='bbox 684 2046 771 2081; x_wconf 70' lang='lat' dir='ltr'>wirt&#39;t</span> <span class='ocrx_word' id='word_1_216' title='bbox 791 2046 854 2075; x_wconf 82' lang='lat' dir='ltr'>sich</span> 
     </span>
     <span class='ocr_line' id='line_1_38' title="bbox 108 2081 853 2133; baseline 0.001 -16"><span class='ocrx_word' id='word_1_217' title='bbox 108 2084 173 2133; x_wconf 77' lang='lat' dir='ltr'>auf</span> <span class='ocrx_word' id='word_1_218' title='bbox 178 2086 266 2116; x_wconf 80' lang='lat' dir='ltr'>einen</span> <span class='ocrx_word' id='word_1_219' title='bbox 276 2088 392 2117; x_wconf 81' lang='lat' dir='ltr'>andern</span> <span class='ocrx_word' id='word_1_220' title='bbox 404 2086 489 2117; x_wconf 80' lang='lat' dir='ltr'>Theil</span> <span class='ocrx_word' id='word_1_221' title='bbox 497 2088 546 2118; x_wconf 82' lang='lat' dir='ltr'>des</span> <span class='ocrx_word' id='word_1_222' title='bbox 560 2088 702 2128; x_wconf 66' lang='lat' dir='ltr'>li&#39;iirpers.</span> <span class='ocrx_word' id='word_1_223' title='bbox 728 2081 853 2119; x_wconf 73' lang='lat' dir='ltr'>Miseri.-</span> 
     </span>
     <span class='ocr_line' id='line_1_39' title="bbox 106 2127 681 2166; baseline 0.009 -8"><span class='ocrx_word' id='word_1_224' title='bbox 106 2137 230 2164; x_wconf 81' lang='lat' dir='ltr'>misere,</span> <span class='ocrx_word' id='word_1_225' title='bbox 248 2127 281 2159; x_wconf 89' lang='lat' dir='ltr'>h.</span> <span class='ocrx_word' id='word_1_226' title='bbox 298 2138 327 2160; x_wconf 83' lang='lat' dir='ltr'>e.</span> <span class='ocrx_word' id='word_1_227' title='bbox 344 2129 448 2166; x_wconf 84' lang='lat' dir='ltr'>valde,</span> <span class='ocrx_word' id='word_1_228' title='bbox 466 2131 549 2162; x_wconf 89' lang='lat' dir='ltr'>male</span> <span class='ocrx_word' id='word_1_229' title='bbox 563 2131 681 2163; x_wconf 82' lang='lat' dir='ltr'>affecti.</span> 
     </span>
    </p>

    <p class='ocr_par' dir='ltr' id='par_1_10' title="bbox 104 2171 854 2387">
     <span class='ocr_line' id='line_1_40' title="bbox 151 2171 854 2214; baseline 0.003 -12"><span class='ocrx_word' id='word_1_230' title='bbox 151 2171 208 2203; x_wconf 84' lang='grc'>30.</span> <span class='ocrx_word' id='word_1_231' title='bbox 239 2171 283 2203; x_wconf 75' lang='lat' dir='ltr'>Ut</span> <span class='ocrx_word' id='word_1_232' title='bbox 299 2172 485 2214; x_wconf 74' lang='lat' dir='ltr'>lethargicus</span> <span class='ocrx_word' id='word_1_233' title='bbox 500 2173 560 2209; x_wconf 70' lang='lat' dir='ltr'>hic,</span> <span class='ocrx_word' id='word_1_234' title='bbox 572 2180 645 2205; x_wconf 86' lang='lat' dir='ltr'>cett.</span> <span class='ocrx_word' id='word_1_235' title='bbox 661 2184 791 2206; x_wconf 87' lang='lat' dir='ltr'>sensus:</span> <span class='ocrx_word' id='word_1_236' title='bbox 818 2179 854 2204; x_wconf 87' lang='lat' dir='ltr'>ut</span> 
     </span>
     <span class='ocr_line' id='line_1_41' title="bbox 106 2213 851 2264; baseline 0.004 -19"><span class='ocrx_word' id='word_1_237' title='bbox 106 2213 172 2246; x_wconf 75' lang='lat' dir='ltr'>fere</span> <span class='ocrx_word' id='word_1_238' title='bbox 194 2215 262 2264; x_wconf 72' lang='lat' dir='ltr'>(hic</span> <span class='ocrx_word' id='word_1_239' title='bbox 287 2213 352 2246; x_wconf 86' lang='lat' dir='ltr'>vid.</span> <span class='ocrx_word' id='word_1_240' title='bbox 378 2216 419 2247; x_wconf 82' lang='lat' dir='ltr'>ad</span> <span class='ocrx_word' id='word_1_241' title='bbox 440 2227 471 2247; x_wconf 84' lang='lat' dir='ltr'>v.</span> <span class='ocrx_word' id='word_1_242' title='bbox 496 2217 558 2257; x_wconf 83' lang='lat'>23)</span> <span class='ocrx_word' id='word_1_243' title='bbox 580 2217 709 2259; x_wconf 85' lang='lat' dir='ltr'>aliquis,</span> <span class='ocrx_word' id='word_1_244' title='bbox 734 2216 788 2258; x_wconf 88' lang='lat' dir='ltr'>qui</span> <span class='ocrx_word' id='word_1_245' title='bbox 806 2216 851 2248; x_wconf 87' lang='lat' dir='ltr'>le·</span> 
     </span>
     <span class='ocr_line' id='line_1_42' title="bbox 106 2255 853 2302; baseline 0.003 -14"><span class='ocrx_word' id='word_1_246' title='bbox 106 2255 231 2299; x_wconf 66' lang='lat' dir='ltr'>{burg-ra</span> <span class='ocrx_word' id='word_1_247' title='bbox 248 2257 383 2296; x_wconf 75' lang='lat' dir='ltr'>laborat,</span> <span class='ocrx_word' id='word_1_248' title='bbox 400 2269 474 2290; x_wconf 88' lang='lat' dir='ltr'>cum</span> <span class='ocrx_word' id='word_1_249' title='bbox 491 2270 530 2291; x_wconf 87' lang='lat' dir='ltr'>ex</span> <span class='ocrx_word' id='word_1_250' title='bbox 553 2260 727 2302; x_wconf 84' lang='lat' dir='ltr'>lethargico</span> <span class='ocrx_word' id='word_1_251' title='bbox 750 2260 853 2291; x_wconf 82' lang='lat' dir='ltr'>factus</span> 
     </span>
     <span class='ocr_line' id='line_1_43' title="bbox 105 2300 853 2344; baseline 0.003 -12"><span class='ocrx_word' id='word_1_252' title='bbox 105 2305 156 2332; x_wconf 70' lang='lat' dir='ltr'>est</span> <span class='ocrx_word' id='word_1_253' title='bbox 167 2300 380 2343; x_wconf 74' lang='lat' dir='ltr'>phreneticus,</span> <span class='ocrx_word' id='word_1_254' title='bbox 394 2301 512 2344; x_wconf 86' lang='lat' dir='ltr'>pugilis</span> <span class='ocrx_word' id='word_1_255' title='bbox 531 2303 632 2334; x_wconf 77' lang='lat' dir='ltr'>instar</span> <span class='ocrx_word' id='word_1_256' title='bbox 655 2302 718 2334; x_wconf 85' lang='lat' dir='ltr'>ruit</span> <span class='ocrx_word' id='word_1_257' title='bbox 740 2302 773 2333; x_wconf 86' lang='lat' dir='ltr'>in</span> <span class='ocrx_word' id='word_1_258' title='bbox 797 2303 853 2333; x_wconf 90' lang='lat' dir='ltr'>ob-</span> 
     </span>
     <span class='ocr_line' id='line_1_44' title="bbox 104 2344 853 2387; baseline 0.001 -12"><span class='ocrx_word' id='word_1_259' title='bbox 104 2347 237 2381; x_wconf 73' lang='lat' dir='ltr'>stantes,</span> <span class='ocrx_word' id='word_1_260' title='bbox 247 2349 280 2376; x_wconf 80' lang='lat' dir='ltr'>et</span> <span class='ocrx_word' id='word_1_261' title='bbox 293 2344 445 2387; x_wconf 88' lang='lat' dir='ltr'>impeturn</span> <span class='ocrx_word' id='word_1_262' title='bbox 461 2345 493 2376; x_wconf 90' lang='lat' dir='ltr'>in</span> <span class='ocrx_word' id='word_1_263' title='bbox 511 2346 668 2378; x_wconf 88' lang='lat' dir='ltr'>medicum</span> <span class='ocrx_word' id='word_1_264' title='bbox 681 2347 782 2378; x_wconf 79' lang='lat' dir='ltr'>facere</span> <span class='ocrx_word' id='word_1_265' title='bbox 794 2346 853 2376; x_wconf 90' lang='lat' dir='ltr'>mi-</span> 
     </span>
    </p>
   </div>
   <div class='ocr_carea' id='block_1_7' title="bbox 105 2388 850 2433">
    <p class='ocr_par' dir='ltr' id='par_1_11' title="bbox 3 2362 850 2433">
     <span class='ocr_line' id='line_1_45' title="bbox 105 2388 850 2433; baseline 0.002 -14.759"><span class='ocrx_word' id='word_1_266' title='bbox 105 2391 212 2419; x_wconf 68' lang='lat' dir='ltr'>nutor.</span> <span class='ocrx_word' id='word_1_267' title='bbox 259 2388 342 2420; x_wconf 87' lang='lat' dir='ltr'>Vult</span> <span class='ocrx_word' id='word_1_268' title='bbox 368 2388 464 2430; x_wconf 85' lang='lat' dir='ltr'>igitur</span> <span class='ocrx_word' id='word_1_269' title='bbox 494 2389 710 2433; x_wconf 85' lang='lat' dir='ltr'>Damasippus</span> <span class='ocrx_word' id='word_1_270' title='bbox 740 2389 850 2431; x_wconf 88' lang='lat' dir='ltr'>hujus-</span> 
     </span>
    </p>
   </div>
   <div class='ocr_carea' id='block_1_8' title="bbox 105 2429 856 2604">
    <p class='ocr_par' dir='ltr' id='par_1_12' title="bbox 105 2429 853 2550">
     <span class='ocr_line' id='line_1_46' title="bbox 105 2429 849 2474; baseline 0.004 -13"><span class='ocrx_word' id='word_1_271' title='bbox 105 2429 192 2462; x_wconf 79' lang='lat' dir='ltr'>modi</span> <span class='ocrx_word' id='word_1_272' title='bbox 207 2430 316 2472; x_wconf 68' lang='lat' dir='ltr'>egroti</span> <span class='ocrx_word' id='word_1_273' title='bbox 337 2432 571 2474; x_wconf 86' lang='lat' dir='ltr'>comparatione</span> <span class='ocrx_word' id='word_1_274' title='bbox 593 2433 769 2468; x_wconf 83' lang='lat' dir='ltr'>ostendere,</span> <span class='ocrx_word' id='word_1_275' title='bbox 794 2443 849 2463; x_wconf 91' lang='lat' dir='ltr'>no-</span> 
     </span>
     <span class='ocr_line' id='line_1_47' title="bbox 105 2475 853 2518; baseline 0.004 -14"><span class='ocrx_word' id='word_1_276' title='bbox 105 2482 194 2512; x_wconf 80' lang='lat' dir='ltr'>vum,</span> <span class='ocrx_word' id='word_1_277' title='bbox 217 2484 282 2516; x_wconf 90' lang='lat' dir='ltr'>quo</span> <span class='ocrx_word' id='word_1_278' title='bbox 306 2484 391 2506; x_wconf 88' lang='lat' dir='ltr'>nunc</span> <span class='ocrx_word' id='word_1_279' title='bbox 419 2475 566 2515; x_wconf 84' lang='lat' dir='ltr'>agitetur,</span> <span class='ocrx_word' id='word_1_280' title='bbox 592 2476 733 2507; x_wconf 87' lang='lat' dir='ltr'>studium</span> <span class='ocrx_word' id='word_1_281' title='bbox 758 2475 853 2518; x_wconf 86' lang='lat' dir='ltr'>longe</span> 
     </span>
     <span class='ocr_line' id='line_1_48' title="bbox 105 2513 557 2550; baseline 0.007 -4"><span class='ocrx_word' id='word_1_282' title='bbox 105 2513 163 2548; x_wconf 77' lang='lat' dir='ltr'>ino</span> <span class='ocrx_word' id='word_1_283' title='bbox 179 2522 280 2549; x_wconf 81' lang='lat' dir='ltr'>vetere</span> <span class='ocrx_word' id='word_1_284' title='bbox 295 2527 362 2548; x_wconf 86' lang='lat' dir='ltr'>esse</span> <span class='ocrx_word' id='word_1_285' title='bbox 374 2517 557 2550; x_wconf 84' lang='lat' dir='ltr'>ferventius.</span> 
     </span>
    </p>

    <p class='ocr_par' dir='ltr' id='par_1_13' title="bbox 150 2559 856 2604">
     <span class='ocr_line' id='line_1_49' title="bbox 150 2559 856 2604; baseline 0.004 -13"><span class='ocrx_word' id='word_1_286' title='bbox 150 2559 207 2592; x_wconf 77' lang='lat'>81.</span> <span class='ocrx_word' id='word_1_287' title='bbox 241 2560 327 2592; x_wconf 80' lang='lat' dir='ltr'>Dum</span> <span class='ocrx_word' id='word_1_288' title='bbox 352 2573 390 2592; x_wconf 83' lang='lat' dir='ltr'>ne</span> <span class='ocrx_word' id='word_1_289' title='bbox 415 2563 508 2602; x_wconf 78' lang='lat' dir='ltr'>quid:</span> <span class='ocrx_word' id='word_1_290' title='bbox 542 2561 594 2600; x_wconf 87' lang='lat' dir='ltr'>sis,</span> <span class='ocrx_word' id='word_1_291' title='bbox 618 2571 673 2604; x_wconf 86' lang='lat' dir='ltr'>per</span> <span class='ocrx_word' id='word_1_292' title='bbox 692 2573 742 2594; x_wconf 91' lang='lat' dir='ltr'>me</span> <span class='ocrx_word' id='word_1_293' title='bbox 769 2562 856 2600; x_wconf 88' lang='lat' dir='ltr'>licet,</span> 
     </span>
    </p>
   </div>
   <div class='ocr_carea' id='block_1_9' title="bbox 2 2594 856 2652">
    <p class='ocr_par' dir='ltr' id='par_1_14' title="bbox 2 2594 856 2652">
     <span class='ocr_line' id='line_1_50' title="bbox 2 2594 856 2652; baseline 0.004 -18"><span class='ocrx_word' id='word_1_294' title='bbox 2 2594 45 2620; x_wconf 45' lang='lat'>²¹⁹·</span> <span class='ocrx_word' id='word_1_295' title='bbox 107 2602 295 2652; x_wconf 66' lang='lat' dir='ltr'>quicunque</span> <span class='ocrx_word' id='word_1_296' title='bbox 307 2614 376 2636; x_wconf 84' lang='lat' dir='ltr'>esse</span> <span class='ocrx_word' id='word_1_297' title='bbox 392 2603 495 2646; x_wconf 87' lang='lat' dir='ltr'>cupis,</span> <span class='ocrx_word' id='word_1_298' title='bbox 510 2606 603 2636; x_wconf 88' lang='lat' dir='ltr'>modo</span> <span class='ocrx_word' id='word_1_299' title='bbox 615 2615 655 2635; x_wconf 88' lang='lat' dir='ltr'>ne</span> <span class='ocrx_word' id='word_1_300' title='bbox 664 2605 742 2646; x_wconf 88' lang='lat' dir='ltr'>quid</span> <span class='ocrx_word' id='word_1_301' title='bbox 757 2605 856 2637; x_wconf 80' lang='lat' dir='ltr'>facias</span> 
     </span>
    </p>
   </div>
   <div class='ocr_carea' id='block_1_10' title="bbox 2 2645 859 3035">
    <p class='ocr_par' dir='ltr' id='par_1_15' title="bbox 2 2645 859 3035">
     <span class='ocr_line' id='line_1_51' title="bbox 105 2645 856 2691; baseline 0.003 -13"><span class='ocrx_word' id='word_1_302' title='bbox 105 2645 213 2679; x_wconf 57' lang='lat' dir='ltr'>”mile</span> <span class='ocrx_word' id='word_1_303' title='bbox 227 2647 336 2687; x_wconf 77' lang='lat' dir='ltr'>(huic)</span> <span class='ocrx_word' id='word_1_304' title='bbox 352 2646 537 2690; x_wconf 83' lang='lat' dir='ltr'>phrenetico</span> <span class='ocrx_word' id='word_1_305' title='bbox 553 2647 666 2691; x_wconf 84' lang='lat' dir='ltr'>pugili,</span> <span class='ocrx_word' id='word_1_306' title='bbox 679 2649 710 2679; x_wconf 85' lang='lat' dir='ltr'>b.</span> <span class='ocrx_word' id='word_1_307' title='bbox 720 2659 750 2680; x_wconf 86' lang='lat' dir='ltr'>e.</span> <span class='ocrx_word' id='word_1_308' title='bbox 763 2648 856 2680; x_wconf 88' lang='lat' dir='ltr'>modo</span> 
     </span>
     <span class='ocr_line' id='line_1_52' title="bbox 103 2689 857 2734; baseline 0.004 -14"><span class='ocrx_word' id='word_1_309' title='bbox 103 2696 151 2720; x_wconf 64' lang='grc' dir='ltr'>ξιιι</span> <span class='ocrx_word' id='word_1_310' title='bbox 175 2693 206 2721; x_wconf 77' lang='lat' dir='ltr'>te</span> <span class='ocrx_word' id='word_1_311' title='bbox 229 2689 317 2722; x_wconf 79' lang='lat' dir='ltr'>furor</span> <span class='ocrx_word' id='word_1_312' title='bbox 339 2689 372 2722; x_wconf 90' lang='lat' dir='ltr'>in</span> <span class='ocrx_word' id='word_1_313' title='bbox 396 2701 448 2722; x_wconf 86' lang='lat' dir='ltr'>me</span> <span class='ocrx_word' id='word_1_314' title='bbox 473 2698 559 2732; x_wconf 86' lang='lat' dir='ltr'>agat.</span> <span class='ocrx_word' id='word_1_315' title='bbox 606 2691 715 2722; x_wconf 84' lang='lat' dir='ltr'>Possis</span> <span class='ocrx_word' id='word_1_316' title='bbox 730 2702 857 2734; x_wconf 88' lang='lat' dir='ltr'>quoque</span> 
     </span>
     <span class='ocr_line' id='line_1_53' title="bbox 2 2730 856 2776; baseline 0.005 -14"><span class='ocrx_word' id='word_1_317' title='bbox 2 2738 55 2770; x_wconf 51' lang='lat'>¹322</span> <span class='ocrx_word' id='word_1_318' title='bbox 108 2730 194 2770; x_wconf 65' lang='lat' dir='ltr'>huie,</span> <span class='ocrx_word' id='word_1_319' title='bbox 210 2731 287 2764; x_wconf 87' lang='lat' dir='ltr'>dum</span> <span class='ocrx_word' id='word_1_320' title='bbox 305 2733 456 2765; x_wconf 81' lang='lat' dir='ltr'>Horatius</span> <span class='ocrx_word' id='word_1_321' title='bbox 471 2733 606 2776; x_wconf 85' lang='lat' dir='ltr'>digitum</span> <span class='ocrx_word' id='word_1_322' title='bbox 617 2734 692 2766; x_wconf 83' lang='lat' dir='ltr'>inse</span> <span class='ocrx_word' id='word_1_323' title='bbox 707 2734 856 2771; x_wconf 84' lang='lat' dir='ltr'>intendit,</span> 
     </span>
     <span class='ocr_line' id='line_1_54' title="bbox 20 2775 857 2850; baseline 0.006 -45"><span class='ocrx_word' id='word_1_324' title='bbox 20 2781 39 2785; x_wconf 89' lang='grc'><em>·</em></span> <span class='ocrx_word' id='word_1_325' title='bbox 55 2790 58 2791; x_wconf 47' lang='grc'>’</span> <span class='ocrx_word' id='word_1_326' title='bbox 107 2776 255 2850; x_wconf 54' lang='lat' dir='ltr'>gavriki</span> <span class='ocrx_word' id='word_1_327' title='bbox 267 2775 439 2819; x_wconf 83' lang='lat' dir='ltr'>explicare.</span> <span class='ocrx_word' id='word_1_328' title='bbox 485 2778 538 2809; x_wconf 88' lang='lat' dir='ltr'>Sic</span> <span class='ocrx_word' id='word_1_329' title='bbox 555 2788 625 2820; x_wconf 86' lang='lat' dir='ltr'>sup.</span> <span class='ocrx_word' id='word_1_330' title='bbox 641 2778 708 2809; x_wconf 88' lang='lat' dir='ltr'>Sat.</span> <span class='ocrx_word' id='word_1_331' title='bbox 723 2778 746 2814; x_wconf 91' lang='lat' dir='ltr'>i,</span> <span class='ocrx_word' id='word_1_332' title='bbox 758 2779 790 2815; x_wconf 90' lang='lat'>9,</span> <span class='ocrx_word' id='word_1_333' title='bbox 803 2779 857 2816; x_wconf 91' lang='lat'>47,</span> 
     </span>
     <span class='ocr_line' id='line_1_55' title="bbox 8 2820 833 2863; baseline 0.004 -13"><span class='ocrx_word' id='word_1_334' title='bbox 8 2823 12 2830; x_wconf 65' lang='lat'><strong>²</strong></span> <span class='ocrx_word' id='word_1_335' title='bbox 145 2829 208 2850; x_wconf 72' lang='lat' dir='ltr'>une</span> <span class='ocrx_word' id='word_1_336' title='bbox 222 2820 367 2851; x_wconf 79' lang='lat' dir='ltr'>hominem</span> <span class='ocrx_word' id='word_1_337' title='bbox 384 2830 451 2863; x_wconf 87' lang='lat' dir='ltr'>pro,</span> <span class='ocrx_word' id='word_1_338' title='bbox 466 2830 528 2852; x_wconf 91' lang='lat' dir='ltr'>me.</span> <span class='ocrx_word' id='word_1_339' title='bbox 829 2841 833 2843; x_wconf 19' lang='grc' dir='ltr'>λ</span> 
     </span>
     <span class='ocr_line' id='line_1_56' title="bbox 153 2861 858 2908; baseline 0.006 -15"><span class='ocrx_word' id='word_1_340' title='bbox 153 2861 211 2894; x_wconf 79' lang='lat'>32.</span> <span class='ocrx_word' id='word_1_341' title='bbox 235 2862 390 2905; x_wconf 76' lang='lat' dir='ltr'>stultique</span> <span class='ocrx_word' id='word_1_342' title='bbox 398 2874 490 2904; x_wconf 80' lang='lat' dir='ltr'>prope</span> <span class='ocrx_word' id='word_1_343' title='bbox 505 2875 616 2900; x_wconf 70' lang='lat' dir='ltr'>ornnes,</span> <span class='ocrx_word' id='word_1_344' title='bbox 632 2870 765 2907; x_wconf 82' lang='lat' dir='ltr'>excepto</span> <span class='ocrx_word' id='word_1_345' title='bbox 775 2865 858 2908; x_wconf 86' lang='lat' dir='ltr'>sapi-</span> 
     </span>
     <span class='ocr_line' id='line_1_57' title="bbox 154 2946 859 2995; baseline 0.007 -17"><span class='ocrx_word' id='word_1_346' title='bbox 154 2946 211 2995; x_wconf 45' lang='lat'>·88.</span> <span class='ocrx_word' id='word_1_347' title='bbox 232 2949 266 2980; x_wconf 75' lang='lat' dir='ltr'>Si</span> <span class='ocrx_word' id='word_1_348' title='bbox 289 2951 363 2991; x_wconf 78' lang='lat' dir='ltr'>quid</span> <span class='ocrx_word' id='word_1_349' title='bbox 393 2950 561 2982; x_wconf 76' lang='lat' dir='ltr'>Stertinius</span> <span class='ocrx_word' id='word_1_350' title='bbox 585 2953 648 2982; x_wconf 85' lang='lat' dir='ltr'>veri</span> <span class='ocrx_word' id='word_1_351' title='bbox 677 2948 801 2992; x_wconf 73' lang='lat' dir='ltr'>crepat}</span> <span class='ocrx_word' id='word_1_352' title='bbox 832 2951 859 2983; x_wconf 88' lang='lat' dir='ltr'>si</span> 
     </span>
     <span class='ocr_line' id='line_1_58' title="bbox 112 2989 858 3035; baseline 0.008 -14"><span class='ocrx_word' id='word_1_353' title='bbox 112 2989 192 3032; x_wconf 69' lang='lat' dir='ltr'>quid</span> <span class='ocrx_word' id='word_1_354' title='bbox 214 2990 280 3024; x_wconf 76' lang='lat' dir='ltr'>veri</span> <span class='ocrx_word' id='word_1_355' title='bbox 310 2993 426 3035; x_wconf 82' lang='lat' dir='ltr'>profert</span> <span class='ocrx_word' id='word_1_356' title='bbox 450 2993 619 3026; x_wconf 82' lang='lat' dir='ltr'>Stertinius</span> <span class='ocrx_word' id='word_1_357' title='bbox 648 2994 682 3026; x_wconf 92' lang='lat' dir='ltr'>in</span> <span class='ocrx_word' id='word_1_358' title='bbox 708 2994 858 3033; x_wconf 81' lang='lat' dir='ltr'>maxima,</span> 
     </span>
    </p>
   </div>
   <div class='ocr_carea' id='block_1_11' title="bbox 895 1224 1654 3037">
    <p class='ocr_par' dir='ltr' id='par_1_16' title="bbox 896 1224 1652 1525">
     <span class='ocr_line' id='line_1_59' title="bbox 899 1224 1651 1268; baseline -0.003 -11"><span class='ocrx_word' id='word_1_359' title='bbox 899 1236 979 1267; x_wconf 91' lang='lat' dir='ltr'>quos</span> <span class='ocrx_word' id='word_1_360' title='bbox 1008 1225 1047 1257; x_wconf 90' lang='lat' dir='ltr'>de</span> <span class='ocrx_word' id='word_1_361' title='bbox 1075 1225 1252 1257; x_wconf 86' lang='lat' dir='ltr'>Stoicorum</span> <span class='ocrx_word' id='word_1_362' title='bbox 1283 1225 1482 1268; x_wconf 84' lang='lat' dir='ltr'>philosophia</span> <span class='ocrx_word' id='word_1_363' title='bbox 1512 1224 1651 1267; x_wconf 85' lang='lat' dir='ltr'>scripsit,</span> 
     </span>
     <span class='ocr_line' id='line_1_60' title="bbox 900 1267 1649 1310; baseline 0.003 -12"><span class='ocrx_word' id='word_1_364' title='bbox 900 1269 1050 1300; x_wconf 87' lang='lat' dir='ltr'>librorum</span> <span class='ocrx_word' id='word_1_365' title='bbox 1068 1269 1180 1310; x_wconf 74' lang='lat' dir='ltr'>copia5</span> <span class='ocrx_word' id='word_1_366' title='bbox 1206 1279 1292 1305; x_wconf 87' lang='lat' dir='ltr'>nam,</span> <span class='ocrx_word' id='word_1_367' title='bbox 1306 1274 1341 1299; x_wconf 90' lang='lat' dir='ltr'>ut</span> <span class='ocrx_word' id='word_1_368' title='bbox 1353 1268 1446 1299; x_wconf 86' lang='lat' dir='ltr'>refert</span> <span class='ocrx_word' id='word_1_369' title='bbox 1457 1267 1649 1300; x_wconf 86' lang='lat' dir='ltr'>Scholiastes</span> 
     </span>
     <span class='ocr_line' id='line_1_61' title="bbox 899 1311 1648 1353; baseline 0.001 -12"><span class='ocrx_word' id='word_1_370' title='bbox 899 1311 958 1342; x_wconf 82' lang='lat' dir='ltr'>inf.</span> <span class='ocrx_word' id='word_1_371' title='bbox 973 1312 1011 1342; x_wconf 90' lang='lat' dir='ltr'>ad</span> <span class='ocrx_word' id='word_1_372' title='bbox 1030 1311 1131 1353; x_wconf 82' lang='lat' dir='ltr'>Epist.</span> <span class='ocrx_word' id='word_1_373' title='bbox 1146 1311 1168 1347; x_wconf 84' lang='lat' dir='ltr'>i,</span> <span class='ocrx_word' id='word_1_374' title='bbox 1188 1313 1238 1347; x_wconf 78' lang='lat'>12,</span> <span class='ocrx_word' id='word_1_375' title='bbox 1254 1312 1308 1346; x_wconf 72' lang='lat'>20,</span> <span class='ocrx_word' id='word_1_376' title='bbox 1331 1312 1499 1342; x_wconf 76' lang='lat' dir='ltr'>Stertinius</span> <span class='ocrx_word' id='word_1_377' title='bbox 1518 1313 1648 1350; x_wconf 78' lang='lat' dir='ltr'>philoso-</span> 
     </span>
     <span class='ocr_line' id='line_1_62' title="bbox 896 1354 1648 1395; baseline 0.003 -11"><span class='ocrx_word' id='word_1_378' title='bbox 896 1354 974 1394; x_wconf 81' lang='lat' dir='ltr'>phus</span> <span class='ocrx_word' id='word_1_379' title='bbox 999 1355 1144 1385; x_wconf 76' lang='lat' dir='ltr'>ducentos</span> <span class='ocrx_word' id='word_1_380' title='bbox 1167 1361 1196 1386; x_wconf 83' lang='lat' dir='ltr'>et</span> <span class='ocrx_word' id='word_1_381' title='bbox 1222 1356 1338 1395; x_wconf 79' lang='lat' dir='ltr'>viginti</span> <span class='ocrx_word' id='word_1_382' title='bbox 1361 1355 1453 1384; x_wconf 79' lang='lat' dir='ltr'>libros</span> <span class='ocrx_word' id='word_1_383' title='bbox 1478 1354 1648 1386; x_wconf 77' lang='lat' dir='ltr'>Stoicorum</span> 
     </span>
     <span class='ocr_line' id='line_1_63' title="bbox 899 1396 1650 1437; baseline 0.003 -10"><span class='ocrx_word' id='word_1_384' title='bbox 899 1397 1012 1427; x_wconf 84' lang='lat' dir='ltr'>Latine</span> <span class='ocrx_word' id='word_1_385' title='bbox 1025 1399 1158 1437; x_wconf 77' lang='lat' dir='ltr'>scripsit.</span> <span class='ocrx_word' id='word_1_386' title='bbox 1205 1398 1349 1437; x_wconf 82' lang='lat' dir='ltr'>Crepare,</span> <span class='ocrx_word' id='word_1_387' title='bbox 1374 1396 1589 1437; x_wconf 88' lang='lat' dir='ltr'>significanter</span> <span class='ocrx_word' id='word_1_388' title='bbox 1611 1397 1650 1429; x_wconf 90' lang='lat' dir='ltr'>de</span> 
     </span>
     <span class='ocr_line' id='line_1_64' title="bbox 898 1439 1652 1482; baseline 0.003 -12"><span class='ocrx_word' id='word_1_389' title='bbox 898 1439 1082 1471; x_wconf 87' lang='lat' dir='ltr'>hominibus</span> <span class='ocrx_word' id='word_1_390' title='bbox 1110 1439 1204 1471; x_wconf 87' lang='lat' dir='ltr'>nimis</span> <span class='ocrx_word' id='word_1_391' title='bbox 1231 1440 1372 1471; x_wconf 78' lang='lat' dir='ltr'>verbosis</span> <span class='ocrx_word' id='word_1_392' title='bbox 1395 1445 1427 1471; x_wconf 85' lang='lat' dir='ltr'>et</span> <span class='ocrx_word' id='word_1_393' title='bbox 1450 1440 1652 1482; x_wconf 87' lang='lat' dir='ltr'>loquacibus.</span> 
     </span>
     <span class='ocr_line' id='line_1_65' title="bbox 904 1483 1374 1525; baseline 0 -11"><span class='ocrx_word' id='word_1_394' title='bbox 904 1483 1004 1518; x_wconf 83' lang='lat' dir='ltr'>Unde,</span> <span class='ocrx_word' id='word_1_395' title='bbox 1022 1493 1040 1514; x_wconf 92' lang='lat' dir='ltr'>a</span> <span class='ocrx_word' id='word_1_396' title='bbox 1056 1494 1131 1525; x_wconf 93' lang='lat' dir='ltr'>quo,</span> <span class='ocrx_word' id='word_1_397' title='bbox 1146 1494 1183 1514; x_wconf 86' lang='lat' dir='ltr'>ex</span> <span class='ocrx_word' id='word_1_398' title='bbox 1200 1483 1295 1525; x_wconf 87' lang='lat' dir='ltr'>cujus</span> <span class='ocrx_word' id='word_1_399' title='bbox 1310 1493 1374 1514; x_wconf 89' lang='lat' dir='ltr'>ore.</span> 
     </span>
    </p>

    <p class='ocr_par' dir='ltr' id='par_1_17' title="bbox 897 1526 1649 1778">
     <span class='ocr_line' id='line_1_66' title="bbox 940 1526 1648 1569; baseline 0.003 -12"><span class='ocrx_word' id='word_1_400' title='bbox 940 1528 996 1558; x_wconf 87' lang='grc'>35.</span> <span class='ocrx_word' id='word_1_401' title='bbox 1011 1527 1282 1567; x_wconf 74' lang='lat' dir='ltr'>lue-sapientem,</span> <span class='ocrx_word' id='word_1_402' title='bbox 1294 1537 1345 1558; x_wconf 90' lang='lat' dir='ltr'>me</span> <span class='ocrx_word' id='word_1_403' title='bbox 1356 1526 1497 1558; x_wconf 80' lang='lat' dir='ltr'>futurum</span> <span class='ocrx_word' id='word_1_404' title='bbox 1507 1526 1648 1569; x_wconf 88' lang='lat' dir='ltr'>philoso-</span> 
     </span>
     <span class='ocr_line' id='line_1_67' title="bbox 919 1569 1008 1600; baseline 0 0"><span class='ocrx_word' id='word_1_405' title='bbox 919 1569 1008 1600; x_wconf 73' lang='lat' dir='ltr'>lium.</span> 
     </span>
     <span class='ocr_line' id='line_1_68' title="bbox 897 1581 1648 1655; baseline 0 -11"><span class='ocrx_word' id='word_1_406' title='bbox 897 1581 917 1612; x_wconf 77' lang='lat' dir='ltr'>P</span> <span class='ocrx_word' id='word_1_407' title='bbox 941 1614 994 1644; x_wconf 85' lang='lat'>36.</span> <span class='ocrx_word' id='word_1_408' title='bbox 1018 1614 1045 1643; x_wconf 79' lang='lat' dir='ltr'><strong><em>A</em></strong></span> <span class='ocrx_word' id='word_1_409' title='bbox 1078 1613 1221 1644; x_wconf 75' lang='lat' dir='ltr'>Fabricio</span> <span class='ocrx_word' id='word_1_410' title='bbox 1248 1620 1358 1652; x_wconf 74' lang='lat' dir='ltr'>ponto:</span> <span class='ocrx_word' id='word_1_411' title='bbox 1392 1611 1501 1643; x_wconf 85' lang='lat' dir='ltr'>Schol.</span> <span class='ocrx_word' id='word_1_412' title='bbox 1533 1612 1648 1655; x_wconf 68' lang='lat' dir='ltr'>Cruq„</span> 
     </span>
     <span class='ocr_line' id='line_1_69' title="bbox 901 1655 1648 1695; baseline 0.001 -9"><span class='ocrx_word' id='word_1_413' title='bbox 901 1655 963 1686; x_wconf 73' lang='lat' dir='ltr'>Hic</span> <span class='ocrx_word' id='word_1_414' title='bbox 987 1667 1060 1695; x_wconf 77' lang='lat' dir='ltr'>pons</span> <span class='ocrx_word' id='word_1_415' title='bbox 1087 1656 1248 1687; x_wconf 80' lang='lat' dir='ltr'>Fabrici-us</span> <span class='ocrx_word' id='word_1_416' title='bbox 1274 1658 1376 1687; x_wconf 77' lang='lat' dir='ltr'>dictus</span> <span class='ocrx_word' id='word_1_417' title='bbox 1400 1661 1443 1686; x_wconf 87' lang='lat' dir='ltr'>est</span> <span class='ocrx_word' id='word_1_418' title='bbox 1461 1667 1479 1684; x_wconf 88' lang='lat' dir='ltr'>a</span> <span class='ocrx_word' id='word_1_419' title='bbox 1507 1655 1648 1687; x_wconf 77' lang='lat' dir='ltr'>Fabricio</span> 
     </span>
     <span class='ocr_line' id='line_1_70' title="bbox 897 1698 1649 1740; baseline 0.001 -11"><span class='ocrx_word' id='word_1_420' title='bbox 897 1700 1017 1729; x_wconf 80' lang='lat' dir='ltr'>consule</span> <span class='ocrx_word' id='word_1_421' title='bbox 1033 1701 1199 1736; x_wconf 73' lang='lat' dir='ltr'>conditore,</span> <span class='ocrx_word' id='word_1_422' title='bbox 1215 1702 1266 1740; x_wconf 82' lang='lat' dir='ltr'>qui</span> <span class='ocrx_word' id='word_1_423' title='bbox 1282 1710 1366 1730; x_wconf 77' lang='lat' dir='ltr'>nuuc</span> <span class='ocrx_word' id='word_1_424' title='bbox 1384 1698 1538 1738; x_wconf 83' lang='lat' dir='ltr'>Lapideus</span> <span class='ocrx_word' id='word_1_425' title='bbox 1554 1702 1649 1730; x_wconf 82' lang='lat' dir='ltr'>nomi-</span> 
     </span>
     <span class='ocr_line' id='line_1_71' title="bbox 897 1742 1501 1778; baseline 0 -7"><span class='ocrx_word' id='word_1_426' title='bbox 897 1749 1005 1773; x_wconf 80' lang='lat' dir='ltr'>natur.</span> <span class='ocrx_word' id='word_1_427' title='bbox 1052 1742 1122 1773; x_wconf 83' lang='lat' dir='ltr'>Non</span> <span class='ocrx_word' id='word_1_428' title='bbox 1138 1745 1265 1778; x_wconf 61' lang='lat' dir='ltr'>tristem,</span> <span class='ocrx_word' id='word_1_429' title='bbox 1283 1742 1368 1772; x_wconf 92' lang='lat' dir='ltr'>bono</span> <span class='ocrx_word' id='word_1_430' title='bbox 1385 1742 1501 1772; x_wconf 85' lang='lat' dir='ltr'>animo.</span> 
     </span>
    </p>

    <p class='ocr_par' dir='ltr' id='par_1_18' title="bbox 895 1783 1648 2249">
     <span class='ocr_line' id='line_1_72' title="bbox 941 1783 1648 1827; baseline 0.001 -12"><span class='ocrx_word' id='word_1_431' title='bbox 941 1786 996 1816; x_wconf 89' lang='lat'>37.</span> <span class='ocrx_word' id='word_1_432' title='bbox 1022 1785 1106 1816; x_wconf 86' lang='lat' dir='ltr'>Male</span> <span class='ocrx_word' id='word_1_433' title='bbox 1120 1797 1152 1815; x_wconf 88' lang='lat' dir='ltr'>re</span> <span class='ocrx_word' id='word_1_434' title='bbox 1165 1791 1262 1826; x_wconf 78' lang='lat' dir='ltr'>gesta,</span> <span class='ocrx_word' id='word_1_435' title='bbox 1279 1784 1400 1827; x_wconf 88' lang='lat' dir='ltr'>perdita</span> <span class='ocrx_word' id='word_1_436' title='bbox 1422 1795 1454 1815; x_wconf 93' lang='lat' dir='ltr'>re</span> <span class='ocrx_word' id='word_1_437' title='bbox 1477 1783 1648 1816; x_wconf 81' lang='lat' dir='ltr'>familiari:</span> 
     </span>
     <span class='ocr_line' id='line_1_73' title="bbox 898 1827 1648 1869; baseline 0 -11"><span class='ocrx_word' id='word_1_438' title='bbox 898 1827 954 1869; x_wconf 91' lang='lat' dir='ltr'>qui</span> <span class='ocrx_word' id='word_1_439' title='bbox 983 1829 1046 1859; x_wconf 71' lang='lat' dir='ltr'>r&#39;em</span> <span class='ocrx_word' id='word_1_440' title='bbox 1079 1828 1268 1859; x_wconf 84' lang='lat' dir='ltr'>familiarem</span> <span class='ocrx_word' id='word_1_441' title='bbox 1300 1827 1384 1859; x_wconf 87' lang='lat' dir='ltr'>male</span> <span class='ocrx_word' id='word_1_442' title='bbox 1417 1837 1487 1859; x_wconf 88' lang='lat' dir='ltr'>eam</span> <span class='ocrx_word' id='word_1_443' title='bbox 1513 1827 1648 1858; x_wconf 88' lang='lat' dir='ltr'>admini-</span> 
     </span>
     <span class='ocr_line' id='line_1_74' title="bbox 898 1871 1648 1913; baseline 0.001 -11"><span class='ocrx_word' id='word_1_444' title='bbox 898 1871 1026 1902; x_wconf 78' lang='lat' dir='ltr'>strando</span> <span class='ocrx_word' id='word_1_445' title='bbox 1048 1878 1081 1902; x_wconf 85' lang='lat' dir='ltr'>et</span> <span class='ocrx_word' id='word_1_446' title='bbox 1100 1871 1287 1902; x_wconf 88' lang='lat' dir='ltr'>collocando</span> <span class='ocrx_word' id='word_1_447' title='bbox 1312 1871 1459 1913; x_wconf 86' lang='lat' dir='ltr'>perdunt.</span> <span class='ocrx_word' id='word_1_448' title='bbox 1483 1881 1546 1901; x_wconf 88' lang='lat' dir='ltr'>rem</span> <span class='ocrx_word' id='word_1_449' title='bbox 1568 1873 1648 1903; x_wconf 84' lang='lat' dir='ltr'>male</span> 
     </span>
     <span class='ocr_line' id='line_1_75' title="bbox 895 1913 1648 1956; baseline 0 -10"><span class='ocrx_word' id='word_1_450' title='bbox 895 1926 1001 1956; x_wconf 82' lang='lat' dir='ltr'>gerere</span> <span class='ocrx_word' id='word_1_451' title='bbox 1015 1914 1178 1946; x_wconf 86' lang='lat' dir='ltr'>dicuntur.</span> <span class='ocrx_word' id='word_1_452' title='bbox 1227 1915 1353 1946; x_wconf 80' lang='lat' dir='ltr'>Mittere</span> <span class='ocrx_word' id='word_1_453' title='bbox 1366 1920 1468 1954; x_wconf 81' lang='lat' dir='ltr'>operto</span> <span class='ocrx_word' id='word_1_454' title='bbox 1482 1913 1533 1944; x_wconf 88' lang='lat' dir='ltr'>Me</span> <span class='ocrx_word' id='word_1_455' title='bbox 1548 1918 1648 1954; x_wconf 79' lang='lat' dir='ltr'>capite</span> 
     </span>
     <span class='ocr_line' id='line_1_76' title="bbox 899 1956 1646 1999; baseline 0.003 -12"><span class='ocrx_word' id='word_1_456' title='bbox 899 1959 1083 1999; x_wconf 79' lang='lat' dir='ltr'>influmen;</span> <span class='ocrx_word' id='word_1_457' title='bbox 1109 1957 1155 1988; x_wconf 90' lang='lat' dir='ltr'>sic</span> <span class='ocrx_word' id='word_1_458' title='bbox 1171 1957 1254 1999; x_wconf 88' lang='lat' dir='ltr'>apud</span> <span class='ocrx_word' id='word_1_459' title='bbox 1273 1956 1399 1988; x_wconf 85' lang='lat' dir='ltr'>Livium</span> <span class='ocrx_word' id='word_1_460' title='bbox 1414 1957 1458 1992; x_wconf 90' lang='lat' dir='ltr'>iv,</span> <span class='ocrx_word' id='word_1_461' title='bbox 1479 1957 1530 1993; x_wconf 81' lang='lat'>12,</span> <span class='ocrx_word' id='word_1_462' title='bbox 1547 1958 1646 1989; x_wconf 79' lang='lat' dir='ltr'>Multi</span> 
     </span>
     <span class='ocr_line' id='line_1_77' title="bbox 897 2002 1646 2041; baseline 0.001 -11"><span class='ocrx_word' id='word_1_463' title='bbox 897 2011 931 2031; x_wconf 70' lang='lat' dir='ltr'>er</span> <span class='ocrx_word' id='word_1_464' title='bbox 944 2003 1040 2041; x_wconf 82' lang='lat' dir='ltr'>plebe,</span> <span class='ocrx_word' id='word_1_465' title='bbox 1057 2012 1106 2041; x_wconf 84' lang='lat' dir='ltr'>spe</span> <span class='ocrx_word' id='word_1_466' title='bbox 1123 2003 1243 2037; x_wconf 78' lang='lat' dir='ltr'>amissa,</span> <span class='ocrx_word' id='word_1_467' title='bbox 1259 2002 1457 2041; x_wconf 79' lang='lat' dir='ltr'>potiusquam</span> <span class='ocrx_word' id='word_1_468' title='bbox 1470 2006 1507 2030; x_wconf 79' lang='lat' dir='ltr'>ut</span> <span class='ocrx_word' id='word_1_469' title='bbox 1522 2003 1646 2032; x_wconf 80' lang='lat' dir='ltr'>crucia·</span> 
     </span>
     <span class='ocr_line' id='line_1_78' title="bbox 896 2044 1646 2084; baseline 0.003 -11"><span class='ocrx_word' id='word_1_470' title='bbox 896 2050 1006 2075; x_wconf 78' lang='lat' dir='ltr'>rentur</span> <span class='ocrx_word' id='word_1_471' title='bbox 1031 2045 1179 2076; x_wconf 82' lang='lat' dir='ltr'>trahendo</span> <span class='ocrx_word' id='word_1_472' title='bbox 1208 2046 1354 2081; x_wconf 77' lang='lat' dir='ltr'>animam,</span> <span class='ocrx_word' id='word_1_473' title='bbox 1385 2044 1534 2084; x_wconf 79' lang='lat' dir='ltr'>capitibus</span> <span class='ocrx_word' id='word_1_474' title='bbox 1561 2045 1646 2075; x_wconf 74' lang='lat' dir='ltr'>obvo-</span> 
     </span>
     <span class='ocr_line' id='line_1_79' title="bbox 898 2087 1647 2127; baseline 0.001 -10"><span class='ocrx_word' id='word_1_475' title='bbox 898 2088 973 2118; x_wconf 81' lang='lat' dir='ltr'>lutis</span> <span class='ocrx_word' id='word_1_476' title='bbox 986 2099 1014 2119; x_wconf 84' lang='lat' dir='ltr'>se</span> <span class='ocrx_word' id='word_1_477' title='bbox 1029 2090 1063 2119; x_wconf 84' lang='lat' dir='ltr'>in</span> <span class='ocrx_word' id='word_1_478' title='bbox 1077 2087 1208 2118; x_wconf 79' lang='lat' dir='ltr'>Tiberim</span> <span class='ocrx_word' id='word_1_479' title='bbox 1222 2089 1506 2127; x_wconf 76' lang='lat' dir='ltr'>praecrpitaverunt.</span> <span class='ocrx_word' id='word_1_480' title='bbox 1553 2087 1647 2118; x_wconf 86' lang='lat' dir='ltr'>Scili-</span> 
     </span>
     <span class='ocr_line' id='line_1_80' title="bbox 896 2130 1645 2172; baseline 0 -10"><span class='ocrx_word' id='word_1_481' title='bbox 896 2137 947 2162; x_wconf 85' lang='lat' dir='ltr'>cet</span> <span class='ocrx_word' id='word_1_482' title='bbox 962 2131 1017 2172; x_wconf 92' lang='lat' dir='ltr'>qui</span> <span class='ocrx_word' id='word_1_483' title='bbox 1034 2141 1066 2162; x_wconf 86' lang='lat' dir='ltr'>se</span> <span class='ocrx_word' id='word_1_484' title='bbox 1083 2131 1174 2161; x_wconf 87' lang='lat' dir='ltr'>morti</span> <span class='ocrx_word' id='word_1_485' title='bbox 1190 2130 1374 2166; x_wconf 83' lang='lat' dir='ltr'>offerebant,</span> <span class='ocrx_word' id='word_1_486' title='bbox 1391 2140 1430 2161; x_wconf 90' lang='lat' dir='ltr'>ex</span> <span class='ocrx_word' id='word_1_487' title='bbox 1454 2140 1539 2161; x_wconf 88' lang='lat' dir='ltr'>more</span> <span class='ocrx_word' id='word_1_488' title='bbox 1562 2132 1645 2162; x_wconf 80' lang='lat' dir='ltr'>anti·</span> 
     </span>
     <span class='ocr_line' id='line_1_81' title="bbox 896 2173 1643 2216; baseline 0 -11"><span class='ocrx_word' id='word_1_489' title='bbox 896 2184 961 2215; x_wconf 92' lang='lat' dir='ltr'>quo</span> <span class='ocrx_word' id='word_1_490' title='bbox 977 2181 1072 2216; x_wconf 89' lang='lat' dir='ltr'>caput</span> <span class='ocrx_word' id='word_1_491' title='bbox 1087 2174 1192 2205; x_wconf 89' lang='lat' dir='ltr'>velare</span> <span class='ocrx_word' id='word_1_492' title='bbox 1215 2174 1264 2205; x_wconf 89' lang='lat' dir='ltr'>vel</span> <span class='ocrx_word' id='word_1_493' title='bbox 1287 2173 1452 2205; x_wconf 88' lang='lat' dir='ltr'>obvolvere</span> <span class='ocrx_word' id='word_1_494' title='bbox 1475 2174 1622 2205; x_wconf 86' lang='lat' dir='ltr'>solebant</span> <span class='ocrx_word' id='word_1_495' title='bbox 1638 2187 1643 2205; x_wconf 91' lang='lat'>:</span> 
     </span>
     <span class='ocr_line' id='line_1_82' title="bbox 896 2217 1287 2249; baseline 0 -2"><span class='ocrx_word' id='word_1_496' title='bbox 896 2217 959 2248; x_wconf 89' lang='lat' dir='ltr'>vid.</span> <span class='ocrx_word' id='word_1_497' title='bbox 979 2217 1144 2249; x_wconf 88' lang='lat' dir='ltr'>Heindorf.</span> <span class='ocrx_word' id='word_1_498' title='bbox 1161 2217 1201 2248; x_wconf 87' lang='lat' dir='ltr'>ad</span> <span class='ocrx_word' id='word_1_499' title='bbox 1217 2217 1248 2248; x_wconf 90' lang='lat' dir='ltr'>h.</span> <span class='ocrx_word' id='word_1_500' title='bbox 1265 2217 1287 2247; x_wconf 93' lang='lat' dir='ltr'>l.</span> 
     </span>
    </p>

    <p class='ocr_par' dir='ltr' id='par_1_19' title="bbox 895 2258 1647 2519">
     <span class='ocr_line' id='line_1_83' title="bbox 939 2258 1646 2302; baseline -0.004 -10"><span class='ocrx_word' id='word_1_501' title='bbox 939 2261 992 2292; x_wconf 87' lang='grc'>38.</span> <span class='ocrx_word' id='word_1_502' title='bbox 1016 2261 1132 2292; x_wconf 64' lang='lat' dir='ltr'>Dexter</span> <span class='ocrx_word' id='word_1_503' title='bbox 1146 2262 1248 2292; x_wconf 76' lang='lat' dir='ltr'>stetit.-</span> <span class='ocrx_word' id='word_1_504' title='bbox 1266 2265 1419 2302; x_wconf 88' lang='lat' dir='ltr'>tanquam</span> <span class='ocrx_word' id='word_1_505' title='bbox 1430 2260 1508 2291; x_wconf 90' lang='lat' dir='ltr'>deus</span> <span class='ocrx_word' id='word_1_506' title='bbox 1518 2258 1646 2300; x_wconf 86' lang='lat' dir='ltr'>aliquis,</span> 
     </span>
     <span class='ocr_line' id='line_1_84' title="bbox 897 2302 1645 2346; baseline 0 -12"><span class='ocrx_word' id='word_1_507' title='bbox 897 2303 952 2345; x_wconf 92' lang='lat' dir='ltr'>qui</span> <span class='ocrx_word' id='word_1_508' title='bbox 968 2303 1045 2334; x_wconf 88' lang='lat' dir='ltr'>mihi</span> <span class='ocrx_word' id='word_1_509' title='bbox 1060 2304 1188 2339; x_wconf 82' lang='lat' dir='ltr'>faveret,</span> <span class='ocrx_word' id='word_1_510' title='bbox 1205 2303 1319 2335; x_wconf 82' lang='lat' dir='ltr'>adfuit.</span> <span class='ocrx_word' id='word_1_511' title='bbox 1365 2304 1446 2334; x_wconf 84' lang='lat' dir='ltr'>Cave</span> <span class='ocrx_word' id='word_1_512' title='bbox 1460 2302 1594 2346; x_wconf 84' lang='lat' dir='ltr'>pertinet</span> <span class='ocrx_word' id='word_1_513' title='bbox 1605 2303 1645 2334; x_wconf 89' lang='lat' dir='ltr'>ad</span> 
     </span>
     <span class='ocr_line' id='line_1_85' title="bbox 896 2346 1647 2389; baseline 0.001 -12"><span class='ocrx_word' id='word_1_514' title='bbox 896 2357 934 2377; x_wconf 88' lang='lat' dir='ltr'>ea</span> <span class='ocrx_word' id='word_1_515' title='bbox 950 2347 1098 2378; x_wconf 72' lang='lat' dir='ltr'>secundae</span> <span class='ocrx_word' id='word_1_516' title='bbox 1121 2346 1357 2389; x_wconf 86' lang='lat' dir='ltr'>conjugationis</span> <span class='ocrx_word' id='word_1_517' title='bbox 1379 2347 1486 2382; x_wconf 89' lang='lat' dir='ltr'>verba,</span> <span class='ocrx_word' id='word_1_518' title='bbox 1510 2356 1647 2387; x_wconf 87' lang='lat' dir='ltr'>quorum</span> 
     </span>
     <span class='ocr_line' id='line_1_86' title="bbox 895 2389 1646 2432; baseline 0.001 -12"><span class='ocrx_word' id='word_1_519' title='bbox 895 2389 1020 2426; x_wconf 86' lang='lat' dir='ltr'>ultima,</span> <span class='ocrx_word' id='word_1_520' title='bbox 1036 2390 1207 2432; x_wconf 85' lang='lat' dir='ltr'>praesertim</span> <span class='ocrx_word' id='word_1_521' title='bbox 1223 2390 1255 2420; x_wconf 91' lang='lat' dir='ltr'>in</span> <span class='ocrx_word' id='word_1_522' title='bbox 1273 2389 1439 2432; x_wconf 87' lang='lat' dir='ltr'>disyllabis</span> <span class='ocrx_word' id='word_1_523' title='bbox 1454 2389 1486 2420; x_wconf 91' lang='lat' dir='ltr'>in</span> <span class='ocrx_word' id='word_1_524' title='bbox 1510 2389 1646 2431; x_wconf 86' lang='lat' dir='ltr'>impera-</span> 
     </span>
     <span class='ocr_line' id='line_1_87' title="bbox 897 2433 1647 2475; baseline 0.001 -12"><span class='ocrx_word' id='word_1_525' title='bbox 897 2433 960 2464; x_wconf 89' lang='lat' dir='ltr'>tivo</span> <span class='ocrx_word' id='word_1_526' title='bbox 976 2438 1031 2475; x_wconf 83' lang='lat' dir='ltr'>(ut</span> <span class='ocrx_word' id='word_1_527' title='bbox 1053 2434 1086 2465; x_wconf 91' lang='lat' dir='ltr'>iu</span> <span class='ocrx_word' id='word_1_528' title='bbox 1108 2436 1188 2470; x_wconf 80' lang='lat' dir='ltr'>vide,</span> <span class='ocrx_word' id='word_1_529' title='bbox 1212 2433 1310 2474; x_wconf 82' lang='lat' dir='ltr'>vale),</span> <span class='ocrx_word' id='word_1_530' title='bbox 1334 2442 1563 2475; x_wconf 86' lang='lat' dir='ltr'>nonnunquam</span> <span class='ocrx_word' id='word_1_531' title='bbox 1578 2442 1647 2464; x_wconf 91' lang='lat' dir='ltr'>cor-</span> 
     </span>
     <span class='ocr_line' id='line_1_88' title="bbox 896 2476 1021 2519; baseline 0.016 -13"><span class='ocrx_word' id='word_1_532' title='bbox 896 2476 1021 2519; x_wconf 88' lang='lat' dir='ltr'>ripitur.</span> 
     </span>
    </p>

    <p class='ocr_par' dir='ltr' id='par_1_20' title="bbox 941 2518 1628 2563">
     <span class='ocr_line' id='line_1_89' title="bbox 941 2518 1628 2563; baseline -0.001 -12"><span class='ocrx_word' id='word_1_533' title='bbox 941 2521 994 2551; x_wconf 86' lang='lat'>39.</span> <span class='ocrx_word' id='word_1_534' title='bbox 1018 2521 1124 2552; x_wconf 83' lang='lat' dir='ltr'>Pudor</span> <span class='ocrx_word' id='word_1_535' title='bbox 1135 2521 1246 2556; x_wconf 80' lang='lat' dir='ltr'>malus,</span> <span class='ocrx_word' id='word_1_536' title='bbox 1263 2518 1476 2563; x_wconf 87' lang='lat' dir='ltr'>importunus,</span> <span class='ocrx_word' id='word_1_537' title='bbox 1490 2518 1628 2562; x_wconf 86' lang='lat' dir='ltr'>ineptus.</span> 
     </span>
    </p>

    <p class='ocr_par' dir='ltr' id='par_1_21' title="bbox 899 2562 1648 2637">
     <span class='ocr_line' id='line_1_90' title="bbox 943 2562 1648 2606; baseline -0.001 -12"><span class='ocrx_word' id='word_1_538' title='bbox 943 2564 998 2595; x_wconf 84' lang='lat'>43.</span> <span class='ocrx_word' id='word_1_539' title='bbox 1022 2564 1167 2595; x_wconf 80' lang='lat' dir='ltr'>Stultitia</span> <span class='ocrx_word' id='word_1_540' title='bbox 1196 2564 1290 2599; x_wconf 80' lang='lat' dir='ltr'>mala,</span> <span class='ocrx_word' id='word_1_541' title='bbox 1322 2573 1480 2606; x_wconf 86' lang='lat' dir='ltr'>perversa,</span> <span class='ocrx_word' id='word_1_542' title='bbox 1511 2562 1648 2605; x_wconf 89' lang='lat' dir='ltr'>pernici-</span> 
     </span>
     <span class='ocr_line' id='line_1_91' title="bbox 899 2612 968 2637; baseline -0.014 0"><span class='ocrx_word' id='word_1_543' title='bbox 899 2612 968 2637; x_wconf 72' lang='lat' dir='ltr'>Osa.</span> 
     </span>
    </p>

    <p class='ocr_par' dir='ltr' id='par_1_22' title="bbox 900 2648 1650 2868">
     <span class='ocr_line' id='line_1_92' title="bbox 943 2648 1647 2692; baseline -0.001 -12"><span class='ocrx_word' id='word_1_544' title='bbox 943 2650 996 2680; x_wconf 87' lang='lat'>44.</span> <span class='ocrx_word' id='word_1_545' title='bbox 1022 2650 1183 2691; x_wconf 81' lang='lat' dir='ltr'>Chrysippi</span> <span class='ocrx_word' id='word_1_546' title='bbox 1205 2652 1341 2690; x_wconf 78' lang='lat' dir='ltr'>porticus</span> <span class='ocrx_word' id='word_1_547' title='bbox 1364 2655 1393 2681; x_wconf 87' lang='lat' dir='ltr'>et</span> <span class='ocrx_word' id='word_1_548' title='bbox 1416 2660 1512 2692; x_wconf 68' lang='lat' dir='ltr'>grex:</span> <span class='ocrx_word' id='word_1_549' title='bbox 1544 2648 1647 2690; x_wconf 85' lang='lat' dir='ltr'>Chry·</span> 
     </span>
     <span class='ocr_line' id='line_1_93' title="bbox 901 2692 1649 2736; baseline 0 -14"><span class='ocrx_word' id='word_1_550' title='bbox 901 2692 1010 2735; x_wconf 87' lang='lat' dir='ltr'>sippus</span> <span class='ocrx_word' id='word_1_551' title='bbox 1034 2692 1094 2735; x_wconf 82' lang='lat' dir='ltr'>(cf.</span> <span class='ocrx_word' id='word_1_552' title='bbox 1108 2703 1180 2736; x_wconf 90' lang='lat' dir='ltr'>sup.</span> <span class='ocrx_word' id='word_1_553' title='bbox 1197 2693 1238 2724; x_wconf 86' lang='lat' dir='ltr'>ad</span> <span class='ocrx_word' id='word_1_554' title='bbox 1262 2693 1327 2724; x_wconf 85' lang='lat' dir='ltr'>Sat.</span> <span class='ocrx_word' id='word_1_555' title='bbox 1344 2692 1365 2730; x_wconf 89' lang='lat' dir='ltr'>i,</span> <span class='ocrx_word' id='word_1_556' title='bbox 1383 2694 1416 2729; x_wconf 87' lang='grc'>3,</span> <span class='ocrx_word' id='word_1_557' title='bbox 1435 2693 1515 2730; x_wconf 76' lang='grc'>127)</span> <span class='ocrx_word' id='word_1_558' title='bbox 1539 2697 1571 2722; x_wconf 91' lang='lat' dir='ltr'>et</span> <span class='ocrx_word' id='word_1_559' title='bbox 1594 2692 1649 2722; x_wconf 89' lang='lat' dir='ltr'>alii</span> 
     </span>
     <span class='ocr_line' id='line_1_94' title="bbox 900 2734 1650 2772; baseline -0.001 -6"><span class='ocrx_word' id='word_1_560' title='bbox 900 2746 1010 2767; x_wconf 84' lang='lat' dir='ltr'>omnes</span> <span class='ocrx_word' id='word_1_561' title='bbox 1026 2735 1137 2768; x_wconf 87' lang='lat' dir='ltr'>Stoici.</span> <span class='ocrx_word' id='word_1_562' title='bbox 1186 2737 1344 2772; x_wconf 73' lang='lat' dir='ltr'>Porticus,</span> <span class='ocrx_word' id='word_1_563' title='bbox 1363 2737 1460 2771; x_wconf 81' lang='grc' dir='ltr'>στοὰ,</span> <span class='ocrx_word' id='word_1_564' title='bbox 1485 2734 1540 2766; x_wconf 86' lang='lat' dir='ltr'>ubi</span> <span class='ocrx_word' id='word_1_565' title='bbox 1565 2735 1650 2765; x_wconf 89' lang='lat' dir='ltr'>Zeno</span> 
     </span>
     <span class='ocr_line' id='line_1_95' title="bbox 900 2778 1650 2822; baseline -0.003 -12"><span class='ocrx_word' id='word_1_566' title='bbox 900 2778 1035 2822; x_wconf 90' lang='lat' dir='ltr'>ejusque</span> <span class='ocrx_word' id='word_1_567' title='bbox 1048 2779 1228 2822; x_wconf 68' lang='lat' dir='ltr'>disciplinae</span> <span class='ocrx_word' id='word_1_568' title='bbox 1243 2779 1364 2811; x_wconf 87' lang='lat' dir='ltr'>addicti</span> <span class='ocrx_word' id='word_1_569' title='bbox 1378 2779 1549 2811; x_wconf 87' lang='lat' dir='ltr'>docebant.</span> <span class='ocrx_word' id='word_1_570' title='bbox 1584 2779 1650 2808; x_wconf 79' lang='lat' dir='ltr'>Au-</span> 
     </span>
     <span class='ocr_line' id='line_1_96' title="bbox 903 2822 1634 2868; baseline 0.003 -15"><span class='ocrx_word' id='word_1_571' title='bbox 903 2829 1014 2859; x_wconf 82' lang='lat' dir='ltr'>tumat,</span> <span class='ocrx_word' id='word_1_572' title='bbox 1031 2822 1138 2860; x_wconf 86' lang='lat' dir='ltr'>habet,</span> <span class='ocrx_word' id='word_1_573' title='bbox 1156 2822 1311 2854; x_wconf 88' lang='lat' dir='ltr'>declarat.</span> <span class='ocrx_word' id='word_1_574' title='bbox 1594 2862 1599 2868; x_wconf 42' lang='grc'><em>.</em></span> <span class='ocrx_word' id='word_1_575' title='bbox 1628 2862 1634 2867; x_wconf 45' lang='lat'>·</span> 
     </span>
    </p>

    <p class='ocr_par' dir='ltr' id='par_1_23' title="bbox 903 2863 1654 3037">
     <span class='ocr_line' id='line_1_97' title="bbox 948 2863 1652 2908; baseline -0.006 -12"><span class='ocrx_word' id='word_1_576' title='bbox 948 2867 1001 2897; x_wconf 89' lang='lat'>45.</span> <span class='ocrx_word' id='word_1_577' title='bbox 1025 2866 1099 2898; x_wconf 71' lang='lat' dir='ltr'>Ha’c</span> <span class='ocrx_word' id='word_1_578' title='bbox 1109 2866 1266 2908; x_wconf 81' lang='lat' dir='ltr'>formula,</span> <span class='ocrx_word' id='word_1_579' title='bbox 1291 2866 1361 2897; x_wconf 85' lang='lat' dir='ltr'>haec</span> <span class='ocrx_word' id='word_1_580' title='bbox 1390 2863 1493 2896; x_wconf 86' lang='lat' dir='ltr'>insani</span> <span class='ocrx_word' id='word_1_581' title='bbox 1517 2863 1652 2894; x_wconf 82' lang='lat' dir='ltr'>hominis</span> 
     </span>
     <span class='ocr_line' id='line_1_98' title="bbox 903 2906 1650 2943; baseline -0.008 -3"><span class='ocrx_word' id='word_1_582' title='bbox 903 2908 1065 2941; x_wconf 83' lang='lat' dir='ltr'>definitio:</span> <span class='ocrx_word' id='word_1_583' title='bbox 1101 2908 1214 2941; x_wconf 90' lang='lat' dir='ltr'>Cicero</span> <span class='ocrx_word' id='word_1_584' title='bbox 1238 2909 1278 2941; x_wconf 89' lang='lat' dir='ltr'>de</span> <span class='ocrx_word' id='word_1_585' title='bbox 1301 2909 1394 2941; x_wconf 86' lang='lat' dir='ltr'>Offic.</span> <span class='ocrx_word' id='word_1_586' title='bbox 1420 2907 1467 2943; x_wconf 91' lang='lat' dir='ltr'>iii,</span> <span class='ocrx_word' id='word_1_587' title='bbox 1498 2908 1548 2941; x_wconf 80' lang='lat'>14,</span> <span class='ocrx_word' id='word_1_588' title='bbox 1574 2906 1650 2935; x_wconf 85' lang='lat' dir='ltr'>For-</span> 
     </span>
     <span class='ocr_line' id='line_1_99' title="bbox 903 2948 1652 2996; baseline -0.004 -13"><span class='ocrx_word' id='word_1_589' title='bbox 903 2954 992 2983; x_wconf 82' lang='lat' dir='ltr'>muloe</span> <span class='ocrx_word' id='word_1_590' title='bbox 1017 2953 1148 2993; x_wconf 78' lang='lat' dir='ltr'>Aquillii</span> <span class='ocrx_word' id='word_1_591' title='bbox 1171 2955 1208 2984; x_wconf 81' lang='lat' dir='ltr'>de</span> <span class='ocrx_word' id='word_1_592' title='bbox 1232 2954 1300 2984; x_wconf 76' lang='lat' dir='ltr'>dola</span> <span class='ocrx_word' id='word_1_593' title='bbox 1323 2953 1414 2986; x_wconf 86' lang='lat' dir='ltr'>malo,</span> <span class='ocrx_word' id='word_1_594' title='bbox 1442 2948 1652 2996; x_wconf 69' lang='lat' dir='ltr'>definitiones3</span> 
     </span>
     <span class='ocr_line' id='line_1_100' title="bbox 904 2995 1654 3037; baseline -0.007 -11"><span class='ocrx_word' id='word_1_595' title='bbox 904 2995 1022 3037; x_wconf 85' lang='lat' dir='ltr'>quibus</span> <span class='ocrx_word' id='word_1_596' title='bbox 1051 3001 1199 3028; x_wconf 83' lang='lat' dir='ltr'>accurate</span> <span class='ocrx_word' id='word_1_597' title='bbox 1235 2995 1445 3028; x_wconf 85' lang='lat' dir='ltr'>constitutum</span> <span class='ocrx_word' id='word_1_598' title='bbox 1482 2996 1560 3030; x_wconf 85' lang='lat' dir='ltr'>erat,</span> <span class='ocrx_word' id='word_1_599' title='bbox 1597 3001 1654 3032; x_wconf 82' lang='lat' dir='ltr'>qui</span> 
     </span>
    </p>
   </div>
  </div>
 </body>
</html>
