1884 3288
740 565 1373 669 PRAEFATIO

808 753 1045 785 EDITIONIS
1069 753 1313 785 SECUNDAE.

305 1091 406 1132 CUM
429 1089 800 1131 secundus'tomus
822 1088 1007 1138 Horatii,
1029 1102 1155 1142 quem
1175 1095 1273 1130 ante
1294 1097 1478 1143 quatuor
1497 1090 1654 1134 abhinc
1674 1108 1806 1136 annos

304 1168 517 1210 edendum
548 1166 705 1215 curavi,
738 1166 781 1206 in
815 1166 1002 1207 tabernis
1036 1165 1220 1206 librariis
1255 1175 1453 1220 prostare
1486 1169 1684 1222 desierit3
1715 1171 1808 1226 ejus

303 1245 519 1287 redemtor
554 1243 767 1292 Hahnius,
794 1242 874 1284 Vir
908 1242 1263 1292 Honestissimus‚
1301 1251 1348 1285 ut
1381 1244 1512 1296 illum,
1547 1247 1602 1288 de
1639 1247 1808 1303 integro

303 1322 417 1376 typis
450 1319 795 1368 describendum,
817 1333 1179 1372 recognoscerem,
1201 1327 1258 1369 et,
1281 1327 1486 1374 quantum
1518 1322 1614 1364 fieri
1643 1331 1806 1379 posset,

304 1398 634 1439 emendatiorem
666 1403 709 1438 et
731 1391 980 1437 limatiorem
1006 1396 1244 1446 redderem,
1267 1411 1333 1438 me
1360 1399 1524 1451 rogavit
1551 1406 1594 1440 et
1622 1400 1802 1455 impulit.

306 1475 447 1522 Quam
463 1475 634 1529 quidem
651 1473 947 1515 demandatam
962 1473 1222 1526 provinciam
1240 1474 1410 1527 suscepi
1425 1488 1505 1528 ego
1521 1477 1807 1529 promtissimo

302 1552 655 1607 paratissimoque
686 1550 836 1591 animo.
899 1550 969 1590 Sic
1002 1550 1110 1591 enim
1143 1565 1206 1600 ea,
1227 1551 1270 1591 in
1290 1551 1445 1604 quibus
1472 1566 1538 1594 me
1569 1567 1735 1594 errasse
1765 1559 1808 1594 et

302 1630 394 1683 ipse
414 1628 705 1669 intellexeram
726 1634 768 1668 et
789 1626 857 1667 alii
877 1634 1142 1677 monuerant,
1165 1635 1238 1669 aut
1259 1628 1437 1669 tollendi
1459 1635 1533 1670 aut
1554 1629 1806 1684 diffingendi

303 1706 470 1747 occasio
489 1705 591 1746 mihi
611 1704 754 1745 oblata
774 1711 839 1744 est
860 1705 1196 1758 exoptatissima.

359 1782 445 1823 Hic
493 1788 634 1822 autem
678 1796 763 1821 non
807 1795 995 1834 possum,
1042 1782 1147 1835 quin
1193 1788 1291 1823 ante
1341 1783 1480 1824 omnia
1523 1784 1805 1838 gratissimum

301 1860 483 1900 animum
514 1859 719 1901 testificer
748 1859 798 1899 iis
819 1858 936 1899 Viris
970 1858 1140 1908 Doctis,
1165 1860 1252 1912 qui,
1280 1860 1355 1901 ubi
1386 1875 1410 1901 a
1437 1875 1502 1902 me
1534 1861 1806 1912 dissentiunt,

298 1937 365 1978 vel
392 1937 464 1977 ubi
492 1951 674 1986 errores,
696 1937 852 1990 quibus
885 1949 1008 1976 nemo
1039 1950 1124 1976 non
1157 1936 1369 1976 obnoxius
1401 1942 1479 1985 est,
1509 1937 1806 1991 deprehende-

297 2015 416 2063 bant,
449 2029 533 2055 non
566 2013 705 2055 feroce
734 2013 875 2074 aliqua
906 2012 1180 2062 confidentia,
1211 2027 1298 2054 non
1330 2013 1516 2067 superba
1547 2015 1804 2069 arrogantia,

303 2092 378 2132 sed
412 2090 579 2132 amabili
598 2090 808 2130 modestia
837 2096 880 2130 et
904 2089 1059 2143 insigni
1079 2088 1357 2138 humanitate,
1379 2104 1476 2143 quae
1504 2089 1630 2131 decet
1654 2089 1806 2132 libera-

297 2168 398 2209 lium
418 2169 570 2209 artium
595 2166 876 2221 professores,
899 2166 1138 2207 dissensum
1170 2180 1292 2207 suum
1314 2166 1380 2207 vel
1406 2181 1596 2208 errorum
1621 2168 1806 2209 animad-

299 2247 513 2287 versiones
535 2250 865 2299 proposuerunt.
926 2242 978 2283 In
997 2243 1064 2283 his
1086 2248 1154 2283 est
1175 2242 1256 2284 Vir
1278 2242 1547 2283 Clarissimus
1570 2242 1803 2294 Obbarius,

298 2324 371 2377 qui
397 2324 439 2364 in
460 2322 736 2377 dijudicando
762 2320 844 2362 hoc
866 2327 980 2361 tomo
1003 2319 1177 2360 Horatii
1208 2319 1397 2360 secundo
1417 2333 1504 2359 non
1537 2318 1673 2360 solum
1704 2319 1805 2361 doc-

298 2401 433 2450 trinae,
457 2415 540 2454 qua
561 2398 744 2448 excellit,
767 2398 912 2451 copias
944 2397 988 2437 in
1015 2396 1199 2437 medium
1224 2394 1401 2450 protulit
1432 2394 1702 2447 lautissimas,
1724 2398 1802 2439 sed

297 2478 423 2533 etiam
453 2478 648 2526 animum,
671 2490 756 2530 quo
776 2475 951 2528 regitur,
973 2474 1170 2528 probavit
1196 2471 1535 2514 liberalissimum
1559 2479 1603 2514 et
1629 2474 1672 2515 in
1697 2473 1800 2517 alios

298 2555 595 2608 aequissimum.
657 2552 856 2593 Eundem
885 2552 1030 2606 igitur,
1059 2552 1134 2592 ubi
1165 2551 1208 2592 in
1240 2551 1320 2592 hac
1352 2565 1460 2592 nova
1490 2551 1592 2592 tomi
1623 2539 1802 2594 secundi

296 2630 541 2671 recensione
562 2644 587 2670 a
606 2643 671 2669 me
703 2629 929 2683 impetrare
950 2643 1035 2669 non
1054 2628 1192 2682 potui,
1214 2634 1261 2669 ut
1280 2628 1372 2682 ejus
1399 2628 1442 2668 in
1463 2627 1675 2669 nonnullis
1694 2627 1799 2670 locis

294 2714 380 2747 tam
405 2706 646 2760 explicandi
666 2721 794 2760 quam
813 2713 978 2748 veteres
1008 2705 1212 2747 lectiones
1243 2705 1502 2752 defendendi
1527 2704 1681 2746 rationi
1711 2705 1798 2746 suf-

293 2783 498 2837 fragarer,
514 2783 558 2823 id
579 2783 690 2824 haud
708 2784 853 2838 iniquo
874 2783 1057 2824 laturum
1077 2797 1172 2824 esse
1194 2784 1345 2833 animo,
1365 2797 1619 2837 persuasum
1638 2783 1790 2824 habeo.

295 2860 366 2900 Sic
404 2858 473 2900 ille
513 2859 556 2899 in
595 2859 735 2913 Epist.
777 2861 803 2909 i,
840 2862 903 2910 10,
940 2861 1009 2911 47,
1047 2861 1254 2915 Imperat,
1295 2861 1412 2901 haud
1449 2859 1579 2901 servit
1619 2860 1797 2901 collecta
