1884 3288
322 200 406 240 208

884 203 1284 248 CARMINUM

522 301 573 342 10
604 302 790 344 Demisit
810 303 978 346 hostem
1000 306 1165 346 vividus
1186 307 1393 360 impetus3

658 369 789 411 Nunc
808 371 850 411 in
873 370 1131 413 reluctantes
1153 374 1361 414 dracones

719 436 824 490 Egit
845 452 962 478 amor
983 437 1104 492 dapis
1125 445 1253 493 atque
1273 454 1453 494 pugnae:

603 503 838 550 Qualemve
858 503 966 544 laetis
988 519 1142 558 caprea
1161 507 1332 559 pascuis

601 568 784 620 Intenta,
807 570 934 611 fulvae
954 571 1099 611 matris
1120 572 1174 612 ab
1196 573 1329 613 ubere

518 636 568 675 15

653 635 751 677 Jam
771 635 881 677 lacte
903 636 1128 690 depulsum
1146 637 1326 687 leonem,

711 703 857 744 Dente
878 718 988 744 novo
1012 705 1217 757 peritura,
1241 705 1367 745 vidit:

597 769 760 810 Videre
782 769 951 810 Rhaetis
973 769 1085 810 bella
1106 771 1185 811 sub
1206 770 1393 825 Alpibus

596 835 789 876 Drusum
810 830 1028 889 gerenteni
1049 836 1285 886 Vindeliei;
1318 838 1474 891 quibus

651 901 752 942 Mos
773 902 888 942 unde
910 902 1121 943 deductus
1142 917 1220 956 per
1238 918 1360 944 omne
1408 955 1410 957 ‚

509 968 564 1036 2'0

678 968 870 1022 Tempus
890 966 1125 1010 Amazonia
1146 971 1286 1010 securi

594 1033 786 1074 Dextras
809 1035 1015 1084 obarmet‚
1037 1049 1231 1088 quaerere
1253 1036 1423 1086 distuli;

593 1099 690 1141 Nee
713 1101 820 1141 s'cire
841 1100 904 1141 fas
926 1108 991 1141 est
1012 1101 1172 1151 omnia3
1207 1102 1283 1142 sed
1306 1102 1382 1142 diu

649 1167 845 1221 Lateque
869 1168 1062 1208 victrices
1084 1175 1284 1217 catervae,

704 1233 902 1274 Consiliis
919 1235 1089 1288 juvenis
1111 1235 1296 1283 revictae,

510 1302 566 1342 25
597 1300 795 1350 sensere,
818 1301 922 1354 quid
944 1315 1062 1341 mens
1084 1301 1180 1349 rite,
1201 1302 1306 1355 quid
1327 1302 1506 1352 indoles,

309 1405 436 1432 nantem
465 1399 622 1434 viderunt,
654 1399 741 1440 quali
767 1398 894 1440 juvenis
923 1397 1041 1439 aquila,

309 1453 382 1474 cum
405 1442 479 1473 nido
501 1442 609 1473 relicto
631 1442 663 1472 in
686 1442 782 1472 altum
802 1441 948 1477 evolavit,
972 1450 1043 1470 mox

309 1484 342 1514 in
365 1485 458 1515 ovilia
476 1484 548 1515 inde
567 1490 599 1515 et
619 1484 770 1514 dracones
792 1483 854 1513 ruit
876 1489 969 1523 atque
989 1483 1042 1513 de-

307 1527 452 1562 mittitur,
475 1526 526 1557 vel
548 1526 636 1567 quali
666 1525 823 1557 timendus
842 1524 968 1566 juvenis
996 1525 1044 1555 leo

308 1578 429 1610 capreae
458 1569 490 1599 in
521 1568 646 1609 pascuis
675 1567 878 1609 conspicitur.
925 1566 981 1597 Uti
1008 1566 1041 1596 in

307 1610 449 1652 plurimis
475 1609 760 1651 comparationibus
786 1619 823 1639 ea
851 1614 971 1639 tantum
999 1608 1041 1638 rei

306 1657 494 1694 comparatae
530 1661 612 1693 pars,
649 1661 744 1692 quam
775 1651 873 1681 solam
908 1649 1043 1691 respexit

307 1693 438 1734 quisque
454 1700 558 1735 poeta,
575 1693 745 1734 spectanda
760 1698 792 1723 et
806 1693 845 1723 ab
861 1692 899 1722 iis
914 1702 985 1733 quae
1003 1691 1042 1722 ad

307 1741 449 1766 ornatum
472 1735 639 1783 pertinent.
661 1734 823 1774 diligenter
838 1733 1043 1764 discernenda

309 1784 376 1816 est3
406 1778 451 1808 ita
475 1788 508 1808 in
538 1777 586 1808 his
612 1777 736 1808 duabus
762 1775 1043 1818 comparationibus

310 1819 562 1860 unicejuvenilis
577 1821 684 1859 aquilae
699 1826 727 1849 et
748 1820 839 1849 leonis
855 1820 941 1858 vigor
954 1824 1043 1858 atque

307 1865 432 1902 impetus
443 1862 576 1903 spectari
586 1867 617 1892 et
627 1867 729 1892 cetera
736 1861 842 1892 omnia
852 1861 890 1890 ad
901 1866 1042 1890 ornatum

306 1903 411 1934 referri
426 1903 551 1934 debent.
597 1904 723 1938 Qualem
737 1904 910 1933 ministrum
921 1902 1037 1943 fulmi-

307 1947 354 1976 nis
375 1947 478 1975 alitem
503 1946 582 1975 Olim
595 1947 741 1984 juventus
765 1952 793 1975 et
814 1946 932 1984 patrius
954 1946 1039 1984 vigor

309 1987 391 2018 Nido
413 1989 548 2017 laborum
567 1988 703 2027 propulit
726 1989 863 2022 inscium,
886 1996 941 2028 pro
967 1987 1037 2016 vul-

306 2029 385 2070 gari,
399 2029 502 2070 qualis
521 2039 590 2060 esse
609 2029 688 2060 solet
704 2028 853 2070 juvenilis
868 2034 896 2059 et
919 2028 1038 2069 patrius

305 2071 394 2111 vigor
407 2071 533 2112 aquilae.
550 2080 644 2111 quam
663 2071 768 2112 (olim)
779 2070 854 2101 forte
869 2069 1040 2111 aliquando

306 2113 440 2154 primum
459 2113 596 2143 volatum
615 2112 648 2142 in
669 2122 738 2143 aere
758 2118 875 2143 tentare
894 2111 1040 2143 vidimus.

306 2156 486 2186 Ministrum
491 2155 639 2196 fulminis
648 2156 768 2184 alitem:
790 2163 914 2184 causam
927 2163 964 2184 ex
976 2164 1039 2194 qua

305 2197 414 2239 aquila
435 2196 568 2227 fulmina
593 2196 667 2227 Jovi
692 2195 866 2226 ministrare
887 2195 960 2225 ficta
987 2195 1038 2233 sit,

303 2239 383 2270 inter
403 2238 464 2270 alia
487 2238 560 2269 inde
581 2243 735 2279 repetunt,
757 2237 839 2278 quod
867 2236 955 2267 nulla
977 2247 1035 2267 un-

304 2291 399 2323 quam
429 2280 535 2322 aquila
563 2279 692 2310 fulmine
722 2285 808 2310 tacta
838 2278 940 2314 fuerit,
971 2278 1034 2310 vid.

303 2323 389 2354 Ptin.
404 2334 435 2360 x,
452 2324 484 2357 3,
502 2324 517 2363 §
532 2324 571 2358 43
595 2322 649 2352 sed
666 2321 779 2352 rectius
795 2321 921 2352 fortasse
941 2321 973 2350 in
990 2322 1034 2351 al-

302 2365 433 2400 tissimo,
449 2375 511 2406 quo
521 2364 560 2394 ad
573 2364 682 2394 nubila
691 2363 791 2394 tendit
802 2363 918 2403 aquila,
931 2363 1034 2394 volatu

302 2407 398 2449 hujus
416 2406 583 2438 commenti
603 2415 728 2436 causam
749 2415 871 2446 quaeras
887 2416 893 2435 :
915 2406 966 2435 cui
984 2417 1036 2436 res

303 2450 434 2481 Deorum
459 2460 587 2490 regnum
614 2450 647 2478 in
673 2458 738 2478 aves
762 2457 854 2487 vagas
882 2447 1034 2484 Permisit,

301 2491 428 2534 Jupiter
447 2492 545 2527 enim,
564 2495 600 2520 ut
619 2489 756 2525 tradunt,
779 2489 896 2530 regium
919 2489 1033 2530 aquilae

300 2533 380 2565 inter
408 2543 480 2564 aves
505 2532 612 2563 datum
637 2532 783 2563 honorem
808 2541 908 2572 operae
936 2531 1032 2567 illius,

300 2585 395 2618 quam
412 2575 432 2606 J
436 2574 485 2606 ovi
499 2574 531 2605 in
549 2573 744 2615 Ganymedis
756 2579 844 2614 raptu
859 2573 1034 2614 praestitisse

299 2618 396 2650 fertur
406 2616 524 2658 aquila,
537 2616 698 2658 praemium
711 2625 776 2646 esse
789 2615 896 2646 voluit.
923 2616 1034 2656 Sequi-

299 2667 349 2691 tur
363 2669 475 2701 nempe
491 2659 604 2689 Noster
614 2667 666 2688 eos
681 2657 735 2698 qui
751 2658 861 2688 Jovem
877 2657 908 2687 in
925 2657 1033 2699 Gany-

298 2701 388 2734 mede
417 2700 567 2743 rapiendo
596 2699 709 2741 aquilae
739 2698 910 2730 ministerio
940 2709 1031 2730 usum

297 2754 367 2776 esse
389 2749 538 2774 narrant:
563 2742 625 2773 vid.
647 2740 829 2783 Apollodor.
850 2740 895 2776 iii,
923 2742 972 2777 12,
997 2743 1029 2776 2,

295 2791 327 2818 et
342 2786 385 2817 ibi
402 2786 505 2827 Heyn.
548 2784 726 2815 Secundum
743 2783 820 2813 alios
833 2782 896 2824 ipse
908 2782 1031 2824 Jupiter

296 2828 330 2860 in
347 2827 484 2870 aquilam
505 2832 643 2858 mutatus
659 2831 724 2856 est:
748 2824 831 2860 vide,
849 2835 941 2866 quem
961 2825 1028 2855 lau-

294 2871 349 2902 dat
365 2869 512 2911 Boettig„
526 2867 740 2900 Hemsterhus.
754 2866 793 2897 ad
810 2866 943 2897 Lucian.
953 2867 991 2898 T.
1003 2867 1024 2902 i,

294 2924 326 2955 p.
345 2912 527 2943 210-215.
574 2911 675 2946 Flavo,
693 2909 834 2951 pulchro,
851 2915 885 2938 ut
906 2919 975 2950 sup.
991 2909 1024 2945 ii,

1087 1398 1280 1430 Particulam
1301 1401 1371 1431 olim
1390 1400 1445 1432 alii
1467 1411 1533 1443 pro,
1557 1401 1701 1444 primum,
1721 1403 1823 1445 expli-

1087 1447 1172 1477 cant,
1189 1446 1223 1471 ut
1238 1441 1402 1483 particulis
1425 1454 1501 1478 mox,
1515 1453 1546 1473 v.
1565 1445 1597 1479 9,
1614 1454 1681 1486 pro,
1697 1444 1821 1482 deinde,

1086 1488 1118 1513 et
1139 1495 1232 1517 nunc.
1257 1494 1287 1514 v.
1310 1485 1362 1519 ll,
1401 1495 1445 1521 ro,
1461 1485 1595 1526 denique
1614 1487 1820 1528 respondean

1088 1524 1154 1559 sed,
1171 1531 1206 1555 ut
1222 1525 1304 1556 hanc
1320 1495 1559 1567 explicationem
1579 1537 1655 1559 usus
1674 1529 1822 1570 loquendi

1085 1566 1174 1603 ferat,
1199 1567 1288 1598 valde
1310 1567 1454 1608 equidem
1483 1579 1610 1610 vereor;
1637 1569 1699 1602 imo
1747 1571 1821 1602 arti-

1085 1608 1156 1638 cula
1170 1610 1240 1639 olim
1256 1609 1294 1640 de
1310 1610 1415 1646 rebus,
1436 1621 1515 1652 quas
1531 1611 1575 1642 ita
1589 1611 1654 1642 fieri
1669 1617 1700 1643 et
1754 1618 1821 1644 ctas

1084 1659 1151 1680 esse
1162 1656 1295 1686 constat.
1311 1651 1481 1693 saepissime
1493 1653 1527 1683 in
1539 1653 1821 1695 comparationibus

1085 1692 1197 1722 obvia:
1222 1693 1262 1723 cs.
1279 1692 1335 1724 inf.
1353 1694 1392 1724 ad
1407 1695 1472 1725 Sat·
1489 1694 1510 1730 i,
1530 1696 1559 1730 1,
1575 1695 1628 1727 25.
1656 1695 1818 1734 Labor-um,

1086 1733 1210 1764 nisuum
1227 1734 1362 1770 illorum,
1379 1736 1496 1777 quibus
1511 1736 1543 1767 in
1559 1738 1657 1768 altum
1673 1747 1706 1769 se
1721 1739 1820 1770 extol-

1086 1775 1147 1806 lere
1176 1776 1319 1807 laborant
1344 1778 1478 1819 aquilae3
1509 1778 1582 1810 hinc
1610 1779 1716 1810 statim
1738 1783 1820 1812 venti

1086 1819 1218 1848 insolitos
1259 1821 1343 1849 nisus
1383 1822 1484 1851 docere
1523 1821 1695 1860 dicuntum
1739 1826 1820 1854 venti

1087 1869 1197 1900 nempe
1217 1863 1299 1891 nisus
1316 1863 1431 1897 docent,
1447 1861 1522 1892 dum
1539 1862 1643 1894 volatu
1662 1873 1696 1894 se
1710 1863 1819 1896 tollere

1081 1907 1245 1932 conantem
1271 1902 1394 1934 levant:
1426 1906 1522 1939 verni,
1546 1914 1615 1935 nam
1641 1905 1816 1946 aquilarum

1083 1954 1171 1983 aeque
1201 1953 1238 1974 ae
1263 1944 1438 1976 milviorum
1468 1952 1500 1977 et
1527 1945 1711 1988 accipitrum
1738 1948 1818 1990 pulli

1081 1986 1139 2016 sub
1177 1985 1255 2016 veris
1290 1992 1372 2018 certe
1406 1987 1466 2018 fine
1502 1988 1609 2019 nidum
1644 1988 1818 2031 relinquere

1082 2028 1204 2066 solent;
1233 2038 1294 2059 non
1325 2028 1481 2060 audienda
1508 2029 1603 2072 igitur
1630 2036 1715 2066 sunt,
1766 2042 1816 2063 uae

1082 2079 1163 2100 vano
1191 2070 1292 2101 studio
1327 2076 1434 2101 contra
1470 2071 1501 2102 h.
1530 2072 1552 2103 l.
1586 2071 1724 2114 disputat
1743 2042 1817 2105 (liat.

1083 2111 1200 2153 Scalig.
1216 2113 1307 2143 Poet.
1317 2112 1359 2149 vi,
1373 2123 1402 2144 c.
1417 2114 1447 2144 7.
1486 2113 1664 2145 Faventem.-
1687 2115 1816 2147 observa

1082 2159 1177 2184 artem
1198 2159 1309 2194 poetae,
1327 2165 1390 2195 qua
1409 2165 1463 2197 pro
1482 2154 1579 2191 tenui,
1594 2166 1677 2191 eum,
1693 2157 1815 2198 egregie

1082 2195 1175 2232 alitis,
1190 2205 1251 2225 non
1267 2195 1335 2226 sine
1351 2206 1464 2238 pavore
1477 2197 1612 2239 primum
1631 2199 1767 2230 volatum
1782 2199 1815 2231 in

1079 2246 1147 2268 aere
1163 2237 1329 2273 molientis.
1345 2242 1485 2269 naturam
1501 2238 1655 2279 designat.

1123 2279 1260 2310 10-18,
1285 2279 1454 2310 Dracones.-
1477 2280 1516 2312 de
1529 2281 1644 2323 aquilis
1658 2281 1811 2316 hostiliter

1079 2325 1234 2361 serpentes
1250 2321 1425 2363 petentibus
1440 2327 1471 2353 et
1489 2332 1560 2353 cum
1577 2323 1616 2354 iis
1629 2324 1814 2356 conflictan-

1078 2362 1172 2398 tibus,
1198 2373 1246 2393 res
1269 2369 1361 2394 nota:
1387 2363 1450 2394 vid.
1474 2364 1557 2395 Plin.
1581 2375 1612 2396 x.
1635 2367 1666 2401 4,
1689 2366 1704 2406 §
1726 2368 1758 2403 5,
1782 2374 1815 2399 et

1078 2414 1148 2445 quae
1164 2404 1196 2434 in
1210 2405 1291 2436 hanc
1308 2415 1369 2436 rem
1381 2406 1538 2446 congessit
1552 2406 1655 2438 Cerda
1669 2407 1710 2439 ad
1722 2409 1814 2451 Virg.

1078 2446 1120 2482 xi,
1151 2447 1225 2478 751.
1272 2447 1466 2478 Reluctantes
1495 2452 1550 2488 (ut
1579 2450 1696 2480 luceam
1724 2452 1815 2482 draco

1077 2487 1159 2529 apud
1187 2489 1275 2528 Virg.
1301 2491 1330 2519 1.
1354 2489 1394 2527 l),
1417 2490 1491 2520 dum
1514 2495 1671 2532 serpentes
1693 2492 1816 2525 scilicet

1077 2532 1131 2570 (ut
1145 2530 1214 2561 Cic.
1225 2531 1264 2561 de
1279 2530 1354 2561 Div.
1365 2531 1386 2569 i,
1399 2533 1451 2568 47,
1463 2532 1565 2563 locum
1577 2533 1706 2564 Homeri
1718 2534 1813 2566 Iliad.

1078 2572 1133 2607 xii,
1156 2573 1230 2610 201,
1253 2573 1292 2603 de
1318 2574 1425 2613 aquila
1451 2584 1519 2604 cum
1545 2582 1679 2614 serpente
1706 2586 1812 2618 pugna

1077 2613 1249 2645 imitatione
1270 2615 1458 2656 exprimens,
1483 2615 1638 2656 loquitur)
1662 2627 1691 2648 se
1713 2619 1811 2649 intor-

1076 2663 1187 2696 quent;
1205 2657 1265 2692 vel,
1276 2662 1312 2687 ut
1321 2657 1406 2688 Plin.
1416 2657 1439 2687 l.
1449 2659 1478 2692 l,
1491 2657 1546 2693 ait,
1560 2659 1724 2698 multiplici
1734 2671 1811 2691 nasu

1076 2699 1140 2728 alas
1149 2700 1256 2739 aquilae.
1272 2699 1372 2739 ligant
1385 2705 1414 2730 et
1429 2701 1474 2730 ita
1487 2701 1656 2739 implicant,
1669 2707 1707 2732 ut
1719 2703 1810 2734 simul

1075 2742 1204 2771 decidat.
1250 2741 1376 2783 qurea,
1393 2750 1460 2776 nos,
1482 2741 1596 2773 Gemse.
1639 2742 1754 2774 Matris
1773 2747 1810 2776 ab

1073 2783 1162 2813 ubere
1179 2783 1247 2813 Jam
1268 2783 1343 2814 lacte
1360 2783 1516 2822 depulsum
1535 2785 1656 2820 leonem,
1675 2784 1707 2815 h.
1725 2795 1752 2817 e.
1770 2787 1811 2818 ab

1073 2824 1165 2855 ubere
1197 2824 1316 2859 matris,
1352 2823 1492 2866 adeoque
1527 2824 1587 2856 ‘am
1621 2825 1714 2864 laete,
1748 2838 1810 2870 quo

1071 2866 1174 2897 adhuc
1203 2865 1340 2897 nutritus
1368 2866 1480 2902 fuerat,
1530 2877 1548 2898 e
1571 2866 1694 2898 ulsum:
1731 2869 1808 2901 lacte

1069 2917 1107 2938 ea
1129 2907 1270 2950 inprimis
1290 2909 1320 2938 vi
1338 2907 1495 2939 addidisse
1513 2908 1543 2939 vi
1566 2914 1636 2940 etur
1653 2915 1756 2952 poeta,
1774 2918 1810 2943 ut

295 2957 325 2991 4,
352 2956 402 2991 1⁴,
425 2959 455 2986 et
480 2953 524 2989 iii,
549 2954 582 2989 9,
608 2953 658 2988 19,
681 2957 711 2982 et
737 2950 910 2982 sexcenties
937 2951 1024 2983 alibi.
1066 2949 1212 2990 juvenem
1240 2949 1328 2980 illum
1357 2950 1476 2982 leonem
1508 2961 1592 2982 nunc
1621 2951 1803 2984 famelicum
