1904 3314
729 191 952 234 LIBER
985 191 1043 242 ΙΙ,
1076 193 1115 233 7.

1606 197 1692 239 417

730 407 970 451 SATIRA
1001 409 1106 452 VII.

264 559 527 601 JAMDUDUM
548 556 760 609 ausculto,
781 565 826 600 et
845 558 1027 614 cupiens
1050 558 1131 600 tibi
1151 558 1298 600 dicere
1319 573 1471 602 servus

265 626 427 677 Pauca,
449 625 700 668 reformido.

763 625 973 668 Davusne
989 628 1006 668 ἵ

1068 625 1150 668 Ita.
1213 626 1380 678 Davus,
1403 628 1585 670 amicum

263 694 535 749 Mancipium
555 694 746 743 domino,
768 701 812 736 et
834 693 964 749 frugi,
988 695 1106 749 quod
1131 695 1186 735 sit
1207 695 1312 736 satis
1330 713 1340 746 ;
1371 695 1458 738 hoe
1477 702 1559 746 est,

262 762 327 805 Ut
347 761 475 804 vitale
496 770 640 818 putes.

702 760 818 818 Age,
839 761 1043 805 libertate
1067 763 1319 814 Decembri,

201 831 231 873 5
261 830 452 879 Quando
473 831 534 872 ita
554 831 739 886 majores
761 829 1007 881 voluerunt,
1035 839 1184 873 utere:
1218 846 1361 873 narra.

259 898 371 941 Pars
391 898 615 942 hominum
635 899 748 941 vitiis
770 900 936 955 gaudet
957 907 1222 950 constanter,
1245 907 1289 942 et
1311 907 1440 955 urget

259 966 564 1023 Propositum:
597 983 699 1024 pars
720 967 856 1009 multa
876 974 1012 1019 natat,
1034 969 1166 1010 modo
1187 977 1307 1011 recta
1328 984 1576 1025 capessens,

257 1034 487 1078 Interdum
508 1037 652 1092 pravis
675 1037 877 1079 obnoxia.

940 1036 1068 1093 Saepe
1090 1044 1267 1080 notatus

258 1103 371 1145 Cum
390 1105 533 1147 tribus
553 1103 749 1155 annellis,
771 1104 902 1146 modo
922 1103 1031 1146 laeva
1053 1105 1231 1147 Priscus
1253 1106 1383 1148 inani.

177 1171 232 1213 10
261 1171 387 1214 Vixit
406 1171 647 1228 inaequalis,
669 1173 839 1215 clavum
859 1180 908 1215 ut
928 1181 1118 1216 mutaret
1140 1175 1184 1216 in
1205 1174 1335 1216 horas
1353 1193 1363 1226 ς

258 1239 454 1282 AEdibus
476 1255 531 1282 ex
552 1240 720 1296 magnis
742 1242 887 1283 subito
911 1257 957 1283 se
979 1243 1204 1293 conderet,
1228 1244 1345 1285 unde

258 1308 472 1350 Mundior
492 1309 632 1351 exiret
652 1310 726 1351 vix
745 1309 972 1351 libertinus
994 1310 1203 1353 honeste:

255 1376 357 1419 Jam
377 1376 575 1419 moechus
598 1376 767 1428 Romae,
784 1378 876 1433 jam
896 1377 1043 1420 mallet
1064 1379 1222 1421 doctor
1243 1379 1432 1422 Athenis

372 1489 543 1521 SATIRA
569 1491 654 1522 VII.

183 1533 309 1570 Davus,
347 1542 466 1570 servus,
504 1543 599 1574 quem
642 1533 807 1571 Horatius,
831 1545 887 1576 pm

137 1574 282 1608 libertate
297 1575 349 1608 die
364 1575 583 1607 Saturnalium
607 1576 702 1608 servis
722 1587 886 1614 concessa,

140 1619 237 1662 paulo
252 1618 406 1651 audacius
421 1629 531 1650 secum
547 1618 729 1661 loquentem
753 1620 888 1658 inducit,

136 1662 302 1705 sapientie
315 1667 475 1706 praecepta.
490 1662 530 1693 ad
547 1660 647 1693 levem
659 1667 691 1694 et
704 1661 885 1695 instabilem

138 1703 303 1737 hominum
331 1705 471 1737 animum
492 1706 682 1748 spectantia,
707 1715 779 1746 quae
799 1706 886 1738 Cris-

137 1749 205 1792 pini
219 1749 398 1792 philosophi
409 1747 579 1790 janitorem
588 1758 695 1779 secum
707 1749 885 1780 communi-

931 1492 1086 1522 licentiam
1109 1498 1138 1523 et
1161 1494 1330 1525 libertatem
1355 1495 1489 1533 dicendi,
1509 1507 1573 1536 (ματ.
1598 1497 1682 1532 velis,

931 1537 1003 1575 quia
1029 1536 1248 1568 Saturnalibus
1274 1538 1398 1567 libertas
1421 1541 1513 1569 servis
1538 1541 1680 1570 concede-

931 1579 1034 1615 batur,
1058 1584 1087 1609 et
1110 1590 1208 1610 omnes
1231 1581 1480 1620 exequebantur,
1511 1588 1548 1613 ut
1579 1583 1682 1613 saeculi

931 1623 1032 1657 aurei.
1047 1633 1103 1662 quo
1118 1622 1274 1654 Saturnus
1288 1625 1442 1666 regnauit,
1456 1631 1527 1656 esset
1538 1626 1682 1656 imitatio.

932 1663 1091 1695 Decembri
1107 1671 1209 1696 autem
1224 1677 1321 1696 mense
1345 1668 1395 1706 (a.
1412 1665 1443 1697 d.
1467 1667 1519 1699 xiv
1544 1668 1681 1700 calend.

929 1706 1024 1747 Jan.)
1037 1708 1242 1746 celebrantur,
1253 1715 1280 1739 ee
1301 1711 1520 1754 immutatiofit
1531 1713 1680 1742 conditio-

930 1750 990 1786 πίε,
1006 1762 1078 1781 nam
1092 1757 1119 1781 et
1135 1751 1223 1782 liberi
1238 1763 1272 1782 ex
1285 1753 1377 1783 servis
1392 1759 1421 1783 et
1438 1756 1516 1785 servi
1530 1765 1564 1784 ex
1578 1755 1681 1786 liberis

137 1801 230 1824 casse
244 1793 300 1830 ait,
315 1791 350 1824 in
366 1791 426 1823 hac
443 1791 547 1823 Satira
562 1791 705 1833 exponit,
728 1791 886 1833 simulque
921 1793 1025 1833 fiunt.

137 1834 172 1866 in
198 1835 310 1868 herum
335 1834 471 1878 ejusque
496 1834 574 1865 vitia
604 1834 734 1866 liberius
763 1834 886 1867 invehi-

137 1883 200 1910 tur.

182 1922 280 1953 1—4.
300 1921 490 1953 Iamdudum
504 1922 655 1956 ausculto,
672 1926 748 1952 cett.
788 1920 886 1963 Finge

137 1963 197 1996 tibi
213 1963 384 1996 Horatium
399 1964 440 1996 ad
455 1975 489 1996 se
504 1974 636 1996 vocasse
651 1974 774 1995 servum
792 1974 885 1996 suum

136 2006 288 2039 Davum:
311 2007 402 2040 audit
417 2008 540 2043 Davus,
564 2008 768 2050 respondens,
792 2007 812 2038 J
817 2017 885 2039 am-

136 2049 260 2083 dudum
276 2061 368 2083 aures
381 2051 422 2082 ad
438 2061 547 2082 vocem
563 2049 684 2082 domini
702 2061 752 2082 me
768 2060 883 2082 vocan-

135 2092 178 2125 tis
192 2093 315 2136 arrigo;
339 2103 412 2125 nam
427 2094 524 2137 cupio
541 2100 645 2136 pauca
661 2095 726 2136 (sc.
743 2092 883 2125 rectioris

134 2135 210 2169 vitae
223 2147 328 2180 praece
351 2135 402 2178 ta)
419 2136 478 2168 tibi
493 2137 617 2173 referre,
637 2136 704 2174 sed,
718 2136 795 2178 quia
817 2147 880 2168 ser-

135 2189 194 2212 vus
206 2190 292 2217 sum,
311 2181 322 2212 i
368 2180 473 2212 facere
492 2180 669 2212 reformido.
714 2180 880 2216 Davusne,

86 2259 99 2265 υ
133 2231 240 2256 servus
253 2234 354 2261 meus,
372 2233 474 2266 pauca
489 2223 568 2254 mihi
591 2222 696 2254 dicere
717 2222 879 2254 minatur!

135 2265 221 2298 Sane
245 2276 304 2308 ego
326 2267 450 2303 Davus,
475 2276 583 2298 servus
608 2272 702 2304 tuus;
726 2275 800 2296 nam
821 2276 880 2308 ego

134 2307 298 2342 dominnm
318 2319 424 2341 meum
451 2319 535 2346 amo,
559 2314 600 2347 et,
625 2314 781 2351 quantum
804 2309 880 2341 satis

134 2357 194 2391 est,
209 2352 302 2384 bonae
322 2352 423 2394 frugis
443 2362 552 2384 servus
577 2363 659 2388 sum,
681 2351 726 2383 ita
749 2351 878 2394 quidem

134 2395 192 2438 (nt
213 2397 308 2428 vitale
331 2394 450 2437 putes),
478 2401 513 2427 ut
535 2395 663 2427 credere
678 2395 805 2438 possis,
827 2406 878 2428 me

133 2447 199 2475 Bon
208 2444 282 2472 ante
293 2438 378 2471 diem
387 2438 573 2470 moriturum
581 2448 662 2470 esse.
678 2438 784 2480 (Ante
793 2438 876 2471 diem

131 2481 220 2514 enim
242 2482 322 2515 mori
343 2482 538 2525 putabantur
566 2481 678 2524 optimi
706 2480 824 2523 quique
847 2488 879 2515 et

63 2522 78 2539 ⁷'
131 2525 401 2567 prestantissimi:
441 2524 539 2557 Ovid.
569 2525 648 2557 Am.
684 2524 719 2556 ii.
756 2525 789 2560 6,
822 2526 877 2562 39,

52 3112 62 3133 '·
46 3059 61 3095 “¹¹⁴
42 2909 66 3030 223⁹&ss
50 2890 54 2891 ¹
45 2672 70 2865 r‘ssssvff'ffl'*
50 2637 69 2655 ες
62 2614 67 2618 .,

134 2567 257 2608 Optima
270 2571 371 2610 prima
379 2568 454 2612 fere
467 2569 608 2599 manibus
618 2569 788 2608 rapiuntur
802 2579 876 2600 ava-

130 2613 187 2645 ris.
229 2613 347 2646 Jocosa
361 2611 457 2653 igitur
471 2610 623 2643 modestia
638 2611 751 2643 Davus
774 2611 877 2642 bouus

131 2659 256 2688 tautum
269 2665 390 2691 servuS,
405 2665 468 2687 non
485 2654 636 2697 optimuS,
654 2653 752 2685 videri
775 2653 875 2695 vult).

131 2699 186 2732 Sic
195 2698 273 2730 mihi
282 2698 317 2730 in
330 2698 430 2741 hujus
450 2697 556 2729 satirae
571 2696 741 2740 principio,
757 2696 797 2728 de
811 2708 876 2739 quo

132 2751 153 2774 n
176 2741 336 2778 Bentleio,
361 2740 418 2784 qui
450 2741 534 2772 hanc
564 2751 640 2772 cum
677 2740 876 2782 praecedente

130 2785 229 2818 utin
241 2784 275 2816 in
290 2794 388 2816 unam
406 2783 627 2826 conglutinare
642 2783 780 2819 volebat,
796 2788 827 2815 et
837 2784 877 2814 ab

130 2827 203 2860 aliis
215 2827 440 2871 interpretibus
454 2828 589 2858 multum
606 2826 802 2868 disputatum
818 2831 877 2865 est,

86 2900 90 2901 γ
130 2870 240 2905 omnin.
251 2872 335 2903 bene
349 2870 411 2903 sibi
425 2870 612 2914 respondere
624 2870 782 2902 videntur.

175 2915 209 2952 4,
223 2915 255 2946 5.
278 2915 438 2946 Libertate
450 2914 752 2950 Decembri-utere,
777 2918 876 2950 utere,

154 2966 206 2990 ua
214 2956 313 2989 servis
325 2967 432 2989 meuse
443 2956 626 2993 Decembri,
641 2956 877 2992 Saturnalibus,

157 2998 203 3031 nri
217 2999 308 3038 solet,
329 3000 490 3033 libertate:
515 2999 626 3031 schol.
644 3000 736 3036 Aer„
760 2999 880 3030 Habeas

975 1837 1006 1884 65
1047 1837 1239 1874 constanter,
1278 1836 1388 1869 eadem
1424 1848 1547 1881 semper
1584 1839 1680 1882 perti-

931 1887 1036 1910 nacia.

975 1922 1007 1953 7.
1034 1922 1236 1962 Propositum,
1262 1933 1326 1954 rem
1351 1923 1447 1954 semel
1473 1925 1678 1966 propositam,

930 1963 1005 1996 licet
1020 1964 1230 1997 inhonestam.
1277 1966 1389 2002 Natat,
1406 1966 1469 1997 huc
1485 1967 1561 1999 illuc
1576 1968 1678 2010 agita-

930 2012 991 2043 tur,
1009 2009 1154 2044 fluctuat,
1172 2009 1334 2040 mutabilis
1349 2014 1416 2040 est:
1442 2009 1513 2041 Cic.
1535 2010 1575 2043 de
1600 2013 1677 2044 Nat.

930 2050 974 2082 D.
1000 2050 1046 2088 iii,
1076 2053 1125 2087 14,
1152 2051 1191 2082 In
1213 2064 1270 2093 quo
1295 2059 1330 2083 tu
1355 2053 1429 2083 mihi
1451 2055 1548 2096 magis
1569 2062 1678 2087 notare

926 2104 1008 2125 visus
1021 2105 1062 2126 es-

969 2138 1001 2173 8,
1018 2139 1052 2169 9.
1075 2138 1219 2175 Notatus,
1235 2148 1280 2170 sc.
1296 2143 1362 2176 est;
1388 2138 1478 2180 posui
1494 2138 1590 2180 igitur
1605 2147 1678 2184 post

926 2181 1014 2212 inani
1039 2180 1275 2212 distinctionem
1300 2181 1475 2224 majorem;
1500 2193 1574 2214 nam
1599 2187 1677 2216 vixit

926 2223 1086 2264 inaequalis
1109 2223 1148 2254 ad
1171 2224 1338 2265 sequentia
1360 2231 1484 2256 tantum
1510 2226 1676 2260 referenda

923 2265 1081 2298 videntur.
1127 2267 1146 2298 J
1153 2277 1256 2309 unge:
1293 2267 1420 2299 Priscus
1446 2269 1557 2310 (soepe)
1581 2271 1674 2303 modo

924 2309 1084 2351 (notatus)
1095 2310 1278 2342 observatus
1293 2316 1325 2342 et
1339 2318 1531 2354 conspectus
1547 2319 1594 2345 est
1604 2326 1673 2346 cum

923 2354 1021 2384 tribus
1045 2355 1189 2389 annectis,
1213 2356 1296 2385 modo
1316 2355 1411 2394 (laeva
1434 2356 1539 2394 inani)
1564 2356 1620 2394 ita,
1638 2363 1674 2389 ut

922 2405 1023 2427 vacua
1051 2397 1145 2439 plane
1167 2402 1200 2428 et
1222 2397 1328 2429 inanis
1349 2404 1434 2430 esset
1456 2399 1539 2430 laeva
1557 2410 1673 2432 manus

923 2438 1070 2480 annulis;
1094 2450 1148 2482 pro
1175 2440 1309 2481 vulgari,
1338 2440 1469 2473 Priscus
1494 2443 1587 2474 modo
1611 2449 1674 2476 tres

922 2482 1070 2520 annulos,
1088 2482 1181 2514 modo
1197 2484 1322 2515 nullum
1339 2484 1420 2516 laeva
1445 2495 1543 2517 manu
1565 2497 1674 2528 gerere

922 2525 1054 2558 solebat.
1100 2526 1152 2558 De
1167 2526 1255 2558 vario
1270 2526 1354 2569 apud
1380 2528 1544 2560 Romanos
1568 2539 1673 2561 annu.

922 2567 1023 2600 lorum
1043 2579 1101 2600 usu
1117 2569 1182 2600 vid.
1206 2569 1418 2602 Kirchmann.
1441 2571 1480 2603 de
1497 2572 1624 2605 Annul.
1639 2579 1672 2605 et

919 2622 994 2653 quae
1010 2611 1073 2643 hue
1088 2618 1247 2654 spectant,
1261 2623 1333 2656 cap.
1352 2615 1391 2645 15
1409 2624 1481 2656 sqq.

967 2656 1108 2686 10—12.
1145 2655 1228 2687 Vixit
1255 2657 1426 2697 inoequulis,
1453 2663 1527 2689 cett.
1581 2658 1671 2691 Idem

922 2697 981 2728 fuit
1005 2698 1098 2729 homo
1121 2703 1184 2729 tam
1210 2698 1290 2730 varii
1314 2699 1446 2741 ingenii,
1468 2706 1503 2732 ut
1522 2700 1555 2731 in
1578 2701 1672 2733 horas

919 2740 1013 2772 modo
1028 2741 1136 2773 tunica
1148 2741 1323 2779 laticlavia,
1335 2743 1430 2775 modo
1440 2744 1672 2784 angusticlavia

921 2783 1068 2826 prodiret,
1087 2784 1181 2815 modo
1194 2795 1232 2816 ex
1250 2786 1374 2827 magnis
1390 2786 1514 2818 aedibus
1537 2787 1584 2828 (se
1599 2800 1671 2819 con-

921 2825 1023 2867 deret)
1054 2837 1088 2859 se
1114 2828 1265 2870 reciperet
1290 2834 1322 2861 et
1347 2829 1477 2861 abderet
1506 2832 1611 2871 parvis
1641 2838 1672 2862 et

921 2869 1142 2902 humilioribus
1163 2871 1298 2908 aedibus,
1322 2872 1409 2904 unde
1430 2873 1483 2903 vix
1506 2873 1671 2905 libertinus

922 2913 1018 2960 paulo
1033 2913 1150 2945 cultior
1170 2914 1320 2947 decenter
1340 2915 1450 2947 exiret.
1495 2916 1670 2957 Ιηιεᾳιιαίἰε,

922 2962 1126 2988 inconstans:
1152 2967 1227 3000 sup.
1245 2959 1314 2989 Sat.
1334 2958 1356 2996 i,
1372 2959 1405 2996 3,
1419 2961 1452 2994 9,
1478 2959 1534 2989 Nil
1558 2960 1670 2999 aequale

924 3000 1116 3041 hominisuit
1131 3001 1193 3031 illi.

876 3051 928 3073 Ee
