<?xml version="1.0" encoding="UTF-8"?>
<!DOCTYPE html PUBLIC "-//W3C//DTD XHTML 1.0 Transitional//EN"
    "http://www.w3.org/TR/xhtml1/DTD/xhtml1-transitional.dtd">
<html xmlns="http://www.w3.org/1999/xhtml" xml:lang="en" lang="en">
 <head>
  <title>
</title>
<meta http-equiv="Content-Type" content="text/html;charset=utf-8" />
  <meta name='ocr-system' content='tesseract 3.04.00' />
  <meta name='ocr-capabilities' content='ocr_page ocr_carea ocr_par ocr_line ocrx_word'/>
</head>
<body>
  <div class='ocr_page' id='page_1' title='image "./operahorac00horauoft_0508.png"; bbox 0 0 1904 3314; ppageno 0'>
   <div class='ocr_carea' id='block_1_1' title="bbox 340 175 424 216">
    <p class='ocr_par' dir='ltr' id='par_1_1' title="bbox 340 175 424 216">
     <span class='ocr_line' id='line_1_1' title="bbox 340 175 424 216; baseline 0.012 -1"><span class='ocrx_word' id='word_1_1' title='bbox 340 175 424 216; x_wconf 77' lang='lat'>468</span> 
     </span>
    </p>
   </div>
   <div class='ocr_carea' id='block_1_2' title="bbox 832 175 1358 218">
    <p class='ocr_par' dir='ltr' id='par_1_2' title="bbox 832 175 1358 218">
     <span class='ocr_line' id='line_1_2' title="bbox 832 175 1358 218; baseline 0.002 -2"><span class='ocrx_word' id='word_1_2' title='bbox 832 175 1358 218; x_wconf 82' lang='lat' dir='ltr'><strong>EPISTOLARUM</strong></span> 
     </span>
    </p>
   </div>
   <div class='ocr_carea' id='block_1_3' title="bbox 373 274 1706 1449">
    <p class='ocr_par' dir='ltr' id='par_1_3' title="bbox 398 274 1671 384">
     <span class='ocr_line' id='line_1_3' title="bbox 455 274 1671 330; baseline 0.002 -14"><span class='ocrx_word' id='word_1_3' title='bbox 455 274 676 316; x_wconf 85' lang='lat' dir='ltr'>Cunctane</span> <span class='ocrx_word' id='word_1_4' title='bbox 697 290 788 330; x_wconf 84' lang='lat' dir='ltr'>prae</span> <span class='ocrx_word' id='word_1_5' title='bbox 808 289 956 330; x_wconf 87' lang='lat' dir='ltr'>campo</span> <span class='ocrx_word' id='word_1_6' title='bbox 976 283 1020 318; x_wconf 87' lang='lat' dir='ltr'>et</span> <span class='ocrx_word' id='word_1_7' title='bbox 1039 276 1246 318; x_wconf 86' lang='lat' dir='ltr'>Tiberino</span> <span class='ocrx_word' id='word_1_8' title='bbox 1266 276 1438 318; x_wconf 90' lang='lat' dir='ltr'>flumine</span> <span class='ocrx_word' id='word_1_9' title='bbox 1459 277 1671 319; x_wconf 73' lang='lat' dir='ltr'>sordent?</span> 
     </span>
     <span class='ocr_line' id='line_1_4' title="bbox 398 340 1523 384; baseline 0.003 -3"><span class='ocrx_word' id='word_1_10' title='bbox 398 341 425 381; x_wconf 88' lang='lat'><strong><em>5</em></strong></span> <span class='ocrx_word' id='word_1_11' title='bbox 455 340 527 382; x_wconf 92' lang='lat' dir='ltr'>An</span> <span class='ocrx_word' id='word_1_12' title='bbox 546 341 662 382; x_wconf 85' lang='lat' dir='ltr'>venit</span> <span class='ocrx_word' id='word_1_13' title='bbox 681 342 724 382; x_wconf 93' lang='lat' dir='ltr'>in</span> <span class='ocrx_word' id='word_1_14' title='bbox 745 348 888 383; x_wconf 87' lang='lat' dir='ltr'>votum</span> <span class='ocrx_word' id='word_1_15' title='bbox 908 341 1107 384; x_wconf 82' lang='lat' dir='ltr'><strong>Attalicis</strong></span> <span class='ocrx_word' id='word_1_16' title='bbox 1127 357 1182 384; x_wconf 85' lang='lat' dir='ltr'>ex</span> <span class='ocrx_word' id='word_1_17' title='bbox 1204 344 1383 384; x_wconf 86' lang='lat' dir='ltr'>urbibus</span> <span class='ocrx_word' id='word_1_18' title='bbox 1406 346 1523 384; x_wconf 78' lang='lat' dir='ltr'>una?</span> 
     </span>
    </p>

    <p class='ocr_par' dir='ltr' id='par_1_4' title="bbox 454 406 1586 464">
     <span class='ocr_line' id='line_1_5' title="bbox 454 406 1586 464; baseline 0.002 -16"><span class='ocrx_word' id='word_1_19' title='bbox 454 406 528 448; x_wconf 92' lang='lat' dir='ltr'>An</span> <span class='ocrx_word' id='word_1_20' title='bbox 549 408 774 449; x_wconf 90' lang='lat' dir='ltr'><strong>Lebedum</strong></span> <span class='ocrx_word' id='word_1_21' title='bbox 793 408 955 458; x_wconf 84' lang='lat' dir='ltr'>laudas,</span> <span class='ocrx_word' id='word_1_22' title='bbox 977 410 1077 451; x_wconf 92' lang='lat' dir='ltr'>odio</span> <span class='ocrx_word' id='word_1_23' title='bbox 1098 410 1223 450; x_wconf 89' lang='lat' dir='ltr'>maris</span> <span class='ocrx_word' id='word_1_24' title='bbox 1244 418 1373 464; x_wconf 86' lang='lat' dir='ltr'>atque</span> <span class='ocrx_word' id='word_1_25' title='bbox 1391 411 1551 451; x_wconf 87' lang='lat' dir='ltr'>viarum</span> <span class='ocrx_word' id='word_1_26' title='bbox 1568 412 1586 451; x_wconf 72' lang='lat'>2</span> 
     </span>
    </p>

    <p class='ocr_par' dir='ltr' id='par_1_5' title="bbox 457 474 1588 530">
     <span class='ocr_line' id='line_1_6' title="bbox 457 474 1588 530; baseline 0.003 -16"><span class='ocrx_word' id='word_1_27' title='bbox 457 474 567 523; x_wconf 87' lang='lat' dir='ltr'>Scis,</span> <span class='ocrx_word' id='word_1_28' title='bbox 590 474 793 516; x_wconf 82' lang='lat' dir='ltr'><strong>Lebedus</strong></span> <span class='ocrx_word' id='word_1_29' title='bbox 815 475 919 528; x_wconf 91' lang='lat' dir='ltr'>quid</span> <span class='ocrx_word' id='word_1_30' title='bbox 940 476 1020 526; x_wconf 89' lang='lat' dir='ltr'>sit;</span> <span class='ocrx_word' id='word_1_31' title='bbox 1054 475 1207 516; x_wconf 88' lang='lat' dir='ltr'>Gabiis</span> <span class='ocrx_word' id='word_1_32' title='bbox 1229 476 1439 517; x_wconf 84' lang='lat' dir='ltr'>desertior</span> <span class='ocrx_word' id='word_1_33' title='bbox 1459 483 1588 530; x_wconf 87' lang='lat' dir='ltr'>atque</span> 
     </span>
    </p>

    <p class='ocr_par' dir='ltr' id='par_1_6' title="bbox 458 539 1411 592">
     <span class='ocr_line' id='line_1_7' title="bbox 458 539 1411 592; baseline 0.003 -12"><span class='ocrx_word' id='word_1_34' title='bbox 458 539 631 582; x_wconf 87' lang='lat' dir='ltr'>Fidenis</span> <span class='ocrx_word' id='word_1_35' title='bbox 651 541 793 592; x_wconf 88' lang='lat' dir='ltr'>vicus;</span> <span class='ocrx_word' id='word_1_36' title='bbox 823 548 964 583; x_wconf 82' lang='lat' dir='ltr'>tamen</span> <span class='ocrx_word' id='word_1_37' title='bbox 983 541 1068 583; x_wconf 85' lang='lat' dir='ltr'>illic</span> <span class='ocrx_word' id='word_1_38' title='bbox 1087 542 1228 583; x_wconf 89' lang='lat' dir='ltr'>vivere</span> <span class='ocrx_word' id='word_1_39' title='bbox 1249 541 1411 592; x_wconf 87' lang='lat' dir='ltr'>vellem,</span> 
     </span>
    </p>

    <p class='ocr_par' dir='ltr' id='par_1_7' title="bbox 457 605 1455 660">
     <span class='ocr_line' id='line_1_8' title="bbox 457 605 1455 660; baseline 0.003 -14"><span class='ocrx_word' id='word_1_40' title='bbox 457 605 718 660; x_wconf 90' lang='lat' dir='ltr'>Oblitusque</span> <span class='ocrx_word' id='word_1_41' title='bbox 738 620 938 657; x_wconf 89' lang='lat' dir='ltr'>meorum,</span> <span class='ocrx_word' id='word_1_42' title='bbox 961 607 1274 648; x_wconf 88' lang='lat' dir='ltr'>obliviscendus</span> <span class='ocrx_word' id='word_1_43' title='bbox 1296 615 1339 649; x_wconf 88' lang='lat' dir='ltr'>et</span> <span class='ocrx_word' id='word_1_44' title='bbox 1359 607 1455 658; x_wconf 89' lang='lat' dir='ltr'>illis,</span> 
     </span>
    </p>

    <p class='ocr_par' dir='ltr' id='par_1_8' title="bbox 376 672 1519 728">
     <span class='ocr_line' id='line_1_9' title="bbox 376 672 1519 728; baseline 0.003 -15"><span class='ocrx_word' id='word_1_45' title='bbox 376 672 428 714; x_wconf 89' lang='lat'>10</span> <span class='ocrx_word' id='word_1_46' title='bbox 458 672 709 726; x_wconf 89' lang='lat' dir='ltr'>Neptunum</span> <span class='ocrx_word' id='word_1_47' title='bbox 731 673 880 727; x_wconf 88' lang='lat' dir='ltr'>procul</span> <span class='ocrx_word' id='word_1_48' title='bbox 901 687 924 714; x_wconf 95' lang='lat' dir='ltr'>e</span> <span class='ocrx_word' id='word_1_49' title='bbox 945 681 1058 714; x_wconf 87' lang='lat' dir='ltr'>terra</span> <span class='ocrx_word' id='word_1_50' title='bbox 1079 681 1273 728; x_wconf 88' lang='lat' dir='ltr'>spectare</span> <span class='ocrx_word' id='word_1_51' title='bbox 1295 674 1519 716; x_wconf 87' lang='lat' dir='ltr'>furentem.</span> 
     </span>
    </p>

    <p class='ocr_par' dir='ltr' id='par_1_9' title="bbox 457 739 1671 926">
     <span class='ocr_line' id='line_1_10' title="bbox 458 739 1671 795; baseline 0.002 -16"><span class='ocrx_word' id='word_1_52' title='bbox 458 739 544 780; x_wconf 90' lang='lat' dir='ltr'>Sed</span> <span class='ocrx_word' id='word_1_53' title='bbox 567 753 705 793; x_wconf 90' lang='lat' dir='ltr'>neque</span> <span class='ocrx_word' id='word_1_54' title='bbox 727 740 800 793; x_wconf 89' lang='lat' dir='ltr'>qui</span> <span class='ocrx_word' id='word_1_55' title='bbox 822 739 971 793; x_wconf 87' lang='lat' dir='ltr'>Capua</span> <span class='ocrx_word' id='word_1_56' title='bbox 992 740 1173 780; x_wconf 85' lang='lat' dir='ltr'>Romam</span> <span class='ocrx_word' id='word_1_57' title='bbox 1194 741 1316 793; x_wconf 87' lang='lat' dir='ltr'>petit,</span> <span class='ocrx_word' id='word_1_58' title='bbox 1339 741 1473 782; x_wconf 85' lang='lat' dir='ltr'>imbre</span> <span class='ocrx_word' id='word_1_59' title='bbox 1493 741 1671 795; x_wconf 91' lang='lat' dir='ltr'>lutoque</span> 
     </span>
     <span class='ocr_line' id='line_1_11' title="bbox 457 804 1546 861; baseline 0.002 -15"><span class='ocrx_word' id='word_1_60' title='bbox 457 804 725 859; x_wconf 89' lang='lat' dir='ltr'>Adspersus‚</span> <span class='ocrx_word' id='word_1_61' title='bbox 748 805 862 846; x_wconf 89' lang='lat' dir='ltr'>volet</span> <span class='ocrx_word' id='word_1_62' title='bbox 881 806 924 846; x_wconf 91' lang='lat' dir='ltr'>in</span> <span class='ocrx_word' id='word_1_63' title='bbox 944 820 1138 859; x_wconf 86' lang='lat' dir='ltr'>caupona</span> <span class='ocrx_word' id='word_1_64' title='bbox 1157 806 1298 846; x_wconf 90' lang='lat' dir='ltr'>vivere</span> <span class='ocrx_word' id='word_1_65' title='bbox 1315 824 1324 855; x_wconf 84' lang='lat'>3</span> <span class='ocrx_word' id='word_1_66' title='bbox 1357 820 1449 856; x_wconf 89' lang='lat' dir='ltr'>nec,</span> <span class='ocrx_word' id='word_1_67' title='bbox 1472 807 1546 861; x_wconf 91' lang='lat' dir='ltr'>qui</span> 
     </span>
     <span class='ocr_line' id='line_1_12' title="bbox 458 870 1403 926; baseline 0 -15"><span class='ocrx_word' id='word_1_68' title='bbox 458 870 612 925; x_wconf 88' lang='lat' dir='ltr'>Frigus</span> <span class='ocrx_word' id='word_1_69' title='bbox 634 870 819 926; x_wconf 86' lang='lat' dir='ltr'>collegit,</span> <span class='ocrx_word' id='word_1_70' title='bbox 841 871 988 912; x_wconf 88' lang='lat' dir='ltr'>furnos</span> <span class='ocrx_word' id='word_1_71' title='bbox 1011 878 1054 912; x_wconf 87' lang='lat' dir='ltr'>et</span> <span class='ocrx_word' id='word_1_72' title='bbox 1072 870 1225 911; x_wconf 85' lang='lat' dir='ltr'>balnea</span> <span class='ocrx_word' id='word_1_73' title='bbox 1244 870 1403 920; x_wconf 88' lang='lat' dir='ltr'>laudat,</span> 
     </span>
    </p>

    <p class='ocr_par' dir='ltr' id='par_1_10' title="bbox 458 937 1372 991">
     <span class='ocr_line' id='line_1_13' title="bbox 458 937 1372 991; baseline -0.003 -12"><span class='ocrx_word' id='word_1_74' title='bbox 458 937 521 978; x_wconf 88' lang='lat' dir='ltr'>Ut</span> <span class='ocrx_word' id='word_1_75' title='bbox 541 937 797 979; x_wconf 84' lang='lat' dir='ltr'>fortunatam</span> <span class='ocrx_word' id='word_1_76' title='bbox 817 938 942 991; x_wconf 90' lang='lat' dir='ltr'>plene</span> <span class='ocrx_word' id='word_1_77' title='bbox 963 938 1212 991; x_wconf 88' lang='lat' dir='ltr'>praestantia</span> <span class='ocrx_word' id='word_1_78' title='bbox 1233 937 1372 977; x_wconf 90' lang='lat' dir='ltr'>vitam.</span> 
     </span>
    </p>

    <p class='ocr_par' dir='ltr' id='par_1_11' title="bbox 377 1001 1636 1256">
     <span class='ocr_line' id='line_1_14' title="bbox 377 1001 1483 1058; baseline -0.001 -13"><span class='ocrx_word' id='word_1_79' title='bbox 377 1004 429 1044; x_wconf 90' lang='lat'>15</span> <span class='ocrx_word' id='word_1_80' title='bbox 457 1003 568 1053; x_wconf 90' lang='lat' dir='ltr'>Nec,</span> <span class='ocrx_word' id='word_1_81' title='bbox 592 1005 627 1045; x_wconf 91' lang='lat' dir='ltr'>si</span> <span class='ocrx_word' id='word_1_82' title='bbox 648 1012 690 1045; x_wconf 91' lang='lat' dir='ltr'>te</span> <span class='ocrx_word' id='word_1_83' title='bbox 712 1004 876 1045; x_wconf 87' lang='lat' dir='ltr'>validus</span> <span class='ocrx_word' id='word_1_84' title='bbox 892 1003 1118 1058; x_wconf 80' lang='lat' dir='ltr'>jactaverit</span> <span class='ocrx_word' id='word_1_85' title='bbox 1140 1001 1301 1044; x_wconf 88' lang='lat' dir='ltr'>Auster</span> <span class='ocrx_word' id='word_1_86' title='bbox 1320 1004 1364 1043; x_wconf 93' lang='lat' dir='ltr'>in</span> <span class='ocrx_word' id='word_1_87' title='bbox 1383 1002 1483 1052; x_wconf 88' lang='lat' dir='ltr'>alto,</span> 
     </span>
     <span class='ocr_line' id='line_1_15' title="bbox 458 1069 1485 1122; baseline -0.001 -11"><span class='ocrx_word' id='word_1_88' title='bbox 458 1069 626 1111; x_wconf 87' lang='lat' dir='ltr'>Idcirco</span> <span class='ocrx_word' id='word_1_89' title='bbox 646 1085 795 1111; x_wconf 88' lang='lat' dir='ltr'>navem</span> <span class='ocrx_word' id='word_1_90' title='bbox 816 1078 933 1111; x_wconf 88' lang='lat' dir='ltr'>trans</span> <span class='ocrx_word' id='word_1_91' title='bbox 955 1069 1156 1122; x_wconf 88' lang='lat' dir='ltr'>AEgaeum</span> <span class='ocrx_word' id='word_1_92' title='bbox 1176 1083 1291 1109; x_wconf 85' lang='lat' dir='ltr'>mare</span> <span class='ocrx_word' id='word_1_93' title='bbox 1313 1070 1485 1110; x_wconf 88' lang='lat' dir='ltr'>vendas.</span> 
     </span>
     <span class='ocr_line' id='line_1_16' title="bbox 457 1135 1636 1190; baseline 0 -13"><span class='ocrx_word' id='word_1_94' title='bbox 457 1136 665 1178; x_wconf 89' lang='lat' dir='ltr'>Incolumi</span> <span class='ocrx_word' id='word_1_95' title='bbox 686 1137 868 1178; x_wconf 87' lang='lat' dir='ltr'>Rhodos</span> <span class='ocrx_word' id='word_1_96' title='bbox 888 1144 932 1178; x_wconf 88' lang='lat' dir='ltr'>et</span> <span class='ocrx_word' id='word_1_97' title='bbox 951 1135 1165 1190; x_wconf 86' lang='lat' dir='ltr'>Mitylene</span> <span class='ocrx_word' id='word_1_98' title='bbox 1186 1135 1366 1189; x_wconf 82' lang='lat' dir='ltr'>pulchra</span> <span class='ocrx_word' id='word_1_99' title='bbox 1385 1135 1499 1186; x_wconf 84' lang='lat' dir='ltr'>facit,</span> <span class='ocrx_word' id='word_1_100' title='bbox 1519 1137 1636 1190; x_wconf 88' lang='lat' dir='ltr'>quod</span> 
     </span>
     <span class='ocr_line' id='line_1_17' title="bbox 458 1201 1479 1256; baseline 0 -14"><span class='ocrx_word' id='word_1_101' title='bbox 458 1202 623 1244; x_wconf 87' lang='lat' dir='ltr'>Penula</span> <span class='ocrx_word' id='word_1_102' title='bbox 645 1203 840 1253; x_wconf 86' lang='lat' dir='ltr'>solstitio,</span> <span class='ocrx_word' id='word_1_103' title='bbox 862 1208 1100 1256; x_wconf 87' lang='lat' dir='ltr'>campestre</span> <span class='ocrx_word' id='word_1_104' title='bbox 1121 1201 1330 1243; x_wconf 88' lang='lat' dir='ltr'>nivalibus</span> <span class='ocrx_word' id='word_1_105' title='bbox 1350 1202 1479 1251; x_wconf 88' lang='lat' dir='ltr'>auris,</span> 
     </span>
    </p>

    <p class='ocr_par' dir='ltr' id='par_1_12' title="bbox 457 1267 1524 1318">
     <span class='ocr_line' id='line_1_18' title="bbox 457 1267 1524 1318; baseline 0 -9"><span class='ocrx_word' id='word_1_106' title='bbox 457 1268 543 1311; x_wconf 88' lang='lat' dir='ltr'>Per</span> <span class='ocrx_word' id='word_1_107' title='bbox 562 1271 755 1311; x_wconf 88' lang='lat' dir='ltr'>brumam</span> <span class='ocrx_word' id='word_1_108' title='bbox 775 1269 962 1318; x_wconf 83' lang='lat' dir='ltr'>Tiberis,</span> <span class='ocrx_word' id='word_1_109' title='bbox 985 1267 1137 1309; x_wconf 88' lang='lat' dir='ltr'>Sextili</span> <span class='ocrx_word' id='word_1_110' title='bbox 1156 1282 1300 1309; x_wconf 88' lang='lat' dir='ltr'>mense</span> <span class='ocrx_word' id='word_1_111' title='bbox 1321 1268 1524 1310; x_wconf 90' lang='lat' dir='ltr'>caminus.</span> 
     </span>
    </p>

    <p class='ocr_par' dir='ltr' id='par_1_13' title="bbox 373 1334 1593 1389">
     <span class='ocr_line' id='line_1_19' title="bbox 373 1334 1593 1389; baseline 0.001 -14"><span class='ocrx_word' id='word_1_112' title='bbox 373 1335 429 1376; x_wconf 73' lang='lat'>20</span> <span class='ocrx_word' id='word_1_113' title='bbox 459 1335 576 1376; x_wconf 90' lang='lat' dir='ltr'>Dum</span> <span class='ocrx_word' id='word_1_114' title='bbox 595 1335 708 1385; x_wconf 89' lang='lat' dir='ltr'>licet,</span> <span class='ocrx_word' id='word_1_115' title='bbox 731 1343 774 1376; x_wconf 91' lang='lat' dir='ltr'>et</span> <span class='ocrx_word' id='word_1_116' title='bbox 795 1335 957 1376; x_wconf 89' lang='lat' dir='ltr'>vultum</span> <span class='ocrx_word' id='word_1_117' title='bbox 979 1341 1119 1375; x_wconf 85' lang='lat' dir='ltr'>servat</span> <span class='ocrx_word' id='word_1_118' title='bbox 1139 1334 1329 1375; x_wconf 85' lang='lat' dir='ltr'>Fortuna</span> <span class='ocrx_word' id='word_1_119' title='bbox 1349 1335 1593 1389; x_wconf 87' lang='lat' dir='ltr'>benignum,</span> 
     </span>
    </p>

    <p class='ocr_par' dir='ltr' id='par_1_14' title="bbox 462 1399 1706 1449">
     <span class='ocr_line' id='line_1_20' title="bbox 462 1399 1706 1449; baseline 0.002 -8"><span class='ocrx_word' id='word_1_120' title='bbox 462 1401 613 1442; x_wconf 86' lang='lat' dir='ltr'>Romae</span> <span class='ocrx_word' id='word_1_121' title='bbox 633 1401 832 1443; x_wconf 87' lang='lat' dir='ltr'>laudetur</span> <span class='ocrx_word' id='word_1_122' title='bbox 853 1401 1016 1449; x_wconf 82' lang='lat' dir='ltr'>SamOS‚</span> <span class='ocrx_word' id='word_1_123' title='bbox 1038 1407 1081 1441; x_wconf 88' lang='lat' dir='ltr'>et</span> <span class='ocrx_word' id='word_1_124' title='bbox 1103 1399 1250 1449; x_wconf 84' lang='lat' dir='ltr'>Chios,</span> <span class='ocrx_word' id='word_1_125' title='bbox 1271 1406 1315 1441; x_wconf 86' lang='lat' dir='ltr'>et</span> <span class='ocrx_word' id='word_1_126' title='bbox 1335 1400 1517 1442; x_wconf 85' lang='lat' dir='ltr'>Rhodos</span> <span class='ocrx_word' id='word_1_127' title='bbox 1538 1402 1706 1443; x_wconf 82' lang='lat' dir='ltr'>absens.</span> 
     </span>
    </p>
   </div>
   <div class='ocr_carea' id='block_1_4' title="bbox 348 1530 1083 2951">
    <p class='ocr_par' dir='ltr' id='par_1_15' title="bbox 348 1530 1083 1979">
     <span class='ocr_line' id='line_1_21' title="bbox 393 1530 1082 1573; baseline -0.001 -12"><span class='ocrx_word' id='word_1_128' title='bbox 393 1532 422 1566; x_wconf 87' lang='lat'>1,</span> <span class='ocrx_word' id='word_1_129' title='bbox 443 1533 476 1562; x_wconf 82' lang='lat'>2.</span> <span class='ocrx_word' id='word_1_130' title='bbox 512 1531 606 1566; x_wconf 71' lang='lat' dir='ltr'>Quid,</span> <span class='ocrx_word' id='word_1_131' title='bbox 639 1532 806 1573; x_wconf 88' lang='lat' dir='ltr'>cujusnam</span> <span class='ocrx_word' id='word_1_132' title='bbox 837 1531 938 1573; x_wconf 82' lang='lat' dir='ltr'>pretii,</span> <span class='ocrx_word' id='word_1_133' title='bbox 967 1530 1082 1571; x_wconf 86' lang='lat' dir='ltr'>qualis.</span> 
     </span>
     <span class='ocr_line' id='line_1_22' title="bbox 353 1573 1082 1612; baseline -0.001 -9"><span class='ocrx_word' id='word_1_134' title='bbox 353 1574 450 1608; x_wconf 77' lang='lat' dir='ltr'>Chios,</span> <span class='ocrx_word' id='word_1_135' title='bbox 467 1573 582 1610; x_wconf 78' lang='lat' dir='ltr'>Lesbos,</span> <span class='ocrx_word' id='word_1_136' title='bbox 597 1573 708 1609; x_wconf 86' lang='lat' dir='ltr'>Samos,</span> <span class='ocrx_word' id='word_1_137' title='bbox 727 1574 837 1604; x_wconf 87' lang='lat' dir='ltr'>insulae</span> <span class='ocrx_word' id='word_1_138' title='bbox 857 1573 949 1603; x_wconf 83' lang='lat' dir='ltr'>maris</span> <span class='ocrx_word' id='word_1_139' title='bbox 966 1573 1082 1612; x_wconf 81' lang='lat' dir='ltr'>AEgaei.</span> 
     </span>
     <span class='ocr_line' id='line_1_23' title="bbox 350 1614 1079 1655; baseline -0.001 -10"><span class='ocrx_word' id='word_1_140' title='bbox 350 1615 478 1645; x_wconf 77' lang='lat' dir='ltr'>Lesbum</span> <span class='ocrx_word' id='word_1_141' title='bbox 500 1622 591 1645; x_wconf 85' lang='lat' dir='ltr'>vocat</span> <span class='ocrx_word' id='word_1_142' title='bbox 613 1621 724 1651; x_wconf 81' lang='lat' dir='ltr'>notam,</span> <span class='ocrx_word' id='word_1_143' title='bbox 747 1626 811 1645; x_wconf 91' lang='lat' dir='ltr'>non</span> <span class='ocrx_word' id='word_1_144' title='bbox 833 1621 896 1645; x_wconf 78' lang='lat' dir='ltr'>tam</span> <span class='ocrx_word' id='word_1_145' title='bbox 917 1614 982 1645; x_wconf 88' lang='lat' dir='ltr'>vini</span> <span class='ocrx_word' id='word_1_146' title='bbox 1004 1625 1079 1655; x_wconf 87' lang='lat' dir='ltr'>prae-</span> 
     </span>
     <span class='ocr_line' id='line_1_24' title="bbox 349 1656 1083 1697; baseline -0.001 -10"><span class='ocrx_word' id='word_1_147' title='bbox 349 1656 505 1687; x_wconf 76' lang='lat' dir='ltr'>stantioris</span> <span class='ocrx_word' id='word_1_148' title='bbox 526 1656 611 1696; x_wconf 90' lang='lat' dir='ltr'>quod</span> <span class='ocrx_word' id='word_1_149' title='bbox 636 1657 680 1687; x_wconf 92' lang='lat' dir='ltr'>ibi</span> <span class='ocrx_word' id='word_1_150' title='bbox 706 1657 843 1687; x_wconf 82' lang='lat' dir='ltr'>nascitur</span> <span class='ocrx_word' id='word_1_151' title='bbox 865 1656 924 1697; x_wconf 85' lang='lat' dir='ltr'>(cf.</span> <span class='ocrx_word' id='word_1_152' title='bbox 947 1666 1019 1697; x_wconf 85' lang='lat' dir='ltr'>sup.</span> <span class='ocrx_word' id='word_1_153' title='bbox 1043 1656 1083 1686; x_wconf 86' lang='lat' dir='ltr'>ad</span> 
     </span>
     <span class='ocr_line' id='line_1_25' title="bbox 351 1697 1082 1740; baseline -0.001 -11"><span class='ocrx_word' id='word_1_154' title='bbox 351 1698 414 1729; x_wconf 86' lang='lat' dir='ltr'>Od.</span> <span class='ocrx_word' id='word_1_155' title='bbox 437 1698 459 1734; x_wconf 84' lang='lat' dir='ltr'>i,</span> <span class='ocrx_word' id='word_1_156' title='bbox 481 1700 530 1732; x_wconf 83' lang='lat'>19,</span> <span class='ocrx_word' id='word_1_157' title='bbox 552 1698 625 1738; x_wconf 84' lang='lat'>21),</span> <span class='ocrx_word' id='word_1_158' title='bbox 645 1708 739 1739; x_wconf 91' lang='lat' dir='ltr'>quam</span> <span class='ocrx_word' id='word_1_159' title='bbox 763 1698 908 1740; x_wconf 85' lang='lat' dir='ltr'>Sapphus</span> <span class='ocrx_word' id='word_1_160' title='bbox 928 1702 960 1729; x_wconf 86' lang='lat' dir='ltr'>et</span> <span class='ocrx_word' id='word_1_161' title='bbox 982 1697 1082 1728; x_wconf 81' lang='lat' dir='ltr'>Alcaei</span> 
     </span>
     <span class='ocr_line' id='line_1_26' title="bbox 352 1739 1081 1775; baseline 0 -5"><span class='ocrx_word' id='word_1_162' title='bbox 352 1740 396 1771; x_wconf 90' lang='lat' dir='ltr'>ibi</span> <span class='ocrx_word' id='word_1_163' title='bbox 422 1746 576 1774; x_wconf 87' lang='lat' dir='ltr'>natorum,</span> <span class='ocrx_word' id='word_1_164' title='bbox 602 1746 637 1770; x_wconf 88' lang='lat' dir='ltr'>ut</span> <span class='ocrx_word' id='word_1_165' title='bbox 661 1740 793 1775; x_wconf 87' lang='lat' dir='ltr'>videtur,</span> <span class='ocrx_word' id='word_1_166' title='bbox 818 1740 933 1771; x_wconf 86' lang='lat' dir='ltr'>ratione</span> <span class='ocrx_word' id='word_1_167' title='bbox 963 1739 1081 1771; x_wconf 86' lang='lat' dir='ltr'>habita.</span> 
     </span>
     <span class='ocr_line' id='line_1_27' title="bbox 348 1780 1079 1824; baseline 0.001 -12"><span class='ocrx_word' id='word_1_168' title='bbox 348 1780 458 1819; x_wconf 82' lang='lat' dir='ltr'>Samos,</span> <span class='ocrx_word' id='word_1_169' title='bbox 483 1783 556 1813; x_wconf 85' lang='lat' dir='ltr'>urbs</span> <span class='ocrx_word' id='word_1_170' title='bbox 578 1782 722 1824; x_wconf 87' lang='lat' dir='ltr'>princeps</span> <span class='ocrx_word' id='word_1_171' title='bbox 743 1782 868 1818; x_wconf 86' lang='lat' dir='ltr'>insulae,</span> <span class='ocrx_word' id='word_1_172' title='bbox 887 1782 1000 1813; x_wconf 86' lang='lat' dir='ltr'>dicitur</span> <span class='ocrx_word' id='word_1_173' title='bbox 1013 1793 1079 1813; x_wconf 81' lang='lat' dir='ltr'>con·</span> 
     </span>
     <span class='ocr_line' id='line_1_28' title="bbox 348 1824 1081 1860; baseline 0 -6"><span class='ocrx_word' id='word_1_174' title='bbox 348 1826 453 1860; x_wconf 74' lang='lat' dir='ltr'>cinna,</span> <span class='ocrx_word' id='word_1_175' title='bbox 464 1824 531 1855; x_wconf 85' lang='lat' dir='ltr'>sine</span> <span class='ocrx_word' id='word_1_176' title='bbox 544 1824 640 1855; x_wconf 91' lang='lat' dir='ltr'>dubio</span> <span class='ocrx_word' id='word_1_177' title='bbox 650 1825 690 1855; x_wconf 91' lang='lat' dir='ltr'>ob</span> <span class='ocrx_word' id='word_1_178' title='bbox 703 1824 900 1856; x_wconf 66' lang='lat' dir='ltr'>aedificiorum</span> <span class='ocrx_word' id='word_1_179' title='bbox 918 1824 1081 1855; x_wconf 86' lang='lat' dir='ltr'>concinni-</span> 
     </span>
     <span class='ocr_line' id='line_1_29' title="bbox 352 1866 1079 1908; baseline 0 -12"><span class='ocrx_word' id='word_1_180' title='bbox 352 1871 446 1896; x_wconf 88' lang='lat' dir='ltr'>tatem</span> <span class='ocrx_word' id='word_1_181' title='bbox 459 1872 490 1896; x_wconf 89' lang='lat' dir='ltr'>et</span> <span class='ocrx_word' id='word_1_182' title='bbox 505 1866 583 1897; x_wconf 86' lang='lat' dir='ltr'>alias</span> <span class='ocrx_word' id='word_1_183' title='bbox 599 1866 692 1907; x_wconf 84' lang='lat' dir='ltr'>hujus</span> <span class='ocrx_word' id='word_1_184' title='bbox 710 1866 796 1897; x_wconf 87' lang='lat' dir='ltr'>urbis</span> <span class='ocrx_word' id='word_1_185' title='bbox 817 1866 1079 1908; x_wconf 80' lang='lat' dir='ltr'>opportunitates:</span> 
     </span>
     <span class='ocr_line' id='line_1_30' title="bbox 351 1909 1081 1950; baseline 0.001 -13"><span class='ocrx_word' id='word_1_186' title='bbox 351 1917 420 1942; x_wconf 88' lang='lat' dir='ltr'>nos,</span> <span class='ocrx_word' id='word_1_187' title='bbox 437 1909 580 1943; x_wconf 71' lang='lat' dir='ltr'>niedlich,</span> <span class='ocrx_word' id='word_1_188' title='bbox 600 1915 676 1939; x_wconf 78' lang='lat' dir='ltr'>nett-</span> <span class='ocrx_word' id='word_1_189' title='bbox 722 1910 836 1946; x_wconf 80' lang='lat' dir='ltr'>Sardis,</span> <span class='ocrx_word' id='word_1_190' title='bbox 849 1909 923 1939; x_wconf 86' lang='lat' dir='ltr'>urbs</span> <span class='ocrx_word' id='word_1_191' title='bbox 939 1909 1081 1950; x_wconf 85' lang='lat' dir='ltr'>princeps</span> 
     </span>
     <span class='ocr_line' id='line_1_31' title="bbox 351 1949 472 1979; baseline 0 0"><span class='ocrx_word' id='word_1_192' title='bbox 351 1949 378 1979; x_wconf 94' lang='lat' dir='ltr'>L</span> <span class='ocrx_word' id='word_1_193' title='bbox 401 1949 472 1979; x_wconf 79' lang='lat' dir='ltr'>diae.</span> 
     </span>
    </p>

    <p class='ocr_par' dir='ltr' id='par_1_16' title="bbox 351 1959 1083 2199">
     <span class='ocr_line' id='line_1_32' title="bbox 378 1959 1079 2031; baseline 0.003 -11"><span class='ocrx_word' id='word_1_194' title='bbox 378 1959 426 2021; x_wconf 84' lang='lat' dir='ltr'>y3.</span> <span class='ocrx_word' id='word_1_195' title='bbox 451 1991 591 2031; x_wconf 82' lang='lat' dir='ltr'>Smyrna,</span> <span class='ocrx_word' id='word_1_196' title='bbox 612 1992 711 2022; x_wconf 82' lang='lat' dir='ltr'>Iouiae</span> <span class='ocrx_word' id='word_1_197' title='bbox 734 1992 807 2022; x_wconf 89' lang='lat' dir='ltr'>urbs</span> <span class='ocrx_word' id='word_1_198' title='bbox 826 1991 999 2029; x_wconf 81' lang='lat' dir='ltr'>maritin1a;</span> <span class='ocrx_word' id='word_1_199' title='bbox 1025 1992 1079 2022; x_wconf 90' lang='lat' dir='ltr'>Co-</span> 
     </span>
     <span class='ocr_line' id='line_1_33' title="bbox 351 2033 1081 2074; baseline 0.001 -12"><span class='ocrx_word' id='word_1_200' title='bbox 351 2033 467 2072; x_wconf 81' lang='lat' dir='ltr'>lophon,</span> <span class='ocrx_word' id='word_1_201' title='bbox 493 2033 568 2063; x_wconf 88' lang='lat' dir='ltr'>urbs</span> <span class='ocrx_word' id='word_1_202' title='bbox 594 2033 693 2063; x_wconf 80' lang='lat' dir='ltr'>Ioniae</span> <span class='ocrx_word' id='word_1_203' title='bbox 719 2033 901 2064; x_wconf 86' lang='lat' dir='ltr'>clarissima.</span> <span class='ocrx_word' id='word_1_204' title='bbox 961 2035 1081 2074; x_wconf 79' lang='lat' dir='ltr'>Majora</span> 
     </span>
     <span class='ocr_line' id='line_1_34' title="bbox 352 2075 1082 2115; baseline 0.003 -11"><span class='ocrx_word' id='word_1_205' title='bbox 352 2076 503 2105; x_wconf 80' lang='lat' dir='ltr'>minorave</span> <span class='ocrx_word' id='word_1_206' title='bbox 516 2075 630 2115; x_wconf 76' lang='lat' dir='ltr'>fizma?</span> <span class='ocrx_word' id='word_1_207' title='bbox 659 2085 733 2105; x_wconf 84' lang='lat' dir='ltr'>num</span> <span class='ocrx_word' id='word_1_208' title='bbox 756 2075 820 2106; x_wconf 83' lang='lat' dir='ltr'>illae</span> <span class='ocrx_word' id='word_1_209' title='bbox 843 2076 934 2106; x_wconf 88' lang='lat' dir='ltr'>urbes</span> <span class='ocrx_word' id='word_1_210' title='bbox 957 2075 1082 2112; x_wconf 82' lang='lat' dir='ltr'>famam,</span> 
     </span>
     <span class='ocr_line' id='line_1_35' title="bbox 352 2116 1083 2157; baseline 0.003 -11"><span class='ocrx_word' id='word_1_211' title='bbox 352 2125 417 2157; x_wconf 81' lang='lat' dir='ltr'>qua</span> <span class='ocrx_word' id='word_1_212' title='bbox 446 2116 656 2152; x_wconf 83' lang='lat' dir='ltr'>celebrantur,</span> <span class='ocrx_word' id='word_1_213' title='bbox 679 2122 837 2157; x_wconf 86' lang='lat' dir='ltr'>superant,</span> <span class='ocrx_word' id='word_1_214' title='bbox 865 2127 905 2147; x_wconf 86' lang='lat' dir='ltr'>an</span> <span class='ocrx_word' id='word_1_215' title='bbox 928 2117 1032 2148; x_wconf 87' lang='lat' dir='ltr'>minus</span> <span class='ocrx_word' id='word_1_216' title='bbox 1054 2118 1083 2148; x_wconf 91' lang='lat' dir='ltr'>ei</span> 
     </span>
     <span class='ocr_line' id='line_1_36' title="bbox 351 2157 559 2199; baseline 0.005 -12"><span class='ocrx_word' id='word_1_217' title='bbox 351 2157 559 2199; x_wconf 66' lang='lat' dir='ltr'>respondenti</span> 
     </span>
    </p>

    <p class='ocr_par' dir='ltr' id='par_1_17' title="bbox 352 2199 1083 2273">
     <span class='ocr_line' id='line_1_37' title="bbox 395 2199 1083 2242; baseline 0.001 -12"><span class='ocrx_word' id='word_1_218' title='bbox 395 2201 428 2230; x_wconf 80' lang='lat'>4.</span> <span class='ocrx_word' id='word_1_219' title='bbox 453 2201 573 2240; x_wconf 81' lang='lat' dir='ltr'>Campo,</span> <span class='ocrx_word' id='word_1_220' title='bbox 589 2209 633 2230; x_wconf 88' lang='lat' dir='ltr'>sc.</span> <span class='ocrx_word' id='word_1_221' title='bbox 650 2199 777 2231; x_wconf 83' lang='lat' dir='ltr'>Martio.</span> <span class='ocrx_word' id='word_1_222' title='bbox 820 2199 957 2235; x_wconf 76' lang='lat' dir='ltr'>Sordent,</span> <span class='ocrx_word' id='word_1_223' title='bbox 974 2200 1083 2242; x_wconf 83' lang='lat' dir='ltr'>displi-</span> 
     </span>
     <span class='ocr_line' id='line_1_38' title="bbox 352 2246 434 2273; baseline -0.012 -1"><span class='ocrx_word' id='word_1_224' title='bbox 352 2246 434 2273; x_wconf 84' lang='lat' dir='ltr'>cent.</span> 
     </span>
    </p>

    <p class='ocr_par' dir='ltr' id='par_1_18' title="bbox 348 2283 1083 2532">
     <span class='ocr_line' id='line_1_39' title="bbox 395 2283 1083 2314; baseline -0.001 0"><span class='ocrx_word' id='word_1_225' title='bbox 395 2286 429 2314; x_wconf 88' lang='lat'>5.</span> <span class='ocrx_word' id='word_1_226' title='bbox 445 2285 492 2314; x_wconf 84' lang='lat' dir='ltr'>An</span> <span class='ocrx_word' id='word_1_227' title='bbox 503 2285 583 2314; x_wconf 77' lang='lat' dir='ltr'>venit</span> <span class='ocrx_word' id='word_1_228' title='bbox 596 2284 629 2313; x_wconf 85' lang='lat' dir='ltr'>in</span> <span class='ocrx_word' id='word_1_229' title='bbox 640 2289 739 2313; x_wconf 74' lang='lat' dir='ltr'>volum</span> <span class='ocrx_word' id='word_1_230' title='bbox 755 2283 898 2313; x_wconf 74' lang='lat' dir='ltr'>Attalicis</span> <span class='ocrx_word' id='word_1_231' title='bbox 911 2294 945 2314; x_wconf 68' lang='lat' dir='ltr'>ex</span> <span class='ocrx_word' id='word_1_232' title='bbox 959 2285 1083 2314; x_wconf 82' lang='lat' dir='ltr'>urbibus</span> 
     </span>
     <span class='ocr_line' id='line_1_40' title="bbox 352 2324 1082 2356; baseline 0.001 -1"><span class='ocrx_word' id='word_1_233' title='bbox 352 2327 438 2355; x_wconf 83' lang='lat' dir='ltr'>una?</span> <span class='ocrx_word' id='word_1_234' title='bbox 453 2324 536 2355; x_wconf 84' lang='lat' dir='ltr'>auin</span> <span class='ocrx_word' id='word_1_235' title='bbox 548 2334 611 2355; x_wconf 88' lang='lat' dir='ltr'>una</span> <span class='ocrx_word' id='word_1_236' title='bbox 625 2325 747 2355; x_wconf 88' lang='lat' dir='ltr'>urbium</span> <span class='ocrx_word' id='word_1_237' title='bbox 762 2324 968 2355; x_wconf 86' lang='lat' dir='ltr'>Attalicarum</span> <span class='ocrx_word' id='word_1_238' title='bbox 981 2325 1082 2356; x_wconf 85' lang='lat' dir='ltr'>vivere</span> 
     </span>
     <span class='ocr_line' id='line_1_41' title="bbox 352 2366 1081 2408; baseline -0.003 -10"><span class='ocrx_word' id='word_1_239' title='bbox 352 2368 462 2408; x_wconf 67' lang='lat' dir='ltr'>optas?</span> <span class='ocrx_word' id='word_1_240' title='bbox 508 2366 560 2397; x_wconf 90' lang='lat' dir='ltr'>Ad</span> <span class='ocrx_word' id='word_1_241' title='bbox 581 2367 673 2397; x_wconf 86' lang='lat' dir='ltr'>urbes</span> <span class='ocrx_word' id='word_1_242' title='bbox 693 2366 870 2401; x_wconf 80' lang='lat' dir='ltr'>nobiliores,</span> <span class='ocrx_word' id='word_1_243' title='bbox 888 2366 1002 2407; x_wconf 85' lang='lat' dir='ltr'>quibus</span> <span class='ocrx_word' id='word_1_244' title='bbox 1024 2367 1081 2397; x_wconf 85' lang='lat' dir='ltr'>irn-</span> 
     </span>
     <span class='ocr_line' id='line_1_42' title="bbox 353 2408 1082 2450; baseline -0.001 -11"><span class='ocrx_word' id='word_1_245' title='bbox 353 2409 480 2450; x_wconf 79' lang='lat' dir='ltr'>perabat</span> <span class='ocrx_word' id='word_1_246' title='bbox 495 2408 634 2443; x_wconf 87' lang='lat' dir='ltr'>Attalus,</span> <span class='ocrx_word' id='word_1_247' title='bbox 645 2419 698 2439; x_wconf 87' lang='lat' dir='ltr'>rex</span> <span class='ocrx_word' id='word_1_248' title='bbox 711 2410 867 2449; x_wconf 86' lang='lat' dir='ltr'>Pergami,</span> <span class='ocrx_word' id='word_1_249' title='bbox 881 2414 991 2449; x_wconf 80' lang='lat' dir='ltr'>praeter</span> <span class='ocrx_word' id='word_1_250' title='bbox 1009 2409 1082 2439; x_wconf 83' lang='lat' dir='ltr'>Per—</span> 
     </span>
     <span class='ocr_line' id='line_1_43' title="bbox 348 2450 1082 2492; baseline 0.003 -12"><span class='ocrx_word' id='word_1_251' title='bbox 348 2462 471 2492; x_wconf 80' lang='lat' dir='ltr'>gamum</span> <span class='ocrx_word' id='word_1_252' title='bbox 484 2450 639 2492; x_wconf 79' lang='lat' dir='ltr'>pertinent</span> <span class='ocrx_word' id='word_1_253' title='bbox 649 2451 794 2491; x_wconf 78' lang='lat' dir='ltr'>Myndus,</span> <span class='ocrx_word' id='word_1_254' title='bbox 807 2451 977 2489; x_wconf 76' lang='lat' dir='ltr'>Apollonia,</span> <span class='ocrx_word' id='word_1_255' title='bbox 994 2451 1082 2482; x_wconf 79' lang='lat' dir='ltr'>Tral-</span> 
     </span>
     <span class='ocr_line' id='line_1_44' title="bbox 354 2492 670 2532; baseline 0.003 -10"><span class='ocrx_word' id='word_1_256' title='bbox 354 2493 404 2527; x_wconf 82' lang='lat' dir='ltr'>les,</span> <span class='ocrx_word' id='word_1_257' title='bbox 422 2492 580 2532; x_wconf 79' lang='lat' dir='ltr'>Thyatira,</span> <span class='ocrx_word' id='word_1_258' title='bbox 597 2498 670 2523; x_wconf 86' lang='lat' dir='ltr'>cett.</span> 
     </span>
    </p>

    <p class='ocr_par' dir='ltr' id='par_1_19' title="bbox 351 2533 1083 2732">
     <span class='ocr_line' id='line_1_45' title="bbox 394 2533 1082 2568; baseline 0 -2"><span class='ocrx_word' id='word_1_259' title='bbox 394 2534 425 2566; x_wconf 89' lang='grc'>6.</span> <span class='ocrx_word' id='word_1_260' title='bbox 447 2534 606 2568; x_wconf 77' lang='lat' dir='ltr'>Lebedum,</span> <span class='ocrx_word' id='word_1_261' title='bbox 630 2533 727 2564; x_wconf 84' lang='lat' dir='ltr'>Ioniae</span> <span class='ocrx_word' id='word_1_262' title='bbox 750 2535 856 2564; x_wconf 88' lang='lat' dir='ltr'>urbem</span> <span class='ocrx_word' id='word_1_263' title='bbox 884 2534 1082 2566; x_wconf 81' lang='lat' dir='ltr'>maritimam.</span> 
     </span>
     <span class='ocr_line' id='line_1_46' title="bbox 354 2575 1081 2618; baseline 0.003 -12"><span class='ocrx_word' id='word_1_264' title='bbox 354 2575 430 2607; x_wconf 79' lang='lat' dir='ltr'>Odia</span> <span class='ocrx_word' id='word_1_265' title='bbox 451 2578 542 2606; x_wconf 75' lang='lat' dir='ltr'>maris</span> <span class='ocrx_word' id='word_1_266' title='bbox 560 2583 646 2616; x_wconf 78' lang='lat' dir='ltr'>atque</span> <span class='ocrx_word' id='word_1_267' title='bbox 665 2579 804 2607; x_wconf 85' lang='lat' dir='ltr'>viarum:</span> <span class='ocrx_word' id='word_1_268' title='bbox 829 2576 986 2607; x_wconf 85' lang='lat' dir='ltr'>simillime</span> <span class='ocrx_word' id='word_1_269' title='bbox 1010 2587 1081 2618; x_wconf 81' lang='lat' dir='ltr'>sup.</span> 
     </span>
     <span class='ocr_line' id='line_1_47' title="bbox 353 2617 1082 2659; baseline 0.003 -11"><span class='ocrx_word' id='word_1_270' title='bbox 353 2617 414 2649; x_wconf 93' lang='lat' dir='ltr'>Od.</span> <span class='ocrx_word' id='word_1_271' title='bbox 429 2617 463 2651; x_wconf 86' lang='lat' dir='ltr'>ii.</span> <span class='ocrx_word' id='word_1_272' title='bbox 482 2619 513 2653; x_wconf 82' lang='lat'>6,</span> <span class='ocrx_word' id='word_1_273' title='bbox 531 2619 560 2652; x_wconf 91' lang='lat'>7,</span> <span class='ocrx_word' id='word_1_274' title='bbox 575 2617 719 2648; x_wconf 84' lang='lat' dir='ltr'>itinerum</span> <span class='ocrx_word' id='word_1_275' title='bbox 742 2618 962 2649; x_wconf 88' lang='lat' dir='ltr'>maritimorum</span> <span class='ocrx_word' id='word_1_276' title='bbox 977 2623 1008 2649; x_wconf 89' lang='lat' dir='ltr'>et</span> <span class='ocrx_word' id='word_1_277' title='bbox 1028 2629 1082 2659; x_wconf 88' lang='lat' dir='ltr'>pe·</span> 
     </span>
     <span class='ocr_line' id='line_1_48' title="bbox 353 2659 1083 2702; baseline 0.001 -12"><span class='ocrx_word' id='word_1_278' title='bbox 353 2659 499 2690; x_wconf 87' lang='lat' dir='ltr'>destrium</span> <span class='ocrx_word' id='word_1_279' title='bbox 521 2664 669 2702; x_wconf 85' lang='lat' dir='ltr'>pertaesus</span> <span class='ocrx_word' id='word_1_280' title='bbox 692 2660 806 2690; x_wconf 86' lang='lat' dir='ltr'>dicitur</span> <span class='ocrx_word' id='word_1_281' title='bbox 830 2661 921 2691; x_wconf 82' lang='lat' dir='ltr'>lassus</span> <span class='ocrx_word' id='word_1_282' title='bbox 943 2663 1032 2691; x_wconf 77' lang='lat' dir='ltr'>maris</span> <span class='ocrx_word' id='word_1_283' title='bbox 1055 2668 1083 2691; x_wconf 84' lang='lat' dir='ltr'>et</span> 
     </span>
     <span class='ocr_line' id='line_1_49' title="bbox 351 2703 479 2732; baseline 0 0"><span class='ocrx_word' id='word_1_284' title='bbox 351 2703 479 2732; x_wconf 79' lang='lat' dir='ltr'>viarum.</span> 
     </span>
    </p>

    <p class='ocr_par' dir='ltr' id='par_1_20' title="bbox 348 2743 1082 2951">
     <span class='ocr_line' id='line_1_50' title="bbox 396 2743 1079 2783; baseline 0 -9"><span class='ocrx_word' id='word_1_285' title='bbox 396 2744 428 2775; x_wconf 88' lang='lat'>7.</span> <span class='ocrx_word' id='word_1_286' title='bbox 452 2745 526 2780; x_wconf 80' lang='lat' dir='ltr'>Scis,</span> <span class='ocrx_word' id='word_1_287' title='bbox 543 2743 674 2774; x_wconf 81' lang='lat' dir='ltr'>Lebedus</span> <span class='ocrx_word' id='word_1_288' title='bbox 689 2744 759 2783; x_wconf 82' lang='lat' dir='ltr'>quid</span> <span class='ocrx_word' id='word_1_289' title='bbox 773 2744 823 2776; x_wconf 82' lang='lat' dir='ltr'>sit,</span> <span class='ocrx_word' id='word_1_290' title='bbox 839 2753 922 2772; x_wconf 89' lang='lat' dir='ltr'>nunc</span> <span class='ocrx_word' id='word_1_291' title='bbox 935 2743 1058 2783; x_wconf 90' lang='lat' dir='ltr'>quidem</span> <span class='ocrx_word' id='word_1_292' title='bbox 1071 2755 1079 2782; x_wconf 81' lang='lat'><em>3</em></span> 
     </span>
     <span class='ocr_line' id='line_1_51' title="bbox 352 2783 1080 2822; baseline 0 -6"><span class='ocrx_word' id='word_1_293' title='bbox 352 2794 424 2816; x_wconf 83' lang='lat' dir='ltr'>nam</span> <span class='ocrx_word' id='word_1_294' title='bbox 447 2785 521 2816; x_wconf 86' lang='lat' dir='ltr'>olim</span> <span class='ocrx_word' id='word_1_295' title='bbox 545 2785 678 2815; x_wconf 72' lang='lat' dir='ltr'>Lebedus</span> <span class='ocrx_word' id='word_1_296' title='bbox 699 2783 769 2816; x_wconf 90' lang='lat' dir='ltr'>urbs</span> <span class='ocrx_word' id='word_1_297' title='bbox 792 2784 850 2814; x_wconf 84' lang='lat' dir='ltr'>fuit</span> <span class='ocrx_word' id='word_1_298' title='bbox 869 2785 1080 2822; x_wconf 87' lang='lat' dir='ltr'>celeberrima,</span> 
     </span>
     <span class='ocr_line' id='line_1_52' title="bbox 351 2826 1082 2868; baseline 0.001 -10"><span class='ocrx_word' id='word_1_299' title='bbox 351 2827 407 2859; x_wconf 82' lang='lat' dir='ltr'>sed</span> <span class='ocrx_word' id='word_1_300' title='bbox 427 2826 499 2858; x_wconf 86' lang='lat' dir='ltr'>inde</span> <span class='ocrx_word' id='word_1_301' title='bbox 517 2836 536 2857; x_wconf 88' lang='lat' dir='ltr'>a</span> <span class='ocrx_word' id='word_1_302' title='bbox 555 2826 754 2868; x_wconf 82' lang='lat' dir='ltr'>Lysimacho,</span> <span class='ocrx_word' id='word_1_303' title='bbox 770 2826 824 2866; x_wconf 83' lang='lat' dir='ltr'>qui</span> <span class='ocrx_word' id='word_1_304' title='bbox 840 2835 909 2857; x_wconf 83' lang='lat' dir='ltr'>eam</span> <span class='ocrx_word' id='word_1_305' title='bbox 926 2827 1034 2858; x_wconf 85' lang='lat' dir='ltr'>evertit</span> <span class='ocrx_word' id='word_1_306' title='bbox 1051 2834 1082 2860; x_wconf 85' lang='lat' dir='ltr'>et</span> 
     </span>
     <span class='ocr_line' id='line_1_53' title="bbox 348 2867 1076 2911; baseline 0 -12"><span class='ocrx_word' id='word_1_307' title='bbox 348 2868 468 2901; x_wconf 77' lang='lat' dir='ltr'>incolas</span> <span class='ocrx_word' id='word_1_308' title='bbox 488 2869 557 2911; x_wconf 84' lang='lat' dir='ltr'>ejus</span> <span class='ocrx_word' id='word_1_309' title='bbox 583 2868 712 2900; x_wconf 88' lang='lat' dir='ltr'>deduxit</span> <span class='ocrx_word' id='word_1_310' title='bbox 737 2867 908 2909; x_wconf 85' lang='lat' dir='ltr'>Ephesum,</span> <span class='ocrx_word' id='word_1_311' title='bbox 931 2869 1076 2909; x_wconf 81' lang='lat' dir='ltr'>deserta;</span> 
     </span>
     <span class='ocr_line' id='line_1_54' title="bbox 350 2910 1073 2951; baseline 0.001 -10"><span class='ocrx_word' id='word_1_312' title='bbox 350 2911 422 2942; x_wconf 86' lang='lat' dir='ltr'>hinc</span> <span class='ocrx_word' id='word_1_313' title='bbox 432 2917 558 2943; x_wconf 81' lang='lat' dir='ltr'>vocatur</span> <span class='ocrx_word' id='word_1_314' title='bbox 569 2913 650 2943; x_wconf 72' lang='lat' dir='ltr'>vicus</span> <span class='ocrx_word' id='word_1_315' title='bbox 665 2912 807 2941; x_wconf 79' lang='lat' dir='ltr'>desertior</span> <span class='ocrx_word' id='word_1_316' title='bbox 819 2911 882 2951; x_wconf 87' lang='lat' dir='ltr'>(sc.</span> <span class='ocrx_word' id='word_1_317' title='bbox 898 2910 937 2941; x_wconf 86' lang='lat' dir='ltr'>ab</span> <span class='ocrx_word' id='word_1_318' title='bbox 950 2910 1073 2948; x_wconf 88' lang='lat' dir='ltr'>incolis,</span> 
     </span>
    </p>
   </div>
   <div class='ocr_carea' id='block_1_5' title="bbox 1123 1530 1855 1700">
    <p class='ocr_par' dir='ltr' id='par_1_21' title="bbox 1123 1530 1855 1655">
     <span class='ocr_line' id='line_1_55' title="bbox 1123 1530 1855 1575; baseline 0.007 -15"><span class='ocrx_word' id='word_1_319' title='bbox 1123 1530 1378 1571; x_wconf 80' lang='lat' dir='ltr'>infrequentior),</span> <span class='ocrx_word' id='word_1_320' title='bbox 1398 1531 1502 1562; x_wconf 81' lang='lat' dir='ltr'>Gabiis</span> <span class='ocrx_word' id='word_1_321' title='bbox 1517 1531 1630 1574; x_wconf 86' lang='lat' dir='ltr'>(parvo</span> <span class='ocrx_word' id='word_1_322' title='bbox 1644 1542 1663 1563; x_wconf 92' lang='grc' dir='ltr'><strong>ο</strong></span> <span class='ocrx_word' id='word_1_323' title='bbox 1686 1533 1759 1575; x_wconf 86' lang='lat' dir='ltr'>pido</span> <span class='ocrx_word' id='word_1_324' title='bbox 1775 1533 1855 1566; x_wconf 80' lang='lat' dir='ltr'>inter</span> 
     </span>
     <span class='ocr_line' id='line_1_56' title="bbox 1126 1572 1854 1619; baseline 0.008 -18"><span class='ocrx_word' id='word_1_325' title='bbox 1126 1572 1261 1602; x_wconf 83' lang='lat' dir='ltr'>Romam</span> <span class='ocrx_word' id='word_1_326' title='bbox 1282 1578 1314 1603; x_wconf 90' lang='lat' dir='ltr'>et</span> <span class='ocrx_word' id='word_1_327' title='bbox 1332 1573 1510 1614; x_wconf 80' lang='lat' dir='ltr'>Praeneste)</span> <span class='ocrx_word' id='word_1_328' title='bbox 1533 1580 1622 1615; x_wconf 74' lang='lat' dir='ltr'>atque</span> <span class='ocrx_word' id='word_1_329' title='bbox 1673 1577 1778 1612; x_wconf 66' lang='lat' dir='ltr'>fidenis,</span> <span class='ocrx_word' id='word_1_330' title='bbox 1797 1587 1854 1619; x_wconf 57' lang='grc' dir='ltr'>αρε</span> 
     </span>
     <span class='ocr_line' id='line_1_57' title="bbox 1125 1613 1408 1655; baseline 0.011 -12"><span class='ocrx_word' id='word_1_331' title='bbox 1125 1613 1197 1655; x_wconf 80' lang='lat' dir='ltr'>pido</span> <span class='ocrx_word' id='word_1_332' title='bbox 1214 1614 1408 1646; x_wconf 86' lang='lat' dir='ltr'>Sabinorum.</span> 
     </span>
    </p>

    <p class='ocr_par' dir='ltr' id='par_1_22' title="bbox 1172 1656 1854 1700">
     <span class='ocr_line' id='line_1_58' title="bbox 1172 1656 1854 1700; baseline 0.006 -14"><span class='ocrx_word' id='word_1_333' title='bbox 1172 1658 1221 1687; x_wconf 89' lang='lat'>10.</span> <span class='ocrx_word' id='word_1_334' title='bbox 1252 1656 1427 1696; x_wconf 79' lang='lat' dir='ltr'>Neptunum</span> <span class='ocrx_word' id='word_1_335' title='bbox 1448 1658 1554 1697; x_wconf 80' lang='lat' dir='ltr'>procul</span> <span class='ocrx_word' id='word_1_336' title='bbox 1575 1669 1591 1689; x_wconf 76' lang='lat' dir='ltr'>e</span> <span class='ocrx_word' id='word_1_337' title='bbox 1617 1665 1696 1690; x_wconf 75' lang='lat' dir='ltr'>terra</span> <span class='ocrx_word' id='word_1_338' title='bbox 1725 1666 1854 1700; x_wconf 71' lang='lat' dir='ltr'>spectare</span> 
     </span>
    </p>
   </div>
   <div class='ocr_carea' id='block_1_6' title="bbox 1114 1698 1854 1742">
    <p class='ocr_par' dir='ltr' id='par_1_23' title="bbox 1114 1698 1854 1742">
     <span class='ocr_line' id='line_1_59' title="bbox 1114 1698 1854 1742; baseline 0.008 -15"><span class='ocrx_word' id='word_1_339' title='bbox 1114 1698 1284 1739; x_wconf 80' lang='lat' dir='ltr'>furentem.</span> <span class='ocrx_word' id='word_1_340' title='bbox 1327 1699 1500 1730; x_wconf 85' lang='lat' dir='ltr'>Lambinus</span> <span class='ocrx_word' id='word_1_341' title='bbox 1514 1700 1705 1742; x_wconf 85' lang='lat' dir='ltr'>comparavit</span> <span class='ocrx_word' id='word_1_342' title='bbox 1716 1701 1854 1733; x_wconf 86' lang='lat' dir='ltr'>Lucretii</span> 
     </span>
    </p>
   </div>
   <div class='ocr_carea' id='block_1_7' title="bbox 1120 1739 1857 2956">
    <p class='ocr_par' dir='ltr' id='par_1_24' title="bbox 1124 1739 1853 1865">
     <span class='ocr_line' id='line_1_60' title="bbox 1124 1739 1853 1786; baseline 0.008 -17"><span class='ocrx_word' id='word_1_343' title='bbox 1124 1739 1238 1781; x_wconf 87' lang='lat' dir='ltr'>primos</span> <span class='ocrx_word' id='word_1_344' title='bbox 1250 1751 1355 1771; x_wconf 87' lang='lat' dir='ltr'>versus</span> <span class='ocrx_word' id='word_1_345' title='bbox 1367 1741 1440 1772; x_wconf 88' lang='lat' dir='ltr'>Lib.</span> <span class='ocrx_word' id='word_1_346' title='bbox 1458 1743 1542 1777; x_wconf 68' lang='lat' dir='ltr'>Sec„</span> <span class='ocrx_word' id='word_1_347' title='bbox 1556 1743 1663 1780; x_wconf 70' lang='lat' dir='ltr'>suave,</span> <span class='ocrx_word' id='word_1_348' title='bbox 1675 1746 1753 1774; x_wconf 80' lang='lat' dir='ltr'>mari</span> <span class='ocrx_word' id='word_1_349' title='bbox 1767 1755 1853 1786; x_wconf 76' lang='lat' dir='ltr'>mag-</span> 
     </span>
     <span class='ocr_line' id='line_1_61' title="bbox 1124 1783 1853 1828; baseline 0.007 -17"><span class='ocrx_word' id='word_1_350' title='bbox 1124 1793 1161 1812; x_wconf 82' lang='grc' dir='ltr'>πο</span> <span class='ocrx_word' id='word_1_351' title='bbox 1176 1783 1366 1814; x_wconf 78' lang='lat' dir='ltr'>turbantibus</span> <span class='ocrx_word' id='word_1_352' title='bbox 1377 1794 1494 1824; x_wconf 70' lang='lat' dir='ltr'>aequora</span> <span class='ocrx_word' id='word_1_353' title='bbox 1509 1786 1615 1820; x_wconf 68' lang='lat' dir='ltr'>ventis,</span> <span class='ocrx_word' id='word_1_354' title='bbox 1633 1785 1660 1815; x_wconf 90' lang='grc' dir='ltr'><strong>Ε</strong></span> <span class='ocrx_word' id='word_1_355' title='bbox 1675 1790 1757 1816; x_wconf 78' lang='lat' dir='ltr'>terra</span> <span class='ocrx_word' id='word_1_356' title='bbox 1767 1796 1853 1828; x_wconf 82' lang='lat' dir='ltr'>mug-</span> 
     </span>
     <span class='ocr_line' id='line_1_62' title="bbox 1124 1826 1635 1865; baseline 0.01 -12"><span class='ocrx_word' id='word_1_357' title='bbox 1124 1835 1196 1854; x_wconf 84' lang='lat' dir='ltr'>num</span> <span class='ocrx_word' id='word_1_358' title='bbox 1211 1826 1337 1855; x_wconf 63' lang='lat' dir='ltr'>alternas</span> <span class='ocrx_word' id='word_1_359' title='bbox 1351 1832 1482 1865; x_wconf 76' lang='lat' dir='ltr'>spectare</span> <span class='ocrx_word' id='word_1_360' title='bbox 1498 1827 1635 1858; x_wconf 77' lang='lat' dir='ltr'>laborem.</span> 
     </span>
    </p>

    <p class='ocr_par' dir='ltr' id='par_1_25' title="bbox 1120 1867 1857 2956">
     <span class='ocr_line' id='line_1_63' title="bbox 1169 1867 1855 1911; baseline 0.006 -15"><span class='ocrx_word' id='word_1_361' title='bbox 1169 1867 1202 1896; x_wconf 88' lang='lat' dir='ltr'>ll</span> <span class='ocrx_word' id='word_1_362' title='bbox 1224 1877 1292 1907; x_wconf 89' lang='lat' dir='ltr'>sqq.</span> <span class='ocrx_word' id='word_1_363' title='bbox 1338 1867 1418 1898; x_wconf 84' lang='lat' dir='ltr'>Inde</span> <span class='ocrx_word' id='word_1_364' title='bbox 1438 1868 1478 1899; x_wconf 81' lang='lat' dir='ltr'>ab</span> <span class='ocrx_word' id='word_1_365' title='bbox 1502 1868 1560 1899; x_wconf 83' lang='lat' dir='ltr'>hoc</span> <span class='ocrx_word' id='word_1_366' title='bbox 1582 1878 1674 1899; x_wconf 77' lang='lat' dir='ltr'>versu</span> <span class='ocrx_word' id='word_1_367' title='bbox 1695 1878 1794 1911; x_wconf 81' lang='lat' dir='ltr'>usque</span> <span class='ocrx_word' id='word_1_368' title='bbox 1815 1870 1855 1900; x_wconf 85' lang='lat' dir='ltr'>ad</span> 
     </span>
     <span class='ocr_line' id='line_1_64' title="bbox 1123 1908 1854 1950; baseline 0.005 -12"><span class='ocrx_word' id='word_1_369' title='bbox 1123 1908 1214 1938; x_wconf 85' lang='lat' dir='ltr'>finem</span> <span class='ocrx_word' id='word_1_370' title='bbox 1232 1909 1382 1950; x_wconf 81' lang='lat' dir='ltr'>expressit</span> <span class='ocrx_word' id='word_1_371' title='bbox 1396 1909 1545 1940; x_wconf 83' lang='lat' dir='ltr'>Horatius</span> <span class='ocrx_word' id='word_1_372' title='bbox 1560 1910 1640 1942; x_wconf 84' lang='lat' dir='ltr'>hanc</span> <span class='ocrx_word' id='word_1_373' title='bbox 1657 1910 1718 1942; x_wconf 82' lang='lat' dir='ltr'>fere</span> <span class='ocrx_word' id='word_1_374' title='bbox 1731 1916 1854 1942; x_wconf 74' lang='lat' dir='ltr'>senten-</span> 
     </span>
     <span class='ocr_line' id='line_1_65' title="bbox 1125 1949 1857 1995; baseline 0.005 -15"><span class='ocrx_word' id='word_1_375' title='bbox 1125 1949 1221 1980; x_wconf 83' lang='lat' dir='ltr'>tiam:</span> <span class='ocrx_word' id='word_1_376' title='bbox 1255 1956 1275 1969; x_wconf 81' lang='lat'>‘·</span> <span class='ocrx_word' id='word_1_377' title='bbox 1293 1951 1366 1986; x_wconf 88' lang='lat' dir='ltr'>Sed,</span> <span class='ocrx_word' id='word_1_378' title='bbox 1395 1961 1593 1993; x_wconf 59' lang='lat' dir='ltr'>quaecunque</span> <span class='ocrx_word' id='word_1_379' title='bbox 1619 1952 1678 1995; x_wconf 71' lang='lat' dir='ltr'>tibi</span> <span class='ocrx_word' id='word_1_380' title='bbox 1704 1953 1857 1994; x_wconf 80' lang='lat' dir='ltr'>placuerit</span> 
     </span>
     <span class='ocr_line' id='line_1_66' title="bbox 1124 1992 1853 2035; baseline 0.004 -13"><span class='ocrx_word' id='word_1_381' title='bbox 1124 1992 1197 2022; x_wconf 87' lang='lat' dir='ltr'>urbs</span> <span class='ocrx_word' id='word_1_382' title='bbox 1222 1993 1269 2023; x_wconf 89' lang='lat' dir='ltr'>vel</span> <span class='ocrx_word' id='word_1_383' title='bbox 1299 1993 1395 2033; x_wconf 84' lang='lat' dir='ltr'>regio,</span> <span class='ocrx_word' id='word_1_384' title='bbox 1419 1993 1480 2030; x_wconf 81' lang='lat' dir='ltr'>fac,</span> <span class='ocrx_word' id='word_1_385' title='bbox 1507 2003 1624 2035; x_wconf 70' lang='lat' dir='ltr'>queso,</span> <span class='ocrx_word' id='word_1_386' title='bbox 1653 1994 1762 2025; x_wconf 79' lang='lat' dir='ltr'>redeas</span> <span class='ocrx_word' id='word_1_387' title='bbox 1786 1994 1853 2026; x_wconf 82' lang='lat' dir='ltr'>Ro-</span> 
     </span>
     <span class='ocr_line' id='line_1_67' title="bbox 1125 2034 1856 2078; baseline 0.007 -15"><span class='ocrx_word' id='word_1_388' title='bbox 1125 2044 1206 2064; x_wconf 89' lang='lat' dir='ltr'>mam</span> <span class='ocrx_word' id='word_1_389' title='bbox 1222 2046 1231 2072; x_wconf 90' lang='lat'>;</span> <span class='ocrx_word' id='word_1_390' title='bbox 1254 2044 1338 2070; x_wconf 88' lang='lat' dir='ltr'>nam,</span> <span class='ocrx_word' id='word_1_391' title='bbox 1355 2035 1616 2076; x_wconf 80' lang='lat' dir='ltr'>quemadmodum</span> <span class='ocrx_word' id='word_1_392' title='bbox 1631 2035 1658 2066; x_wconf 80' lang='lat' dir='ltr'>is</span> <span class='ocrx_word' id='word_1_393' title='bbox 1672 2034 1727 2078; x_wconf 85' lang='lat' dir='ltr'>qui</span> <span class='ocrx_word' id='word_1_394' title='bbox 1743 2036 1856 2078; x_wconf 70' lang='lat' dir='ltr'>Capua</span> 
     </span>
     <span class='ocr_line' id='line_1_68' title="bbox 1127 2076 1855 2120; baseline 0.005 -15"><span class='ocrx_word' id='word_1_395' title='bbox 1127 2076 1262 2106; x_wconf 87' lang='lat' dir='ltr'>Romam</span> <span class='ocrx_word' id='word_1_396' title='bbox 1283 2077 1371 2118; x_wconf 82' lang='lat' dir='ltr'>petit,</span> <span class='ocrx_word' id='word_1_397' title='bbox 1389 2087 1451 2107; x_wconf 88' lang='lat' dir='ltr'>non</span> <span class='ocrx_word' id='word_1_398' title='bbox 1469 2077 1538 2108; x_wconf 87' lang='lat' dir='ltr'>ideo</span> <span class='ocrx_word' id='word_1_399' title='bbox 1560 2077 1593 2108; x_wconf 88' lang='lat' dir='ltr'>in</span> <span class='ocrx_word' id='word_1_400' title='bbox 1615 2087 1759 2120; x_wconf 77' lang='lat' dir='ltr'>caupona</span> <span class='ocrx_word' id='word_1_401' title='bbox 1772 2078 1855 2110; x_wconf 82' lang='lat' dir='ltr'>volet</span> 
     </span>
     <span class='ocr_line' id='line_1_69' title="bbox 1124 2117 1855 2162; baseline 0.005 -15"><span class='ocrx_word' id='word_1_402' title='bbox 1124 2117 1236 2154; x_wconf 86' lang='lat' dir='ltr'>vivere,</span> <span class='ocrx_word' id='word_1_403' title='bbox 1256 2118 1404 2158; x_wconf 87' lang='lat' dir='ltr'>quoniam</span> <span class='ocrx_word' id='word_1_404' title='bbox 1421 2118 1465 2150; x_wconf 88' lang='lat' dir='ltr'>ibi</span> <span class='ocrx_word' id='word_1_405' title='bbox 1482 2129 1592 2161; x_wconf 85' lang='lat' dir='ltr'>corpus</span> <span class='ocrx_word' id='word_1_406' title='bbox 1610 2119 1708 2151; x_wconf 80' lang='lat' dir='ltr'>imbre</span> <span class='ocrx_word' id='word_1_407' title='bbox 1729 2119 1855 2162; x_wconf 74' lang='lat' dir='ltr'>adsper-</span> 
     </span>
     <span class='ocr_line' id='line_1_70' title="bbox 1125 2160 1855 2203; baseline 0.007 -15"><span class='ocrx_word' id='word_1_408' title='bbox 1125 2169 1193 2189; x_wconf 89' lang='lat' dir='ltr'>sum</span> <span class='ocrx_word' id='word_1_409' title='bbox 1210 2160 1337 2195; x_wconf 85' lang='lat' dir='ltr'>siccare,</span> <span class='ocrx_word' id='word_1_410' title='bbox 1353 2161 1488 2196; x_wconf 84' lang='lat' dir='ltr'>reficere,</span> <span class='ocrx_word' id='word_1_411' title='bbox 1503 2167 1534 2192; x_wconf 86' lang='lat' dir='ltr'>et</span> <span class='ocrx_word' id='word_1_412' title='bbox 1548 2171 1567 2192; x_wconf 82' lang='lat' dir='ltr'>a</span> <span class='ocrx_word' id='word_1_413' title='bbox 1581 2161 1647 2192; x_wconf 80' lang='lat' dir='ltr'>luto</span> <span class='ocrx_word' id='word_1_414' title='bbox 1659 2171 1788 2203; x_wconf 77' lang='lat' dir='ltr'>purgare</span> <span class='ocrx_word' id='word_1_415' title='bbox 1821 2173 1855 2194; x_wconf 92' lang='lat' dir='ltr'>o-</span> 
     </span>
     <span class='ocr_line' id='line_1_71' title="bbox 1127 2173 1855 2243; baseline 0.005 -13"><span class='ocrx_word' id='word_1_416' title='bbox 1127 2200 1199 2238; x_wconf 86' lang='lat' dir='ltr'>tuit,</span> <span class='ocrx_word' id='word_1_417' title='bbox 1214 2202 1263 2232; x_wconf 89' lang='lat' dir='ltr'>vel</span> <span class='ocrx_word' id='word_1_418' title='bbox 1282 2202 1308 2232; x_wconf 79' lang='lat' dir='ltr'>is</span> <span class='ocrx_word' id='word_1_419' title='bbox 1328 2202 1382 2243; x_wconf 89' lang='lat' dir='ltr'>qui</span> <span class='ocrx_word' id='word_1_420' title='bbox 1403 2213 1488 2234; x_wconf 89' lang='lat' dir='ltr'>nunc</span> <span class='ocrx_word' id='word_1_421' title='bbox 1508 2203 1620 2243; x_wconf 83' lang='lat' dir='ltr'>frigore</span> <span class='ocrx_word' id='word_1_422' title='bbox 1637 2203 1768 2235; x_wconf 77' lang='lat' dir='ltr'>collecto</span> <span class='ocrx_word' id='word_1_423' title='bbox 1789 2173 1855 2234; x_wconf 55' lang='lat' dir='ltr'>sgr·</span> 
     </span>
     <span class='ocr_line' id='line_1_72' title="bbox 1127 2243 1856 2280; baseline 0.007 -8"><span class='ocrx_word' id='word_1_424' title='bbox 1127 2251 1184 2272; x_wconf 83' lang='lat' dir='ltr'>nos</span> <span class='ocrx_word' id='word_1_425' title='bbox 1211 2248 1242 2273; x_wconf 83' lang='lat' dir='ltr'>et</span> <span class='ocrx_word' id='word_1_426' title='bbox 1268 2243 1378 2274; x_wconf 86' lang='lat' dir='ltr'>balnea</span> <span class='ocrx_word' id='word_1_427' title='bbox 1401 2243 1519 2280; x_wconf 80' lang='lat' dir='ltr'>laudat,</span> <span class='ocrx_word' id='word_1_428' title='bbox 1546 2254 1609 2276; x_wconf 87' lang='lat' dir='ltr'>non</span> <span class='ocrx_word' id='word_1_429' title='bbox 1635 2245 1706 2276; x_wconf 85' lang='lat' dir='ltr'>ideo</span> <span class='ocrx_word' id='word_1_430' title='bbox 1733 2244 1790 2276; x_wconf 78' lang='lat' dir='ltr'>illa</span> <span class='ocrx_word' id='word_1_431' title='bbox 1815 2246 1856 2277; x_wconf 87' lang='lat' dir='ltr'>ad</span> 
     </span>
     <span class='ocr_line' id='line_1_73' title="bbox 1127 2285 1855 2328; baseline 0.007 -14"><span class='ocrx_word' id='word_1_432' title='bbox 1127 2293 1278 2314; x_wconf 88' lang='lat' dir='ltr'>summam</span> <span class='ocrx_word' id='word_1_433' title='bbox 1300 2285 1477 2316; x_wconf 85' lang='lat' dir='ltr'>felicitatem</span> <span class='ocrx_word' id='word_1_434' title='bbox 1502 2286 1629 2323; x_wconf 78' lang='lat' dir='ltr'>referet3</span> <span class='ocrx_word' id='word_1_435' title='bbox 1661 2287 1703 2318; x_wconf 80' lang='lat' dir='ltr'>ita</span> <span class='ocrx_word' id='word_1_436' title='bbox 1720 2292 1755 2317; x_wconf 85' lang='lat' dir='ltr'>tu</span> <span class='ocrx_word' id='word_1_437' title='bbox 1776 2297 1855 2328; x_wconf 86' lang='lat' dir='ltr'>quo-</span> 
     </span>
     <span class='ocr_line' id='line_1_74' title="bbox 1126 2326 1854 2368; baseline 0.007 -13"><span class='ocrx_word' id='word_1_438' title='bbox 1126 2335 1187 2366; x_wconf 88' lang='lat' dir='ltr'>que</span> <span class='ocrx_word' id='word_1_439' title='bbox 1203 2336 1265 2356; x_wconf 89' lang='lat' dir='ltr'>non</span> <span class='ocrx_word' id='word_1_440' title='bbox 1279 2326 1310 2357; x_wconf 88' lang='lat' dir='ltr'>in</span> <span class='ocrx_word' id='word_1_441' title='bbox 1331 2327 1417 2364; x_wconf 82' lang='lat' dir='ltr'>locis,</span> <span class='ocrx_word' id='word_1_442' title='bbox 1438 2338 1510 2368; x_wconf 75' lang='lat' dir='ltr'>quae</span> <span class='ocrx_word' id='word_1_443' title='bbox 1530 2333 1560 2358; x_wconf 81' lang='lat' dir='ltr'>te</span> <span class='ocrx_word' id='word_1_444' title='bbox 1579 2337 1663 2359; x_wconf 84' lang='lat' dir='ltr'>nunc</span> <span class='ocrx_word' id='word_1_445' title='bbox 1682 2327 1854 2366; x_wconf 83' lang='lat' dir='ltr'>delectant,</span> 
     </span>
     <span class='ocr_line' id='line_1_75' title="bbox 1127 2367 1856 2411; baseline 0.007 -14"><span class='ocrx_word' id='word_1_446' title='bbox 1127 2367 1270 2404; x_wconf 81' lang='lat' dir='ltr'>haerebis,</span> <span class='ocrx_word' id='word_1_447' title='bbox 1303 2379 1371 2403; x_wconf 82' lang='lat' dir='ltr'>nec,</span> <span class='ocrx_word' id='word_1_448' title='bbox 1402 2369 1434 2399; x_wconf 87' lang='lat' dir='ltr'>in</span> <span class='ocrx_word' id='word_1_449' title='bbox 1463 2369 1526 2399; x_wconf 85' lang='lat' dir='ltr'>alto</span> <span class='ocrx_word' id='word_1_450' title='bbox 1551 2369 1700 2411; x_wconf 69' lang='lat' dir='ltr'>jactatus,</span> <span class='ocrx_word' id='word_1_451' title='bbox 1727 2371 1856 2402; x_wconf 84' lang='lat' dir='ltr'>vendita</span> 
     </span>
     <span class='ocr_line' id='line_1_76' title="bbox 1127 2410 1854 2454; baseline 0.007 -15"><span class='ocrx_word' id='word_1_452' title='bbox 1127 2419 1206 2440; x_wconf 87' lang='lat' dir='ltr'>nave</span> <span class='ocrx_word' id='word_1_453' title='bbox 1222 2419 1239 2439; x_wconf 89' lang='lat' dir='ltr'>a</span> <span class='ocrx_word' id='word_1_454' title='bbox 1254 2410 1354 2440; x_wconf 81' lang='lat' dir='ltr'>reditu</span> <span class='ocrx_word' id='word_1_455' title='bbox 1370 2410 1401 2440; x_wconf 90' lang='lat' dir='ltr'>in</span> <span class='ocrx_word' id='word_1_456' title='bbox 1417 2410 1545 2452; x_wconf 73' lang='lat' dir='ltr'>patriam</span> <span class='ocrx_word' id='word_1_457' title='bbox 1562 2418 1592 2442; x_wconf 82' lang='lat' dir='ltr'>te</span> <span class='ocrx_word' id='word_1_458' title='bbox 1606 2412 1741 2443; x_wconf 74' lang='lat' dir='ltr'>abstrahi</span> <span class='ocrx_word' id='word_1_459' title='bbox 1757 2412 1854 2454; x_wconf 77' lang='lat' dir='ltr'>patie-</span> 
     </span>
     <span class='ocr_line' id='line_1_77' title="bbox 1126 2451 1856 2496; baseline 0.008 -16"><span class='ocrx_word' id='word_1_460' title='bbox 1126 2451 1180 2481; x_wconf 84' lang='lat' dir='ltr'>ris.</span> <span class='ocrx_word' id='word_1_461' title='bbox 1226 2451 1357 2482; x_wconf 85' lang='lat' dir='ltr'>Rhodos</span> <span class='ocrx_word' id='word_1_462' title='bbox 1377 2458 1408 2483; x_wconf 84' lang='lat' dir='ltr'>et</span> <span class='ocrx_word' id='word_1_463' title='bbox 1424 2453 1556 2494; x_wconf 86' lang='lat' dir='ltr'>pulchra</span> <span class='ocrx_word' id='word_1_464' title='bbox 1572 2452 1727 2495; x_wconf 81' lang='lat' dir='ltr'>Mitylene</span> <span class='ocrx_word' id='word_1_465' title='bbox 1742 2455 1783 2491; x_wconf 88' lang='lat' dir='ltr'>ei,</span> <span class='ocrx_word' id='word_1_466' title='bbox 1799 2454 1856 2496; x_wconf 84' lang='lat' dir='ltr'>qui</span> 
     </span>
     <span class='ocr_line' id='line_1_78' title="bbox 1129 2493 1855 2538; baseline 0.006 -15"><span class='ocrx_word' id='word_1_467' title='bbox 1129 2503 1188 2523; x_wconf 92' lang='lat' dir='ltr'>non</span> <span class='ocrx_word' id='word_1_468' title='bbox 1203 2493 1392 2524; x_wconf 80' lang='lat' dir='ltr'>valetudinis</span> <span class='ocrx_word' id='word_1_469' title='bbox 1413 2503 1508 2525; x_wconf 75' lang='lat' dir='ltr'>causa</span> <span class='ocrx_word' id='word_1_470' title='bbox 1521 2505 1558 2526; x_wconf 88' lang='lat' dir='ltr'>eo</span> <span class='ocrx_word' id='word_1_471' title='bbox 1571 2505 1605 2526; x_wconf 79' lang='lat' dir='ltr'>se</span> <span class='ocrx_word' id='word_1_472' title='bbox 1621 2494 1739 2527; x_wconf 76' lang='lat' dir='ltr'>confert</span> <span class='ocrx_word' id='word_1_473' title='bbox 1755 2497 1855 2538; x_wconf 75' lang='lat' dir='ltr'>(inco-</span> 
     </span>
     <span class='ocr_line' id='line_1_79' title="bbox 1127 2534 1856 2580; baseline 0.005 -15"><span class='ocrx_word' id='word_1_474' title='bbox 1127 2534 1233 2574; x_wconf 85' lang='lat' dir='ltr'>lumi),</span> <span class='ocrx_word' id='word_1_475' title='bbox 1248 2535 1328 2566; x_wconf 84' lang='lat' dir='ltr'>idem</span> <span class='ocrx_word' id='word_1_476' title='bbox 1345 2541 1430 2570; x_wconf 88' lang='lat' dir='ltr'>sunt,</span> <span class='ocrx_word' id='word_1_477' title='bbox 1447 2536 1530 2577; x_wconf 91' lang='lat' dir='ltr'>quod</span> <span class='ocrx_word' id='word_1_478' title='bbox 1545 2536 1615 2567; x_wconf 71' lang='lat' dir='ltr'>alim</span> <span class='ocrx_word' id='word_1_479' title='bbox 1629 2547 1687 2573; x_wconf 82' lang='lat' dir='ltr'>res,</span> <span class='ocrx_word' id='word_1_480' title='bbox 1702 2547 1784 2580; x_wconf 77' lang='lat' dir='ltr'>quoe,</span> <span class='ocrx_word' id='word_1_481' title='bbox 1801 2548 1856 2580; x_wconf 84' lang='lat' dir='ltr'>per</span> 
     </span>
     <span class='ocr_line' id='line_1_80' title="bbox 1126 2577 1855 2621; baseline 0.005 -14"><span class='ocrx_word' id='word_1_482' title='bbox 1126 2587 1158 2607; x_wconf 77' lang='lat' dir='ltr'>sc</span> <span class='ocrx_word' id='word_1_483' title='bbox 1173 2577 1275 2613; x_wconf 85' lang='lat' dir='ltr'>bonae,</span> <span class='ocrx_word' id='word_1_484' title='bbox 1292 2577 1351 2607; x_wconf 87' lang='lat' dir='ltr'>nisi</span> <span class='ocrx_word' id='word_1_485' title='bbox 1367 2584 1540 2620; x_wconf 84' lang='lat' dir='ltr'>opportuno</span> <span class='ocrx_word' id='word_1_486' title='bbox 1554 2585 1690 2621; x_wconf 85' lang='lat' dir='ltr'>tempore</span> <span class='ocrx_word' id='word_1_487' title='bbox 1704 2579 1855 2611; x_wconf 85' lang='lat' dir='ltr'>adhiben-</span> 
     </span>
     <span class='ocr_line' id='line_1_81' title="bbox 1125 2619 1854 2662; baseline 0.005 -13"><span class='ocrx_word' id='word_1_488' title='bbox 1125 2623 1187 2654; x_wconf 87' lang='lat' dir='ltr'>tur,</span> <span class='ocrx_word' id='word_1_489' title='bbox 1212 2625 1326 2650; x_wconf 82' lang='lat' dir='ltr'>nocent</span> <span class='ocrx_word' id='word_1_490' title='bbox 1345 2619 1444 2660; x_wconf 83' lang='lat' dir='ltr'>magis</span> <span class='ocrx_word' id='word_1_491' title='bbox 1463 2630 1557 2661; x_wconf 91' lang='lat' dir='ltr'>quam</span> <span class='ocrx_word' id='word_1_492' title='bbox 1576 2626 1716 2662; x_wconf 78' lang='lat' dir='ltr'>prosunt.</span> <span class='ocrx_word' id='word_1_493' title='bbox 1759 2621 1854 2658; x_wconf 84' lang='lat' dir='ltr'>Redi,</span> 
     </span>
     <span class='ocr_line' id='line_1_82' title="bbox 1126 2661 1853 2703; baseline 0.006 -12"><span class='ocrx_word' id='word_1_494' title='bbox 1126 2667 1157 2691; x_wconf 87' lang='lat' dir='ltr'>et</span> <span class='ocrx_word' id='word_1_495' title='bbox 1170 2667 1276 2692; x_wconf 83' lang='lat' dir='ltr'>extera</span> <span class='ocrx_word' id='word_1_496' title='bbox 1291 2661 1360 2692; x_wconf 86' lang='lat' dir='ltr'>loca</span> <span class='ocrx_word' id='word_1_497' title='bbox 1374 2666 1509 2692; x_wconf 81' lang='lat' dir='ltr'>remotus</span> <span class='ocrx_word' id='word_1_498' title='bbox 1524 2662 1659 2703; x_wconf 67' lang='lat' dir='ltr'>(absens)</span> <span class='ocrx_word' id='word_1_499' title='bbox 1675 2663 1715 2694; x_wconf 72' lang='lat' dir='ltr'>ab</span> <span class='ocrx_word' id='word_1_500' title='bbox 1729 2662 1768 2694; x_wconf 85' lang='lat' dir='ltr'>iis</span> <span class='ocrx_word' id='word_1_501' title='bbox 1785 2663 1853 2695; x_wconf 79' lang='lat' dir='ltr'>Ro-</span> 
     </span>
     <span class='ocr_line' id='line_1_83' title="bbox 1123 2703 1852 2746; baseline 0.005 -14"><span class='ocrx_word' id='word_1_502' title='bbox 1123 2712 1182 2733; x_wconf 89' lang='lat' dir='ltr'>mae</span> <span class='ocrx_word' id='word_1_503' title='bbox 1211 2703 1317 2733; x_wconf 88' lang='lat' dir='ltr'>lauda.</span> <span class='ocrx_word' id='word_1_504' title='bbox 1361 2704 1474 2735; x_wconf 84' lang='lat' dir='ltr'>Fruere</span> <span class='ocrx_word' id='word_1_505' title='bbox 1502 2703 1592 2734; x_wconf 80' lang='lat' dir='ltr'>bonis</span> <span class='ocrx_word' id='word_1_506' title='bbox 1620 2714 1694 2746; x_wconf 67' lang='lat' dir='ltr'>que</span> <span class='ocrx_word' id='word_1_507' title='bbox 1717 2705 1852 2743; x_wconf 75' lang='lat' dir='ltr'>fortuna,</span> 
     </span>
     <span class='ocr_line' id='line_1_84' title="bbox 1123 2745 1851 2783; baseline 0.004 -8"><span class='ocrx_word' id='word_1_508' title='bbox 1123 2754 1230 2776; x_wconf 87' lang='lat' dir='ltr'>sereno</span> <span class='ocrx_word' id='word_1_509' title='bbox 1244 2745 1334 2775; x_wconf 88' lang='lat' dir='ltr'>vultu</span> <span class='ocrx_word' id='word_1_510' title='bbox 1347 2745 1404 2776; x_wconf 87' lang='lat' dir='ltr'>tibi</span> <span class='ocrx_word' id='word_1_511' title='bbox 1420 2755 1503 2776; x_wconf 86' lang='lat' dir='ltr'>nunc</span> <span class='ocrx_word' id='word_1_512' title='bbox 1524 2746 1672 2783; x_wconf 83' lang='lat' dir='ltr'>arridens,</span> <span class='ocrx_word' id='word_1_513' title='bbox 1689 2746 1788 2782; x_wconf 79' lang='lat' dir='ltr'>offert,</span> <span class='ocrx_word' id='word_1_514' title='bbox 1805 2753 1851 2783; x_wconf 82' lang='lat' dir='ltr'>ut,</span> 
     </span>
     <span class='ocr_line' id='line_1_85' title="bbox 1122 2786 1854 2829; baseline 0.003 -12"><span class='ocrx_word' id='word_1_515' title='bbox 1122 2786 1302 2828; x_wconf 87' lang='lat' dir='ltr'>ubicunque</span> <span class='ocrx_word' id='word_1_516' title='bbox 1325 2786 1432 2822; x_wconf 78' lang='lat' dir='ltr'>fueris,</span> <span class='ocrx_word' id='word_1_517' title='bbox 1459 2792 1490 2818; x_wconf 83' lang='lat' dir='ltr'>te</span> <span class='ocrx_word' id='word_1_518' title='bbox 1507 2786 1648 2829; x_wconf 79' lang='lat' dir='ltr'>jucunde</span> <span class='ocrx_word' id='word_1_519' title='bbox 1668 2787 1783 2820; x_wconf 73' lang='lat' dir='ltr'>vixisse</span> <span class='ocrx_word' id='word_1_520' title='bbox 1805 2788 1854 2820; x_wconf 85' lang='lat' dir='ltr'>di-</span> 
     </span>
     <span class='ocr_line' id='line_1_86' title="bbox 1121 2828 1853 2870; baseline 0.003 -11"><span class='ocrx_word' id='word_1_521' title='bbox 1121 2838 1190 2860; x_wconf 82' lang='lat' dir='ltr'>cere</span> <span class='ocrx_word' id='word_1_522' title='bbox 1217 2828 1328 2870; x_wconf 78' lang='lat' dir='ltr'>possis.</span> <span class='ocrx_word' id='word_1_523' title='bbox 1372 2828 1455 2860; x_wconf 77' lang='lat' dir='ltr'>Nam</span> <span class='ocrx_word' id='word_1_524' title='bbox 1482 2829 1509 2859; x_wconf 81' lang='lat' dir='ltr'>si</span> <span class='ocrx_word' id='word_1_525' title='bbox 1535 2836 1598 2860; x_wconf 89' lang='lat' dir='ltr'>non</span> <span class='ocrx_word' id='word_1_526' title='bbox 1627 2829 1688 2860; x_wconf 83' lang='lat' dir='ltr'>loci</span> <span class='ocrx_word' id='word_1_527' title='bbox 1717 2829 1853 2861; x_wconf 79' lang='lat' dir='ltr'>alicu&#39;us</span> 
     </span>
     <span class='ocr_line' id='line_1_87' title="bbox 1121 2869 1850 2906; baseline 0.004 -6"><span class='ocrx_word' id='word_1_528' title='bbox 1121 2871 1299 2906; x_wconf 85' lang='lat' dir='ltr'>amoenitas,</span> <span class='ocrx_word' id='word_1_529' title='bbox 1321 2869 1376 2902; x_wconf 79' lang='lat' dir='ltr'>sed</span> <span class='ocrx_word' id='word_1_530' title='bbox 1398 2870 1526 2901; x_wconf 84' lang='lat' dir='ltr'>rationis</span> <span class='ocrx_word' id='word_1_531' title='bbox 1548 2881 1624 2902; x_wconf 74' lang='lat' dir='ltr'>usus</span> <span class='ocrx_word' id='word_1_532' title='bbox 1647 2876 1679 2903; x_wconf 84' lang='lat' dir='ltr'>et</span> <span class='ocrx_word' id='word_1_533' title='bbox 1707 2871 1793 2903; x_wconf 79' lang='lat' dir='ltr'>consi</span> <span class='ocrx_word' id='word_1_534' title='bbox 1816 2882 1850 2903; x_wconf 80' lang='lat' dir='ltr'>e-</span> 
     </span>
     <span class='ocr_line' id='line_1_88' title="bbox 1120 2912 1852 2956; baseline 0.004 -14"><span class='ocrx_word' id='word_1_535' title='bbox 1120 2912 1220 2944; x_wconf 82' lang='lat' dir='ltr'>rantia</span> <span class='ocrx_word' id='word_1_536' title='bbox 1242 2922 1333 2943; x_wconf 80' lang='lat' dir='ltr'>curas</span> <span class='ocrx_word' id='word_1_537' title='bbox 1355 2912 1461 2944; x_wconf 87' lang='lat' dir='ltr'>evellit</span> <span class='ocrx_word' id='word_1_538' title='bbox 1480 2923 1518 2945; x_wconf 84' lang='lat' dir='ltr'>ex</span> <span class='ocrx_word' id='word_1_539' title='bbox 1539 2913 1654 2949; x_wconf 86' lang='lat' dir='ltr'>animo,</span> <span class='ocrx_word' id='word_1_540' title='bbox 1671 2913 1806 2956; x_wconf 75' lang='lat' dir='ltr'>profecto</span> <span class='ocrx_word' id='word_1_541' title='bbox 1830 2914 1852 2945; x_wconf 87' lang='lat' dir='ltr'>ii</span> 
     </span>
    </p>
   </div>
  </div>
 </body>
</html>
