1884 3288
277 208 357 249 172

821 206 1224 250 CARMINUM

558 307 792 347 Parcentes
813 321 894 360 ego
914 307 1115 348 dexteras

610 373 720 414 Odi:
754 388 908 427 sparge
930 388 1070 414 rosas:
1103 374 1250 415 audiat
1269 375 1437 416 invidus

555 440 810 481 Dementem
831 441 1055 494 strepitum
1078 440 1235 495 Lycus,

609 507 670 547 Et
690 507 825 547 vicina
847 507 937 547 seni
957 521 1042 547 non
1061 506 1214 547 habilis
1237 507 1370 560 Lyco.

468 573 523 613 25
553 573 701 626 Spissa
723 579 764 613 te
787 573 964 613 nitidum
985 587 1119 622 coma,

608 639 725 679 Puro
748 647 789 679 te
812 638 1001 687 similem,
1024 637 1234 692 Telephe,
1257 637 1470 692 Vespero,

551 704 827 758 'l'crnpestiva
847 705 954 758 petit
977 705 1157 747 Rhode:

611 771 685 811 Me
707 771 846 812 lentus
869 771 1068 825 Glycerae
1090 777 1224 812 torret
1245 784 1360 811 amor
1379 784 1497 811 meae.

817 955 1087 998 CARMEN
1122 956 1226 996 XX.

762 1105 844 1135 AD
904 1103 1288 1135 PYRRHUM.

551 1230 660 1271 NON
681 1230 816 1279 vides,
838 1237 997 1284 quanto
1019 1243 1186 1268 moveas
1208 1227 1383 1282 periclo,

554 1297 734 1351 Pyrrhe,
761 1295 947 1336 Gaetulae
968 1294 1129 1335 catulos
1151 1294 1325 1335 leaenae?

553 1363 677 1404 Dura
695 1369 794 1417 post
816 1361 958 1416 paullo
980 1361 1118 1415 fugies
1139 1362 1327 1403 inaudax

950 1427 1111 1468 Proelia
1131 1435 1303 1482 raptor:

273 1563 319 1591 ter
342 1563 446 1589 autem
466 1557 516 1594 iis,
534 1557 589 1600 qui
611 1568 713 1599 operae
733 1557 778 1588 rei
801 1557 952 1588 cuidam·
945 1567 1004 1588 xm-

272 1601 442 1642 pendendae
465 1606 607 1645 parcunt,
629 1606 781 1640 patceutes
803 1601 928 1630 denerat
951 1600 1004 1630 tri-

273 1643 424 1674 buuntur.
464 1643 579 1682 Sparge
594 1653 692 1672 rosas:
717 1642 760 1672 cf.
777 1651 845 1682 sup.
860 1641 936 1676 adi,
953 1643 1005 1679 36,

275 1686 326 1716 15.
371 1686 486 1715 Audiat
514 1686 695 1723 strepitum:
725 1689 906 1724 comparant
937 1684 1005 1714 Cic.

272 1737 305 1768 p.
329 1727 429 1757 Rosc.
446 1726 523 1756 Am.
546 1727 598 1761 46,
618 1733 710 1756 cauta.
729 1737 832 1756 vocum
854 1731 882 1755 et
901 1736 1004 1756 neno

272 1780 341 1799 rum
355 1774 384 1799 ot
400 1770 541 1799 tibiarum
556 1771 766 1808 nocturnisque
784 1769 926 1798 conviviis
946 1775 1005 1798 tota

272 1812 413 1842 vicinitas
439 1813 611 1850 perstrepit.
669 1810 850 1844 Dementem,
881 1810 1007 1850 qualem

274 1853 475 1886 convivarum
499 1851 615 1883 excitat
635 1851 765 1882 lascivia
788 1857 820 1882 et
840 1852 1007 1883 dementia.

276 1894 347 1924 Non
378 1895 498 1929 habilis,
528 1893 612 1924 haud
642 1899 714 1934 apta
743 1899 774 1924 et
809 1904 1007 1934 congruens;

275 1941 365 1966 aetate
385 1935 470 1967 enim
489 1935 591 1966 adhuc
614 1936 725 1966 florens
749 1946 819 1966 cum
841 1935 1009 1976 juvenibus

274 1977 378 2018 potius
393 1986 486 2019 quam
502 1987 574 2007 cum
590 1988 663 2008 sene
677 1976 788 2007 marito
807 1987 1009 2009 consuescere

274 2019 443 2067 cupiebat3
467 2029 529 2066 quo
543 2019 642 2060 magis
664 2019 757 2058 igitur
779 2020 883 2060 Lycus
905 2020 967 2051 de
955 2030 1008 2061 Ju-

274 2061 370 2092 veuili
386 2060 531 2102 conjugis
545 2072 609 2091 suae
625 2060 749 2092 levitate
762 2067 829 2091 erat
844 2061 1008 2098 sollicitus,

273 2113 312 2134 eo
327 2103 482 2134 molestior
495 2102 694 2134 convivarum
709 2102 741 2132 in
756 2102 869 2132 vicinia
883 2103 1007 2134 lascivi-

275 2145 392 2176 entium
409 2144 554 2187 strepitus
569 2145 637 2186 ejus
657 2144 783 2174 auribus
799 2144 937 2176 accidere
953 2146 1007 2175 de-

276 2187 382 2218 bebat.

316 2230 457 2260 25—28.
481 2229 610 2259 Nexus.
635 2233 668 2258 at
691 2233 734 2263 te,
759 2238 777 2258 o
801 2226 949 2268 Telephe,
972 2233 1008 2257 ut

272 2271 420 2312 juvenem
443 2271 623 2303 formosum,
645 2276 728 2301 amat
751 2269 876 2305 Rhode,
895 2268 1009 2311 pariter

275 2314 308 2344 in
333 2313 406 2344 flore
433 2312 533 2343 aetatis
554 2311 733 2359 constitute.
777 2311 932 2346 Nitidum,
956 2320 1009 2341 ex-

273 2355 551 2396 splendescentem,
605 2353 822 2395 conspicuum.
879 2353 1011 2383 Similem

279 2397 422 2437 Vespero:
446 2395 704 2438 pulchrijuvenis
721 2406 791 2426 cum
812 2394 941 2436 Vesperi
957 2394 1006 2425 vel

275 2439 412 2470 Luciferi
424 2438 586 2486 splendore
599 2437 787 2479 comparatio
798 2447 853 2479 pas
856 2437 912 2467 sim
923 2436 1006 2483 apud

274 2489 381 2522 poetas
408 2480 521 2519 obvia3
552 2480 764 2526 exemplorum
793 2479 914 2520 copiam
943 2478 1007 2509 vid.

273 2524 358 2565 apud
373 2522 467 2554 Cerd.
483 2523 522 2553 ad
536 2522 626 2561 Virg.
643 2522 707 2558 vni,
724 2523 805 2552 589:
830 2521 871 2552 cf.
887 2531 958 2562 sup.
974 2521 1008 2554 ii

274 2566 307 2601 5,
331 2567 382 2600 19,
407 2571 439 2596 et
459 2564 504 2602 iii,
524 2565 555 2600 9,
575 2565 628 2594 21.
674 2564 865 2602 Tempestiva,
889 2563 1006 2602 ὡραία,

275 2606 442 2655 πέπειρος·
464 2608 535 2645 jam
569 2612 690 2635 motura
723 2609 787 2636 viro
827 2606 880 2647 (ut
914 2605 1006 2645 Virg.

276 2651 357 2680 AEn.
378 2649 431 2687 vit,
451 2649 493 2679 53
517 2647 683 2688 loquitur),
689 2650 760 2687 jam
780 2649 876 2687 plenis
896 2648 1008 2677 nubilis

274 2693 388 2729 emnia,-
412 2690 502 2721 etsie
519 2696 639 2720 matura
654 2692 739 2729 vivgo
759 2701 828 2732 sup.
843 2689 889 2723 iii,
905 2690 936 2724 6,
954 2690 1007 2719 22.

274 2734 389 2764 Lentus
417 2733 554 2773 Glycerae
578 2743 670 2767 amor,
697 2731 729 2762 h.
754 2742 783 2763 e.
811 2731 946 2771 Glycera
973 2741 1005 2761 se

273 2775 381 2806 duram
397 2781 428 2806 et
447 2775 562 2805 lentam
585 2773 618 2804 in
634 2783 736 2804 amore
751 2773 827 2803 mihi
842 2773 1004 2814 praebens:

273 2817 416 2848 similiter
428 2826 500 2858 sup.
514 2815 535 2851 i,
554 2817 604 2850 13,
621 2817 652 2850 8,
669 2817 756 2846 lentis
776 2817 897 2855 ignibus
911 2826 1006 2845 mace-

272 2862 338 2890 rari
351 2859 477 2894 dicitur,
495 2857 550 2889 ubi
570 2857 613 2888 cf.
627 2864 711 2896 not.;
733 2857 848 2888 Tibull.
864 2856 886 2892 i,
903 2858 933 2892 4,
950 2858 1003 2892 81,

1262 1557 1459 1588 CARMEN
1491 1557 1568 1588 XX.

1092 1599 1223 1639 Pyrrho,
1236 1598 1302 1640 jam
1317 1599 1347 1630 id
1366 1599 1482 1640 agenti,
1495 1605 1530 1630 ut
1542 1608 1672 1640 puerum
1687 1607 1781 1640 quem

1049 1642 1174 1671 amabat
1205 1641 1470 1676 formosissimum,
1501 1641 1693 1677 Nemmchum
1722 1650 1782 1689 pu·

1047 1682 1118 1713 ellae
1141 1682 1276 1718 cuidam,
1298 1683 1391 1714 simul
1413 1683 1484 1724 ejus
1506 1693 1608 1714 amore
1629 1682 1783 1723 flagranti,

1048 1731 1233 1766 praereptum
1249 1731 1312 1760 eat,
1326 1725 1498 1767 periculum
1513 1723 1598 1766 quod
1611 1724 1671 1756 hoc
1685 1729 1782 1756 teme-

1048 1767 1128 1797 rario
1150 1777 1229 1797 ausu
1256 1769 1380 1803 subeat,
1395 1767 1628 1798 accommodata
1640 1766 1685 1798 rei
1703 1765 1784 1798 ima-

1050 1810 1121 1848 gine
1149 1815 1222 1840 3313
1249 1809 1357 1840 oculos
1385 1809 1482 1850 ponit.
1525 1809 1671 1840 Puellam
1699 1808 1783 1842 enim

1049 1851 1148 1886 illam,
1171 1851 1198 1881 si
1223 1851 1361 1900 Pyrrhus
1383 1851 1565 1898 Nearchum
1588 1851 1629 1882 ab
1649 1860 1687 1882 33
1712 1850 1786 1882 abs-

1050 1893 1188 1930 traxerit,
1213 1893 1322 1924 leaenae
1349 1893 1459 1929 instar,
1485 1892 1537 1924 cui
1565 1893 1636 1940 quis
1662 1892 1784 1924 catulos

1050 1935 1166 1977 eripere
1187 1941 1296 1971 tentet,
1316 1935 1349 1966 in
1371 1940 1524 1976 raptorem
1545 1934 1734 1971 saevituram,
1753 1940 1786 1967 et

1052 1983 1189 2007 amatum
1206 1977 1265 2007 sibi
1280 1987 1409 2018 puerum
1431 1976 1524 2008 feroci
1539 1975 1644 2008 auimo
1658 1986 1714 2019 per
1726 1976 1783 2008 ob-

1051 2025 1169 2049 stantes
1187 2019 1339 2060 juvenum
1361 2024 1500 2049 catervas
1522 2019 1562 2050 ab
1582 2028 1620 2050 eo
1635 2018 1784 2060 repetitu·

1052 2070 1116 2091 ram
1132 2071 1200 2092 esse
1215 2061 1283 2100 ait3
1307 2061 1468 2091 victoriam
1484 2066 1588 2092 autem
1602 2060 1700 2102 hujus
1714 2070 1783 2092 cer-

1051 2103 1176 2133 taminis
1204 2113 1241 2133 eo
1271 2102 1372 2143 magis
1401 2103 1466 2134 fore
1492 2102 1682 2143 ambiguam,
1709 2112 1784 2134 cum

1051 2143 1118 2185 ipse
1141 2155 1234 2186 puer,
1255 2155 1368 2191 pugnae
1391 2145 1514 2179 arbiter,
1539 2145 1566 2175 P
1590 2145 1720 2175 rrhusne
1743 2153 1784 2176 33

1051 2186 1157 2227 puella
1171 2185 1312 2227 superior
1327 2186 1450 2222 evadat,
1466 2186 1500 2216 in
1514 2186 1569 2216 nul
1583 2196 1602 2216 o
1618 2185 1713 2233 plane
1726 2196 1785 2228 po·

1050 2233 1105 2258 nat
1139 2227 1330 2259 discrimine.
1388 2227 1441 2258 Ad
1478 2227 1583 2258 Graeci
1617 2227 1783 2268 cujusdam

1050 2274 1148 2317 poetae
1169 2270 1346 2312 exemplum
1368 2268 1426 2300 hoc
1449 2279 1574 2300 carmen
1596 2269 1637 2299 ab
1653 2270 1784 2301 Horatio

1052 2310 1272 2342 concinnatum
1285 2321 1363 2346 esse,
1377 2311 1594 2352 unusquisque
1605 2310 1698 2342 facile
1711 2321 1783 2343 sen-

1052 2353 1119 2384 tiet.
1164 2353 1279 2384 Lineas
1285 2353 1446 2400 quasdam
1467 2353 1684 2383 adumbratae·
1676 2363 1709 2384 m
1723 2353 1783 2385 hoc

1049 2394 1187 2426 carmine
1202 2394 1345 2442 imaginis
1359 2394 1610 2426 animadvertisse
1623 2394 1686 2426 sibi
1699 2395 1784 2427 visus

1049 2437 1152 2468 estin
1175 2436 1319 2468 Platonis
1345 2436 1512 2484 Charmide
1536 2437 1576 2467 ’1.
1599 2447 1629 2473 ν,
1653 2448 1685 2479 p.
1709 2439 1783 2474 111,

1051 2479 1180 2520 Bipont.
1205 2478 1444 2510 Schneiderus
1437 2489 1468 2508 m
1491 2459 1659 2510 Animad'v.
1684 2478 1717 2510 in
1736 2479 1783 2510 A·

1051 2531 1138 2551 nacr.
1155 2532 1186 2562 p.
1205 2522 1276 2556 107,
1294 2519 1574 2551 aMitscherhchro
1588 2520 1746 2552 laudatus

1094 2564 1186 2593 1-8.
1215 2563 1346 2598 Moveas,
1370 2562 1401 2593 h.
1423 2572 1451 2593 e.
1472 2571 1635 2601 amoveas;
1658 2567 1693 2594 ut
1713 2573 1784 2606 sup.

1050 2604 1072 2640 i,
1093 2606 1142 2640 10,
1162 2606 1212 2640 10,
1229 2606 1310 2635 boves
1330 2615 1382 2644 per
1395 2605 1495 2634 dotum
1515 2615 1657 2635 amovere.
1700 2605 1783 2636 Leae-

1050 2658 1118 2677 me:
1142 2647 1235 2677 Ovid.
1253 2647 1333 2678 Met.
1355 2645 1401 2682 iii,
1415 2647 1490 2682 547,
1510 2645 1569 2686 th
1571 2646 1710 2688 uefurit
1732 2658 1783 2678 ca-

1051 2690 1115 2719 talo
1145 2690 1272 2719 lactente
1300 2690 1404 2719 orbata
1434 2689 1535 2718 leena.
1580 2688 1717 2724 Gaemlae,
1748 2695 1784 2721 ut

1047 2741 1117 2772 sup.
1142 2730 1165 2766 i,
1186 2732 1240 2766 23,
1265 2731 1304 2760 10
1330 2730 1468 2761 Gaetulus
1493 2731 1548 2766 leo,
1571 2730 1623 2760 ubi
1649 2730 1692 2761 cf.
1715 2737 1782 2762 not.

1050 2773 1201 2808 Inamlar,
1225 2782 1304 2804 nove
1331 2782 1397 2814 pro,
1421 2771 1559 2808 timidus,
1582 2771 1668 2802 haud
1689 2773 1783 2805 dubie

1050 2814 1135 2855 quod
1150 2814 1234 2856 apud
1250 2815 1397 2846 Graecum
1413 2819 1547 2856 poetam,
1563 2823 1658 2855 quem
1678 2815 1781 2846 Hora-

1047 2857 1110 2887 tius
1125 2857 1288 2898 expressit,
1299 2862 1366 2887 erat
1379 2857 1539 2904 ἇιόλμοςς.ι
1562 2856 1623 2886 Per
1637 2857 1783 2888 obstantes

274 2903 345 2932 Heu
366 2903 421 2932 heu
444 2912 530 2941 quam
551 2901 629 2931 lento
650 2900 813 2930 Marathus
831 2910 875 2930 me
890 2906 908 2929 ιι
903 2906 1004 2940 ‹rr-quet
1037 2901 1189 2938 juranum
1204 2905 1357 2929 calm-:vas
1381 2898 1515 2940 persistit
1532 2898 1564 2928 in
1579 2898 1738 2940 allegoria,
1751 2905 1784 2931 et

273 2943 419 2985 (rectius,
435 2942 546 2983 torret)
561 2952 669 2973 maore.

1050 2942 1222 2972 Nearchum
1242 2946 1390 2982 sequente
1411 2940 1536 2972 demum
1551 2950 1640 2972 versu
1658 2951 1712 2982 pro
1732 2952 1782 2973 ea-
