1884 3288
667 202 894 246 LIBER
927 203 1009 255 IV,
1045 205 1087 246 9.

390 306 546 358 Multi;
579 305 658 348 sed
681 320 830 347 omnes
851 305 1170 349 illacrimabiles

0 379 7 410 l
447 375 688 429 Urgentur,
710 373 938 429 ignotique
958 373 1089 429 longa

502 440 662 491 Nocte,
684 450 835 483 carent
855 442 959 497 quia
980 449 1076 483 vate
1098 457 1236 484 sacro.
1270 468 1278 476 ·

386 507 586 551 Paullum
606 509 791 564 sepultae
812 510 947 551 distat
967 510 1137 551 inertiae

257 607 262 638 Ι
297 577 355 619 30
384 575 536 619 Celata
555 577 707 619 virtus.
770 577 876 619 Non
898 583 1046 633 ego'te
1067 578 1174 619 meis

443 644 619 687 Chattis
640 646 889 688 inornatum
911 646 1061 697 silebo,

499 712 644 755 Totve
666 722 764 755 tuos
786 715 928 769 patiar
950 713 1123 755 labores

385 779 583 836 Impune,
608 780 737 831 Lolli,
759 796 941 836 carpere
961 780 1117 823 lividas

385 848 657 891 Obliviones.
722 850 807 891 Est
829 850 994 891 animus
1017 850 1097 891 tibi

298 917 357 959 35
444 916 700 973 Rerumque
723 918 933 974 prudens,
957 926 1001 960 et
1023 918 1227 960 secundis

497 985 796 1041 Temporibus
817 987 1052 1042 dubiisque
1074 995 1220 1028 rectus
1238 1003 1247 1028 ε

383 1052 562 1095 Vindex
585 1069 724 1095 avarae
747 1053 928 1104 fraudis,
951 1063 995 1096 et
1017 1055 1242 1096 abstinens

385 1120 602 1164 Ducentis
623 1122 680 1164 ad
702 1137 748 1164 se
770 1130 927 1164 cuncta
948 1124 1169 1178 pecuniae:

444 1188 699 1244 Consulque
720 1205 808 1232 non
829 1191 956 1232 unius
978 1191 1094 1241 anni,

1564 207 1652 250 227

298 1256 357 1298 40

99 1379 152 1416 15.
169 1380 222 1416 17.
234 1379 326 1422 Virg.
344 1380 416 1412 Eel.
435 1391 464 1419 x,
481 1381 536 1417 59,
550 1387 689 1422 torquere
710 1381 849 1422 Cydonia

95 1434 194 1455 cornu
219 1424 360 1463 Spicula.
405 1424 477 1455 Non
502 1426 590 1455 semel
620 1424 694 1456 Ilios
721 1425 847 1460 Vexata,

95 1465 256 1508 explicant
278 1466 319 1498 de
339 1466 447 1509 Troja.
471 1478 543 1509 quae
567 1477 630 1498 non
655 1468 752 1499 semel
777 1474 847 1499 tan-

96 1515 165 1541 tum
185 1519 202 1540 a
225 1509 361 1547 Graecis,
377 1509 434 1542 sed
446 1510 519 1553 jam
541 1517 634 1542 antea
651 1512 691 1542 ab
711 1511 848 1543 Hercule

97 1559 131 1584 et
164 1552 383 1584 Amazonibus
415 1559 508 1596 capta
547 1554 663 1593 fuerim
701 1553 850 1596 equidem

98 1595 218 1628 malim.
254 1605 320 1627 nou
354 1596 452 1628 semel
491 1597 566 1628 urbs
595 1596 718 1639 aliqua,
746 1597 851 1639 qualis

97 1636 197 1681 Troja
220 1637 296 1674 fuit,
322 1645 508 1712 oppugnata
530 1645 562 1670 et
585 1646 768 1681 expugnata
792 1640 852 1671 suit

99 1681 141 1713 ab
154 1681 312 1713 hostibus.
377 1683 548 1718 domeneus,
558 1683 623 1713 dux
636 1682 849 1719 Cretensium,

98 1725 220 1766 iugem,
242 1725 290 1756 vir
311 1724 524 1763 fortissimum
547 1726 607 1756 deo
630 1726 759 1757 cuidam
778 1736 851 1757 eum

99 1767 279 1811 equiparat
294 1768 423 1800 Homer.
439 1768 534 1800 Iliad.
549 1768 685 1806 iii,230.
723 1770 850 1800 Sthene-

99 1811 166 1842 lau:
190 1811 236 1842 cf.
252 1821 324 1854 sup.
338 1810 361 1849 i,
373 1812 494 1849 15,24.
534 1812 719 1852 Deiphobus,
731 1811 850 1843 Priami

98 1853 196 1890 filius,
210 1853 404 1886 fortitudinis
416 1854 518 1894 gloria
530 1862 602 1897 post
618 1856 788 1886 Hectorem
802 1855 850 1886 in-

99 1901 147 1928 ter
165 1897 320 1940 Trojanos
343 1897 572 1930 nobilissimus
618 1898 734 1930 Graves
757 1899 847 1930 Exce-

95 1941 144 1980 pit
161 1942 252 1976 ictus,
267 1950 394 1982 gravem
415 1940 553 1972 hostium
567 1941 729 1984 impetum
752 1941 848 1973 susti-

101 1983 184 2018 nuit.
198 1993 256 2026 pro
271 1983 406 2024 vulgari,
423 1984 587 2026 pugnavit.

142 2027 285 2059 25—30.
316 2027 375 2058 Sed
402 2038 500 2059 omnes
528 2029 756 2059 illaerimabiles
788 2028 848 2058 Ur-

96 2075 225 2110 gentur,
241 2071 398 2111 ignotique
414 2071 514 2111 longa·
527 2071 633 2109 Nocte,
653 2079 757 2102 carent
776 2075 848 2113 quia

99 2119 169 2144 vate
189 2123 288 2144 saer-o.
330 2112 395 2144 Sed
418 2123 492 2144 cum
519 2119 680 2156 poetarum
705 2114 848 2146 carmina

97 2153 140 2187 de
153 2155 193 2187 iis
208 2155 334 2192 sileant.
351 2167 460 2188 omnes
476 2162 592 2188 aeterna
613 2163 705 2189 nocte
721 2163 753 2188 et
768 2157 847 2189 obli-

92 2198 194 2231 ·vione
215 2205 414 2243 premuntur,
441 2199 567 2232 nemine
590 2211 644 2231 eos
667 2207 702 2231 ut
724 2201 849 2241 ignotos

99 2241 194 2284 pinne
215 2242 276 2274 sibi
298 2243 446 2274 deflente.
485 2243 544 2275 ⁴Cl.
572 2243 707 2275 Mitsch.
733 2255 846 2286 oppor-

99 2291 178 2316 tune
192 2295 262 2318 com
305 2291 356 2317 rat
371 2286 502 2317 Pindar.
523 2287 618 2318 Nem.
632 2286 686 2324 vii,
706 2288 745 2318 18
764 2298 848 2329 sqq..

95 2329 163 2360 ‚Tui
185 2330 335 2372 μεγαλαι
358 2330 426 2372 γὰρ
451 2329 553 2361 ἀλκαὶ
579 2330 708 2362 Σκότον
734 2331 849 2363 πολὺν

98 2370 218 2414 ὕμνων
242 2372 361 2414 ἔχοντι
382 2371 547 2415 δεόμεναι·
570 2379 602 2404 et
625 2373 770 2405 similiter
789 2374 851 2406 fere

98 2413 259 2447 Theocrit.
272 2415 336 2453 xvi.
347 2417 402 2454 42,
412 2414 605 2458 Ἀμναστοι
618 2415 664 2454 δὲ,
677 2417 720 2448 τὰ
734 2418 851 2449 πολλὰ

33 2474 39 2481 ,
94 2457 156 2490 eal
165 2457 269 2500 ὄλβια
279 2461 371 2498 τῆνα
381 2459 550 2498 λιπόντες,
561 2461 693 2498 Δειλοῖς
702 2459 739 2491 ἐν
753 2460 850 2492 νεκύ-

35 2531 38 2534 .
86 2511 172 2535 -ωσι
184 2502 339 2545 μακροὺς
359 2501 489 2541 αἰῶνας
511 2503 652 2535 ἔκειντο.

702 2504 850 2535 Paullum

38 2575 39 2578 ,
67 2542 221 2593 'suffulta
243 2546 339 2576 distat
362 2547 483 2578 inertie
509 2547 616 2577 Celata
643 2548 743 2577 virtus
757 2558 766 2583 ,·
794 2546 850 2578 viri

35 2609 47 2630 -Ὶ
98 2596 184 2619 onim
206 2588 339 2630 egregii.
362 2598 498 2630 quorum
518 2589 680 2623 memoria.
700 2599 763 2620 non
782 2599 851 2621 car-

27 2650 39 2662 x
98 2629 240 2662 minibus
255 2631 426 2667 celebrata,
439 2631 594 2663 oblivioni
609 2631 752 2669 traditur,
764 2633 851 2664 simi-

35 3043 50 3081 ἱ

99 2671 172 2705 liter
188 2673 266 2710 fere.
286 2679 323 2706 ut
340 2675 486 2706 homines
510 2674 640 2710 inertes.
665 2675 782 2718 sepulti
801 2676 853 2718 ja-

99 2721 189 2748 cent.
233 2717 431 2760 comparant
454 2717 587 2750 Pindar.
613 2719 708 2750 Nem.
731 2718 775 2756 ix,
802 2720 853 2756 16,

100 2759 348 2802 Τετελεσμένον
356 2760 459 2793 ἐσλὸν
470 2762 527 2800 Μὴ
539 2763 650 2805 χαμαὶ
662 2764 746 2805 σιγᾷ
757 2762 857 2810 :uhi-

51 2819 68 2838 μ
101 2798 176 2843 ilua.
222 2802 361 2840 Inertioe,
382 2814 477 2836 casus
496 2804 608 2836 tertius
627 2815 695 2847 pro,
712 2805 752 2835 ab
776 2816 858 2837 iner-

66 2851 67 2854 ’
93 2843 161 2882 ιὶίι,
177 2850 215 2878 nt
230 2845 290 2878 inf.
305 2847 374 2879 Sat.
393 2846 416 2883 i.
433 2849 467 2883 4,
484 2849 540 2883 48.
555 2847 596 2879 de
612 2847 784 2883 comoedia.
802 2851 860 2880 nisi

55 2900 63 2919 3
101 2889 183 2928 quod
190 2890 265 2930 pede
275 2898 358 2922 cereo
369 2890 486 2934 Differt
495 2894 634 2929 sermoni,
643 2902 736 2922 sermo
746 2903 858 2924 merus.

146 2930 292 2965 80-38.
317 2933 387 2964 Non
409 2945 463 2976 ego
482 2939 511 2965 te
530 2936 602 2965 meis
627 2935 750 2965 Chartis
775 2937 857 2965 inm·-

101 2977 329 3013 nan-dubo,
342 2981 418 3008 cett.
438 2987 500 3008 non
520 2987 581 3018 ego
600 2977 712 3009 laudes
734 2984 806 3009 tuas
827 2978 859 3010 in

97 3015 304 3050 aenminibus
339 3018 421 3051 meis
450 3019 577 3052 silentio
604 3020 860 3063 pretermittam,

499 1257 590 1299 Sed
613 1259 785 1313 quoties
809 1259 949 1300 bonus
971 1268 1105 1314 atque
1126 1259 1244 1300 fidus

893 1391 952 1413 nec
969 1381 1178 1419 committam.
1195 1387 1232 1413 ut
1243 1382 1422 1414 meritorum
1438 1387 1564 1413 tuorum
1582 1391 1648 1413 me-

894 1424 1025 1455 moriam
1052 1425 1148 1457 libere
1179 1424 1360 1467 intercipiat
1387 1425 1542 1456 invidiosa
1567 1425 1648 1457 obli-

894 1467 967 1499 vio:
1003 1469 1128 1500 Chartis
1159 1470 1241 1504 meis,
1266 1468 1461 1500 carminibus
1485 1468 1585 1506 meis3
1613 1474 1649 1500 ut

893 1520 991 1542 carm.
1006 1512 1144 1554 praeced.
1161 1522 1192 1543 v.
1208 1513 1263 1549 21,
1281 1523 1386 1553 neque,
1403 1512 1436 1542 Si
1448 1513 1561 1543 charta>
1575 1514 1646 1542 sile-

894 1561 958 1586 am.
1007 1555 1139 1586 Labores
1162 1562 1239 1590 tuos,
1260 1565 1310 1586 res
1328 1555 1478 1598 praeclare
1494 1565 1512 1586 a
1529 1560 1559 1586 te
1578 1565 1647 1597 ges-

895 1602 953 1635 tas,
983 1598 1088 1640 cogita
1115 1598 1259 1640 inprimis
1289 1598 1329 1629 de
1354 1599 1459 1634 laude,
1484 1608 1582 1639 quam
1610 1608 1649 1629 ex

896 1640 1040 1676 Galatia,
1064 1641 1116 1672 cui
1144 1643 1187 1674 U.
1215 1641 1255 1672 C.
1284 1652 1440 1673 nccxxix
1468 1642 1650 1683 Propraetor

896 1683 937 1714 ab
969 1684 1117 1725 Augusto
1148 1684 1337 1726 praepositus
1373 1685 1446 1720 fuit,
1480 1684 1650 1726 reportavit

896 1725 1032 1757 Lollius.
1080 1726 1219 1766 Impune,
1238 1727 1370 1769 pulchre
1386 1733 1418 1758 et
1433 1727 1649 1768 significanter

896 1779 951 1817 pro
967 1769 1068 1805 tenui,
1084 1769 1182 1800 libere
1197 1782 1206 1808 ;
1231 1779 1303 1800 narn
1323 1770 1378 1812 qui
1395 1770 1524 1801 virtutes
1545 1770 1646 1801 alicu-

891 1823 947 1854 Jus
964 1812 1006 1842 ab
1022 1812 1182 1843 oblivione
1202 1812 1355 1849 vindicat,
1374 1812 1524 1855 injuriam
1542 1812 1647 1855 quasi,

895 1866 990 1896 quam
1010 1855 1111 1887 facere
1128 1856 1256 1887 volebat
1275 1855 1404 1893 oblivio,
1428 1855 1522 1898 punit
1542 1862 1574 1887 et
1597 1857 1648 1887 ul·

893 1897 1036 1930 ciscitur.
1083 1899 1137 1929 Est
1158 1901 1278 1930 animus
1300 1901 1355 1930 tibi.
1372 1900 1548 1940 Rerumque
1570 1911 1646 1940 pru-

893 1944 978 1980 dens,
999 1947 1076 1972 cett.
1099 1941 1198 1983 digna
1219 1942 1305 1973 enim
1327 1949 1386 1978 est,
1411 1953 1485 1984 quae
1505 1943 1646 1975 carmine

894 1985 1082 2021 celebretur,
1094 1991 1150 2016 tua
1161 1985 1193 2016 in
1204 1986 1298 2016 rebus
1306 1985 1453 2026 gerendis
1465 1986 1646 2028 prudentia,

894 2034 926 2058 et
941 2027 975 2058 iu
990 2033 1124 2069 utraque
1140 2028 1263 2059 fortuna
1281 2029 1472 2059 constantia.
1522 2029 1646 2065 Rectus,

892 2078 1030 2108 erectus,
1057 2071 1179 2108 firmus,
1203 2078 1374 2103 constans:
1407 2071 1534 2103 Ennius
1559 2072 1646 2114 apud

894 2114 966 2146 Cic.
986 2114 1025 2145 de
1050 2115 1176 2150 Senect,
1199 2125 1229 2146 c.
1255 2116 1287 2150 6,
1315 2115 1383 2150 Quo
1413 2117 1494 2147 vobis
1523 2124 1647 2152 mentes,

893 2164 981 2189 rectae
1001 2169 1064 2198 qua:
1079 2166 1162 2189 sta-re
1177 2160 1311 2189 solebant
1330 2160 1480 2194 Antehac.
1499 2161 1650 2191 dementes

891 2212 951 2232 sese
963 2201 1104 2242 flexere?
1154 2203 1269 2232 Vindex
1294 2202 1360 2240 (sc.
1379 2203 1522 2242 animus)
1544 2214 1646 2234 avarae

881 2245 1028 2287 fraudis,
1044 2251 1073 2275 et
1089 2246 1242 2275 abstinens
1260 2245 1412 2276 Ducentis
1429 2247 1469 2276 ad
1484 2257 1514 2276 se
1532 2253 1645 2277 cuncta

891 2289 1046 2328 pecuniae:
1072 2287 1129 2318 tibi
1152 2293 1201 2319 est
1221 2287 1346 2319 animus
1368 2289 1476 2330 justus
1494 2296 1526 2321 et
1545 2289 1647 2321 conti-

894 2341 984 2366 nens,
1001 2330 1032 2361 h.
1047 2341 1076 2361 e.
1093 2330 1126 2362 in
1143 2336 1174 2362 te
1190 2337 1252 2362 tam
1272 2331 1409 2373 justitiae
1424 2342 1520 2374 quam
1545 2332 1647 2364 conti-

895 2373 1013 2406 nentiae
1027 2374 1098 2405 laus
1114 2373 1219 2413 cadit;
1233 2373 1392 2416 justitiam
1409 2375 1493 2406 enim
1509 2382 1649 2412 exercet,

895 2418 951 2459 qui
970 2417 1114 2448 fraudem
1129 2423 1162 2448 et
1175 2418 1277 2448 malas
1294 2425 1376 2450 artes
1392 2418 1555 2450 hominum
1573 2429 1648 2450 ava·

895 2470 999 2492 rorum
1015 2459 1207 2503 supprimit;
1230 2461 1459 2493 continentiam
1482 2472 1567 2498 vero,
1590 2461 1647 2504 qui

895 2503 1045 2546 pecunia,
1060 2515 1135 2546 quae
1150 2503 1235 2546 capit
1252 2510 1284 2535 et
1297 2504 1396 2536 vincit
1406 2505 1525 2542 omnia,
1538 2516 1571 2537 se
1585 2516 1649 2537 uon

895 2546 967 2590 capi
982 2552 1015 2578 et
1031 2546 1115 2578 vinci
1132 2547 1261 2589 patitur.

941 2591 1082 2622 39-44.
1108 2590 1280 2631 Consulque
1295 2601 1356 2621 non
1372 2592 1465 2622 unius
1479 2594 1568 2628 anni,
1591 2592 1651 2623 Sed

897 2636 1020 2674 quoties,
1038 2639 1112 2664 cett.
1128 2633 1246 2664 esttibi
1270 2633 1408 2669 animus⁴
1430 2636 1485 2677 qui
1509 2646 1572 2666 non
1597 2646 1652 2678 per

900 2687 997 2708 unum
1013 2682 1136 2707 tantum
1154 2686 1273 2708 annum
1291 2676 1648 2718 dignitatem-consula-

893 2730 963 2751 rem
981 2725 1101 2756 tuetur,
1118 2719 1174 2750 sed
1189 2719 1446 2762 quotiescunque
1464 2722 1529 2758 ille,
1547 2728 1582 2753 ut
1598 2722 1654 2753 bo-

904 2773 965 2794 nus
983 2768 1015 2794 et
1035 2763 1118 2794 fidus
1133 2762 1247 2804 judex,
1270 2762 1302 2793 h.
1319 2773 1349 2795 e.
1367 2763 1448 2795 bene
1466 2770 1499 2796 et
1521 2776 1591 2796 vere
1614 2765 1654 2797 de

903 2816 940 2837 eo
956 2806 1042 2848 quod
1058 2805 1149 2836 decet
1168 2805 1333 2848 judicans,
1350 2806 1549 2839 honestatem
1566 2807 1654 2840 utili-

903 2849 961 2880 tati
993 2849 1149 2891 praeferre.
1181 2849 1265 2880 dona
1298 2849 1524 2891 flagitiosorum
1557 2851 1656 2882 nobili

901 2903 974 2923 cum
996 2898 1160 2924 contemtu
1182 2892 1361 2934 repudiare.
1379 2899 1412 2924 et
1430 2893 1555 2925 virtutis
1576 2905 1656 2929 suae,

903 2945 967 2976 qua
989 2942 1130 2967 armatus
1148 2942 1210 2970 est,
1229 2935 1386 2978 praesidio,
1402 2937 1560 2978 quidquid
1576 2947 1657 2967 veras

905 2979 1013 3019 gloriae
1025 2979 1146 3016 obstat,
1155 2978 1275 3009 fortiter
1286 2978 1412 3009 vincere
1422 2980 1513 3010 solet.
1543 2980 1659 3010 szsul

906 3033 966 3053 nnn
985 3023 1079 3052 unius
1095 3024 1190 3053 anui:
1214 3021 1368 3058 Lollium,
1382 3021 1436 3063 qui
1449 3021 1532 3052 haud
1549 3021 1659 3058 dubie,

860 3067 915 3099 22

28 3112 70 3288 l
