1904 3314
310 181 395 222 332

823 181 1254 226 SATIRARUM

425 282 582 333 Natus,
605 283 707 324 dum
726 282 960 337 ingenuus3
992 285 1226 338 persuades
1247 284 1328 326 hoc
1349 285 1427 326 tibi
1447 301 1559 338 vere,
1587 322 1594 337 χ

422 348 539 391 Ante
559 357 814 404 potestatem
834 349 952 391 Tulli
971 357 1099 405 atque
1119 351 1304 405 ignobile
1324 366 1520 406 regnum,

344 417 394 457 10
424 416 589 458 Multos
612 431 726 471 saepe
747 416 859 457 viros
881 416 1006 458 nullis
1027 419 1258 472 majoribus
1280 426 1397 460 ortos

423 483 484 524 Et
505 483 660 524 vixisse
681 483 854 536 probos,
877 482 1026 537 amplis
1047 491 1091 524 et
1111 484 1344 526 honoribus
1366 492 1516 527 auctos
1533 502 1543 528 τ

423 549 596 598 Contra,
619 548 854 598 Laevinum,
877 548 1026 590 Valeri
1045 564 1194 604 genus,
1217 551 1331 592 unde
1353 551 1576 606 Superbus

423 615 684 669 Tarquinius
705 629 838 668 regno
859 614 1007 669 pulsus
1030 615 1123 665 fuit,
1146 617 1270 658 unius
1291 618 1398 658 assis

421 681 526 722 Non
546 696 734 735 unquam
752 682 890 735 pretio
911 681 1044 736 pluris
1066 681 1250 732 licuisse,
1271 691 1446 725 notante

341 750 392 790 15
421 749 591 798 «Iudice,
613 763 698 801 quo
718 749 845 796 nosti,
867 747 1052 801 populo:

1085 750 1158 802 qui
1180 749 1334 790 stultus
1355 750 1542 792 honores

423 816 548 869 Saepe
570 815 645 855 dat
663 814 865 868 indigniS,
886 821 930 855 et
950 814 1071 856 farnae
1093 817 1222 857 servit
1242 817 1435 870 ineptus3

421 882 510 929 Qui
529 887 673 934 stupet
692 881 736 920 in
757 880 889 921 titulis
910 888 952 922 et
972 882 1240 936 imaginibus.

1301 884 1419 930 Quid
1441 891 1613 940 oportet

419 948 515 988 Nos
537 946 691 995 facere,
712 961 737 987 a
756 946 884 1000 vulgo
903 946 1031 1001 longe
1052 948 1221 1002 lateque
1243 958 1426 991 remotos
1443 953 1459 992 ’ζ

418 1013 619 1067 Namque
639 1020 747 1062 esto,
764 1013 951 1066 populus
970 1013 1147 1054 Laevino
1167 1014 1309 1056 mallet
1328 1016 1535 1058 honorem

333 1081 389 1122 20
420 1080 562 1126 Quam
582 1079 721 1119 Decio
741 1080 942 1120 mandare
963 1093 1071 1120 novo
1088 1096 1098 1129 3
1131 1080 1381 1135 Censorque
1401 1089 1589 1124 moveret

417 1145 604 1200 Appius,
626 1146 810 1200 ingenuo
832 1147 867 1186 si
886 1161 971 1186 non
990 1160 1127 1187 essem
1147 1154 1270 1201 patre
1289 1155 1438 1199 natus3

416 1213 501 1255 Vel
518 1213 682 1262 merito,
705 1213 903 1266 quoniam
922 1213 964 1253 in
984 1214 1158 1267 propria
1177 1229 1263 1255 non
1283 1214 1392 1268 pelle
1409 1216 1634 1269 quiessem.

415 1280 502 1321 Sed
525 1280 715 1335 fulgente
737 1279 867 1320 trahit
887 1279 1142 1321 constrictos
1165 1280 1316 1321 Gloria
1337 1295 1468 1322 curru

299 1411 444 1442 tradunt:
469 1410 534 1442 vid.
549 1411 698 1441 Herodot.
709 1410 731 1446 i,
745 1411 799 1446 94,
813 1410 945 1451 Dionys.
956 1409 1031 1441 Hal.

298 1453 320 1490 i,
337 1454 390 1484 27.
434 1454 493 1484 Pro
519 1454 684 1492 legionibus
711 1451 783 1483 dedi
807 1461 879 1484 cum
907 1452 969 1482 Fea
992 1462 1030 1483 ex

299 1495 481 1536 conjectura
495 1494 701 1528 Wakefieldii.
713 1496 902 1535 regionibus;
919 1503 1031 1534 quarn-

299 1537 346 1567 vis
360 1537 454 1572 enim,
478 1547 530 1578 per
551 1538 677 1578 legiones
698 1536 851 1577 designari
872 1546 961 1577 posse
982 1547 1031 1565 ea*-

297 1581 418 1615 ercitus,
446 1579 539 1610 facile
567 1579 779 1613 concedimus,
808 1583 923 1613 tamen,
950 1587 1027 1618 quo-

297 1621 388 1651 modo
405 1621 556 1651 Horatius
570 1620 756 1652 Maecenatis
771 1620 903 1661 majores
914 1623 1030 1660 magnis

295 1663 487 1693 exercitibus
510 1662 668 1704 praefuisse
684 1661 786 1692 dicere
805 1661 949 1703 potuerit,
972 1662 1027 1691 do-

295 1704 358 1735 ceri
374 1705 493 1745 nequit.
540 1706 585 1735 At
611 1705 820 1740 Lucumones,
846 1703 909 1734 sive
931 1703 1028 1734 duces

298 1747 444 1783 Etruriae‚
461 1746 540 1777 inter
559 1756 638 1787 quos
661 1746 848 1777 Maecenatis
872 1746 955 1776 atavi
979 1746 1028 1776 fu-

296 1788 358 1820 isse
367 1789 532 1819 traduntur
542 1789 601 1829 (cf.
609 1799 678 1830 sup.
690 1787 730 1818 ad
743 1788 805 1818 Od.
818 1787 839 1823 i,
853 1789 881 1824 l,
894 1787 936 1827 1),
946 1787 1030 1818 haud

295 1836 407 1872 praeter
427 1842 491 1862 rem
507 1832 547 1861 ab
570 1831 700 1861 Horatio
723 1832 839 1871 magnis
861 1832 1031 1871 regionibus

296 1875 477 1912 imperitasse
503 1872 566 1903 dici
596 1877 750 1914 poterant.
802 1873 884 1902 Sunt
913 1877 1029 1909 tamen,

293 1914 349 1956 qui
364 1916 522 1956 vulgatam
544 1915 710 1945 lectionem
733 1920 889 1945 tueantur.
934 1915 1027 1945 Cete-

295 1967 362 1987 rum
379 1963 450 1988 ante
470 1957 578 1987 oculos
595 1956 706 1987 habuit
731 1956 877 1987 Horatius
901 1957 1027 1987 Lucret.

293 1998 340 2036 iii,
368 2000 462 2035 1041,
490 1999 685 2034 occiderunt,
713 2001 829 2040 magnis
854 2000 906 2038 qui
925 2001 1027 2039 genti-

295 2042 348 2071 bus
362 2042 579 2080 imperitarent.
626 2042 706 2071 Naso
721 2043 870 2080 ,suspendis
887 2043 1023 2071 adunco:

294 2083 350 2123 qui
364 2093 435 2114 curn
450 2093 555 2114 amaro
570 2083 632 2112 risu
649 2093 757 2112 nasum
777 2083 934 2112 aduncum
959 2083 1025 2113 red-

295 2126 386 2161 dunt,
403 2125 467 2156 sive
485 2135 592 2155 nasum
610 2124 813 2164 distorquent,
829 2123 924 2154 animi
940 2134 1027 2154 acer-

296 2167 423 2198 bitatem
439 2166 639 2208 exprimunt3
662 2169 836 2204 suspendere
852 2165 945 2206 igitur
968 2165 1025 2196 ali-

295 2220 389 2250 quem
410 2220 480 2240 naso
501 2211 618 2239 adunco
642 2208 744 2250 lepide
767 2207 884 2238 dictum
902 2213 950 2238 est
971 2218 1026 2248 pro

293 2251 425 2292 vulgari,
439 2250 536 2282 ridere
551 2250 687 2291 aliquem
702 2261 774 2282 cum
797 2249 1002 2280 amaritudine
1015 2261 1023 2287 ;

294 2303 363 2329 nos,
379 2295 452 2324 iiber
466 2296 552 2324 einen
566 2295 613 2324 die
631 2293 710 2323 Nase
723 2292 883 2333 ri'cmpfen:
907 2292 952 2322 sic
970 2291 1025 2322 inf.

294 2335 396 2377 Epist.
410 2336 432 2372 i,
450 2337 501 2371 19,
519 2337 572 2370 45,
595 2336 717 2365 naribus
735 2336 798 2376 (se.
813 2333 961 2375 aduncis)
976 2336 1024 2364 uti

279 2378 429 2418 formido,
456 2388 521 2420 pro,
550 2387 613 2407 non
645 2376 744 2408 audeo
773 2376 934 2416 indulgere
957 2376 1022 2406 irri-

292 2419 384 2451 sioni.
429 2420 561 2460 Ignotos.
581 2419 745 2460 ignobileS,
771 2425 805 2449 ut
824 2429 854 2449 v·
870 2419 923 2449 24.
968 2418 1022 2449 In¹

288 2473 418 2504 genuus,
434 2461 602 2493 liberaliter
612 2462 766 2492 excultus.

333 2505 452 2535 8—11.
479 2504 642 2534 Persuades
666 2505 716 2534 hoc
741 2505 797 2534 tibi
821 2513 898 2539 vere,
925 2508 1019 2534 cett.:

287 2546 355 2588 jam
369 2552 441 2578 ante
455 2546 606 2582 Tullium,
622 2546 676 2587 qui
694 2545 823 2587 ignobili
847 2545 914 2576 loco
930 2551 1023 2576 natus

290 2598 342 2620 rex
357 2588 460 2620 factus
474 2594 532 2624 est,
547 2588 663 2619 multos
681 2598 773 2630 saepe,
797 2588 910 2629 pariter
931 2587 1019 2628 igno-

289 2630 380 2667 biles,
397 2636 429 2662 et
443 2631 607 2662 virtutibus
621 2630 818 2664 excelluisse,
839 2636 871 2660 et
892 2630 1021 2660 summis

290 2672 459 2704 honoribus
481 2678 605 2703 ornatos
631 2683 709 2708 esse,
731 2672 769 2702 de
793 2672 850 2702 hac
875 2682 906 2702 re
932 2671 1019 2713 (hoc)

289 2715 378 2746 nullo
407 2715 498 2746 modo
533 2714 703 2746 dubitabis.
762 2715 906 2756 Ignobile‚
937 2714 1020 2755 quod

289 2763 374 2789 tenet
397 2758 442 2789 vir
466 2757 626 2798 ignobilis.
672 2757 788 2793 Nullis,
818 2756 1019 2796 ignobilibuS,

290 2805 324 2830 ut
338 2800 462 2831 Servius
483 2799 619 2835 Tullius,
635 2799 718 2841 apud
741 2798 808 2830 Liv.
825 2798 865 2833 iv,
881 2799 912 2836 3,
935 2800 1020 2829 πιιίΙο

286 2849 373 2881 patre
400 2849 492 2874 natus
519 2852 588 2873 esse
613 2841 749 2879 dicitur3
786 2847 817 2871 et
851 2840 896 2871 sic
934 2841 1017 2882 apud

288 2885 416 2916 Graecos
458 2886 583 2928 ignobili
631 2890 720 2924 patre
772 2889 862 2914 natus
903 2882 1017 2914 dicitur

285 2926 439 2968 ἀπάτωρ.

1119 1411 1256 1442 12—17.
1294 1411 1406 1441 Contra
1437 1411 1611 1442 Laevinum:
1646 1412 1805 1455 vulgarem

1073 1452 1270 1487 sententiam,
1303 1458 1370 1483 “at
1394 1458 1429 1484 tu
1455 1453 1536 1484 idem
1566 1454 1660 1494 probe
1690 1455 1764 1492 scis,
1787 1467 1806 1488 e

1073 1500 1164 1533 gente
1197 1494 1295 1525 nobili
1325 1500 1502 1535 prognat08‚
1533 1494 1592 1525 nisi
1627 1495 1740 1529 virtute
1771 1508 1806 1530 se

1073 1536 1334 1572 commendarent,
1353 1535 1386 1566 in
1402 1536 1488 1567 nullo
1511 1537 1603 1578 plane
1619 1537 1714 1570 fuisse
1735 1551 1806 1582 pre-

1074 1577 1152 1613 tio‚’'
1174 1584 1277 1619 poeta,
1303 1578 1398 1609 allato
1426 1578 1545 1609 Laevini
1569 1589 1658 1610 exem
1682 1579 1724 1617 lo,
1750 1592 1805 1614 ex.

1072 1619 1183 1660 pressit
1197 1620 1259 1651 sic:
1283 1625 1315 1650 at
1336 1630 1393 1651 nec
1410 1626 1439 1651 te
1457 1621 1535 1652 latet
1558 1621 1635 1662 (hoc
1660 1591 1726 1655 {ere
1749 1634 1804 1666 pro

1069 1663 1228 1700 persuades
1251 1663 1302 1692 hoc
1331 1664 1385 1693 tibi
1410 1673 1477 1694 vere
1501 1663 1701 1704 repetendum
1724 1665 1802 1706 est),

1072 1704 1248 1739 Laevinum,
1274 1709 1462 1745 repetentem
1491 1705 1640 1746 originem
1670 1716 1760 1738 suam
1785 1718 1804 1739 e

1072 1751 1164 1785 gente
1189 1746 1384 1776 nobilissima
1405 1746 1536 1791 Valerii,
1559 1756 1579 1777 a
1599 1757 1662 1788 quo
1684 1749 1802 1790 (unde)

1073 1787 1262 1829 Tarquinius
1290 1789 1446 1830 Superbus
1474 1799 1569 1828 regno
1597 1790 1709 1831 pulsus
1730 1791 1802 1828 suit,

1073 1840 1233 1877 nunquam
1258 1830 1356 1876 pluris
1371 1841 1464 1871 quam
1485 1831 1580 1862 unius
1602 1831 1680 1862 assis
1702 1832 1757 1874 (h.
1772 1843 1802 1865 e.

1073 1871 1213 1910 minimi)
1239 1877 1423 1903 aestimatum
1447 1882 1514 1905 esse
1544 1874 1709 1915 (licuisse),
1733 1885 1802 1917 ipso
1850 1881 1854 1885 “

1072 1914 1187 1956 populo
1200 1914 1373 1957 judicante,
1390 1914 1444 1955 qui
1459 1919 1563 1946 tamen
1573 1925 1668 1957 saepe,
1683 1922 1718 1947 ut
1725 1917 1800 1954 seis,

1071 1957 1219 1997 indignis,
1235 1957 1276 1987 ob
1295 1957 1391 1987 solam
1408 1967 1514 1988 eorum
1537 1957 1652 1988 famam
1674 1959 1723 1989 vel
1745 1969 1801 1991 no-

1070 1999 1234 2034 bilitatem,
1265 1999 1358 2030 stulte
1394 1999 1525 2030 honores
1560 1999 1678 2032 deferre
1713 2001 1802 2034 solet.

1070 2042 1192 2081 Itaque,
1219 2051 1290 2071 cum
1319 2051 1358 2072 ne
1380 2037 1514 2083 populus
1534 2041 1659 2082 quidem
1681 2041 1800 2084 aliquid

1068 2083 1211 2113 tribuerit
1227 2082 1346 2113 Laevini
1368 2083 1535 2118 nobilitati,
1549 2093 1620 2114 eum
1644 2083 1799 2117 hominem

1068 2124 1232 2164 indignum
1256 2125 1348 2166 plane
1371 2125 1482 2166 amplis
1504 2125 1675 2157 honoribus
1691 2126 1799 2163 fuisse,

1068 2166 1159 2197 facile
1182 2172 1322 2207 apparet.
1367 2167 1452 2197 Hinc
1482 2167 1587 2199 Schol.
1615 2168 1734 2210 Porph.
1758 2170 1798 2201 de

1069 2208 1209 2244 Laevino,
1238 2209 1299 2238 Hic
1327 2208 1365 2238 P.
1393 2208 1530 2239 Valerius
1557 2210 1697 2241 Loevinus
1725 2213 1798 2242 adeo

1058 2250 1154 2291 jirdis
1168 2262 1203 2281 ac
1224 2252 1363 2290 prty'ectis
1387 2252 1420 2280 in
1443 2262 1553 2281 omnem
1577 2253 1798 2292 turpitudinem

1067 2294 1195 2328 maribus
1209 2294 1294 2327 vixit,
1311 2298 1346 2322 ue
1360 2293 1479 2331 provehi
1494 2303 1552 2323 non
1567 2296 1698 2332 potuerit
1711 2295 1798 2326 ultra

1065 2340 1220 2374 quaesturae
1245 2336 1436 2376 dignitatem.
1483 2335 1548 2369 Quo
1571 2337 1659 2372 nosti,
1690 2346 1797 2378 quem,

1065 2376 1168 2417 qualis
1193 2376 1293 2416 judex
1322 2376 1373 2411 sit,
1403 2376 1508 2415 nosti;
1542 2376 1624 2408 hanc
1650 2377 1797 2410 Groeeam

1064 2418 1323 2449 constructionem
1339 2430 1395 2458 qno
1409 2428 1463 2459 pro
1476 2430 1560 2459 quaem
1576 2419 1640 2461 (ὥς
1675 2431 1689 2451 ε
1700 2431 1719 2452 ε
1742 2424 1798 2463 ιτῇ

1065 2463 1111 2502 τῷ
1131 2460 1225 2502 δήμῳ
1248 2459 1275 2500 ᾦ
1300 2459 1375 2502 σύγ’
1403 2460 1518 2501 οἶσθα)
1540 2470 1651 2503 exemp
1665 2461 1690 2492 is
1706 2461 1716 2492 i
1730 2461 1795 2494 lus-

1065 2502 1157 2533 travit
1183 2502 1334 2533 Heindor.
1380 2503 1442 2536 Qui
1467 2509 1564 2543 stupet
1588 2505 1620 2534 in
1647 2505 1746 2535 tinais
1767 2511 1798 2536 et

1065 2547 1256 2586 imaginibus,
1279 2555 1332 2586 pro
1349 2545 1480 2584 vulgari,
1505 2555 1522 2576 a
1546 2545 1589 2576 ud
1611 2555 1708 2587 quem
1729 2547 1796 2579 sola

1064 2588 1147 2618 valet
1162 2586 1323 2618 hominum
1339 2585 1500 2617 nobilitas.
1557 2589 1719 2618 abilitatem
1734 2588 1795 2620 sci-

1064 2629 1137 2660 licet
1159 2629 1315 2670 cujusque
1345 2629 1551 2669 designabant
1573 2635 1606 2661 et
1632 2630 1795 2662 confirma-

1063 2671 1140 2702 bant
1175 2674 1321 2711 majorum
1359 2673 1514 2712 imagines,
1550 2681 1634 2712 quw,
1670 2671 1794 2714 adjecta

1064 2724 1164 2745 rerum
1199 2724 1219 2744 a
1253 2712 1422 2754 majoribus
1457 2718 1612 2753 gestarum
1647 2714 1796 2746 memoria

1063 2757 1206 2798 (adjectis
1229 2754 1360 2795 titulis),
1385 2764 1457 2786 cera
1480 2755 1589 2786 effictae
1618 2755 1792 2798 conspicie-

1062 2799 1176 2829 bantur
1190 2798 1223 2828 in
1239 2797 1328 2828 atrio.

1106 2841 1240 2871 17—23.
1266 2841 1348 2874 Quid
1370 2844 1480 2879 oportet
1506 2838 1568 2870 Nos
1580 2838 1701 2880 facere,
1717 2845 1791 2871 cett.

1060 2892 1188 2913 sensus:
1227 2881 1339 2923 quodsi
1366 2891 1438 2913 vero
1473 2880 1596 2922 vulgus,
1634 2881 1790 2914 nobilitati

1059 2924 1209 2962 hominis,
1233 2924 1335 2965 qualis
1349 2929 1396 2955 est
1419 2922 1578 2962 Laevinus‚
1601 2932 1712 2965 parum
1734 2923 1788 2955 tri·

1864 2959 1889 3142 i

1860 3157 1881 3307 2³
