1884 3288
28 3039 30 3041 ·
31 2538 78 2998 &ww-2⁰0⁶*
34 2427 35 2430 ⁴
35 2391 38 2403 ‘⁴

657 171 884 216 LIBER
916 171 1000 222 IV,
1031 173 1097 213 11.

1566 171 1654 213 2529

221 280 300 332 Et,
325 295 424 336 quae
450 293 568 322 nunc
588 276 781 320 humeris
802 274 1044 332 involitant,
1066 274 1310 316 deciderint
1331 287 1480 323 comae,

220 349 357 391 Nunc
378 355 436 399 et,
460 348 536 404 qui
556 344 676 394 coloi·
696 350 764 386 est
784 343 984 398 puniceae
1005 341 1115 383 flore
1137 341 1258 396 prior
1278 355 1405 391 rosae,

162 417 191 458 5
222 416 427 458 Mutatus
451 414 709 471 Ligurinum
726 412 771 453 in
792 411 948 453 faciem
967 410 1148 452 verterit
1169 409 1411 464 hispidam3

222 485 376 535 Dices,
399 483 528 526 Heu!
561 481 734 538 quoties
756 486 799 522 te
820 480 865 521 in
886 477 1065 535 speculo
1086 478 1246 520 videris
1267 476 1464 526 alterum,

221 553 337 601 Quae
355 566 476 594 mens
497 556 565 592 est
583 548 732 599 hodie,
756 562 834 590 cur
855 546 1012 589 eadem
1031 560 1119 588 non
1142 559 1280 600 puero
1303 544 1414 585 fuit?

222 620 312 665 Vel
331 635 409 663 cur
431 618 498 661 his
520 618 672 661 animis
693 615 930 659 incolumes
951 630 1039 657 non
1060 613 1250 656 redeunt
1271 626 1397 668 genae
1415 613 1432 653 ἲ

684 848 963 892 CARMEN
997 847 1081 889 XI.

566 1005 653 1036 AD
714 987 1209 1035 PHYLLIDEMj

404 1124 500 1167 EST
523 1123 628 1165 mihi
647 1137 810 1164 nonum
833 1122 1080 1177 superantis
1103 1135 1263 1162 annum

405 1192 569 1234 Plenus
591 1190 755 1234 Albani
776 1191 935 1233 cadus:
969 1198 1037 1233 est
1057 1191 1101 1231 in
1122 1190 1265 1240 horto,

407 1260 568 1316 Phylli,
590 1260 817 1303 nectendis
840 1260 986 1315 apium
1007 1259 1203 1302 coronis:

814 1329 900 1369 Est
920 1328 1100 1369 hederae
1121 1328 1184 1368 vis

345 1398 373 1439 5
405 1396 569 1447 Multa,
592 1411 679 1452 qua
700 1396 842 1438 crines
864 1395 1048 1451 religata
1069 1394 1229 1449 fulges.

402 1465 542 1507 Ridet
566 1472 751 1520 argento
773 1465 929 1506 domus
950 1479 959 1505 ε
994 1478 1072 1504 ara
1093 1463 1223 1504 castis

407 1533 573 1577 Vincta
591 1533 810 1584 verbenis,
833 1539 932 1575 avet
953 1531 1173 1574 immolato

819 1601 1030 1656 Spargier
1051 1615 1180 1655 agno.

411 1669 583 1712 Cuncta
603 1669 782 1712 festinat
803 1684 956 1711 manus
975 1685 984 1710 :
1017 1668 1104 1710 huc
1126 1675 1170 1710 et
1191 1667 1293 1709 illuc

117 1791 182 1819 ens,
199 1781 262 1820 vel,
279 1786 318 1813 ut
335 1780 488 1814 Horatius
505 1791 577 1823 sup.
596 1780 643 1817 iii,
663 1781 718 1818 20,
742 1781 794 1817 14,
815 1781 872 1811 hu-

119 1827 210 1856 meris
235 1826 357 1866 capillis
386 1835 520 1865 sparsus,
552 1824 593 1855 ad
625 1823 753 1856 formosi
785 1824 873 1866 pueri

119 1877 252 1900 veneres
275 1867 430 1912 pertinet:
461 1867 504 1899 cs.
527 1867 587 1899 inf.
613 1866 716 1910 Epod.
743 1868 794 1904 ll,
821 1867 875 1898 28.

124 1910 220 1943 Nunc
233 1917 276 1947 et,
291 1913 344 1952 qui
358 1911 451 1947 color,
467 1915 542 1942 cett.
556 1910 670 1953 junge,
689 1916 721 1942 et
736 1915 877 1942 mutatus

123 1953 222 1991 color,
238 1953 295 2003 qui
314 1965 400 1986 nunc
415 1959 465 1986 est
483 1953 566 1996 prior
586 1954 662 1985 flore
681 1964 761 1985 rosae
781 1953 876 1996 puni-

123 2007 202 2034 ceae,
222 1997 412 2040 Ligurinum
435 1997 563 2029 verterit
584 1996 618 2028 iu
641 1996 754 2028 faciem
778 1995 877 2039 hispi-

123 2040 209 2078 dam,
229 2039 262 2072 h.
284 2050 314 2072 e.
359 2050 504 2083 urpureae
525 2045 589 2072 tuae
613 2050 702 2082 genae
726 2039 800 2082 pilis
820 2041 875 2072 ob-

123 2081 230 2116 ductae
244 2089 279 2116 et
294 2082 335 2116 de
348 2093 450 2116 onnes
467 2084 560 2115 factae
579 2083 715 2115 suerint:
742 2083 875 2125 Liguri-

124 2137 212 2165 num,
233 2137 302 2170 pro,
326 2131 369 2163 te,
388 2126 527 2158 suaviter
550 2137 678 2163 nornen,
701 2127 787 2168 quod
810 2132 878 2157 tum

123 2167 158 2201 in
174 2179 226 2202 ore
240 2169 383 2202 omnium
399 2174 479 2206 erat,
494 2169 596 2212 ponit.
644 2170 753 2200 Color:
779 2169 878 2200 notis-

126 2211 243 2245 simum
264 2218 313 2245 est
328 2211 409 2244 illud
435 2212 563 2255 Virgilii
584 2212 675 2254 (Ecl.
697 2212 732 2248 ii,
760 2212 830 2253 17),
852 2213 879 2243 Ο

115 2255 254 2299 formose
264 2267 355 2298 puer,
365 2257 495 2288 nimium
509 2267 546 2287 ne
561 2257 648 2287 crede
663 2257 774 2287 colori.-
800 2257 879 2287 Αιόα

127 2300 262 2374 ligustra
282 2300 412 2337 cadunt,
433 2301 573 2331 vaccinia
598 2301 692 2341 nigra
716 2301 878 2342 leguntur.

155 2342 325 2379 ealtmm,
335 2347 366 2374 te
381 2348 550 2378 mutatum,
566 2347 596 2374 et
613 2344 653 2374 ab
663 2353 714 2379 eo,
727 2342 783 2385 qui
795 2353 880 2374 nunc

125 2395 174 2424 ea,
186 2382 361 2424 diversum,
378 2385 427 2417 vel
446 2396 462 2417 s
503 2385 586 2418 ciem
605 2391 692 2417 tuam
712 2396 728 2418 a
749 2386 883 2429 pristina

127 2428 225 2473 plane
237 2427 406 2461 diversam.
481 2441 526 2460 ωε
537 2440 618 2460 mens
633 2437 675 2461 est
691 2431 790 2466 hodie,
807 2435 883 2461 cett.

124 2470 219 2505 ,Ante
255 2472 365 2504 oculos
402 2471 556 2504 Horatius
591 2472 715 2510 habuit,
749 2479 785 2504 ut
815 2472 884 2515 jam

129 2513 302 2548 Scholiast.
318 2515 443 2557 Cruqu.
455 2515 643 2554 observavit,
657 2517 785 2548 Terent.
804 2517 887 2548 Hec.

130 2557 155 2596 i,
169 2559 201 2597 l,
214 2559 267 2594 17.
279 2558 366 2590 Eheu
379 2570 424 2590 me
436 2560 598 2590 miseram!
618 2571 675 2590 cur
688 2571 744 2591 non
758 2567 814 2591 aut
829 2561 884 2590 ist-

133 2601 206 2639 hm,
223 2602 300 2634 mihi
316 2603 406 2634 AEtas
424 2609 453 2634 et
458 2603 568 2644 forma
588 2609 643 2640 est,
664 2610 720 2633 aur
745 2604 801 2634 tibi
827 2603 887 2634 haec

120 2643 308 2679 ’κπὲιηιίιιῒ
338 2645 398 2676 His
428 2647 550 2680 animis,
577 2656 662 2677 nuuc
687 2645 764 2676 milii
794 2646 888 2687 longe

133 2686 226 2721 aliter
249 2698 287 2720 ae
310 2688 388 2720 olim
411 2688 572 2726 sentienti,
593 2689 623 2720 h.
646 2699 676 2720 e.
703 2699 788 2720 nunc
811 2688 889 2720 mihi

132 2729 332 2780 'sapientiem
379 2731 560 2769 Incolumes,
598 2731 740 2773 integrae,
778 2732 892 2774 quales

135 2773 212 2806 ohm
226 2780 328 2814 erant,
343 2784 442 2807 roseae
459 2785 574 2818 nempe
587 2781 620 2807 et
634 2775 739 2807 adhuc
756 2775 863 2807 laeves.

131 2898 134 2900 q
370 2861 429 2892 CA
437 2861 575 2893 RMEN
602 2861 665 2893 XI.

182 2902 366 2947 Phyllidem
383 2903 424 2936 ad
441 2904 525 2936 diem
538 2905 654 2937 festum
671 2904 704 2935 in
719 2903 813 2936 domo
828 2914 897 2942 sua,

135 2949 210 2987 tam
227 2946 329 2979 sacris
350 2947 466 2990 epulis,
486 2958 583 2990 quam
608 2948 702 2980 hilari
727 2947 901 2990 potatione,

145 2998 254 3023 mum
269 2990 483 3034 peragendum
498 2991 624 3025 invitat.
671 2993 752 3029 Quae
773 2990 901 3033 quidem

917 1785 953 1811 ut
966 1790 1004 1812 eo
1019 1779 1120 1821 magis
1132 1780 1240 1812 locum
1255 1779 1417 1821 relinquat
1429 1780 1500 1822 ejus
1515 1780 1673 1823 precibus,

918 1823 1055 1866 primum
1068 1824 1138 1866 jam
1156 1830 1265 1866 parata
1280 1830 1312 1855 et
1330 1823 1483 1854 adornata
1497 1834 1566 1855 esse
1587 1823 1674 1866 apud

919 1877 954 1898 se
983 1867 1102 1903 omnia,
1130 1878 1202 1909 quae
1229 1867 1317 1910 justa
1343 1866 1406 1899 diei
1435 1866 1504 1899 festi
1534 1868 1676 1909 requirat

921 1909 1104 1947 celebratio,
1121 1917 1267 1948 enarrat3
1291 1910 1418 1946 deinde,
1434 1921 1474 1941 ne
1490 1910 1618 1952 Phyllis
1634 1909 1676 1941 sit

921 1953 1029 1984 nescia
1047 1954 1178 1995 quantis
1195 1953 1316 1984 laetitiis
1331 1953 1515 1990 advocetur,
1535 1963 1570 1985 se
1588 1954 1674 1984 Mae-

921 1996 1042 2027 cenatis
1064 1996 1150 2029 diem
1177 1997 1326 2033 natalem,
1351 1995 1477 2039 proprio
1502 2006 1593 2038 paene
1616 1996 1675 2027 sibi

922 2039 1124 2075 sanctiorem,
1152 2039 1311 2071 celebrare
1335 2039 1418 2071 velle
1446 2039 1552 2082 palam
1577 2039 1675 2076 facit3

921 2087 1000 2119 tum,
1030 2093 1070 2115 ne
1099 2082 1234 2126 Telephi
1258 2083 1336 2114 forte
1361 2093 1467 2114 amore
1492 2094 1526 2114 se
1550 2082 1676 2114 retineri

922 2125 1060 2168 patiatur
1075 2126 1115 2157 ab
1128 2126 1187 2158 hoc
1203 2126 1277 2157 laeto
1288 2126 1445 2162 convivio,
1460 2125 1565 2164 illum,
1580 2137 1677 2169 quem

923 2169 1031 2206 stulte,
1049 2176 1084 2200 ut
1102 2175 1185 2201 sorte
1202 2169 1262 2200 sibi
1281 2169 1450 2213 disparem,
1470 2174 1566 2212 petat,
1583 2170 1677 2201 ditio-

923 2211 966 2242 ris
981 2212 1098 2254 puellae
1116 2213 1278 2244 amoribus
1296 2224 1382 2244 nunc
1403 2213 1546 2244 vinctum
1566 2213 1677 2250 teneri,

922 2255 1034 2293 docet;
1057 2255 1208 2298 denique,
1231 2267 1296 2298 quo
1319 2255 1400 2287 nihil
1423 2256 1463 2287 ad
1486 2256 1678 2299 capiendum

924 2298 1087 2341 Phyllidis
1106 2299 1248 2331 animum
1267 2300 1395 2341 gravius
1411 2300 1527 2332 addere
1543 2306 1678 2342 poterat,

925 2352 959 2374 se
983 2341 1015 2372 in
1039 2343 1107 2374 solo
1133 2343 1204 2384 ejus
1231 2352 1336 2375 amore
1362 2353 1448 2375 nunc
1475 2343 1681 2385 acquiescere

928 2386 1075 2417 affirmat.
1119 2385 1315 2429 Phyllidem,
1333 2397 1430 2428 quam
1450 2387 1510 2418 sub
1530 2387 1592 2419 fine
1612 2398 1681 2420 car-

927 2428 1024 2459 minis
1038 2429 1174 2461 canendi
1190 2429 1322 2472 peritam
1339 2430 1416 2461 facit
1431 2430 1607 2473 psaltriam,
1627 2431 1681 2463 ad-

928 2482 1030 2514 eoque
1046 2483 1109 2504 non
1125 2473 1316 2505 honestioris
1333 2473 1526 2505 conditionis
1542 2474 1683 2517 puellam

929 2515 1041 2552 fuisse,
1061 2527 1157 2557 quam
1176 2516 1282 2558 qualis
1303 2517 1392 2559 Lyde
1409 2517 1599 2549 describitur
1613 2529 1684 2567 sup.

930 2558 964 2596 ii,
984 2560 1036 2595 ll,
1051 2560 1090 2590 21
1113 2570 1197 2602 sqq„
1221 2561 1265 2593 cf.
1285 2559 1330 2598 iii,
1350 2562 1400 2598 14,
1421 2562 1477 2599 21,
1497 2561 1543 2598 iii,
1561 2563 1616 2597 28,
1632 2573 1685 2593 vrx

931 2602 1073 2633 dubitari
1103 2609 1217 2646 potest.
1263 2603 1326 2634 Sed
1358 2603 1414 2646 qui
1445 2605 1567 2641 statuit,
1600 2606 1687 2647 quod

932 2651 1017 2678 recte
1041 2646 1139 2677 statui
1164 2657 1258 2688 posse
1282 2646 1441 2684 existimo,
1474 2658 1538 2679 non
1563 2648 1688 2691 proprie

940 2688 1092 2731 l'hyllidi,
1113 2690 1168 2721 sed
1188 2690 1375 2726 Maecenati,
1398 2697 1434 2722 ut
1449 2690 1478 2722 ei
1495 2691 1581 2723 diem
1599 2698 1690 2723 nata·

938 2732 1000 2763 lem
1018 2733 1240 2774 gratularetur,
1256 2733 1316 2765 hoc
1333 2744 1460 2765 carmen
1479 2735 1603 2767 dicasse
1624 2737 1691 2767 Ho-

938 2775 1067 2812 ratium,
1088 2782 1120 2807 et
1139 2776 1284 2819 proinde,
1307 2788 1379 2819 quae
1400 2777 1438 2808 ad
1458 2788 1614 2809 summam
1635 2779 1691 2810 lae-

939 2818 1042 2850 titiam
1074 2820 1310 2862 exprimendam
1341 2826 1500 2863 spectant,
1530 2822 1695 2863 ingeniose

941 2862 1091 2900 finxisse3
1114 2863 1255 2906 profecto
1274 2874 1324 2901 ea,
1339 2875 1412 2905 quae
1432 2864 1600 2897 tribuenda
1620 2872 1695 2897 sunt

942 2910 1043 2948 poetae
1060 2905 1200 2948 ingenio,
1218 2907 1304 2938 haud
1325 2908 1443 2939 tribuet
1456 2908 1527 2950 ejus
1543 2908 1696 2939 moribus.

990 2950 1107 2981 1—12.
1133 2952 1258 2987 Albani,
1283 2951 1316 2982 in
1341 2950 1423 2982 vinis
1446 2951 1697 2992 generosioribus

944 2992 1054 3025 haberi
1085 2994 1210 3026 solebat
1242 2996 1344 3025 vinum
1375 2996 1539 3030 Albanum,
1567 2994 1598 3024 in
1626 3005 1700 3036 agro
