1884 3288
600 215 829 260 LIBER
866 215 926 267 ΙΙ,
962 216 1026 259 16.

1525 217 1608 259 109

356 318 478 367 Quid
497 317 620 359 brevi
642 316 776 359 fortes
793 315 1039 371 jaculamur
1060 332 1154 359 aevo

355 383 531 426 Multa?
563 384 670 438 quid
691 390 830 425 terras
850 383 935 425 alio
956 383 1146 426 calentes

359 451 461 494 Sole
482 458 698 493 mutamus
719 451 891 506 patria?
922 452 1020 506 quis
1043 451 1171 492 exsul

270 519 328 561 20

761 519 820 560 Se
841 533 1016 574 quoque
1038 518 1183 574 fugit?

357 585 540 627 Scandit
560 591 716 627 aeratas
738 586 895 627 vitiosa
914 600 1046 627 naves

359 652 502 694 Cura:
534 668 615 695 nec
637 659 802 694 turmas
823 654 1019 708 equitum
1039 653 1243 708 relinquit
1262 669 1271 694 ε

360 719 497 762 Ocior
518 721 672 770 cervis,
693 726 738 762 et
757 726 915 775 agente
936 720 1106 762 nimbos

766 787 906 829 Ocior
927 787 1066 829 Euro.

272 855 330 896 25
361 853 513 896 Laetus
534 855 580 895 in
599 868 794 909 praesens
815 854 998 905 animus,
1020 855 1140 910 quod
1163 846 1275 896 ultra
1297 861 1381 905 est,

364 921 526 963 Oderit
545 936 713 972 curare,
736 929 781 964 et
801 937 946 963 amara
964 921 1084 964 lento

361 989 603 1045 Temperet
624 990 728 1032 risu.

788 989 915 1031 Nihil
935 998 1002 1032 est
1022 991 1078 1032 ab
1099 991 1214 1032 omni

771 1057 905 1099 Parte
927 1057 1118 1099 beatum.

361 1123 562 1166 Abstulit
583 1124 744 1166 clarum
767 1125 854 1166 cita
875 1140 991 1166 mors
1015 1124 1248 1175 Achillem,

273 1192 333 1234 30
363 1192 520 1248 Longa
540 1192 782 1234 Tithonum
802 1193 958 1234 minuit
979 1201 1181 1234 senectus
1199 1210 1208 1234 ε

121 1305 262 1336 17—20.
298 1304 384 1340 Quid
414 1306 497 1336 brevi
517 1305 621 1347 fortes
640 1306 828 1346 jaculamur

75 1357 136 1379 oevo
153 1347 282 1378 Multa?
303 1347 441 1396 graviter
457 1357 513 1389 pro
529 1348 666 1389 vulgari,
683 1358 741 1378 cur
762 1353 827 1378 tam

75 1389 186 1421 multis
199 1390 293 1422 rebus
306 1400 340 1420 in
362 1389 512 1421 brevioris
528 1390 599 1421 vitae
621 1400 717 1421 usum
733 1389 827 1421 nobis

75 1431 226 1476 parandis
241 1437 331 1464 tanta
343 1432 484 1464 omnium
499 1432 612 1463 virium
625 1433 829 1463 contentione

77 1474 174 1507 unice
187 1474 302 1506 intenti
314 1476 444 1506 sumus'!
466 1475 612 1506 Jaculari
627 1477 746 1516 aliquid
759 1486 827 1517 pro,

79 1527 173 1549 omne
188 1517 331 1558 studium
346 1518 379 1549 in
391 1517 514 1560 aliquid
528 1517 672 1559 dirigere,
687 1524 720 1549 ut
735 1518 828 1550 Grae-

79 1570 190 1592 corum
197 1560 346 1596 τοξεύειν
354 1572 399 1596 τι.
408 1559 529 1591 dictum
540 1566 604 1592 est:
622 1560 828 1592 vid.Mitsch.

82 1603 168 1638 Quid
186 1609 284 1634 terras
299 1604 362 1634 alio
376 1604 506 1634 calentes
521 1603 587 1634 Sole
607 1610 760 1634 mutamus
774 1615 831 1643 pa-

80 1647 167 1677 tria?
189 1655 248 1677 cur
262 1650 359 1677 terras
382 1646 443 1676 sub
459 1645 523 1676 alia
541 1646 618 1678 coeli
640 1646 734 1687 plaga
755 1645 833 1677 sitas

81 1693 246 1720 mutamus
264 1698 339 1719 cum
358 1688 486 1731 patria?
510 1688 541 1720 h.
564 1699 592 1720 e.
614 1699 672 1720 cur
691 1694 834 1730 quaestus

83 1740 183 1763 causa
201 1732 235 1762 in
251 1735 350 1762 terras
369 1729 595 1762 remotissimas
611 1742 628 1762 e
648 1730 750 1773 patria
768 1730 833 1761 dis-

83 1773 226 1805 cedimus
237 1774 250 1804 ⁶!
276 1773 353 1808 Quis
364 1774 448 1805 exsul
459 1774 496 1804 Se
508 1774 744 1815 quoquesugit?
766 1774 837 1815 quis

126 1816 217 1848 triam
238 1816 366 1857 fugiens
383 1815 481 1847 animi
503 1816 598 1847 simul
618 1826 711 1848 curas
728 1815 835 1857 fugit!

111 1882 119 1890 .
130 1869 162 1891 e.
179 1869 274 1901 quem
285 1859 500 1890 discedentem
517 1869 535 1890 e
551 1859 654 1901 patria
671 1869 734 1889 non
749 1869 835 1890 curae

85 1901 186 1933 animi
199 1900 417 1933 comitantur}
439 1902 616 1944 Sefugere,
633 1907 668 1932 ut
687 1901 743 1932 inf.
764 1902 834 1933 Sat.

84 1943 121 1982 ii,
142 1945 175 1983 7,
198 1945 260 1975 113
278 1955 308 1975 se
327 1946 438 1976 vitare.
485 1944 571 1975 Dedi
592 1955 704 1985 nempe
722 1944 833 1975 lectio-

86 1996 161 2018 nem
177 1997 197 2018 a
210 1986 277 2018 viro
295 1986 388 2018 docto
405 1986 545 2028 quodam
567 1987 653 2029 apud
672 1986 780 2018 Bentl.
803 1992 836 2018 et

86 2039 107 2061 a
124 2029 333 2061 Wakefieldio
344 2029 534 2072 propositam
547 2041 555 2068 ;
572 2029 690 2060 namin
704 2029 835 2070 vulgata

86 2072 222 2104 lectione
235 2082 244 2101 τ
269 2073 345 2113 quid
359 2078 457 2104 tem-as
468 2073 530 2115 olio
546 2074 677 2104 calentes
688 2072 755 2103 Sole
770 2084 837 2103 mu-

87 2116 210 2146 tamus?
240 2114 355 2146 Patriae
384 2116 452 2156 quis
478 2117 574 2152 exsul,
598 2121 675 2146 cett.
702 2114 839 2156 primum

86 2164 209 2190 mutare
224 2163 323 2188 terras
338 2157 397 2188 sim
422 2156 526 2189 liciter
542 2168 609 2200 pro,
626 2168 666 2189 ex
683 2157 785 2199 patria
805 2157 838 2188 in

87 2199 169 2231 alias
183 2205 282 2232 terras
302 2199 370 2231 disc
411 2210 475 2238 ere,
492 2200 553 2236 vel,
571 2205 606 2231 ut
629 2201 683 2232 Cl.
703 2200 839 2232 Mitscb.

86 2241 323 2285 interpretatur,
343 2242 440 2273 aliam
459 2253 498 2274 ex
519 2243 584 2274 alia
601 2248 716 2274 terram
739 2244 838 2280 adire,

85 2285 142 2317 vix
157 2290 243 2318 recte
258 2285 324 2318 dici
361 2295 432 2317 osse
447 2291 523 2328 puto
539 2298 547 2325 3
570 2285 686 2317 deinde
707 2296 765 2316 vox
780 2297 836 2327 pa-

87 2329 168 2367 tric,
197 2337 294 2370 quam
350 2327 526 2360 esiderabat
555 2329 687 2365 locutio,
718 2335 839 2360 mutare

89 2376 200 2409 terras,
215 2381 299 2402 nova
309 2371 404 2413 plane
415 2371 614 2403 abundantia
629 2374 678 2414 τῷ
687 2373 769 2402 exsul
782 2372 838 2402 ad-

89 2412 177 2446 ditur
189 2425 199 2453 ;
228 2413 338 2455 itaque
360 2423 426 2445 non
447 2414 590 2446 dubitavi
614 2414 783 2446 lectionem
806 2415 840 2445 in

89 2461 213 2488 textum
234 2457 387 2499 recipere,
405 2466 470 2499 qua
487 2457 652 2499 utriusque
673 2457 843 2488 locutionis

90 2498 264 2531 insolentia
276 2499 412 2531 tollitur.
459 2499 586 2532 Mutare
602 2506 708 2531 autem
723 2501 843 2540 aliquid

90 2542 197 2584 aliqua
209 2552 244 2572 re
256 2552 328 2590 pro,
340 2552 413 2573 cum
425 2541 534 2584 aliqua
549 2553 594 2577 re.
611 2552 695 2584 saepe
706 2542 826 2574 dicitur
834 2555 843 2583 ;

91 2583 139 2616 sic
151 2584 468 2628 Horauusplane,ut
478 2585 510 2616 h.
521 2585 543 2616 l.
554 2596 625 2628 sup,
638 2586 660 2623 i,
675 2586 726 2623 17,
743 2587 771 2620 Ι,
787 2586 841 2616 Ve-

92 2627 141 2659 lm:
154 2638 305 2659 amoenum
319 2638 393 2669 serpe
410 2628 597 2660 Lucretilem
614 2628 719 2659 Mutat
738 2628 844 2670 Lycaeo

97 2669 252 2701 Faunus.-
275 2669 317 2701 cf.
333 2670 355 2708 i,
375 2671 426 2706 16,
441 2671 496 2702 26.

137 2713 280 2745 21-24.
302 2713 431 2744 Scarzdit
446 2720 568 2750 aeratas,
579 2717 654 2744 cett.
669 2723 774 2750 nemo,
790 2713 845 2745 cui

94 2754 193 2793 semel
213 2755 353 2787 adhaeret
369 2756 467 2792 Cura,
485 2766 554 2787 eam
569 2756 706 2797 effugere
723 2761 845 2798 potest3

94 2802 145 2831 est
164 2797 250 2829 enim
273 2797 484 2835 velocissima,
508 2804 540 2830 et
562 2798 681 2840 ubique
705 2799 847 2830 homines

96 2839 288 2880 comitatum
319 2840 347 2872 si
376 2841 449 2883 quis
477 2841 628 2882 aufugere
655 2841 724 2873 vult
759 2841 846 2878 navi,

97 2892 210 2915 navem
224 2883 320 2915 simul
341 2883 540 2920 conscendit,
557 2885 584 2914 si
599 2884 671 2926 quis
686 2894 780 2925 equo,
796 2895 846 2916 se-

97 2925 152 2958 det
166 2925 224 2958 illa
236 2931 308 2968 post
317 2926 468 2969 equitem.
506 2926 653 2958 AEratas:
678 2932 778 2958 rostra
793 2938 849 2959 na-

96 2967 185 3000 vium
205 2979 264 3000 ere
287 2968 430 3012 inprimis
450 2970 575 3000 munita
593 2969 692 3001 fuisse
711 2975 849 3002 constat.

103 3009 238 3044 Vitiosa.-
261 3022 335 3044 cum
349 3022 435 3045 curae
450 3011 492 3045 ad.
506 3011 584 3044 vitia
598 3012 739 3045 humana
754 3013 848 3057 perti-

872 1310 980 1342 neant,
998 1305 1084 1336 Cura
1100 1316 1239 1347 quoque,
1262 1310 1298 1336 ut
1313 1314 1460 1353 persona,
1482 1314 1537 1346 per
1556 1305 1624 1347 epi-

872 1347 982 1378 theton
999 1350 1118 1385 vitiosa,
1135 1349 1220 1383 talis,
1237 1348 1342 1389 qualis
1356 1353 1403 1378 est
1419 1348 1506 1389 apud
1522 1347 1625 1378 homi-

873 1399 940 1427 nes,
963 1390 1168 1431 designatur;
1192 1390 1336 1421 similiter
1358 1400 1431 1431 sup.
1452 1390 1474 1426 i,
1495 1391 1548 1427 35,
1570 1391 1625 1427 21,

874 1431 979 1468 Fides,
1002 1438 1036 1463 ut
1058 1443 1203 1474 persona,
1227 1444 1302 1463 rara
1324 1431 1451 1464 dicitur.
1498 1432 1628 1463 Tui-mus

870 1477 1006 1514 equitum
1027 1475 1191 1517 explicant
1217 1475 1268 1506 vel
1295 1475 1334 1507 de
1360 1474 1486 1510 militia,
1514 1475 1562 1506 vel
1587 1475 1627 1506 de

870 1516 981 1549 itinere
996 1518 1146 1555 terrestri,
1165 1518 1269 1549 navali
1289 1517 1454 1561 opposito:
1479 1517 1629 1559 equidem

871 1570 928 1602 per
951 1571 1054 1592 navem
1074 1566 1107 1592 et
1125 1565 1238 1602 equites
1257 1560 1445 1604 simpliciter
1465 1560 1628 1591 celerrime

878 1603 1020 1643 fugiendi
1043 1604 1172 1635 modum
1188 1603 1347 1645 designari
1364 1602 1530 1643 existim03
1556 1603 1630 1634 hinc

877 1644 936 1676 inf.
948 1645 993 1681 iii,
1007 1647 1037 1682 l,
1050 1647 1106 1681 40,
1122 1653 1193 1676 atra
1213 1647 1297 1677 Cura
1308 1653 1373 1687 post
1389 1647 1518 1686 equitem
1532 1647 1632 1677 sedere

878 1687 1008 1719 dicitur.
1052 1690 1171 1730 Agente
1193 1690 1306 1719 nimbos
1331 1689 1422 1719 Ocior
1446 1688 1554 1718 Euro:
1577 1688 1634 1719 Cl.

878 1730 1013 1762 Mitsch.
1036 1735 1200 1772 comparat
1221 1731 1352 1762 Homer.
1368 1730 1464 1761 Iliad.
1482 1730 1538 1766 xii,
1558 1731 1631 1766 156.

880 1771 1120 1814 νιφάδες-ἷἈς
1137 1773 1164 1804 τ’
1177 1774 1302 1814 ἄνεμος
1312 1773 1409 1811 ζαὴς,
1425 1771 1526 1814 νέφεα
1542 1772 1631 1804 σκιό-

880 1826 962 1847 εντα
987 1815 1150 1853 δονήσας,
1174 1817 1343 1858 Ταρφειὰς
1365 1814 1546 1857 κατέχευεν
1574 1815 1631 1847 ἐπὶ

880 1859 984 1899 χθονὶ
1001 1858 1264 1900 πουλυβοτείρῃ.
1511 1868 1518 1871 ³

923 1902 1066 1932 25—28.
1090 1902 1178 1936 Quod
1189 1904 1273 1932 ultra
1283 1907 1336 1936 est,
1349 1901 1490 1931 futuram
1501 1907 1630 1938 sortem,

879 1944 922 1974 τὰ
953 1942 1081 1986 πόῤῥω.
1130 1945 1244 1974 Amara
1275 1944 1356 1975 lento
1383 1949 1524 1982 temperet
1552 1945 1632 1974 risu.

879 1987 996 2025 Amara
1018 1987 1099 2017 lento
1120 1988 1185 2017 risu
1204 1993 1384 2025 temperare,
1400 1985 1551 2028 praeclare
1575 1996 1631 2027 pro

877 2029 1013 2069 vulgari,
1038 2029 1140 2060 tristia
1162 2029 1324 2060 moderate
1348 2027 1397 2059 vel
1418 2029 1505 2060 lento
1526 2039 1635 2070 aequo-

882 2081 945 2112 que
961 2071 1067 2103 animo
1078 2071 1177 2111 ferre;
1201 2071 1249 2102 vir
1263 2077 1413 2103 constans
1424 2071 1509 2102 enim
1523 2070 1637 2102 mediis

883 2113 916 2144 in
940 2114 1034 2145 malis
1057 2114 1150 2151 ridet,
1174 2119 1206 2146 et
1228 2113 1303 2145 dum
1329 2114 1389 2145 hoc
1417 2114 1482 2144 risu
1506 2114 1634 2156 placido

883 2157 1027 2188 animum
1050 2159 1179 2192 lentum,
1201 2157 1234 2187 h.
1250 2167 1279 2188 e.
1296 2157 1352 2199 qui
1368 2157 1463 2187 malis
1486 2156 1572 2188 haud
1587 2157 1634 2187 af-

883 2199 1000 2236 ficitur,
1026 2200 1140 2242 prodit,
1164 2199 1314 2236 suaviter,
1337 2211 1443 2230 amara
1466 2202 1532 2230 risu
1557 2200 1638 2231 lento

884 2248 1063 2282 temperare,
1096 2243 1129 2273 h.
1159 2253 1190 2274 e.
1221 2242 1378 2284 mitigare,
1409 2241 1540 2274 dicitur.
1585 2242 1637 2274 Cl.

881 2285 1018 2317 Mitsch.
1049 2285 1216 2317 Horatium
1242 2285 1408 2317 contendit
1436 2296 1509 2316 cum
1538 2285 1638 2326 ignoti

883 2328 1050 2369 cujusdam
1065 2334 1158 2372 poeta
1170 2330 1232 2370 Ep.
1242 2339 1370 2365 nxxxr,
1384 2328 1519 2359 Anthol.
1533 2328 1638 2360 Graec.

883 2371 923 2402 T.
930 2372 972 2407 iv,
979 2373 1095 2413 p.230,
1103 2371 1139 2403 'O
1148 2373 1210 2404 τὸν
1219 2370 1500 2403 πολυστένακτον
1508 2370 1639 2413 ἀνθρώ-

885 2426 964 2446 πων
985 2414 1065 2454 βίον
1091 2413 1214 2446 Γέλωτι
1237 2414 1384 2457 κεράσας
1406 2415 1552 2451 Νικαεὺς
1581 2417 1638 2446 Φι-

887 2457 1039 2488 λιστίων.
1080 2458 1172 2488 Nihil
1187 2464 1228 2488 est
1243 2460 1280 2488 ab
1292 2459 1373 2488 omni
1390 2457 1485 2487 Parte
1500 2458 1637 2488 beatam:

888 2498 1022 2530 laudant
1035 2500 1158 2541 Theog.
1174 2511 1204 2531 v.
1218 2501 1314 2536 1159,
1328 2499 1445 2537 Οὐδεὶς
1457 2501 1523 2543 γὰρ
1537 2499 1639 2532 πάντ’

889 2542 960 2574 ἐστὶ
977 2542 1179 2581 πανόλβιος·
1204 2548 1235 2574 et
1252 2543 1365 2597 Eurip.
1381 2543 1434 2574 Fr.
1447 2543 1601 2574 Sthenob.
1618 2542 1640 2578 i,

887 2585 947 2617 οὐκ
971 2586 1064 2618 ἔστιν
1085 2585 1179 2624 ὅστις
1199 2585 1303 2618 πάντ’
1328 2586 1417 2628 ανὴρ
1438 2585 1641 2628 εὐδαιμονεῖ,

888 2633 964 2660 cett.

930 2671 1072 2702 29-32,
1091 2671 1174 2708 Cita,
1186 2671 1348 2707 maturior,
1359 2682 1431 2712 quae
1444 2670 1504 2702 fuit
1518 2671 1642 2702 Achilli

889 2723 908 2745 a
919 2713 984 2745 fato
997 2714 1171 2745 constituta
1185 2725 1193 2751 ;
1211 2714 1298 2746 unde
1310 2714 1363 2745 ille
1372 2714 1458 2755 apud
1471 2715 1643 2745 Homerum

887 2756 1115 2798 μινὺνθάὂιος,
1125 2756 1299 2800 ὠκύμορος
1310 2757 1440 2788 dicitur:
1459 2756 1502 2788 cf.
1515 2757 1644 2787 Homer.

891 2799 987 2831 Iliad.
1006 2799 1051 2838 ix,
1074 2801 1138 2830 410
1155 2810 1226 2842 sqq.
1274 2801 1458 2831 Tithonum.-
1481 2799 1522 2831 cf.
1543 2799 1583 2830 de
1604 2810 1642 2831 eo

891 2853 962 2884 sup.
979 2841 1020 2873 ad
1037 2843 1059 2878 i,
1075 2843 1131 2879 28,
1149 2844 1180 2874 8.
1227 2843 1269 2874 Et
1285 2844 1360 2874 mihi
1372 2843 1500 2885 forsan,
1516 2848 1594 2874 cett.
1611 2848 1643 2873 et

892 2885 970 2916 mihi
994 2885 1123 2917 fortasse
1146 2885 1311 2926 continget
1341 2885 1502 2918 felicitatis
1529 2895 1644 2926 genus,

894 2938 957 2969 quo
971 2927 1034 2959 frui
1049 2927 1107 2959 tibi
1125 2939 1189 2960 non
1201 2928 1329 2960 licebit:
1355 2928 1532 2971 respexisse
1546 2927 1644 2968 inpri-

893 2970 954 3001 mis
971 2970 1106 3006 videtur,
1122 2977 1159 3002 ut
1172 2982 1211 3003 ex
1228 2982 1257 3001 v.
1275 2973 1315 3002 37
1329 2982 1401 3013 sqq.
1416 2970 1560 3011 colligaS,
1575 2970 1643 3000 ani-

894 3023 981 3046 mum
1005 3014 1115 3057 paucis
1138 3019 1336 3052 contentum,
1358 3023 1490 3056 poeseos
1511 3013 1644 3043 faculta-
