1884 3288
626 189 852 240 LIBER
883 190 970 241 ΙΙΙ,
1005 191 1072 234 10.

1541 195 1622 236 153

312 297 340 338 5
373 295 528 346 Audis,
550 309 639 350 quo
661 293 848 349 strepitu
862 293 1017 349 janua,
1036 308 1124 348 quo
1146 308 1296 335 nemus

374 364 498 406 Inter
517 361 702 418 pulchra
722 369 864 403 satum
884 368 1001 404 tecta
1021 363 1238 417 remugiat

375 431 563 474 Ventis?
594 437 639 472 et
658 429 824 486 positas
846 436 894 471 ut
915 429 1072 485 glaciet
1093 430 1213 472 nives

713 497 833 539 Puro
853 498 1028 540 numine
1049 497 1257 552 Jupiter?

370 566 595 622 Ingratam
615 565 782 608 Veneri
803 580 918 621 pone
939 566 1186 621 superbiam
1203 583 1213 616 ;

287 635 342 677 10
369 633 444 676 Ne
465 641 676 676 currente.
689 642 786 676 rota
807 633 922 676 funis
945 642 1016 676 eat
1037 642 1171 676 retro.
1230 628 1235 632 ⁴

711 769 972 825 Tyrrhenus
994 771 1147 826 genuit
1168 785 1343 825 parens,

19 694 52 818 a}
367 701 474 745 Non
495 708 538 744 te
560 701 815 757 Penelopen
836 701 1054 744 difficilem
1075 703 1221 758 procis

19 823 38 846 φ

371 839 430 889 O,
452 839 647 894 quamvis
668 853 812 894 neque
833 845 876 880 te
898 854 1090 890 munera,
1115 853 1193 881 nec
1214 854 1384 894 preces,

370 907 470 950 Nec
495 908 655 950 tinctus
677 907 788 949 viola
809 906 949 962 pallor
969 908 1218 956 amantium,

19 1003 43 1059 {3
290 977 343 1018 15
373 975 471 1019 Nec
493 976 558 1019 vir
580 976 727 1018 Pieria
747 975 902 1031 pellice
925 976 1097 1018 saucius

719 1045 883 1087 Curvat
902 1061 911 1086 z
946 1044 1218 1101 supplicibus
1241 1044 1327 1086 tuis

367 1113 545 1164 Parcas,
569 1127 650 1156 nec
668 1113 811 1169 rigida
830 1112 998 1155 mollior
1019 1113 1195 1164 aesculo,

19 1174 49 1227 ’ἒ
75 1231 77 1233 ,
371 1181 472 1224 Nec
493 1181 664 1224 Mauris
687 1182 876 1223 animum
895 1182 1040 1223 mitior
1060 1182 1291 1237 anguibus.

369 1249 475 1292 Non
496 1249 580 1292 hoc
603 1264 776 1305 semper
797 1250 880 1291 erit
899 1249 1056 1292 liminis
1078 1257 1153 1292 aut
1174 1265 1300 1305 aquae

280 1319 340 1361 20

19 1383 42 1405 g.

12 1433 37 1483 [523
121 1446 222 1479 5—8.
244 1444 359 1476 Nemus
374 1445 463 1477 Inter
475 1443 608 1485 pulchra
621 1449 720 1474 satum
738 1449 828 1481 tecta,

14 1479 35 1529 f?
52 1511 53 1514 =
71 1483 225 1531 ‘intellige
240 1487 424 1520 viridiarum
439 1487 473 1518 in
491 1487 566 1518 tecti
581 1485 734 1528 impluvio
749 1497 825 1517 con-

77 1530 189 1568 nitum.
198 1531 294 1575 quale
303 1530 455 1563 Horatius
464 1529 617 1562 describit
626 1529 682 1560 inf.
693 1529 795 1571 Epist.
806 1529 829 1568 i,

34 1596 46 1614 v:
80 1574 135 1614 10,
149 1575 206 1614 22,
222 1574 336 1615 Nempe
355 1575 439 1606 inter
458 1575 561 1605 varias
583 1573 729 1604 nutritur
749 1574 827 1604 silua

30 1623 31 1626 ’
71 1619 234 1653 ¹multumt-rs
246 1630 255 1648 :
284 1617 326 1650 cf.
355 1616 475 1648 Tibull.
503 1616 551 1653 iii,
577 1616 610 1652 3,
645 1617 696 1650 15.
725 1620 757 1646 et
785 1615 829 1646 ibi

79 1658 194 1704 noyn.
237 1661 414 1694 Lautorum
443 1658 588 1702 inprimis
614 1658 650 1688 in
675 1658 830 1701 impluvio

35 1711 43 1732 ἰ
66 1702 273 1741 ,βοηιίίαωω
289 1703 407 1747 passim
424 1703 460 1734 fit
475 1702 613 1734 mentio:
641 1701 732 1743 Virg.
749 1702 829 1732 AEn.

75 1739 117 1787 ti,
137 1747 216 1784 512,
233 1753 266 1779 et
287 1746 342 1783 vii,
364 1747 419 1778 59.
465 1746 617 1780 Pulchra,
640 1744 828 1786 sprewam

80 1790 167 1827 tande
186 1791 295 1832 Lycen
310 1790 477 1822 honestam
498 1794 674 1819 matronam
695 1793 727 1818 et
746 1787 777 1818 in
800 1797 832 1818 re

80 1833 172 1869 hutz
178 1832 383 1866 constitutam
395 1831 490 1864 luisse
501 1830 663 1874 probabile
673 1830 718 1861 fit.
754 1830 779 1860 V
778 1841 831 1861 en-

80 1879 134 1914 tis,
146 1877 323 1912 ventorum,
334 1875 419 1907 hunc
433 1874 598 1917 strepitum
611 1873 832 1911 excitantium,

82 1917 224 1963 impetun
246 1926 276 1951 et
295 1926 330 1951 ut
348 1919 476 1961 glaciet,
492 1923 525 1949 et
543 1916 632 1948 vides
652 1916 702 1948 vel
722 1916 831 1952 sentis,

82 1968 120 1994 ut
132 1961 263 2005 glaciet,
277 1967 352 1994 cett.
370 1971 445 1993 nam
461 1961 592 1992 verbum
607 1961 699 1990 audis
721 1969 783 1990 non
799 1959 832 1990 in

79 2004 210 2048 proptia
229 2003 459 2047 significatione
478 2003 695 2047 repetendum,
716 2003 772 2033 sed
794 2013 834 2034 ex

82 2053 160 2081 noto
195 2047 348 2090 loquendi
377 2057 502 2090 genere,
533 2051 708 2087 zeugmate,
744 2045 832 2077 aliud

19 2098 43 2131 „²
82 2092 214 2126 verbum
236 2089 281 2123 rei
306 2089 579 2123 accommodatum
605 2088 681 2120 inde
703 2087 831 2120 elicien-

19 2163 26 2173 ,
43 2170 46 2171 ⁷
77 2131 161 2169 idum
189 2138 223 2167 et
251 2133 459 2177 supplendum
489 2138 549 2165 est.
594 2132 766 2174 Apponam
795 2131 830 2162 in

18 2177 28 2190 ³
63 2171 168 2217 .ἧψε
188 2187 254 2210 rem
279 2177 386 2209 locum
409 2176 485 2208 huic
513 2174 709 2207 simillimum
735 2175 830 2206 Nost.

63 2225 102 2251 ,ι’
132 2236 156 2254 .
182 2219 219 2260 ii,
247 2220 278 2259 l,
299 2220 443 2256 21—24‚
469 2217 590 2251 Audire
616 2229 740 2260 magnos
759 2220 831 2258 jum

126 2265 130 2268 ’
197 2264 289 2296 duces
304 2262 376 2295 Non
391 2264 532 2294 indecoro
543 2262 670 2303 pulvere
685 2262 830 2298 sordidos,

124 2310 257 2345 -Μσ
275 2311 431 2338 terrarum
452 2305 591 2341 subacta,
609 2304 727 2335 Praeter
745 2315 829 2335 οινο-

102 2386 106 2389 ,
119 2351 125 2354 ”
150 2368 163 2380 ,ν
184 2368 219 2371 ’ν
237 2359 290 2381 um
300 2349 446 2381 Catonis.-
463 2347 518 2380 ubi
531 2347 646 2391 pariter
658 2346 698 2377 ad
712 2354 753 2383 et,
766 2357 832 2378 non

81 2402 87 2406 “
136 2432 146 2434 ..
162 2387 186 2397 ⁸*
196 2388 236 2425 in
250 2391 377 2436 propria
390 2390 631 2433 significatione,
645 2390 701 2421 sed
717 2389 831 2427 simile,

112 2458 150 2473 ,-
184 2437 350 2478 ,στείρα-ε,
363 2445 549 2478 cognoscere,
566 2432 706 2476 suppleri
727 2433 834 2465 debet.

78 2479 80 2481 ’
117 2473 159 2515 ,ἷη
319 2477 488 2511 Bentleius
504 2477 567 2509 sibi
582 2484 754 2524 temperare
770 2487 832 2508 non

102 2522 106 2554 ]
157 2535 163 2550 ι
179 2551 189 2559 „
208 2521 287 2566 quin
298 2521 384 2555 facta
397 2526 470 2564 post
479 2522 633 2562 remugiat
647 2527 834 2563 interpunc-

107 2567 142 2579 ’
180 2564 262 2603 m
302 2570 362 2602 ret,
375 2565 475 2597 Sentis
490 2570 518 2596 et
533 2566 646 2605 positas
660 2571 696 2596 nt
711 2566 835 2607 glaciet,

100 2607 102 2610 ’
133 2603 216 2652 ’791
236 2609 271 2645 ni
293 2608 317 2641 il
339 2608 380 2641 de
405 2607 540 2640 aliorum
561 2618 655 2650 super
678 2607 738 2638 hoc
765 2607 835 2638 loco

227 2650 354 2687 'flimm-
400 2652 532 2689 Positas,
554 2661 610 2693 pro
632 2649 768 2690 vulgari,
784 2649 836 2692 ja-

103 2715 105 2717 >
199 2696 223 2735 εἷς
234 2706 314 2738 puro
324 2696 450 2728 numine
461 2694 600 2735 Jupiter,
613 2692 755 2724 ornatius
767 2703 836 2735 pro,

165 2750 167 2754 ’
188 2738 242 2775 ,Iu
263 2733 334 2777 ‘ton
348 2738 382 2772 h.
399 2749 428 2770 e.
445 2747 543 2780 purus
559 2747 632 2776 aer3
654 2747 733 2779 puro
748 2735 835 2768 enim

124 2801 137 2818 υ
161 2749 364 2862 >¹&Zigalis
382 2787 432 2813 est
445 2780 549 2812 acrior
562 2786 595 2811 et
610 2779 836 2811 vehementior.

111 2840 120 2849 ²
238 2844 249 2857 ο
265 2823 284 2857 1

283 2830 427 2868 vigi-atam
443 2824 553 2855 Veneri
561 2834 637 2863 pone
647 2825 817 2863 superbiam
827 2836 836 2854 .-

104 2925 106 2927 >
216 2891 273 2944 οἰ
285 2877 322 2901 ⁸¹¹
342 2867 444 2944 1223,ae
454 2865 836 2942 ὲῗῗξῗᾍνὶὲέῦῗῖἒῗίἓ·

104 2958 116 2997 ,’
129 2922 396 2988 ¹2(.'i¹:oec..¹T
414 2936 458 2991 iv,
474 2964 506 2996 p.
527 2954 579 2984 lo.
612 2920 675 2984 ἕΝο
689 2932 836 3000 eurr-eme,

71 3015 83 3026 ι
139 2997 241 3044 *¹³³⁸L‘
265 3003 315 3030 out
329 3004 432 3030 retro.-
457 2997 618 3039 vulgarem
635 3001 835 3035 sententiam,

717 1317 920 1359 Coelestis
943 1318 1112 1374 patiens
1131 1315 1272 1359 latus.'

873 1454 912 1475 ne
927 1454 945 1475 e
960 1454 1085 1475 summo
1101 1443 1173 1475 loco
1188 1448 1270 1475 retro
1281 1442 1404 1475 veharis
1419 1443 1469 1475 vel
1480 1453 1625 1486 praeceps

871 1487 975 1527 agaris
990 1487 1030 1518 ad
1046 1487 1186 1518 infimum
1203 1488 1254 1529 (h.
1274 1497 1302 1517 e.
1320 1497 1359 1518 ne
1379 1486 1536 1529 superbiae
1559 1492 1624 1518 tuae

871 1541 986 1573 poenas
1005 1529 1092 1570 des),
1117 1529 1215 1565 funis,
1231 1529 1287 1572 qui
1310 1529 1407 1561 nimia
1426 1529 1498 1572 ejus
1519 1529 1624 1561 inten-

871 1573 956 1605 tione
979 1580 1091 1615 ruptus
1114 1573 1296 1609 revolvitur,
1320 1572 1522 1604 adumbravit
1543 1573 1624 1604 ima-

872 1617 958 1658 gine.
995 1616 1231 1657 Intelligendus
1244 1622 1348 1647 autem
1361 1616 1446 1647 funis
1454 1615 1624 1658 ejusmodi,

873 1670 938 1700 quo
960 1670 1016 1702 per
1041 1659 1221 1691 machinam
1251 1669 1319 1690 rota
1346 1659 1547 1695 instructam,
1571 1659 1624 1690 cui

873 1701 928 1734 ille
964 1702 1234 1737 circumvolvitur,
1270 1702 1371 1733 moles
1406 1702 1555 1744 quaedam
1591 1702 1626 1733 in

874 1745 975 1776 altum
1005 1745 1183 1776 attrahitur.
1227 1745 1310 1776 Cum
1340 1745 1497 1787 ejusmodi
1530 1744 1628 1786 igitur

875 1788 962 1826 sune,
985 1795 1078 1830 rupto
1106 1798 1218 1830 nempe
1243 1787 1342 1819 nimio
1370 1795 1446 1819 rotae
1472 1799 1567 1820 cursu
1595 1794 1629 1820 et

875 1837 956 1862 retro
979 1833 1097 1867 voluto,
1121 1836 1322 1873 comparatur
1348 1841 1415 1862 sors
1436 1841 1547 1863 eorum
1571 1831 1627 1874 qui

876 1874 974 1905 nimio
992 1874 1062 1905 nisu
1079 1874 1119 1906 ad
1135 1874 1246 1905 altiora
1257 1873 1423 1906 tendentes
1433 1873 1537 1906 subito
1550 1885 1628 1906 casu

877 1917 918 1948 ad
946 1916 1093 1948 inferiora
1117 1923 1196 1948 retro
1220 1917 1376 1948 feruntur.
1423 1918 1511 1948 Hinc
1530 1917 1629 1959 funis

876 1963 1047 2001 rumpitur,
1058 1959 1108 1992 vel
1122 1966 1203 1991 retro
1215 1962 1250 1994 it.
1265 1959 1454 2002 proverbiali
1467 1959 1629 1992 locutione

876 2002 998 2035 dictum
1020 2010 1069 2035 est
1090 2003 1123 2034 in
1147 2002 1290 2034 homines
1308 2003 1474 2046 superbos,
1492 2014 1627 2045 quorum

876 2045 1013 2082 altiores,
1036 2057 1116 2088 quos
1135 2047 1276 2084 trahunt,
1291 2045 1422 2089 spiritus
1441 2046 1546 2077 subita
1565 2046 1629 2078 sor-

876 2095 963 2120 tunae
978 2091 1183 2121 conversione
1199 2089 1399 2130 franguntur.
1439 2089 1552 2120 Livius
1563 2089 1629 2128 xlv,

874 2133 928 2170 41,
950 2144 1044 2173 quum
1065 2144 1100 2163 ez
1122 2144 1237 2164 summo
1259 2139 1342 2163 retro
1363 2133 1477 2164 revolvi
1489 2134 1630 2175 fortuna

874 2182 1052 2207 consuesset.
1072 2173 1082 2176 “
1097 2175 1251 2207 Horatius
1270 2175 1329 2206 inf.
1349 2175 1454 2218 Epist.
1471 2175 1494 2213 i,
1512 2177 1563 2215 18,
1587 2177 1628 2208 87

875 2224 908 2250 et
929 2219 984 2254 88,
1009 2218 1042 2250 in
1069 2219 1204 2250 eandem
1232 2219 1421 2250 senteutiam
1449 2218 1586 2261 imagine
1611 2229 1630 2250 a

878 2261 1080 2302 navigatione
1104 2262 1271 2298 translata,
1293 2261 1352 2298 Tu,
1369 2263 1442 2292 dum
1462 2268 1517 2293 tua
1542 2264 1630 2293 navis

875 2306 908 2335 in
929 2305 992 2336 alto
1015 2311 1069 2342 est,
1088 2305 1154 2336 Hoc
1175 2316 1242 2347 age,
1266 2316 1304 2336 ne
1322 2311 1441 2336 mutata
1463 2312 1630 2337 retrorsum

875 2354 904 2379 te
914 2347 1006 2390 ferat
1027 2359 1119 2379 aura.
1165 2349 1240 2379 Huc
1262 2347 1386 2380 faciunt
1403 2347 1467 2380 duo
1488 2349 1630 2391 apprime

875 2390 959 2428 loca,
975 2401 995 2422 a
1012 2392 1064 2423 Cl.
1077 2389 1210 2423 Mitsch.
1224 2390 1366 2428 laudata,
1386 2390 1522 2423 Lucian.
1540 2391 1634 2423 Dial.

876 2434 1008 2467 Meretr.
1031 2446 1063 2477 p.
1090 2435 1168 2466 286.
1191 2434 1268 2466 edit.
1293 2435 1395 2467 Gesn.
1419 2435 1460 2466 σὺ
1485 2434 1518 2467 δὲ
1536 2435 1632 2467 πάνυ

879 2478 1018 2519 χαλεπὴ
1035 2478 1086 2509 ἀεὶ
1103 2480 1154 2520 τῷ
1167 2478 1340 2521 ἀνθρώπῳ
1358 2477 1553 2521 γεγένησαι.
1575 2479 1633 2510 καὶ

879 2520 954 2563 ὅρα,
970 2522 1019 2563 μὴ
1035 2522 1124 2553 κατὰ
1145 2522 1211 2560 τὴν
1224 2523 1416 2565 παροιμίαν
1429 2521 1631 2564 ὰποῤῥὴἕω-

878 2576 942 2606 μεν
955 2563 1050 2597 πάνυ
1072 2565 1245 2597 τείνουσαι
1262 2566 1299 2597 τὸ
1319 2564 1497 2601 καλώδιον,
1513 2571 1545 2596 et
1559 2566 1632 2597 Ari-

880 2613 1006 2639 staenet.
1020 2609 1102 2650 Epp.
1117 2607 1152 2644 ii,
1169 2609 1198 2645 1,
1215 2619 1248 2650 p.
1266 2610 1320 2645 72,
1338 2609 1419 2640 Abr.
1445 2608 1560 2640 πείθου
1576 2622 1632 2652 μοι

880 2651 1010 2690 καὶτῆς
1022 2651 1186 2694 ἀμετρίας
1199 2651 1374 2694 ἀπόσχου.
1397 2651 1472 2694 ὅρα,
1484 2652 1532 2694 μὴ
1545 2654 1634 2684 κατὰ

882 2695 947 2733 τήν
969 2695 1160 2738 παροιμίαν
1177 2694 1430 2738 ἀπορῤἡξωμεν
1451 2695 1545 2727 πάνυ
1570 2697 1633 2727 τεί-

881 2750 1007 2776 ναντες
1026 2739 1062 2770 τὸ
1080 2737 1260 2774 καλώδιον.
1277 2738 1360 2780 μηδὲ
1377 2738 1486 2781 λάθῃς
1506 2739 1634 2771 λοιπὸν

882 2780 929 2819 εἷς
938 2781 1398 2835 ἀγερωχίανμεταβαλοῦσα
1409 2782 1447 2813 τὸ
1462 2781 1635 2824 φρόνημα.

879 2824 978 2856 οἶσθα
994 2823 1027 2856 δέ
1043 2825 1127 2857 ὅσον
1154 2829 1250 2868 Ερως
1262 2825 1547 2868 ἀντιστρατεύειν
1563 2828 1636 2863 τοῖς

879 2867 1139 2911 ὑπερηφανοῦσι
1162 2870 1263 2911 φιλεῖ.
1310 2869 1379 2900 Non
1407 2875 1435 2899 te
1463 2869 1635 2908 Penelopen

880 2910 1037 2953 difficilem
1055 2913 1154 2952 procis
1177 2911 1355 2954 Tyrrhenus
1372 2913 1483 2953 genuit
1505 2922 1633 2950 parens:

879 2964 954 2986 cum
978 2955 1124 2987 Etruscae
1148 2955 1267 2998 puellae
1291 2955 1368 2986 alias
1394 2953 1538 2990 leviores,
1561 2959 1593 2984 et
1616 2963 1635 2985 a

880 2997 1035 3030 castitatis
1065 2998 1163 3036 illius,
1194 3008 1291 3040 quam
1330 2997 1492 3039 Penelope
1523 2997 1634 3028 marito
