1884 3288
292 211 377 253 248

894 209 1193 251 EPODON

579 310 642 351 Ut
661 309 822 364 gaudet
841 309 1010 350 insitiva
1029 310 1264 363 decerpens
1285 322 1406 362 pyra,

495 377 552 418 20

808 375 1055 418 Certantem
1076 383 1119 416 et
1139 390 1264 416 uvam
1283 389 1505 429 purpurae,

581 444 682 491 Qua
700 449 946 484 muneretur
968 449 1023 492 te,
1047 442 1218 496 Priape,
1241 448 1284 482 et
1305 447 1362 490 te,
1383 447 1508 494 pater

807 508 990 557 Silvane,
1012 515 1131 549 tutor
1150 508 1312 548 finium.

585 576 714 617 Libet
731 577 890 629 jacere,
913 575 1039 615 modo
1061 575 1140 616 sub
1162 574 1336 627 antiqua
1355 571 1463 622 ilice,

804 639 942 680 Modo
962 640 1006 679 in
1027 639 1164 680 tenaci
1185 639 1387 693 gramine.

497 709 552 748 25
583 707 810 748 Labuntur
831 706 925 746 altis
948 706 1115 746 interim
1134 705 1238 759 ripis
1260 719 1398 758 aquae,

809 772 1063 819 Queruntur
1083 773 1126 811 in
1148 770 1262 812 silvis
1284 785 1398 819 aves,
1627 804 1629 806 .

582 837 828 890 Fontesque
848 836 1031 890 lymphis
1053 837 1310 890 obstrepunt
1330 834 1615 883 manantibus,
1667 829 1668 832 ¹

807 902 988 942 Somnos
1010 902 1127 956 quod
1147 903 1296 942 invitet
1315 900 1445 942 leves.

581 967 644 1008 At
664 983 795 1021 quum
814 968 1025 1009 Tonantis
1047 983 1181 1008 annus
1203 968 1410 1008 hibernus
1431 966 1552 1007 Jovis

498 1035 553 1074 30

809 1034 973 1074 Imbres
995 1035 1200 1087 nivesque
1222 1039 1455 1087 comparat,

585 1100 678 1141 Aut
699 1101 834 1141 trudit
855 1115 975 1141 acres
990 1099 1090 1141 hinc
1111 1106 1154 1140 et
1173 1099 1272 1140 hine
1294 1099 1424 1140 multa
1445 1112 1550 1140 cane

807 1166 952 1221 Apros
974 1167 1017 1206 in
1038 1167 1260 1207 obstantes
1281 1165 1428 1220 plagas
1447 1183 1456 1216 ;

300 1269 351 1298 cni
374 1279 484 1298 somnos
505 1268 628 1297 classica
651 1267 739 1306 pulsa
751 1265 882 1306 fugent.
929 1264 1032 1301 Truci,
1074 1274 1162 1303 porro
1172 1265 1345 1294 insitionum
1355 1265 1472 1303 antiqui
1482 1263 1810 1296 tradideruntsnnum.

300 1310 380 1340 refer
401 1309 441 1340 ad.
466 1309 631 1340 terribilem
660 1307 785 1338 classici
816 1316 939 1341 sonum,
971 1317 1033 1346 quo
1075 1317 1132 1345 qua
1154 1312 1265 1336 resecta
1286 1312 1314 1336 et
1325 1307 1402 1346 fissa
1426 1307 1515 1335 arbor
1535 1311 1657 1336 resectos
1677 1304 1812 1334 surculos

301 1351 414 1382 milites
442 1361 479 1381 ex
512 1360 619 1380 somno
650 1355 851 1380 exterrentur.
900 1349 1033 1387 Superba
1076 1349 1198 1386 accipit.
1242 1348 1335 1378 Ovid.
1361 1347 1455 1377 Rem.
1482 1346 1555 1377 Am.
1586 1347 1661 1382 195,
1692 1346 1812 1376 Venerit

302 1394 419 1430 limina,
451 1392 590 1432 intellige
619 1391 784 1431 magnifica
813 1396 843 1420 et
875 1389 1038 1430 splendida

303 1436 391 1470 atria,
421 1445 493 1475 quoe
522 1434 652 1464 clientes
682 1433 851 1463 salutatum
880 1432 1038 1462 venientes

302 1478 452 1507 terebant.
496 1476 548 1507 Cl.
580 1474 712 1506 Mitsch.
739 1474 876 1516 explicat
899 1475 1036 1513 superba,

302 1519 358 1549 ubi
375 1518 506 1559 superbe
522 1517 652 1548 clientes
668 1521 849 1551 tractentur,
861 1520 1037 1556 comparato

304 1560 373 1591 loco
393 1559 577 1591 Columellae
597 1558 691 1590 Praet.
712 1558 734 1594 i,
755 1559 773 1589 7
797 1568 866 1598 sqq.
885 1557 939 1588 ubi
959 1557 1040 1587 inter

304 1602 366 1633 alia
403 1602 526 1638 dicitur,
559 1611 650 1640 neque
685 1602 764 1629 euim
800 1601 931 1639 roganti,
967 1600 1039 1638 quid

303 1650 417 1685 agatur
440 1646 535 1679 intus,
558 1644 732 1681 respondere
754 1643 830 1671 servi
853 1643 1036 1681 dignantur.

305 1686 452 1716 Ceterum
472 1685 554 1715 hunc
571 1685 675 1715 locum
695 1682 891 1714 Claudianus
912 1692 1040 1723 quoque

304 1726 338 1757 in
360 1727 483 1758 rusticae
507 1727 578 1756 vitae
600 1725 807 1768 descriptione
832 1724 971 1754 imitatus
993 1730 1041 1755 est

305 1769 352 1806 lii,
377 1779 405 1800 v.
430 1769 460 1805 7,
484 1770 516 1804 8,
541 1768 608 1798 Non
623 1768 712 1810 freta
735 1773 883 1798 mereator
905 1768 1038 1802 tremuit,

304 1823 361 1842 nan
384 1812 506 1842 classica
525 1812 618 1847 miles,
636 1811 705 1840 Non
722 1811 810 1840 rauci
829 1811 894 1839 lites
909 1809 1039 1848 pertulit

303 1853 444 1894 illesori.

350 1896 466 1926 9—14.
490 1894 635 1926 Molestis
656 1893 731 1931 illis,
749 1893 799 1925 vel
818 1892 858 1924 ad
877 1897 1041 1934 quaestum,

305 1937 357 1969 vel
380 1937 419 1968 ad
438 1936 544 1978 gloriae
566 1942 597 1967 et
614 1937 764 1967 honorum
784 1935 933 1971 studium,
954 1945 1042 1976 spec-

306 1979 445 2010 tantibus
467 1978 611 2018 negotiis,
633 1977 762 2019 opponit
784 1988 821 2008 ea
842 1988 911 2018 quae
934 1978 1044 2008 miram

308 2021 341 2052 in
358 2020 441 2062 agris
458 2021 650 2062 voluptatem
669 2026 785 2050 creant.
831 2021 875 2051 Ut
893 2030 928 2050 eo
943 2020 1042 2060 magis

308 2069 410 2094 autem
431 2068 589 2104 appareat,
609 2068 728 2103 quanta
749 2062 873 2092 illorum
896 2062 935 2093 sit
954 2062 1043 2103 copia

309 2110 340 2136 et
360 2105 504 2142 varietas,
524 2114 586 2134 non
609 2104 747 2134 ordinem
770 2103 926 2144 quendam
950 2104 981 2134 in
1005 2104 1043 2134 iis

308 2147 508 2178 recensendis
535 2151 644 2181 servat,
673 2145 727 2176 sed
753 2155 788 2176 ea
815 2150 947 2182 tantum,
971 2156 1043 2187 quae

309 2195 418 2230 sponte
441 2189 544 2219 animo
566 2187 749 2222 offeruntur,
773 2187 902 2217 delibat.
947 2187 1042 2228 Ergo,

309 2230 336 2261 is
351 2231 456 2271 igitur,
469 2237 521 2261 aut
539 2231 646 2260 adulta
658 2231 765 2260 vitium
778 2231 942 2269 propagine
957 2231 1043 2259 Altus

309 2275 434 2304 maritat
453 2273 586 2312 populos,
607 2276 661 2302 aut
678 2271 754 2302 vites
775 2270 913 2300 novellas
932 2271 1042 2311 (Senk-

308 2315 414 2355 reben)
438 2314 577 2345 annectit
598 2312 741 2355 populis;
770 2312 848 2342 vites
873 2312 955 2343 enim
980 2323 1042 2343 non

309 2358 400 2388 ulmis
418 2362 537 2387 tantum
557 2355 639 2395 (vid.
661 2365 730 2396 sup.
745 2355 785 2384 ad
802 2354 835 2390 ii,
856 2355 905 2389 15,
921 2354 971 2394 4),
989 2355 1043 2386 sed

310 2398 403 2430 etiam
417 2399 535 2439 populis
547 2397 676 2439 adjungi
691 2397 850 2427 solebant:
874 2395 939 2427 vid.
958 2397 1042 2428 Pliu.

309 2440 376 2477 xiv,
398 2443 426 2472 1.
471 2441 587 2471 Adulta
603 2441 710 2470 vitium
727 2439 893 2479 propagine
911 2438 1045 2470 suaviter

311 2483 351 2514 de
373 2482 504 2514 novellis
523 2481 651 2517 vitibus,
671 2491 770 2521 usque
793 2490 829 2510 eo
848 2480 975 2518 adultis,
995 2481 1043 2512 vel

311 2530 432 2556 tantum
447 2523 565 2555 roboris
580 2523 691 2558 nactis,
707 2528 743 2554 ut
758 2522 789 2552 in
805 2523 930 2553 arbusta
944 2529 1042 2553 trans-

311 2567 385 2610 poni
401 2572 534 2609 possent,
551 2566 634 2606 quod
645 2565 736 2596 fiebat
752 2574 834 2595 anno
849 2565 955 2596 tertio:
980 2564 1043 2596 vid.

313 2609 399 2640 Plin.
414 2609 488 2645 xvii,
504 2609 558 2644 23,
573 2613 605 2638 et
624 2606 794 2639 Columell.
809 2606 847 2637 de
863 2607 975 2637 Arbor.
991 2607 1046 2638 vii.

313 2652 465 2682 Muritat:
494 2649 560 2681 vid.
586 2660 655 2692 sup.
681 2649 721 2679 ad
743 2649 786 2684 iv,
810 2650 841 2684 5,
870 2650 922 2679 30.
967 2649 1044 2680 Inu-

312 2694 433 2734 tile-sque
463 2692 552 2734 falce
595 2698 753 2732 amputans
798 2691 954 2722 Feliciores
997 2693 1044 2721 in-

309 2738 393 2771 serit,
417 2740 448 2766 et
473 2744 550 2775 opus
577 2733 731 2764 insitionis
754 2732 873 2774 peragit
898 2734 984 2774 (υοε,
1013 2745 1045 2764 er

309 2777 430 2819 pfropft
443 2778 507 2808 und
528 2777 659 2807 veredelt
677 2773 827 2814 Baume),·
853 2775 937 2815 quod
957 2776 1000 2811 fit,
1017 2775 1043 2806 si

311 2821 454 2851 arborum
467 2818 597 2854 truncis,
614 2817 696 2848 unde
711 2817 787 2847 rami
804 2817 925 2847 inutiles
940 2817 992 2858 (h.
1013 2828 1042 2849 e.

311 2862 439 2897 steriles,
467 2866 497 2892 et
522 2870 561 2892 ex
587 2859 717 2901 ignobili
742 2859 836 2900 stirpe
860 2859 1040 2900 procreati),

310 2903 420 2935 resecti
442 2907 526 2939 sunt,
546 2901 753 2941 generosiores
778 2906 810 2931 et
834 2899 1042 2932 foecundiores

310 2946 500 2979 inseruntur.
545 2943 714 2976 Columell.
728 2953 758 2979 v,
777 2944 827 2979 ll,
845 2942 916 2974 Tria
930 2955 1042 2985 genera

1081 1391 1195 1423 insitio,
1218 1389 1277 1430 sac
1311 1399 1428 1419 ramum
1459 1399 1561 1419 ramus
1592 1390 1731 1427 adoptet.-
1767 1386 1812 1417 cf.

1082 1430 1170 1469 Virg.
1187 1431 1266 1462 Geo.
1283 1430 1316 1467 ii,
1329 1431 1369 1461 74
1385 1440 1452 1471 sqq.
1490 1430 1660 1465 Feliciores,
1671 1427 1813 1469 intellige

1080 1473 1217 1503 surculos
1247 1471 1470 1514 (Pj'ropfreise)
1501 1482 1518 1502 e
1542 1471 1692 1503 nobiliore
1718 1469 1814 1512 stirpe

1081 1520 1268 1555 prognatos3
1291 1514 1364 1544 hinc
1388 1515 1504 1544 arbores
1512 1513 1634 1555 felices,
1648 1512 1682 1544 in
1701 1511 1815 1554 quibus

1082 1555 1216 1586 melioris
1240 1561 1322 1586 notae
1345 1565 1436 1597 poma
1461 1561 1631 1587 nascuntur
1653 1555 1816 1595 (medelis

1085 1596 1290 1637 Obstba'ume),
1305 1597 1375 1628 Liv.
1394 1608 1424 1633 v,
1440 1598 1494 1633 24,
1511 1598 1599 1628 nulla
1608 1596 1693 1639 felix
1714 1597 1814 1631 arbor,

1085 1641 1163 1669 nihil
1182 1639 1382 1681 frugiferum
1409 1641 1443 1670 in
1470 1641 1553 1680 agris
1581 1639 1739 1670 relictum.-
1772 1637 1815 1669 cf.

1085 1681 1200 1712 Claud.
1231 1693 1262 1717 x,
1301 1682 1352 1712 66.
1396 1681 1543 1719 Retracto,
1574 1690 1620 1712 sc.
1651 1680 1685 1712 in
1718 1680 1815 1717 sinim,

1083 1723 1115 1753 h.
1134 1734 1163 1755 e.
1184 1733 1291 1759 curva,
1310 1728 1347 1754 ut
1363 1733 1432 1765 sup.
1451 1722 1472 1759 i,
1493 1724 1543 1759 17,
1561 1723 1611 1760 17,
1626 1723 1717 1764 Virg.
1737 1723 1816 1754 AEn.

1083 1765 1136 1802 vii,
1153 1765 1226 1796 703.
1274 1766 1498 1807 Mugientium:
1521 1775 1665 1796 resonans
1684 1763 1816 1796 enimin

1082 1807 1176 1838 vastis
1205 1807 1285 1848 agris
1309 1808 1404 1838 boum
1434 1806 1570 1848 mugitus
1599 1807 1640 1838 ad
1667 1817 1716 1844 ea,
1745 1816 1816 1848 quae

1085 1859 1186 1880 rerum
1213 1849 1379 1890 agrestium
1403 1855 1542 1880 amantes
1571 1847 1742 1886 delectant,
1767 1859 1817 1880 re·

1085 1891 1155 1923 ferri
1170 1891 1258 1923 solet.
1303 1891 1394 1932 Virg.
1415 1891 1496 1923 Geo.
1515 1889 1549 1927 ii,
1565 1891 1640 1927 470,
1659 1891 1817 1934 Mugitus-

1085 1945 1140 1974 que
1155 1936 1252 1970 boum,
1268 1934 1422 1974 mollesque
1441 1935 1494 1965 sub
1513 1934 1618 1964 arbore
1635 1936 1728 1965 somni
1748 1933 1818 1966 Non

1085 1978 1203 2007 desunt.

1132 2019 1266 2050 15—22.
1289 2018 1353 2048 Aut
1374 2028 1473 2058 pressa
1493 2019 1581 2058 pur-in
1607 2018 1695 2048 mella
1716 2019 1818 2050 condit

1085 2061 1252 2100 amphoris.-
1277 2060 1447 2091 Columell.
1461 2060 1505 2095 ix,
1523 2061 1574 2095 15,
1590 2060 1622 2097 3,
1641 2059 1701 2091 Ubi
1721 2060 1816 2101 liqna-

1087 2108 1150 2132 tum
1183 2104 1239 2132 mel
1272 2104 1304 2132 in
1335 2103 1499 2142 subjectum
1533 2101 1659 2142 defluxit
1687 2102 1817 2138 alveum,

1087 2144 1275 2185 transfertur
1310 2146 1343 2174 in
1380 2155 1450 2174 vasa
1475 2144 1608 2185 fictilia.
1663 2143 1818 2185 Infirmas,

1087 2191 1199 2215 natura
1228 2185 1311 2216 enim
1339 2196 1396 2216 sua
1423 2185 1596 2217 imbecilles
1624 2191 1698 2217 sunt
1725 2195 1817 2224 oves;

1087 2226 1159 2257 hinc
1181 2227 1245 2258 illae
1265 2228 1348 2269 apud
1368 2227 1515 2258 Ovidium
1537 2237 1675 2269 quoque,
1691 2228 1744 2258 Ib.
1763 2229 1817 2264 44,

1085 2270 1241 2310 infirmum
1261 2280 1350 2309 pecus
1371 2269 1514 2306 audiunt,
1560 2269 1660 2303 Quum
1680 2271 1819 2300 decorum

1085 2312 1207 2341 mitibus
1221 2313 1312 2351 pomis
1326 2318 1418 2351 caput
1433 2312 1624 2342 Auctumnus
1636 2313 1719 2342 arvis
1733 2318 1818 2343 extu-

1087 2353 1136 2388 lit,
1161 2353 1249 2383 suavi
1277 2352 1413 2393 imagine
1441 2362 1495 2395 pro
1523 2352 1656 2393 vulgari,
1681 2358 1820 2396 tempore

1087 2395 1247 2425 auctumni
1260 2407 1266 2425 :
1289 2397 1437 2431 decorum,
1453 2394 1606 2436 exquisite
1620 2405 1686 2437 pro,
1694 2396 1820 2435 pulchre

1087 2436 1136 2467 vel
1155 2439 1213 2467 rite
1235 2438 1419 2473 redimitum,
1438 2442 1472 2468 ut
1490 2447 1559 2479 sup.
1579 2435 1625 2473 iii,
1649 2438 1697 2474 14,
1715 2438 1747 2475 7,
1767 2439 1818 2468 de.

1087 2489 1159 2509 carae
1169 2480 1308 2519 Supplice
1320 2481 1397 2510 vitta
1411 2479 1571 2520 Virginum
1585 2485 1705 2510 matres.
1736 2479 1818 2511 Auc-

1087 2527 1209 2551 tumnus
1226 2531 1308 2556 vero,
1325 2521 1372 2552 uti
1386 2521 1532 2552 Bacchus
1545 2520 1618 2557 fere,
1634 2530 1781 2552 coronam
1802 2531 1820 2553 e

1086 2563 1178 2593 ramis
1202 2563 1357 2612 pomiferis
1378 2568 1557 2594 contextam
1578 2561 1682 2605 capite
1702 2569 1821 2605 gestare

1086 2605 1231 2645 fingitur:
1273 2605 1337 2636 vid.
1370 2603 1508 2646 Boettig.
1551 2604 1692 2642 lusiciae,
1723 2605 1819 2648 ipsius

1088 2657 1183 2677 manu
1197 2647 1310 2678 inserta
1325 2648 1430 2689 (selbst
1440 2645 1646 2689 gepfropfte).
1687 2648 1800 2688 Priape
1806 2659 1818 2685 ‚-

1089 2689 1204 2736 Priapo
1221 2688 1316 2725 enim,
1339 2695 1374 2720 ut
1389 2688 1545 2720 hortorum
1563 2689 1636 2724 deo,
1657 2698 1820 2731 pomorum

1089 2730 1232 2772 primitiae
1242 2731 1450 2762 offerebantur
1461 2743 1468 2761 z
1481 2730 1521 2761 ef.
1531 2730 1652 2762 catull.
1661 2742 1715 2766 xx,
1724 2732 1821 2763 6—-9,

1088 2774 1222 2808 Silvane,
1240 2774 1467 2812 tutor-finium.-
1492 2773 1534 2803 ct'.
1550 2782 1620 2814 sup.
1634 2771 1680 2809 iii,
1694 2774 1748 2810 29,
1763 2774 1818 2805 23.

1129 2816 1271 2846 23—28.
1302 2815 1340 2846 In
1374 2815 1473 2846 tenaci
1501 2817 1652 2855 gramine,
1685 2815 1717 2846 in
1753 2820 1819 2846 toro

1087 2857 1267 2898 gramineo5
1304 2863 1403 2892 terim,
1434 2855 1595 2898 epitheton
1623 2865 1749 2893 ornans.
1779 2857 1819 2888 ad

1086 2903 1230 2930 naturam
1257 2898 1416 2940 graminis,
1444 2898 1528 2940 quod
1554 2897 1704 2931 tenaciter
1731 2903 1820 2930 term

1086 2940 1235 2978 adhaeret,
1252 2950 1308 2972 nec
1325 2941 1415 2973 facile
1433 2940 1505 2973 inde
1522 2950 1594 2972 cum
1613 2939 1716 2973 radice
1729 2940 1821 2973 evelli
