1904 3314
336 188 419 229 502

452 287 558 328 Post
578 288 765 342 ingentia
785 287 897 329 facta
919 288 1109 329 Deorum
1128 288 1171 328 in
1192 285 1348 340 templa
1368 285 1544 339 recepti,

825 184 1352 228 EPISTOLARUM

452 353 568 394 Dum
590 361 725 395 terras
746 354 1048 407 hominumque
1070 353 1215 395 colunt
1235 367 1385 407 genus,
1407 366 1560 406 aspera
1579 349 1691 392 bella

453 418 738 473 Componunt‚
760 434 887 473 agros
908 421 1138 474 assignant,
1162 419 1322 473 oppida
1346 418 1558 467 condunt3

454 483 684 527 Ploravere
707 486 794 526 suis
815 501 899 527 non
922 486 1183 539 respondere
1205 484 1391 525 favorem

374 551 424 590 10
455 550 683 604 Speratum
702 553 886 592 meritis:
920 553 1054 607 diram
1075 552 1149 604 qui
1169 550 1364 592 contudit
1383 549 1577 604 hydram,

451 616 656 671 Notaque
676 617 794 659 fatali
813 625 1011 672 portenta
1030 617 1176 658 labore
1199 618 1382 671 subegit,

456 683 674 737 Comperit
693 685 894 725 invidiam
915 698 1113 738 supremo
1133 683 1218 724 fine
1239 683 1428 732 domari;

456 749 555 790 Urit
577 750 687 790 enim
707 749 874 804 fulgore
897 764 988 799 suo,
1007 750 1079 803 qui
1102 755 1341 803 praegravat
1361 754 1475 789 artes

454 814 573 856 Infra
593 830 637 856 se
658 816 820 870 positas
838 832 846 856 ι
879 817 1094 856 extinctus
1113 816 1323 856 amabitur
1343 815 1470 855 idem.

376 883 427 922 15
458 882 668 923 Praesenti
689 882 764 923 tibi
787 888 972 922 maturos
992 882 1194 936 largimur
1213 881 1412 930 honores,

458 949 488 989 J
491 949 760 1002 urandasque
782 955 902 989 tuum
922 962 1000 1002 per
1020 962 1171 988 nomen
1193 948 1388 1001 ponimus
1410 961 1518 996 araS,

459 1015 536 1056 Nil
556 1017 764 1057 oriturum
784 1014 903 1064 alias,
925 1014 983 1054 nil
1003 1021 1143 1055 ortum
1164 1013 1246 1054 tale
1266 1013 1464 1054 fatentes.

460 1081 546 1122 Sed
568 1090 667 1123 tuus
687 1082 757 1122 hic
779 1080 980 1134 populus,
1004 1081 1172 1134 sapiens
1194 1087 1237 1120 et
1251 1080 1395 1133 justus
1416 1078 1459 1118 in
1479 1091 1579 1127 uno,

348 1210 465 1247 heroes,
490 1218 522 1243 ut
539 1212 730 1244 divinitatem
752 1218 871 1248 nactos,
888 1210 1081 1253 conjunctim

349 1253 506 1293 celeb1·at;
530 1254 584 1285 sed
602 1255 644 1286 ibi
665 1255 751 1286 addit
769 1256 939 1296 Augustum
962 1255 1010 1295 (v.
1031 1254 1082 1289 ll,

352 1296 402 1330 12,
426 1296 505 1330 Quos
522 1299 602 1327 inter
622 1298 778 1338 Augustus
795 1298 974 1331 recumbens,
999 1295 1081 1325 Pur-

348 1348 441 1376 pureo
457 1340 529 1370 bibit
547 1350 595 1370 ore
610 1340 743 1377 nector).
788 1338 950 1373 Horatius,
967 1339 992 1367 si
1008 1336 1079 1367 dili-

351 1379 474 1418 gentius
494 1381 631 1410 animum
656 1379 798 1416 advertis,
822 1381 902 1411 idem
926 1379 1001 1410 facit
1023 1379 1080 1409 hoc

351 1421 433 1456 loco.
457 1422 510 1452 sed
536 1428 635 1460 tecte3
659 1433 730 1452 nam
753 1423 857 1455 verba.
879 1433 966 1463 agros
987 1422 1079 1460 assig-

353 1469 440 1498 nant,
467 1474 511 1495 sc.
539 1464 656 1494 colonis
684 1463 884 1497 deducendis,
915 1463 954 1493 ad
982 1462 1083 1492 solum

352 1505 534 1545 Augustum
549 1506 652 1536 referri
675 1511 817 1547 possunt.
862 1506 934 1535 Huc
950 1503 1082 1538 accedit,

352 1547 436 1587 quod
466 1548 498 1578 in
530 1548 651 1578 Romuli
679 1548 804 1578 nomine
828 1548 959 1588 Augusti
989 1546 1082 1576 simul

352 1598 467 1619 nomen
493 1589 722 1629 quodammodo
751 1590 845 1620 latere
871 1594 982 1630 potest,
1010 1587 1083 1629 quia

353 1629 438 1660 suere
467 1631 520 1671 qui
554 1632 699 1671 Augusto
730 1629 858 1661 Romuli
889 1640 1000 1660 nomen
1029 1629 1080 1660 tri-

353 1672 511 1702 buendum
527 1683 595 1704 esse
617 1678 797 1704 censerent:
824 1673 950 1703 Sueton.
974 1672 1086 1702 Octav.

355 1713 386 1750 7,
405 1714 562 1754 Postquam
584 1715 617 1745 C.
642 1716 764 1746 Coesnris
781 1721 809 1745 et
829 1716 934 1744 deinde
952 1715 1084 1755 Augusti

355 1766 457 1786 nomen
483 1759 630 1793 assumsit,
661 1759 789 1788 atterum
822 1762 992 1786 testamento
1022 1767 1085 1786 ma-

345 1799 427 1836 joris
458 1800 615 1833 avunculi,
644 1800 774 1830 alterum
808 1800 943 1829 Munatii
975 1798 1086 1829 Planci

356 1842 520 1870 sententia.-
543 1852 621 1876 cum,
645 1843 820 1881 quibusdum
839 1841 1087 1871 consentientibus

358 1882 519 1912 Romulum
536 1884 683 1922 appellari
703 1889 865 1923 opportere,
888 1883 972 1923 qnasi
990 1888 1017 1913 et
1041 1884 1085 1921 ip-

356 1934 419 1952 sum
437 1926 614 1954 conditorem
629 1927 721 1959 urbis,
733 1926 947 1964 praevaluisset,
966 1931 1000 1955 ut
1021 1926 1085 1955 Au-

356 1971 464 2004 gustus
479 1968 576 2004 potius
591 1974 758 2002 vocaretur,
773 1972 850 1997 cett.

403 2009 434 2037 5.
458 2007 604 2043 Bacchus,
621 2014 654 2038 ut
671 2019 739 2049 sup.
761 2009 780 2038 l.
806 2008 826 2038 l.
844 2019 874 2038 v.
895 2009 944 2043 14,
962 2013 1088 2038 vocatur

359 2055 454 2086 pater,
473 2050 511 2080 ad
541 2050 772 2085 verecundiam,
798 2060 868 2090 quae
894 2050 922 2080 ei
945 2050 1087 2086 debetur,

359 2090 594 2130 designandam.

402 2133 434 2163 6.
452 2133 580 2163 Deorum
594 2135 625 2163 in
637 2133 756 2171 templa,
768 2132 799 2162 in
810 2133 924 2163 coelum
940 2144 946 2162 z
965 2134 1090 2164 Terent.

362 2174 508 2206 Eunuch.
536 2174 581 2210 iii,
605 2177 636 2209 5,
662 2175 714 2210 42,
739 2175 779 2204 At
803 2185 886 2214 quem
908 2176 1016 2204 deum!
1041 2177 1091 2214 qui

363 2218 469 2256 templa
491 2218 556 2248 coeli
575 2227 688 2247 summa
704 2217 804 2246 souitu
825 2218 967 2246 concutit.
1012 2218 1089 2258 Sup.

362 2258 382 2288 l.
402 2259 423 2289 l.
439 2269 467 2289 v.
488 2261 537 2295 10,
552 2259 670 2290 coelum
686 2263 777 2288 vocat
791 2268 870 2288 arces
887 2260 998 2298 igneus.

406 2301 436 2331 7.
462 2302 584 2338 Colunt,
598 2299 713 2330 cultius
728 2299 872 2329 reddunt.

404 2343 436 2373 8.
463 2343 579 2382 Oppida
596 2344 749 2372 condunt.-
772 2342 937 2382 Augustus
953 2352 1090 2383 quoque,

363 2389 398 2414 ut
421 2391 522 2415 narrat
543 2386 669 2415 Sueton.
688 2384 772 2424 Aug.
791 2385 844 2420 28,
867 2385 1090 2414 urbem—exeo-

363 2427 420 2457 tuit
435 2429 518 2462 adeo,
535 2434 568 2457 ut
580 2429 657 2466 jure
671 2428 709 2456 sit
721 2427 885 2466 gloriatus,
901 2436 1091 2456 marmoreum

362 2479 390 2498 se
407 2469 584 2509 relinquere,
599 2480 687 2508 qnam
703 2469 862 2498 lateritiam
879 2470 1043 2507 accepisset.

410 2511 458 2541 10.
489 2512 596 2541 Dirum
619 2512 670 2551 qui
692 2511 829 2540 contudit
851 2510 988 2550 hydram,
1014 2511 1091 2540 Her-

363 2553 451 2583 cules
465 2553 518 2593 qui
533 2553 621 2583 clava
635 2562 692 2582 sua
707 2551 809 2592 capita
828 2551 934 2592 hydrae
954 2553 1093 2583 Lernaeae

363 2595 547 2626 comminuit
570 2600 600 2626 et
623 2594 778 2626 decussit:
806 2594 847 2625 cf.
872 2604 940 2636 sup.
965 2594 1027 2625 Od.
1050 2594 1091 2629 iv,

364 2639 394 2674 4,
409 2637 462 2667 61.

408 2680 458 2709 ll.
484 2678 645 2709 Portenta:
677 2683 813 2716 portenta
839 2682 870 2707 et
890 2684 1021 2708 monstra
1046 2678 1093 2708 di-

363 2726 477 2751 cuntur
491 2730 562 2761 quae
577 2726 685 2750 contra
700 2719 782 2759 leges
798 2724 914 2749 naturae
932 2725 1093 2761 apparent.

364 2764 408 2794 Eo
431 2762 584 2809 pertinent
610 2761 769 2793 horrendae
793 2761 856 2791 illae
878 2761 1040 2791 hominum
1062 2768 1093 2793 et

363 2805 529 2836 bestiarum
560 2804 676 2840 formae,
704 2808 812 2834 contra
863 2813 920 2834 uas
955 2813 1093 2850 pugnare

363 2847 497 2878 debebat
506 2845 670 2877 Hercules.
712 2846 804 2880 Nota,
822 2846 853 2875 ni
879 2844 900 2875 il
914 2855 997 2875 emm
1014 2846 1090 2877 Her-

363 2889 443 2920 culis
456 2888 615 2919 laboribus
632 2887 746 2918 notius.
785 2886 955 2917 Duodecim
970 2887 1090 2918 labores

364 2930 510 2963 Herculis
539 2929 663 2962 totidem
697 2929 882 2961 hexametris
911 2929 1091 2970 complexus

1123 1215 1169 1241 est
1202 1209 1364 1241 Ausonius
1386 1207 1480 1250 Idyll.
1502 1206 1565 1238 xix.
1611 1206 1734 1238 Fatali:
1765 1205 1854 1237 fatali

1125 1253 1308 1283 necessitate
1324 1251 1452 1282 Herculi
1462 1248 1606 1291 imposita
1615 1249 1656 1279 ab
1667 1248 1852 1290 Eurystheo,

1125 1294 1199 1334 quia
1214 1294 1280 1329 ille,
1292 1303 1354 1324 rem
1370 1292 1414 1323 ita
1431 1291 1608 1322 moderante
1621 1291 1641 1323 J
1644 1300 1758 1327 unone,
1773 1289 1854 1332 prior

1125 1337 1262 1366 Hercule
1280 1343 1370 1366 natus
1385 1334 1496 1365 fuerat.

1170 1378 1220 1408 12.
1245 1378 1392 1416 Comperit
1411 1376 1556 1406 invidiam
1575 1385 1710 1414 supremo
1718 1375 1788 1415 fine
1802 1375 1854 1404 do-

1125 1421 1219 1449 mari:
1243 1418 1391 1449 invidiam
1415 1419 1564 1459 (supremo
1576 1415 1661 1458 fine)
1683 1421 1754 1458 post
1771 1424 1854 1446 mor-

1127 1467 1188 1492 tem
1207 1462 1330 1492 demum
1349 1458 1503 1501 compesci
1521 1469 1577 1489 suo
1597 1458 1693 1500 ipsius
1711 1457 1854 1499 exemplo

1127 1503 1254 1534 edoctus
1268 1509 1327 1533 est.

1175 1546 1222 1581 13,
1250 1546 1300 1575 14.
1333 1543 1395 1574 Hic
1421 1543 1522 1578 locus,
1551 1546 1588 1572 ut
1615 1551 1699 1572 nunc
1728 1540 1852 1582 legitur,

1126 1586 1325 1618 difficultates
1350 1585 1444 1616 habet
1460 1584 1508 1615 vix
1533 1583 1750 1625 expediendas.
1792 1584 1855 1614 Fea

1129 1629 1167 1658 ad
1195 1630 1327 1659 duorum
1357 1627 1510 1658 Codicum
1535 1625 1627 1656 fidem
1654 1635 1709 1667 pro
1734 1627 1856 1665 positas,

1128 1671 1160 1700 in
1193 1676 1311 1702 textum
1338 1669 1453 1711 recepit
1480 1669 1602 1708 positos:
1641 1667 1699 1698 hoc
1727 1667 1855 1709 placet;

1128 1713 1181 1743 sed
1194 1712 1349 1754 quomodo
1361 1714 1411 1752 qui
1423 1715 1591 1751 praegravat
1603 1715 1681 1740 artes
1695 1718 1731 1740 ex
1757 1709 1833 1741 lices
1844 1711 1856 1740 ².

1130 1755 1328 1796 Praegraoare
1352 1758 1410 1788 est,
1433 1753 1555 1794 gravius
1583 1750 1706 1793 pondus
1731 1720 1856 1788 Kabere,

1129 1797 1266 1836 graviore
1290 1796 1425 1838 pondere
1451 1795 1573 1825 vincere
1599 1796 1686 1834 (ηοξ,
1713 1794 1855 1825 uber-wie-

1127 1840 1270 1879 gen)‚‚et
1290 1837 1429 1879 proinde,
1449 1845 1614 1879 superare3
1637 1834 1692 1866 sod
1714 1835 1790 1876 quid
1811 1841 1859 1867 est

1130 1881 1252 1911 vincere
1265 1881 1314 1911 vel
1331 1889 1475 1922 superare
1491 1879 1592 1909 artes?
1613 1876 1772 1918 accipiunt
1785 1877 1856 1918 qui-

1130 1922 1200 1954 dem
1218 1921 1361 1953 nonnulli
1377 1923 1558 1962 interpretes
1571 1926 1651 1950 artes
1665 1929 1719 1961 pro
1732 1919 1857 1951 artifici-

1130 1965 1188 1995 bus
1202 1977 1210 2003 ·,
1234 1966 1287 1995 sed
1304 1964 1352 1995 hic
1369 1974 1431 1994 non
1449 1972 1547 1994 sermo
1561 1967 1610 1993 est
1623 1961 1662 1992 de
1678 1961 1859 1994 artificibus.

1133 2007 1213 2042 Res,
1239 2014 1325 2046 put0,
1350 2005 1494 2047 expedita
1518 2009 1577 2039 est,
1607 2002 1634 2034 si
1660 2013 1714 2045 pro
1737 2005 1858 2042 positas,

1132 2059 1204 2079 cum
1228 2050 1291 2079 Fea
1313 2050 1428 2087 positos,
1449 2053 1481 2078 et
1500 2057 1554 2088 pro
1573 2053 1653 2076 artes
1672 2055 1794 2076 mecum
1812 2046 1858 2077 le-

1133 2090 1214 2130 geris
1242 2098 1318 2126 arte,
1348 2090 1406 2120 hoc
1437 2099 1547 2120 sensu:
1583 2088 1668 2118 Nam
1698 2086 1752 2128 qui
1782 2087 1880 2119 alios·

1135 2132 1236 2170 (arte)
1262 2132 1425 2162 virtutibus
1448 2131 1652 2172 (purgo-avet)
1672 2134 1807 2171 superat,
1830 2134 1862 2161 et

1135 2174 1172 2204 iis
1188 2173 1426 2215 exsplendescit,
1450 2173 1475 2203 is
1487 2173 1617 2214 fulgore
1635 2183 1688 2202 suo
1708 2173 1759 2213 (iu
1776 2182 1810 2202 ra
1831 2183 1860 2203 se

1133 2216 1255 2255 positos)
1270 2227 1288 2246 a
1304 2226 1336 2246 se
1352 2221 1522 2256 supereum,
1542 2225 1575 2245 se
1587 2213 1744 2245 inferiores
1758 2213 1859 2254 (urit)

1156 2257 1245 2297 ungit
1273 2263 1304 2288 et
1331 2256 1449 2287 invidia
1475 2257 1658 2287 inflammat.
1711 2258 1798 2291 Arte,
1826 2255 1860 2286 in
1899 2281 1902 2283 ,

1134 2268 1240 2329 Εὶῑίοῑε
1253 2298 1488 2339 significatione,
1504 2303 1538 2328 ut
1551 2307 1620 2339 sup.
1637 2295 1700 2327 Od.
1715 2296 1761 2332 iii,
1777 2298 1809 2332 3,
1826 2299 1860 2333 9,

1137 2341 1203 2371 Hac
1217 2347 1282 2371 arte
1307 2341 1416 2371 Pollux
1437 2347 1464 2371 et
1482 2351 1574 2380 vagus
1591 2339 1738 2369 Hercules
1751 2338 1863 2371 Enisus

1135 2394 1215 2413 arces
1226 2384 1329 2423 attigit
1341 2384 1462 2423 ignea53
1479 2387 1509 2412 et
1522 2391 1550 2412 v.
1564 2381 1615 2417 13,
1627 2380 1695 2411 Hac
1706 2387 1734 2411 te
1746 2391 1860 2412 meren-

1135 2431 1202 2460 tem,
1214 2425 1329 2455 Bocche
1337 2436 1372 2464 pa
1378 2430 1434 2458 ter,
1445 2430 1503 2454 tuae
1513 2423 1619 2453 Vexere
1627 2424 1730 2464 tigre-5.
1752 2422 1862 2454 Vossi-

1134 2477 1181 2501 us,
1189 2466 1362 2497 acutissime
1371 2465 1577 2497 difficiliomm
1590 2463 1713 2495 Horatii
1720 2464 1862 2496 locorum

1133 2519 1260 2540 sensum
1276 2509 1400 2543 rimans,
1418 2507 1510 2549 hujus
1524 2506 1585 2537 loci
1601 2505 1860 2544 emendationem,

1135 2561 1152 2581 a
1168 2561 1216 2582 me
1234 2550 1431 2592 propositam,
1450 2551 1482 2580 in
1498 2548 1602 2580 animo
1615 2548 1761 2580 habuisse
1775 2548 1861 2580 vide-

1135 2598 1205 2630 tur3
1241 2593 1329 2623 vertit
1351 2591 1445 2628 enim,
1470 2592 1560 2622 Demi
1587 2591 1642 2621 mit
1672 2591 1861 2622 tundendam

1138 2635 1252 2665 Glauze
1260 2636 1425 2674 beteidiget,
1437 2644 1495 2664 wer
1504 2643 1556 2663 vm·
1567 2633 1624 2662 den
1636 2633 1751 2663 andern
1762 2633 1862 2674 Roget

1135 2678 1231 2708 durch
1247 2678 1351 2707 hohere
1365 2676 1477 2706 Kunst.
1521 2674 1692 2711 Extinctus,
1711 2680 1863 2707 mortuus.

1181 2719 1316 2749 15—17.
1357 2719 1500 2748 Praesenti
1530 2717 1584 2746 tihi
1611 2722 1756 2752 maturos,
1788 2721 1862 2748 cett.

1137 2762 1181 2792 At
1199 2761 1266 2796 tibi,
1290 2760 1444 2800 Auguste,
1456 2757 1554 2789 multo
1570 2757 1681 2799 major,
1697 2767 1792 2798 quam
1808 2758 1862 2790 he-

1137 2803 1240 2834 roibus
1254 2803 1329 2839 illis,
1347 2801 1494 2838 Romulo,
1511 2799 1651 2835 Baccho,
1667 2804 1742 2831 cett.
1762 2800 1862 2831 conti-

1136 2845 1180 2886 git
1209 2844 1363 2882 felicitas3
1396 2842 1442 2874 illi
1464 2841 1546 2874 enim
1568 2846 1638 2884 post
1659 2847 1785 2872 mortem
1807 2842 1862 2872 de-

1134 2897 1216 2918 mum
1241 2886 1347 2918 inserti
1373 2890 1448 2916 sunt
1473 2885 1600 2915 deorum
1630 2882 1803 2921 ordinibus,
1827 2889 1861 2915 tu

1134 2940 1203 2961 vcro
1219 2929 1320 2960 adbuc
1337 2927 1441 2959 vivens
1461 2931 1494 2959 et
1515 2935 1651 2968 praesens
1668 2924 1746 2957 deus
1763 2935 1782 2956 a
1805 2935 1860 2968 po-
