1884 3288
282 209 382 249 xviii
500 206 838 249 PRAEFATIO
871 205 1200 247 EDITIONIS
1233 203 1566 246 SECUNDAE.

283 325 326 359 et
363 319 417 359 ab
457 319 569 360 omni
607 318 902 360 emendatione
943 317 1096 358 salvam
1134 323 1176 356 et
1214 316 1421 369 integram
1454 320 1658 369 praestare
1697 320 1785 356 stu-

285 396 427 436 deant.

335 472 563 526 Equidem,
585 471 773 526 quamvis
796 471 849 511 ab
871 469 1193 516 obtrectatione,
1216 469 1470 521 arrogantia,
1487 475 1531 510 et
1550 469 1653 509 rixis
1674 468 1782 517 istis,

282 563 378 602 quae
398 563 482 589 non
503 563 598 589 raro
618 549 727 588 inter
743 547 855 587 viros
876 546 1042 593 doctos,
1063 545 1282 599 praecipue
1302 544 1412 584 inter
1433 545 1614 594 criticos,
1634 544 1780 584 huma-

282 626 425 667 nitatis
451 640 579 678 saepe,
607 625 662 665 ad
689 638 814 677 quam
839 622 1091 662 conformari
1122 622 1281 662 debent
1310 622 1516 662 bonarum
1545 620 1781 662 litterarum

283 701 481 751 cultores,
521 702 643 756 plane
682 708 896 754 experteS,
941 688 1107 740 misceri
1157 698 1304 747 solent,
1346 712 1439 738 sum
1478 697 1783 748 alienissimus3

283 786 423 819 tamen
448 779 592 832 inepta
614 785 657 818 et
684 792 781 818 vere
808 775 986 817 ridicula
1007 776 1155 824 videri,
1177 791 1273 829 quae
1294 777 1348 817 de
1373 775 1780 824 commentariorum,

284 854 419 908 qualis
446 855 514 895 hic
540 869 658 895 meus
685 855 729 894 in
754 854 982 894 Horatium
1011 861 1090 902 est,
1113 853 1342 907 generibus
1368 853 1578 902 feruntur,
1604 851 1781 906 judicia,

283 931 546 972 dissimulare
575 945 660 971 non
690 945 877 984 possum.
939 930 1047 970 Sunt
1078 931 1187 970 enim
1217 930 1290 983 qui
1315 936 1506 970 veterum
1530 929 1784 982 scriptorum
1831 968 1833 971 ,
1880 939 1884 955 ¹·

282 1008 489 1048 editiones
512 1008 556 1047 in
575 1022 697 1047 usum
719 1007 902 1047 tironum
923 1007 1152 1047 adornatas
1174 1006 1329 1046 noxias
1350 1013 1392 1046 et
1405 1005 1679 1061 perniciosas
1700 1004 1782 1058 (his

283 1084 393 1124 enim
431 1083 606 1124 vocibus
646 1083 705 1124 illi
743 1091 925 1124 mentem
971 1098 1089 1125 suam
1131 1083 1389 1138 exprimunt)
1435 1098 1529 1129 esse
1580 1089 1780 1123 statuant.

282 1159 501 1213 Profecto,
538 1160 684 1199 scribit
718 1158 883 1213 aliquis,
919 1160 958 1200 si
991 1160 1055 1200 hae
1094 1160 1297 1200 editiones
1329 1160 1468 1200 onmia
1497 1160 1606 1214 ipsoe
1633 1159 1785 1214 expla-

283 1242 397 1285 nant,
421 1248 512 1290 quae
530 1236 766 1290 explanare
785 1236 1083 1290 magistrorum
1099 1243 1176 1286 est,
1197 1237 1356 1277 scholis
1367 1237 1500 1291 plane
1521 1250 1669 1277 carere
1680 1250 1784 1290 pos-

281 1319 378 1354 sunt
399 1312 612 1366 discipuli,
634 1313 790 1366 etfieri
807 1311 1111 1353 αὐτοδιδακτοι.
1162 1314 1262 1354 Non
1275 1314 1358 1354 nisi
1374 1314 1415 1354 in
1430 1314 1576 1355 schola
1585 1327 1698 1368 puer
1712 1314 1785 1354 do-

283 1390 437 1430 cendus
457 1395 530 1438 est,
554 1388 763 1443 quidquid
780 1390 866 1444 ipsi
887 1391 1106 1431 obscurum
1126 1405 1179 1430 ac
1203 1390 1375 1444 dffcile
1397 1391 1612 1431 intellectu
1624 1390 1784 1444 fuerit.

285 1468 374 1514 Qui
401 1467 484 1508 hoc
519 1467 935 1522 scripsit—(scripsit
975 1475 1115 1508 autem
1154 1468 1216 1508 vir
1256 1468 1329 1521 qui
1363 1469 1406 1508 in
1439 1466 1612 1521 publico
1642 1466 1783 1521 aliquo

284 1544 518 1598 Gymnasio
540 1543 726 1586 doctoris
747 1559 920 1585 munere
950 1544 1181 1598 sungitur);
1213 1545 1286 1598 qui
1309 1551 1501 1585 veterum
1530 1544 1785 1597 scriptorum

279 1619 502 1660 lectionem
532 1626 617 1660 tam
646 1622 837 1674 angustis
868 1628 1038 1662 coercet
1067 1629 1110 1662 et
1140 1621 1447 1661 circumscribit
1481 1620 1667 1670 finibus3
1709 1620 1784 1674 qui

279 1711 365 1736 non
385 1702 507 1736 extra
528 1697 602 1736 sed
624 1696 734 1736 intra
755 1703 917 1736 tantum
938 1696 1176 1737 scholarum
1200 1696 1342 1737 limina
1363 1703 1528 1737 veteres
1550 1697 1780 1751 scriptores

278 1772 364 1827 legi
388 1779 431 1813 et
455 1773 613 1826 exponi
635 1773 785 1826 jubet3
818 1773 891 1826 qui
911 1772 990 1813 hac
1011 1779 1127 1813 arcta
1152 1773 1387 1827 disciplinae
1416 1773 1679 1815 scholasticae
1701 1774 1780 1815 cir-

278 1849 603 1902 cumscriptione
626 1849 812 1890 fomenta
831 1858 954 1904 parat
975 1851 1158 1892 tironum
1186 1851 1365 1905 ignaviae
1385 1858 1428 1892 et
1450 1851 1682 1893 socordiae:
1715 1867 1782 1894 nae

278 1927 347 1968 ille
383 1927 548 1981 signum
578 1927 699 1979 quasi
726 1926 780 1967 ad
806 1927 1044 1968 barbariem
1072 1928 1354 1969 revocandam
1378 1927 1568 1969 extollit!
1631 1928 1780 1970 Omnis

278 2005 401 2053 enim,
433 2018 530 2057 quae
564 2003 606 2043 in
642 2002 798 2044 scholis
833 2003 974 2059 colligi
1011 2005 1155 2054 debet,
1188 2005 1394 2046 doctrinae
1429 2005 1618 2052 scientia,
1653 2021 1779 2060 quam

276 2081 469 2130 maxime,
499 2086 547 2121 ut
578 2081 716 2121 sciunt
747 2096 904 2131 omnes,
936 2082 1097 2136 pendet
1121 2097 1145 2122 a
1167 2083 1332 2136 privata
1363 2081 1668 2136 discipulorum
1687 2081 1781 2123 dili-

277 2159 432 2215 gentia.
493 2158 542 2198 In
565 2157 719 2198 scholis
747 2159 944 2211 quaedam
971 2166 1135 2200 tantum
1160 2166 1349 2200 veterum
1376 2159 1631 2213 scriptorum
1650 2160 1780 2214 parti-

277 2236 382 2279 culae
403 2234 684 2289 explicantur,
699 2234 742 2276 h.
760 2250 796 2276 e.
815 2243 967 2290 gustus
986 2243 1150 2277 tantum
1171 2236 1423 2286 dulcedinis,
1442 2253 1538 2292 quae
1558 2252 1613 2279 ex
1632 2252 1779 2279 eorum

274 2315 454 2356 lectione
476 2313 571 2367 capi
591 2319 633 2353 et
654 2313 815 2353 hauriri
836 2315 985 2367 possit,
1008 2315 1233 2364 excitatur,
1256 2329 1306 2356 eo
1327 2315 1499 2368 quidem
1520 2314 1708 2364 consilio,
1730 2323 1778 2356 ut

276 2390 473 2445 discipuli
492 2390 571 2431 hac
593 2391 714 2443 quasi
734 2391 978 2444 gustatione
999 2398 1043 2431 et
1069 2391 1331 2445 promulside
1354 2392 1540 2432 suaviter
1561 2378 1704 2432 affecti
1722 2392 1777 2432 ad

269 2470 428 2523 justam
448 2481 610 2508 coenam
631 2475 876 2520 properent,
899 2475 942 2508 et
964 2467 1205 2509 lautissimis
1223 2468 1360 2522 epulis
1369 2469 1579 2523 privatim
1595 2468 1776 2509 animum

274 2551 450 2599 pascant
475 2550 517 2584 et
540 2551 801 2585 exsaturent.
863 2545 1120 2599 Quicunque
1151 2546 1280 2600 igitur
1312 2547 1516 2600 privatam
1546 2544 1776 2599 discipulo-

274 2637 380 2670 rum,
411 2622 624 2674 praecipue
649 2636 794 2662 eorum
824 2623 897 2676 qui
924 2625 1113 2664 nondum
1144 2624 1233 2663 sine
1261 2624 1419 2664 cortice
1445 2629 1591 2663 natare
1615 2622 1775 2663 didice-

273 2706 387 2747 runt,
409 2697 667 2751 diligentiam
687 2707 877 2740 veterum
900 2701 1154 2754 scriptorum
1174 2701 1450 2749 editionibus,
1472 2697 1774 2747 commentario

272 2775 503 2824 instructis,
540 2777 689 2829 juvare
729 2784 771 2818 et
811 2784 1050 2819 sustentare
1092 2778 1280 2827 student,
1320 2777 1514 2831 profecto
1553 2789 1638 2816 non
1683 2789 1774 2816 rem

272 2853 443 2893 noxiam
471 2858 513 2892 et
536 2854 822 2905 perniciosam
846 2854 909 2906 (ut
939 2855 1002 2896 vir
1031 2856 1170 2898 bonus
1200 2854 1270 2896 ille
1301 2853 1507 2906 autumat)
1539 2852 1771 2907 suscipere,
