1884 3288
699 190 924 234 LIBER
955 191 1039 242 IV,
1071 193 1112 233 7.

1594 197 1674 238 221

251 294 364 343 Quis
387 294 483 344 scit,
504 309 560 336 an
581 292 789 349 adjiciant
807 291 1036 334 hodiernae
1057 294 1248 335 crastina
1268 308 1446 337 summae

309 362 532 418 Tempora
553 359 617 402 Di
638 361 788 416 superi
803 361 820 401 ’ζ

251 431 423 473 Cuncta
442 443 594 471 manus
614 428 763 470 avidas
783 427 954 484 fugient
975 427 1180 480 haeredis,
1203 430 1340 472 amico

162 498 220 540 20
309 497 425 546 Quae
444 496 620 539 dederis
642 497 799 539 animo.

251 566 402 616 Quum
421 564 554 607 semel
574 565 803 615 occideris,
826 571 871 607 et
891 564 947 607 de
969 571 1012 607 te
1035 564 1269 620 splendida
1291 565 1438 609 Minos

292 655 295 658 ⁴
306 635 368 677 Fe
374 634 483 677 cerit
503 634 685 676 arbitria
699 651 709 685 ς

249 703 368 754 Non,
391 702 637 758 Torquate,
659 717 814 758 genus,
836 717 924 745 non
945 710 987 744 te
1009 701 1228 754 facundia,
1252 718 1340 745 non
1362 711 1404 746 te

309 770 537 813 Restituet
557 771 714 827 pietas.

147 840 220 882 *25
248 837 436 881 Infernis
457 854 600 895 neque
621 840 736 882 enim
757 840 952 881 tenebris
977 839 1123 881 Diana
1143 839 1355 895 pudicum

310 907 493 951 Liberat
514 907 809 964 Hippolytum
829 925 838 950 ε

247 976 348 1020 Nec
370 976 555 1020 Lethaea
574 976 689 1019 valet
709 976 916 1020 Theseus
938 978 1202 1033 abrumpere
1224 992 1327 1020 caro

306 1045 498 1089 Vincula
519 1045 734 1088 Pirithoo.

134 1147 332 1180 obversatus
347 1153 452 1180 autem
470 1148 603 1180 Horatio
623 1149 708 1180 haud
722 1148 822 1186 dubie
838 1155 887 1181 est

133 1191 304 1223 Lucretius
318 1190 366 1227 iii,
377 1192 473 1229 1038,
488 1191 623 1223 Lumina
635 1194 676 1224 sis
689 1194 783 1224 oculis
794 1195 886 1225 etiam

135 1235 230 1266 bonus
255 1233 358 1266 Ancu’
387 1236 526 1277 reliquit,
557 1236 620 1270 Qui
651 1237 756 1267 melior
781 1237 887 1267 maltis

133 1289 227 1319 quam
253 1284 291 1309 tu
310 1278 396 1320 fuit,
420 1279 565 1318 improbe,
590 1280 698 1310 rebus:
728 1279 803 1311 Inde
830 1281 887 1310 alii

133 1321 228 1352 multi
240 1331 335 1363 reges,
349 1332 510 1362 rerumque
527 1327 660 1361 potentes
684 1322 885 1358 Occiderant,

133 1365 255 1406 magnis
271 1366 324 1406 qui
339 1365 483 1406 gentibus
502 1366 732 1404 imperitarunt.
778 1366 887 1396 Pulv1's

133 1413 165 1439 et
175 1409 285 1438 umbra
295 1418 416 1439 summ.-
436 1406 635 1439 notissimum
647 1407 783 1439 estillud
795 1408 887 1439 Ana-

133 1449 272 1482 creontis
286 1450 348 1494 (iV,
368 1450 422 1489 9,)
443 1451 546 1493 ὀλίγη
565 1450 659 1489 κόνις
677 1451 887 1494 κεισόμεσθα.

138 1493 240 1529 Ovid2
254 1494 340 1526 Met.
354 1493 422 1531 viii.
440 1495 515 1532 496,
534 1494 586 1525 Vos
601 1496 678 1526 cinis
691 1497 820 1536 exiguus
833 1507 887 1538 ge-

136 1537 410 1579 lidaequejacebitis
420 1539 551 1568 umbrae:
591 1537 661 1569 lura
672 1537 705 1570 in
719 1538 801 1570 hanc
816 1549 888 1570 sen-

136 1579 271 1612 tentiam
285 1580 349 1612 vid.
365 1579 450 1623 apud
465 1580 564 1611 Mitsc
590 1603 598 1611 .

183 1623 324 1655 17—20.
349 1623 492 1655 Crastina
507 1623 665 1663 Tempora,
679 1622 764 1655 diem
778 1623 889 1655 crasti-

137 1676 236 1704 num;
250 1667 404 1698 hodierne
414 1678 545 1704 summae,
557 1666 693 1704 dierum,
706 1677 786 1708 quos
798 1666 892 1699 hodie

97 1748 101 1750 V
137 1709 316 1752 exegimus,
330 1719 461 1742 numero
474 1721 481 1740 :
499 1712 568 1741 vitae
583 1721 697 1741 summa
710 1711 806 1741 brevis
821 1720 893 1753 sup.

138 1752 163 1790 i,
184 1754 217 1790 ⁴,
239 1753 292 1790 15,
310 1753 432 1785 Auacr.
457 1763 508 1790 xv,
530 1754 551 1784 9
577 1763 647 1795 sqq.
674 1754 719 1785 Τὸ
745 1751 892 1794 σήμερον

137 1794 232 1837 μέλει
260 1808 330 1838 μοι,
357 1797 400 1828 Τὸ
430 1795 457 1828 δ’
488 1796 607 1838 αὔριον
638 1797 689 1834 τίς
715 1795 813 1828 οἶδεν·
842 1796 893 1828 Cl.

139 1838 278 1872 Mitseh.
301 1838 336 1871 in
359 1839 443 1872 hanc
467 1839 658 1871 sententiam
683 1838 794 1870 laudat
815 1839 891 1870 Pal·

139 1881 205 1914 lad.
218 1882 334 1927 xxix.)
352 1895 360 1922 ;
377 1882 512 1915 Anthol.
528 1883 634 1914 Graec.
646 1883 684 1914 T.
698 1882 746 1918 iii,
760 1894 791 1925 p.
807 1883 867 1913 121
882 1894 890 1920 ;

141 1925 304 1958 Theocrit.
322 1926 388 1965 xvi,
403 1928 466 1964 24;
490 1925 685 1958 Callimach.
707 1926 769 1968 Ep.
790 1936 841 1961 xv,
861 1927 891 1957 1.

144 1968 266 2001 Cuncta
278 1981 387 2001 manus
397 1971 503 2001 avidus
502 1969 637 2012 fugient
649 1970 786 2004 heredis,
797 1970 893 2000 amico

144 2011 220 2048 Quae
233 2014 352 2044 dederis
363 2015 477 2045 animo.
522 2012 628 2043 Hodie
648 2010 743 2054 igitur
758 2012 823 2043 vita
838 2017 894 2043 tua

141 2053 258 2093 fruere,
283 2055 401 2088 haeredi
425 2055 511 2088 enim
535 2055 630 2087 tolles
655 2065 694 2087 ea
718 2055 835 2090 omnia.
859 2055 893 2086 in

142 2097 261 2141 quibus
274 2098 488 2142 percipiendis
501 2098 570 2141 ipse
585 2098 691 2130 animo
708 2104 763 2130 tuo
775 2109 892 2131 morem

143 2142 301 2184 gesseris:
325 2143 367 2176 cf.
395 2153 470 2186 sup.
495 2141 530 2180 ii,
556 2143 590 2178 3,
615 2142 670 2177 20,
695 2141 731 2178 ii,
759 2143 811 2178 14,
839 2144 893 2173 25.

142 2185 250 2218 Amico
267 2186 343 2222 Quoe
357 2188 476 2219 dederis
492 2186 604 2216 animo.
648 2186 759 2216 Animo
773 2187 894 2227 aliquid

143 2228 328 2304 ἀαηὲψυχ
338 2231 354 2239 “““
367 2241 402 2262 τι
416 2228 546 2264 δοῦναι,
563 2228 783 2270 χαρίζεσθαι)
801 2229 833 2259 in
850 2229 894 2260 rei

143 2270 219 2314 cuju
259 2282 309 2304 am
344 2278 436 2304 ructu
456 2272 520 2303 sibi
542 2271 720 2313 indulgere.
736 2272 895 2304 destinare

141 2313 207 2347 sibi
223 2315 346 2358 aliquid
359 2315 599 2359 percipiendum
613 2327 621 2354 ;
643 2317 751 2351 amico,
766 2315 892 2351 Graece,

142 2357 243 2434 2233
264 2369 328 2434 1¹32}
351 2359 596 2445 {Ziffi'ssbriffi's
621 2359 898 2444 ἑξῑὲῗὲῗὲῗέῗέἶ

143 2444 223 2478 certi
236 2445 336 2482 lxxxi,
348 2445 382 2477 in
393 2445 532 2478 Anthol.
546 2445 650 2477 Graec.
667 2445 707 2476 T.
721 2445 762 2481 iv,
777 2455 808 2487 p.
824 2446 896 2483 134,

144 2487 230 2531 quod
249 2493 350 2521 toturn
372 2489 406 2521 in
424 2488 563 2521 tironum
586 2486 719 2530 gratiam
739 2499 897 2531 apponere

139 2530 254 2574 juvat:
274 2533 360 2566 Πῖνε
372 2534 429 2566 καὶ
443 2531 639 2575 εὐφραίνου.
654 2532 686 2563 τί
698 2532 766 2575 γὰρ
779 2532 899 2574 αὔριον

145 2574 169 2615 ἢ
181 2574 214 2608 τί
223 2575 262 2608 τὸ
269 2574 419 2619 lainam
433 2575 543 2614 οὐδεῖς
552 2575 718 2618 γινώσκει.
730 2576 778 2618 μὴ
790 2575 898 2617 τρέχε,

144 2618 191 2662 μή
205 2620 323 2652 noria-
338 2620 384 2658 ὡς
398 2619 560 2659 δύνασαι,
574 2618 726 2670 χάρισαι,
739 2618 899 2674 μετᾴδοᾶς,

146 2660 245 2739 &⁶322
262 2663 603 2749 gradieris&
613 2663 852 2746 {2'21'022‘3125

145 2746 375 2826 ῥοπήέιόνον.
388 2751 435 2783 ἂν
447 2749 639 2792 προλάβῃς,
650 2751 724 2781 σοῦ·
735 2749 781 2781 ἂν
793 2748 826 2781 δὲ
839 2749 899 2781 θά-

147 2803 224 2836 νῃς.
256 2792 353 2836 ripen
370 2793 502 2829 πάντα,
518 2795 560 2826 σὺ
577 2792 604 2824 δ’
621 2791 722 2824 οὐδὲν
734 2792 835 2834 ἔχεις.

189 2836 333 2869 21—28.
358 2837 462 2873 Quum
475 2838 563 2869 semel
577 2837 733 2872 occideris,
749 2841 827 2868 cett.
852 2836 898 2868 Te

146 2879 247 2912 semel
268 2885 428 2912 mortuum
455 2879 539 2912 nihil
563 2878 706 2916 omnino,
729 2889 770 2910 ne
791 2878 900 2910 divina

147 2921 278 2965 quidem
293 2923 435 2956 numinis
448 2922 618 2966 eujusdam
634 2922 788 2965 potentia,
802 2922 836 2953 in
852 2922 898 2954 vi-

149 2969 216 3001 Μ
233 2976 381 3000 revocare
401 2972 516 3010 potest.
563 2966 605 2998 Et
625 2968 662 2998 de
685 2972 714 2997 te
737 2966 899 3006 splendida

107 3016 113 3020 ’
151 3006 253 3042 Minoa
268 3009 389 3043 Fecerit
403 3011 550 3048 arbitria,
563 3015 597 3042 et
611 3009 723 3042 Minos
741 3008 775 3040 in
791 3009 899 3052 splen-

930 1149 1004 1182 dido
1016 1150 1163 1193 judicum
1182 1159 1335 1182 consessu
1347 1155 1379 1182 et
1392 1150 1544 1182 tribunali
1560 1161 1618 1182 suo
1630 1152 1686 1194 jus

929 1192 970 1225 de
996 1199 1027 1226 te
1056 1194 1193 1227 dixerit:
1217 1195 1350 1225 arbitria
1367 1193 1492 1235 facere,
1518 1204 1585 1237 pro,
1611 1205 1683 1228 sen-

931 1237 1063 1269 tentiam
1079 1237 1111 1268 in
1125 1237 1251 1280 judicio
1270 1237 1479 1279 pronunciare
1492 1249 1502 1276 3
1524 1239 1686 1278 splendida

931 1280 1013 1311 refer
1029 1281 1070 1312 ad
1085 1287 1249 1313 externum
1266 1280 1479 1322 splendorem,
1497 1291 1560 1323 quo
1576 1281 1685 1314 Minos

931 1322 963 1354 in
988 1323 1142 1355 tribunali
1167 1334 1225 1355 suo
1250 1324 1365 1355 sedens
1383 1323 1543 1365 judicium
1566 1324 1685 1357 habere

931 1365 1079 1407 fingitur3
1105 1366 1153 1398 uti
1166 1366 1251 1410 apud
1267 1367 1411 1408 Propert.
1427 1366 1471 1402 iv,
1487 1369 1540 1401 11.
1555 1368 1595 1399 19
1610 1379 1684 1411 sqq.

931 1408 974 1440 cf.
1000 1410 1092 1452 Virg.
1122 1411 1202 1441 AEn.
1228 1409 1273 1444 vi.
1300 1411 1384 1447 4323
1410 1410 1539 1442 Homer.
1567 1410 1686 1453 Odyss.

933 1451 976 1488 xi,
992 1453 1069 1484 568.
1107 1453 1212 1484 Genus
1223 1466 1232 1483 .·
1258 1452 1333 1484 hinc
1351 1453 1428 1484 Hor.
1442 1463 1515 1495 sup.
1529 1453 1563 1490 ii,
1577 1455 1610 1490 3,
1626 1455 1682 1492 21,

933 1495 1065 1527 Divesne
1090 1499 1190 1536 prisco
1216 1503 1308 1527 natus
1335 1498 1374 1527 ab
1400 1496 1527 1532 Inacho,
1554 1496 1612 1528 Nil
1637 1499 1686 1529 in-

932 1545 1040 1570 terest:
1064 1540 1108 1571 cf.
1125 1539 1159 1578 ii,
1179 1541 1231 1576 14.
1252 1541 1304 1575 11,
1321 1545 1353 1571 et
1367 1539 1402 1575 ii.
1422 1540 1475 1576 18,
1492 1541 1546 1571 34.
1576 1540 1685 1584 Repe-

933 1582 1020 1614 tebat
1040 1593 1154 1625 nempe
1172 1584 1352 1625 Torquatus
1374 1583 1529 1624 originem
1550 1593 1642 1615 suam
1669 1595 1688 1616 a

933 1625 1060 1656 Manlio
1072 1627 1245 1669 Torquato,
1259 1626 1326 1657 viro
1342 1626 1375 1656 iu
1391 1626 1522 1657 historia
1539 1626 1690 1659 Romana

935 1668 1200 1700 celebratissimo:
1226 1668 1291 1700 vid.
1307 1668 1380 1700 Liv.
1395 1669 1451 1704 vii,
1471 1671 1523 1700 10.
1569 1670 1688 1707 Pietas,

937 1711 1020 1746 Non,
1043 1718 1076 1742 ut
1094 1722 1167 1754 sup.
1194 1712 1273 1743 Hor.
1295 1711 1330 1747 ii,
1353 1712 1404 1748 14,
1424 1714 1444 1743 5
1470 1711 1560 1749 dicit,
1581 1715 1605 1744 si
1625 1720 1688 1745 tre-

935 1757 1028 1790 cenis,
1044 1761 1186 1795 quotquot
1204 1761 1278 1785 eunt
1297 1756 1371 1790 dies,
1388 1755 1505 1790 Amice,
1519 1757 1619 1796 places
1638 1759 1687 1788 in-

937 1797 1154 1829 lacrimabilem
1202 1798 1339 1828 Plutona
1383 1800 1495 1829 tauris.
1550 1799 1691 1841 Infernis

937 1851 1032 1882 neque
1045 1843 1126 1872 enim
1139 1841 1268 1872 tenebris
1283 1841 1389 1871 Diana
1400 1843 1546 1881 pudicum
1562 1842 1691 1874 Liberat

938 1883 1156 1926 Hippolytum,
1177 1894 1250 1914 nam
1275 1894 1315 1914 ne
1336 1883 1408 1926 ipsa
1432 1885 1540 1916 Diana
1559 1885 1688 1927 quidem

938 1926 1091 1969 pudicum
1122 1927 1328 1969 Hippolytum
1356 1927 1390 1958 in
1417 1926 1514 1958 vitam
1542 1938 1690 1961 revocare

937 1970 1050 2012 potuit.
1095 1971 1147 2002 De
1172 1970 1359 2012 Hippolyto,
1378 1970 1493 2002 Thesei
1511 1971 1690 2004 Athenien-

937 2012 1018 2044 sium
1035 2013 1118 2054 regis
1135 2013 1212 2050 filio,
1231 2013 1344 2044 frustra
1364 2023 1383 2044 a
1399 2023 1535 2045 noverca
1557 2015 1693 2047 Phaedra

938 2057 979 2087 ad
994 2057 1151 2088 incestum
1168 2066 1306 2088 amorem
1322 2056 1472 2099 pellecto,
1487 2056 1554 2088 vid.
1569 2059 1691 2100 Hygia.

939 2099 1018 2131 Fab.
1055 2099 1143 2136 xlvii,
1177 2105 1209 2132 et
1243 2099 1287 2130 ibi
1321 2100 1501 2141 Interprett.
1546 2101 1693 2134 Devotus

938 2153 1052 2186 nempe
1082 2143 1147 2185 Hip
1171 2143 1278 2185 olytus
1308 2153 1327 2173 a
1357 2148 1457 2185 patre,
1487 2144 1572 2186 apud
1596 2155 1693 2187 quem

938 2185 1019 2217 falso
1031 2196 1050 2218 a
1063 2186 1141 2218 Phae
1167 2197 1199 2218 ra
1211 2186 1358 2217 intentati
1373 2189 1474 2228 stupri
1486 2186 1694 2220 insimulatus

938 2229 1052 2267 fuerat,
1068 2239 1141 2261 cum
1158 2229 1200 2261 ad
1215 2229 1293 2260 litus
1309 2229 1403 2260 maris
1426 2240 1555 2262 currum
1574 2238 1693 2274 ageret,

937 2273 1029 2315 equis
1051 2273 1159 2304 subito
1177 2272 1291 2304 marini
1307 2273 1441 2303 monstri
1464 2273 1594 2306 incursu
1617 2285 1694 2306 con-

938 2316 1087 2348 sternatis
1100 2322 1244 2359 raptatus
1267 2327 1304 2347 ac
1330 2315 1510 2359 discerptus
1523 2327 1592 2349 esse
1613 2318 1695 2351 dici.

939 2364 1003 2392 tur.
1050 2360 1201 2401 Sequitur
1231 2365 1337 2391 autem
1365 2360 1518 2391 Horatius
1543 2362 1693 2393 vetustio-

939 2413 1004 2434 rem
1030 2403 1242 2435 narrationem
1266 2413 1387 2440 eorum,
1403 2403 1459 2445 qui
1481 2403 1622 2435 Dianam
1645 2405 1694 2436 di-

940 2445 1016 2478 lecti
1043 2446 1104 2478 sibi
1131 2446 1222 2489 pueri
1246 2452 1379 2478 mortem
1406 2446 1526 2479 luxisse
1549 2447 1692 2490 quidem,

941 2489 997 2522 sed
1026 2489 1228 2532 neutiquam¹
1256 2490 1342 2531 quod
1367 2490 1581 2522 recentiorum
1607 2502 1695 2523 com·

942 2538 1086 2564 mentum
1102 2538 1163 2569 est,
1179 2544 1219 2564 ex
1238 2532 1350 2564 inferis
1365 2543 1436 2564 eum
1452 2533 1628 2570 reduxisse.
1644 2536 1695 2567 vel

942 2576 984 2607 ab
1017 2575 1210 2619 AEsculapio
1239 2576 1462 2608 resuscitatum
1494 2577 1555 2608 sub
1590 2577 1697 2610 Virbii

943 2619 1071 2652 nomine
1093 2619 1127 2651 in
1150 2630 1278 2651 nemore
1300 2619 1435 2652 Aricino
1457 2621 1698 2654 abscondidisse

945 2663 1085 2694 tradunt.
1131 2663 1307 2694 Pudicam:
1332 2663 1405 2695 hinc
1437 2664 1524 2706 apud
1551 2665 1695 2708 Propert-

943 2705 989 2742 ἰν,
1008 2708 1041 2744 5,
1068 2709 1100 2743 5,
1119 2705 1159 2738 de
1183 2706 1258 2738 lena
1281 2705 1404 2748 aliqua,
1422 2707 1522 2739 Docta
1546 2709 1592 2739 vel
1613 2709 1696 2749 Hip-

940 2751 1082 2791 polytum
1115 2750 1224 2781 Veneri
1253 2751 1372 2781 mollire
1401 2758 1573 2793 negantem.
1631 2752 1697 2783 Nec

945 2793 1068 2825 Lethaea
1083 2793 1163 2824 valet
1182 2794 1320 2828 Theseus,
1335 2798 1413 2824 cett.
1460 2794 1530 2826 Nec
1553 2794 1697 2826 Theseus

942 2836 1078 2868 amicum
1103 2847 1198 2868 suum
1219 2836 1396 2868 Pirithoum
1422 2846 1439 2867 a
1460 2837 1609 2873 vinculis,
1624 2838 1696 2879 qui-

942 2879 1004 2911 bus
1019 2890 1038 2911 a
1056 2879 1194 2912 Plutone
1214 2880 1302 2911 saxis
1319 2879 1467 2921 alligatus
1484 2880 1517 2911 in
1534 2882 1620 2911 Orco
1642 2891 1695 2911 co-

944 2922 1080 2960 hibetur,
1104 2923 1239 2955 liberare
1264 2923 1360 2954 valet.
1406 2923 1459 2955 De
1485 2923 1627 2954 Pirithoo
1654 2923 1696 2954 cf.

943 2976 1014 3009 sup.
1028 2967 1068 2999 ad
1084 2966 1130 3002 iii,
1147 2968 1178 3003 4,
1196 2967 1250 2998 80.
1283 2965 1392 3006 Vulgo
1409 2967 1537 3008 quidem
1554 2966 1697 2997 Theseus

944 3020 1011 3041 una
1033 3021 1107 3042 cum
1130 3009 1286 3046 Pirithoo,
1305 3018 1445 3050 quocum
1469 3008 1508 3039 ad
1531 3008 1697 3050 Proserpi-
