1884 3288
693 221 922 266 LIBER
953 223 990 275 I,
1019 224 1062 266 9.
1595 222 1648 264 19

445 323 575 365 Silvae
594 321 860 374 laborantes,
881 323 1072 380 geluque

500 390 700 433 Flumina
721 392 995 434 constiterint
1017 398 1161 434 acuto.

325 460 354 501 5
383 458 587 502 Dissolve
607 459 762 516 friguS,
783 459 901 515 ligna
922 474 1055 516 super
1076 459 1176 502 foco

386 526 532 582 Large
552 541 770 583 reponens
787 545 797 579 3
830 533 961 582 atque
981 528 1214 584 benignius

441 595 665 651 Deprome
687 596 963 651 quadrimum
985 595 1162 646 Sabina,

500 663 543 705 O
565 663 849 713 Thaliarche,
872 678 1039 705 merum
1061 664 1196 706 diota.

385 730 596 774 Permitte
619 731 745 773 Divis
767 738 940 774 cetera:
974 732 1051 787 qui
1072 731 1199 773 simul

302 799 356 840 10
386 798 590 842 Stravere
611 806 764 842 ventos
786 815 964 855 aequore
986 799 1154 842 fervido

202 1362 227 1375 ·
386 1343 583 1385 Morosa.

325 1612 528 1646 CARMEN
552 1614 617 1646 IX.

139 1654 230 1689 Vitae
240 1655 323 1688 illud
335 1659 543 1700 praeceptum,
555 1661 618 1688 tam
630 1667 717 1699 saepe
729 1667 748 1688 a
761 1657 847 1688 Nos-

19 1715 25 1733 z
94 1699 342 1748 trorepefflum,
359 1705 394 1731 ut
415 1699 456 1732 de
477 1701 573 1731 rebus
596 1699 712 1731 futuris
738 1710 850 1742 parum

95 1741 226 1774 nolliciti
252 1753 514 1786 unumquemque
537 1753 557 1774 a
581 1742 723 1774 Fortuna
757 1743 850 1774 nobis

96 1791 285 1818 eoncessum
304 1785 389 1818 diem
408 1785 550 1817 hilariter
568 1785 793 1827 transigamuS,
814 1785 847 1816 in

96 1826 159 1879 ¹⁵⁹9
177 1830 506 1910 qfk‘ss‘liissssa‘fflffuss
515 1828 850 1914 ι’ξᾶΐὲεξουξοζέκζῖὶί

95 1913 189 1947 haret
201 1914 392 1958 tristitiaque
412 1915 552 1947 afficeret
566 1914 741 1953 animum),
762 1924 849 1945 com-

30 1993 34 1996 Α
96 1956 239 1990 mendat.
267 1958 349 1990 Erat*
355 1963 423 1990 tum
437 1957 558 1996 hiems;
575 1957 630 1989 sed
642 1967 700 1989 nec
712 1957 848 1989 hiemem

95 1999 171 2032 vite
179 1999 438 2042 jucunditatibus
447 2001 570 2038 obesse,
581 1999 733 2032 ostendit.
750 2001 847 2031 Mon-

40 2073 45 2085 ,1
99 2042 182 2076 tium
194 2043 303 2086 igitur,
319 2043 484 2080 silvarum,
499 2049 532 2075 et
546 2043 712 2075 fluminum
731 2043 802 2075 nive
816 2047 849 2075 et

20 2101 22 2105 ’
97 2084 203 2129 ςῐισίο
210 2086 410 2119 obtectorum
418 2086 559 2119 suaviter
569 2086 758 2118 adumbrata
769 2086 848 2117 ima-

22 2135 41 2162 ,’
66 2155 67 2158 ,
97 2129 186 2172 gille,
207 2128 567 2171 Thaliarchum‚'lignis
588 2139 682 2172 super
704 2129 775 2161 foco
795 2139 849 2161 ac-

29 2186 44 2200 c
97 2172 215 2209 censis,
241 2171 343 2215 frigus
364 2172 534 2211 discutere,
554 2172 666 2203 vinum
689 2177 848 2204 vetustum

19 2226 42 2249 .;ῑ
86 2213 292 2260 depromere,
316 2221 432 2248 sortem
459 2216 596 2247 suturam
619 2215 679 2246 diis
700 2214 847 2247 commit-

26 2278 61 2304 ,χ
98 2261 178 2294 me,
201 2257 360 2303 quidquid
386 2257 473 2291 boni*
489 2258 626 2300 quisque
648 2258 717 2290 dies
739 2258 851 2290 offerat

32 2303 67 2317 ‘⁷'
87 2301 216 2379 ·me
242 2301 405 2346 amplecti,
427 2307 461 2334 et
485 2302 635 2344 juvenili,
663 2301 739 2333 dum
762 2302 848 2338 licet,

44 2355 47 2363 ²
75 2378 80 2383 ,
207 2344 375 2382 fruentem,
386 2344 558 2382 amoribus,
571 2344 808 2380 saltationibus,
819 2350 851 2376 et

32 2397 66 2434 ,ᾗ
91 2385 224 2430 4ἱιῧιῖιίιε
250 2387 419 2431 indulgere
446 2388 552 2432 jubet.
608 2389 693 2420 Cum
722 2387 850 2419 initium

47 2427 211 2511 Δ,Ἇιιιὲι
223 2430 373 2464 carminis
399 2442 438 2464 ex
473 2431 579 2463 Alcaei
610 2433 735 2473 Fragm.
764 2431 851 2473 apud

35 2478 58 2517 jz·
80 2494 87 2510 ⁴,
142 2513 146 2516 ι
212 2495 222 2506 .
236 2485 270 2511 x.
286 2475 327 2514 83
349 2475 436 2517 quod
451 2474 503 2507 Cl.
520 2475 705 2507 Hermanno
720 2473 760 2505 de
777 2475 851 2506 Me-

48 2539 57 2558 4
97 2515 166 2562 tlh,
181 2527 216 2561 p.
229 2517 307 2556 688,
321 2517 368 2551 ita
382 2517 644 2550 constituendum
656 2516 800 2549 videtur:

37 2570 76 2631 J'jj}
126 2572 282 2626 {Tauaka
293 2582 312 2616 ὁ
328 2584 422 2622 Ζεὺς,
435 2582 470 2615 ἐκ
486 2582 513 2614 δ’
529 2582 645 2626 ὀρανῶ
659 2580 769 2625 μέγας

46 2643 59 2665 11
126 2626 291 2669 ,Χειμῶν
306 2626 509 2669 πεπάγασιν
524 2625 550 2657 δ’
567 2625 700 2658 ὑδάτων
717 2624 805 2668 ῥοαί.

43 2759 55 2767 ”
73 2755 104 2791 Ἄ,
123 2754 337 2798 *Κάββαλλε
354 2756 417 2788 τὸν
433 2753 580 2798 χειμῶν’,
595 2754 652 2786 ἐπὶ
668 2754 732 2796 μὲν
747 2755 850 2793 τιθεὶς

72 2835 77 2838 ,
87 2799 102 2835 ᾖ
129 2797 236 2843 alep,
249 2797 287 2831 ἐν
303 2796 338 2831 δὲ
353 2799 487 2842 κέρναις
501 2798 598 2830 οἶνον
613 2796 771 2840 ἀφειδέως

52 2847 134 2888 -jsjgsss
148 2863 157 2867 »ν
186 2842 374 2885 Πελιχρόν·
390 2842 501 2884 αὐτὰρ
517 2841 602 2884 ἀμφὶ
617 2840 722 2884 κόρσᾳ

232 2885 424 2918 Μδλθακὸν
439 2884 736 2928 ὰμφιγνόφαλλον·

60 2984 217 3085 [m
230 3003 414 3037 expressum
435 2993 495 3033 sit3
524 2994 655 3025 fortasse
677 2993 711 3024 in
734 2992 860 3036 reliqua

32 3077 36 3078 ⁷
217 3035 339 3079 ehujns
346 3036 498 3069 carminis
507 3042 596 3080 parte
609 3035 764 3069 Horatius
773 3037 859 3079 ejus-

411 870 419 875 *
447 867 792 923 Deproeliantes,
814 882 896 910 nec
918 869 1117 923 cupressi

420 941 447 949 '
501 934 600 977 Nec
620 942 790 977 veteres
812 936 1034 991 agitantur
1055 936 1164 978 orni.

387 1003 510 1051 Quid
532 1003 587 1045 sit
608 1002 804 1046 futurum
825 1018 936 1054 cras,
960 1003 1063 1060 fuge
1083 1019 1308 1059 quaerere:
1341 1011 1386 1046 et

384 1070 529 1118 Quem
550 1071 660 1113 Fors
681 1072 852 1114 dierum
873 1087 1058 1128 cumque
1080 1073 1219 1123 dabit,
1240 1072 1363 1115 lucro

304 1139 356 1180 15
444 1137 663 1194 Appone:
696 1154 776 1182 nec
798 1139 949 1182 dulces
971 1155 1139 1183 amores

504 1207 673 1263 Sperne
694 1222 820 1263 puer,
842 1223 986 1264 neque
1008 1216 1057 1250 tu
1079 1209 1260 1251 choreas
1278 1226 1288 1260 ;

387 1275 547 1318 Donec
569 1276 726 1317 virenti
746 1276 926 1319 canities
949 1278 1076 1319 abest

646 1343 781 1385 Nunc
802 1351 846 1386 et
868 1344 1059 1400 Campus
1079 1352 1123 1386 et
1143 1360 1270 1396 areae,

445 1410 681 1467 Lenesque
704 1413 786 1454 sub
808 1420 979 1455 noctem
1001 1413 1171 1455 susurri

295 1479 354 1522 20
501 1479 756 1536 Composita
776 1488 1034 1536 repetantur
1054 1481 1162 1523 hora
1179 1498 1188 1523 ε

891 1615 962 1646 dem
988 1618 1088 1658 poetae
1111 1612 1252 1655 vestigiis
1269 1611 1397 1644 institit.
1442 1611 1517 1644 Nisi
1540 1612 1567 1643 T
1566 1613 1646 1643 hali-

891 1659 1004 1689 archns
1031 1667 1146 1688 nomen
1174 1657 1295 1693 fictum,
1327 1661 1359 1687 et
1388 1660 1490 1687 totum
1518 1665 1645 1688 carmen

893 1710 980 1733 mera
995 1700 1102 1732 Aleaei
1127 1699 1262 1731 imitatio
1283 1704 1342 1736 est,
1368 1699 1548 1735 Horatium,
1570 1709 1646 1730 cum

894 1743 955 1775 hoc
972 1753 1100 1774 carmen
1117 1743 1278 1777 scriberet,
1297 1742 1331 1772 in
1345 1741 1537 1778 Thaliam-hi,
1555 1740 1647 1772 nobi-

893 1786 980 1818 lioris
995 1786 1165 1828 cujusdam
1181 1786 1312 1816 fortasse
1329 1784 1471 1826 juveniS,
1487 1784 1565 1815 villa
1581 1793 1646 1815 non

893 1829 1006 1872 procul
1031 1834 1138 1860 monte
1162 1829 1286 1860 Soracte
1312 1827 1346 1858 in
1370 1827 1508 1859 Faliscis
1535 1827 1646 1865 fuisse,

893 1872 1057 1915 probabile
1072 1877 1132 1903 est.

942 1917 1035 1946 1—4.
1060 1915 1136 1951 Stet,
1154 1913 1188 1945 h.
1205 1923 1235 1945 e.
1253 1923 1287 1945 se
1307 1913 1446 1949 attollat,
1467 1912 1644 1949 immineat,

892 1968 949 2001 pro
966 1957 1099 2000 vulgari,
1116 1957 1168 1988 sit.
1209 1957 1332 1987 Soracte
1355 1956 1388 1987 in
1408 1966 1483 1998 agro
1502 1956 1644 1987 Falisco-

893 2011 976 2038 rum,
992 2011 1079 2032 nunc
1102 2001 1208 2031 Monte
1230 2001 1264 2030 di
1287 1999 1321 2031 S.
1344 2000 1500 2030 silvestro.
1545 1999 1646 2030 Labo-

892 2051 996 2076 rantes
1006 2044 1169 2085 eleganter
1179 2042 1332 2074 dicuntur
1341 2042 1494 2073 silvarum
1507 2042 1646 2077 arbores,

893 2098 967 2129 quae
996 2087 1078 2118 nivis
1104 2095 1198 2118 onere
1222 2086 1268 2117 ita
1293 2085 1526 2128 deprimuntur,
1553 2090 1590 2116 ut
1616 2084 1646 2117 ei

893 2130 1080 2162 sustinendo
1097 2129 1149 2160 vix
1166 2138 1259 2172 pares
1273 2129 1350 2164 sint,
1365 2128 1396 2160 ei
1411 2127 1642 2160 succumbant:

893 2174 939 2205 sic
965 2175 1067 2210 Atlas,
1092 2172 1146 2203 vix
1171 2171 1310 2203 humeris
1330 2171 1493 2203 sustinens
1511 2171 1646 2208 coelum,

893 2218 1035 2248 labor-are
1051 2215 1137 2258 apud
1157 2214 1255 2247 Ovid.
1272 2216 1354 2246 Met.
1372 2214 1407 2250 ii,
1427 2215 1515 2253 2963
1537 2219 1570 2246 et
1583 2226 1646 2246 res-

892 2261 1017 2300 publica
1042 2259 1194 2296 Romuna,
1218 2267 1283 2300 prae
1307 2258 1406 2290 nimia
1427 2257 1646 2299 magnitudine

893 2303 948 2334 vix
962 2302 1101 2345 amplius
1112 2312 1145 2333 se
1160 2306 1285 2337 tenenS,
1299 2303 1516 2342 magnitudine
1527 2311 1583 2331 sua
1597 2302 1644 2331 la-

894 2347 1001 2377 borm-e
1014 2344 1105 2376 Livio
1117 2344 1150 2375 in
1165 2344 1325 2376 Prooemio
1339 2343 1469 2376 dicitur.
1494 2344 1647 2375 Constite-

894 2391 972 2426 τίνει,
985 2388 1088 2430 glacie
1103 2398 1217 2430 nempe
1230 2397 1286 2430 per
1301 2397 1373 2420 acre
1389 2387 1464 2429 gelu
1480 2387 1646 2419 adstricta.

939 2433 1037 2464 5—8.
1062 2431 1247 2472 Benignius,
1269 2430 1301 2462 h.
1323 2440 1351 2462 e.
1375 2430 1510 2471 largiuS‚
1531 2429 1646 2462 libera-

895 2474 972 2512 lius,
989 2473 1165 2518 ἀφειδέωςι
1190 2475 1319 2514 benigne
1339 2475 1387 2516 τῷ
1406 2475 1554 2516 maligne,
1571 2473 1603 2504 h.
1619 2484 1648 2506 e.

896 2528 1004 2561 parce,
1026 2517 1208 2560 opponitur.
1254 2517 1508 2553 Sabina—diota,
1529 2516 1563 2547 in
1584 2527 1650 2558 qua

897 2561 1009 2593 vinum
1025 2560 1181 2592 Sabinum
1196 2559 1358 2591 conditum
1380 2565 1449 2592 est:
1476 2562 1561 2591 diota
1574 2571 1649 2591 vas-

899 2604 1008 2636 culum
1028 2604 1109 2635 duas
1129 2614 1220 2635 aures
1239 2601 1362 2646 (ὦτα),
1380 2602 1413 2635 h.
1431 2613 1459 2635 e.
1478 2613 1574 2634 ansas
1593 2603 1649 2635 ha-

893 2648 984 2685 bens,
1010 2653 1170 2683 ansatum,
1191 2656 1255 2688 quo
1274 2646 1314 2677 ad
1336 2647 1447 2677 vinum
1465 2656 1483 2678 e
1504 2645 1594 2678 cadis
1615 2647 1648 2678 in

894 2691 1013 2734 pocula
1027 2690 1151 2722 minora
1167 2688 1452 2721 transfundendum
1468 2690 1652 2722 utebantur.

938 2734 1062 2766 9—12.
1087 2734 1150 2768 Qui
1174 2737 1250 2764 cett.
1277 2742 1411 2764 sensus:
1441 2733 1497 2774 qui
1523 2742 1651 2775 compo-

895 2776 957 2808 sita
971 2781 1160 2820 tempestate
1175 2775 1282 2807 omnia
1303 2775 1477 2818 tranquilla
1493 2775 1630 2807 reddunt
1642 2788 1651 2815 ;

898 2821 961 2856 Qui
987 2821 1079 2851 simul
1108 2826 1246 2850 stravere
1269 2825 1372 2850 ventos
1393 2830 1510 2860 aequore
1522 2818 1652 2860 fervido

896 2864 1121 2904 dmoeliantes.
1144 2863 1178 2894 h.
1201 2873 1230 2894 e.
1253 2861 1386 2893 simulac
1411 2862 1460 2893 illi
1487 2867 1652 2893 ventorum

896 2906 931 2938 in
955 2905 1115 2938 concitato
1142 2905 1222 2936 mari
1246 2911 1357 2936 contra
1380 2915 1413 2936 se
1441 2904 1652 2948 pugnantium

896 2949 1050 2992 impetum
1075 2954 1325 2992 prostraverunt,
1348 2947 1573 2983 contuderunt,
1593 2946 1652 2977 do-

903 2998 1066 3024 muerunt.

951 3035 1092 3067 13-16.
1117 3035 1205 3077 Fuge
1227 3045 1370 3076 (litavere,
1393 3033 1458 3064 noli
1479 3031 1657 3072 sciscitari;

858 3080 912 3111 c2
