1904 3314
338 177 424 218 534

826 179 1351 223 EPISTULARUM

454 275 648 326 Viribus,
670 277 852 331 ingenio,
876 278 1030 331 specie,
1053 279 1224 327 virtute,
1245 278 1356 335 loco,
1377 292 1437 327 re,

457 341 652 382 Extremi
674 343 920 396 primorum,
942 345 1142 384 extremis
1164 358 1300 397 usque
1322 344 1501 397 priores,

343 407 427 447 205
456 406 559 447 Non
579 422 625 448 es
646 423 821 449 avarus:
853 410 936 450 abi.

997 409 1147 456 Quid?
1176 417 1317 450 cetera
1333 410 1421 463 jam
1442 407 1565 449 simul
1583 409 1668 449 isto

457 473 566 513 Cum
586 474 687 514 vitio
706 473 885 528 fugere?
915 482 1031 516 caret
1052 475 1129 515 tibi
1148 483 1300 529 pectus
1321 476 1435 516 inani

455 538 730 581 Ambitione?
763 547 880 582 caret
898 542 1044 582 mortis
1065 541 1288 582 formidine
1309 549 1351 582 et
1371 542 1466 582 ira?

457 604 642 654 Somnia,
665 613 850 647 terrores
872 607 1072 661 magicos,
1095 607 1310 656 miracula,
1331 622 1468 661 sagas,

455 671 705 712 Nocturnos
725 671 908 713 lemures
930 680 1211 726 portentaque
1233 673 1445 713 Thessala
1462 672 1606 713 rides?

342 737 427 777 210
455 737 635 779 Natales
656 745 776 792 grate
795 753 991 778 numeras
1010 741 1025 779 ἲ
1054 739 1240 792 ignoscis
1262 739 1436 779 amicis?

458 803 618 844 Lenior
638 811 681 845 et
700 804 847 844 melior
866 804 919 844 fis
940 805 1170 845 accedente
1193 807 1394 846 senecta?

458 869 578 916 Quid
599 877 640 911 te
661 878 828 911 exemta
844 871 966 924 juvat
987 871 1118 924 spinis
1140 871 1194 911 de
1215 870 1410 924 pluribus
1431 873 1549 911 una?

455 936 615 977 Vivere
637 937 672 976 si
693 943 807 977 recte
829 937 979 985 nescis,
1002 937 1165 977 decede
1186 937 1348 990 peritis.

459 1002 623 1043 Lusisti
645 1004 760 1052 satis,
783 1004 908 1044 edisti
931 1004 1045 1052 satis,
1069 1010 1196 1056 atque
1217 1004 1386 1044 bibisti:

343 1070 427 1110 215
456 1069 649 1123 Tempus
671 1070 788 1110 abire
808 1071 886 1110 tibi
907 1077 998 1118 est3
1030 1083 1083 1109 ne
1106 1076 1252 1122 potum
1273 1068 1433 1123 largius
1454 1083 1578 1122 aequo

457 1135 618 1176 Rideat
638 1143 680 1176 et
699 1135 841 1189 pulset
860 1135 1015 1176 lasciva
1037 1135 1256 1176 decentius
1277 1142 1394 1175 aetas.

344 1273 461 1310 pertale
482 1270 591 1311 premi,
614 1269 678 1307 sed,
702 1275 735 1300 ut
756 1269 886 1311 pulchre
901 1280 931 1299 v.
947 1270 1010 1300 204
1024 1269 1072 1300 di-

344 1310 399 1347 cit,
421 1313 586 1350 primorum
603 1318 760 1347 eati-emus,
781 1318 809 1341 et
830 1314 914 1352 prior
939 1314 1075 1342 extremis

345 1363 402 1383 esse
415 1354 522 1383 voluit.

388 1395 462 1425 200.
486 1395 591 1431 Feror,
607 1395 710 1426 vehar.

387 1437 461 1466 201.
487 1436 620 1466 Tumidis
639 1439 728 1468 velis:
755 1436 828 1467 felix
852 1442 898 1467 est
919 1435 1075 1475 navigatio

344 1487 416 1508 cum
445 1477 546 1508 ventis
574 1479 719 1510 secundis
747 1477 980 1520 adspirantibus
1008 1477 1077 1508 vela

344 1524 485 1557 tument;
507 1530 580 1550 cum
605 1519 664 1551 hac
687 1527 758 1562 apte
782 1525 978 1561 comparatur
1001 1518 1076 1550 felix

345 1561 418 1592 vitae
445 1572 555 1592 cursus
581 1572 687 1592 eorum
710 1562 835 1603 quibus,
863 1561 947 1591 omni
974 1571 1073 1591 rerum

344 1604 436 1644 copia
457 1603 700 1641 abundantibus,
716 1603 819 1634 omnia
843 1613 926 1634 nunc
948 1613 984 1633 ex
1005 1608 1075 1633 voto

343 1645 478 1675 cedunt:
503 1645 558 1675 sed
573 1645 836 1686 quemadmodum
857 1644 1076 1685 navigantibus

344 1686 429 1717 venti
455 1687 595 1722 secundi,
621 1687 664 1717 ita
691 1686 839 1718 divitibus
866 1685 1004 1717 timenda
1030 1692 1077 1717 est

344 1727 474 1759 fortunae
494 1728 640 1760 secundae
658 1729 811 1766 mutatio;
832 1729 906 1761 hinc
921 1739 993 1770 sup.
1011 1727 1076 1758 od.

345 1770 378 1806 ii,
400 1771 448 1805 10,
466 1772 519 1806 22,
540 1772 690 1810 sapienter
713 1773 789 1802 idem
809 1771 971 1801 contrahes
992 1778 1077 1801 vento

345 1814 472 1842 nimium
486 1815 612 1843 secundo
631 1813 768 1855 Turgida
782 1814 858 1843 vela.

387 1855 463 1885 202.
495 1855 563 1885 Non
594 1861 692 1886 tamen
715 1856 857 1890 adversis,
882 1864 945 1885 non
972 1859 1075 1884 tamen

345 1896 439 1926 rebus
453 1895 590 1927 adversis
604 1897 654 1928 vel
675 1897 807 1928 fortunae
828 1896 992 1937 iniquitate
1007 1906 1075 1937 pre-

346 1937 469 1968 mimur.
514 1939 646 1969 AEtatem
667 1941 784 1974 ducere,
809 1948 875 1980 pru,
897 1948 987 1979 agere
1000 1950 1008 1976 ;
1031 1938 1075 1968 sic

349 1979 438 2020 Virg.
456 1980 533 2010 AEn.
547 1980 582 2015 ii,
599 1982 673 2017 641,
691 1982 742 2011 Me
765 1983 790 2011 si
812 1982 946 2011 coelicotae
966 1982 1077 2011 voluis·

345 2027 409 2051 sent
423 2023 532 2052 ducere
545 2024 648 2053 vitam.

388 2064 463 2093 203.
494 2063 606 2103 Specie,
631 2069 758 2095 externo
783 2074 883 2095 rerum
911 2063 942 2094 in
970 2064 1076 2095 oculos

346 2104 523 2136 cadentium
543 2105 664 2137 habitu.
709 2106 797 2142 Loco,
810 2105 974 2146 dignitate.
1018 2106 1075 2140 Re,

348 2157 394 2177 sc.
410 2146 564 2177 familiari.

388 2189 463 2219 204.
497 2189 630 2219 Extremi
670 2191 847 2228 primorum,
892 2189 1077 2219 translatum

348 2240 367 2260 a
402 2230 483 2261 ludis
517 2230 688 2273 gymnicis:
727 2231 767 2262 cf.
797 2242 866 2271 sup.
897 2232 962 2261 sat.
992 2230 1014 2268 i,
1048 2232 1076 2266 1,

388 2315 573 2345 205-207.
606 2314 674 2345 Non
689 2326 716 2345 es
731 2325 856 2345 avarus.-
881 2316 941 2344 abi.
985 2313 1017 2344 Si
1034 2314 1078 2344 ita

347 2356 414 2397 agis
429 2362 460 2388 et
472 2356 578 2394 sentis,
594 2357 676 2387 haud
693 2367 818 2387 avarum
841 2362 870 2386 te
889 2355 1007 2397 judico,
1022 2357 1077 2387 sed

346 2404 388 2434 te,
402 2404 437 2429 ut
451 2399 626 2429 absolutum
645 2398 739 2440 hujus
750 2398 830 2435 vitii,
842 2398 926 2429 abire
941 2403 973 2428 et
987 2408 1075 2437 porro

346 2449 394 2471 res
417 2445 485 2471 tuas
507 2440 549 2471 ita
568 2451 659 2481 agere
673 2441 782 2482 jubeo.
825 2441 886 2471 Isto
903 2441 978 2471 Cum
994 2442 1075 2476 vitio,

347 2492 391 2513 sc.
406 2482 561 2513 avaritiae:
577 2483 713 2523 jiegere?
735 2493 752 2513 e
773 2489 895 2525 pectore
915 2487 967 2512 tuo
986 2482 1077 2523 pulsa

346 2526 488 2555 cessere‘!
534 2525 623 2555 Caret
648 2526 701 2555 tibi
732 2531 832 2564 pectus
860 2525 946 2554 inani
973 2526 1075 2554 Ambi-

347 2567 445 2597 tione?
478 2567 591 2602 Nemo,
604 2572 692 2607 puto,
704 2567 755 2597 cui
767 2566 848 2597 inest
859 2566 980 2596 animus
991 2576 1075 2596 erec-

347 2607 415 2644 tior,
431 2608 534 2639 locum
558 2615 736 2650 sequentem
755 2609 856 2648 legere
872 2614 983 2650 potest,
999 2608 1076 2648 quin

346 2649 511 2681 Horatium
548 2656 584 2681 ut
615 2650 878 2692 sapientissimum
912 2650 1074 2686 virtutum,

345 2702 417 2733 quae
430 2692 461 2723 iu
478 2702 595 2723 morum
611 2691 751 2723 doctrina
764 2697 947 2727 tractantur,
961 2691 1075 2732 tnagis-

346 2740 427 2765 trum
442 2739 474 2765 et
486 2734 653 2765 admiretur
666 2740 698 2765 et
712 2740 873 2765 veneretur
887 2734 893 2763 !

388 2778 463 2812 208,
486 2777 561 2808 209.
590 2777 720 2812 Somnia,
746 2782 818 2807 cett.
845 2786 899 2818 pro
927 2775 1075 2816 supersti-

345 2818 429 2852 tione
449 2818 481 2850 in
501 2818 677 2850 universum
694 2818 833 2850 nominat
849 2817 1076 2860 superstitionis

1117 1269 1261 1310 quaedam
1287 1279 1411 1310 genera,
1434 1270 1566 1305 Somnia,
1588 1273 1665 1301 cett.
1685 1271 1846 1306 miracula,

1118 1316 1268 1352 portenta,
1286 1316 1417 1342 ostenta.

1160 1353 1234 1383 209.
1259 1353 1428 1383 Noenu-nos
1444 1354 1587 1384 lemures.-
1612 1352 1707 1384 Ovid.
1719 1354 1803 1384 Fast.
1815 1365 1846 1390 v,

1118 1395 1192 1429 483,
1223 1397 1336 1425 animas
1364 1397 1464 1426 (lisere
1493 1395 1645 1426 silentum.
1699 1394 1847 1435 Intellige

1118 1442 1239 1477 spectra
1264 1442 1296 1466 ct
1319 1436 1381 1466 alia
1402 1447 1473 1478 quae
1495 1436 1567 1478 quis
1596 1447 1630 1468 se
1657 1436 1691 1467 in
1714 1437 1848 1468 tenebris

1118 1478 1220 1508 videre
1248 1477 1416 1518 opinatur;
1451 1488 1582 1519 quorum
1613 1477 1848 1510 avertendorum

1119 1529 1213 1550 causa
1231 1530 1250 1550 a
1269 1520 1422 1551 Romanis
1439 1519 1583 1551 instituta
1600 1525 1672 1551 suut
1691 1519 1848 1557 Lemuria,

1117 1572 1172 1602 per
1195 1567 1256 1592 tres
1273 1561 1339 1592 dies
1356 1562 1530 1592 celebrata:
1561 1561 1736 1593 vid.-Ovid.
1755 1562 1776 1593 l.
1790 1563 1814 1593 1.
1829 1573 1849 1593 a

1118 1614 1149 1633 v.
1161 1604 1234 1634 421.
1266 1604 1466 1644 Por-teiitaque
1476 1604 1628 1634 Thessala.-
1644 1603 1676 1634 in
1687 1603 1849 1636 Thessalia

1120 1644 1175 1675 fuit
1186 1645 1275 1686 quasi
1288 1645 1412 1676 officina
1424 1655 1610 1677 venenorum
1624 1650 1656 1677 et
1671 1645 1847 1683 herbarum,

1118 1687 1233 1727 quibus
1248 1687 1414 1718 utebantur
1429 1687 1557 1719 venefici
1574 1687 1612 1719 ad
1626 1687 1777 1719 ludendos
1793 1688 1848 1720 ho-

1120 1729 1219 1760 mines
1232 1729 1468 1770 superstitiosos.

1162 1772 1236 1802 210.
1260 1771 1366 1808 Grate,
1390 1771 1465 1802 dum
1489 1775 1574 1812 grato
1599 1770 1704 1802 animo
1727 1770 1760 1802 in
1783 1782 1848 1803 me-

1118 1813 1248 1843 moriam
1270 1823 1396 1844 revocas
1415 1824 1486 1855 quae
1502 1813 1652 1844 divinitus
1672 1812 1728 1844 tibi
1748 1814 1849 1845 conti.

1119 1859 1231 1895 gerunt
1244 1865 1384 1887 munera.

1163 1898 1234 1927 212.
1255 1897 1355 1936 Spinis
1366 1898 1401 1928 de
1414 1897 1564 1936 pluribus.
1591 1897 1690 1936 Spinoe
1702 1898 1849 1930 translate

1119 1938 1158 1968 de
1178 1938 1273 1975 vitiis,
1295 1949 1365 1980 quae
1390 1938 1530 1970 animum
1554 1939 1692 1970 lacerant
1713 1945 1745 1971 et
1767 1951 1848 1982 pun-

1120 1987 1210 2021 gunt.

1163 2024 1238 2054 213.
1262 2023 1377 2054 Decede
1390 2024 1505 2060 peritis,
1521 2024 1559 2054 de
1571 2023 1622 2054 via
1638 2023 1754 2054 excede
1767 2023 1847 2064 peri-

1119 2064 1260 2100 tioribus,
1281 2065 1312 2096 h.
1329 2075 1356 2095 e.
1380 2063 1483 2095 locum
1509 2064 1651 2107 relinque
1674 2063 1713 2095 iis
1737 2065 1792 2106 qui
1817 2071 1848 2097 te

1118 2107 1233 2137 rectius
1248 2113 1279 2137 et
1293 2106 1465 2147 sapientius
1478 2107 1601 2139 vivunt.

1163 2150 1236 2179 214.
1259 2149 1391 2183 Ludere,
1413 2150 1509 2184 edere,
1530 2151 1637 2184 bibere,
1655 2148 1848 2190 conjunctim

1121 2189 1159 2220 de
1182 2191 1220 2220 iis
1242 2190 1296 2231 qui
1319 2190 1456 2231 corporis
1477 2190 1649 2232 voluptates
1669 2195 1848 2222 sectantur:

1120 2233 1233 2267 ludere,
1257 2231 1348 2272 genio
1373 2242 1429 2262 suo
1452 2232 1612 2273 indulgere
1635 2232 1667 2264 in
1687 2232 1850 2274 quibusvis

1118 2283 1220 2304 rerum
1247 2273 1435 2303 ludicrarum
1463 2274 1638 2314 generibus,
1667 2275 1708 2305 ad
1739 2274 1850 2315 poesin

1119 2315 1222 2346 referri
1241 2314 1360 2356 nequit,
1381 2325 1453 2345 nam
1470 2325 1570 2346 sermo
1589 2321 1637 2347 est
1655 2315 1695 2347 de
1715 2315 1848 2347 homiui-

1118 2357 1177 2387 bus
1192 2357 1246 2398 qui
1263 2363 1340 2388 recte
1358 2359 1456 2387 vivere
1471 2359 1616 2390 nesciunt.
1664 2357 1851 2399 Antiquiora

1117 2398 1258 2440 exempla
1283 2399 1321 2430 de
1350 2398 1410 2429 hac
1439 2409 1583 2442 expressa
1606 2399 1760 2432 sententia
1782 2399 1847 2433 vid.

1118 2441 1202 2484 apud
1218 2440 1418 2471 Lambinum.

1167 2484 1242 2517 215,
1271 2484 1346 2513 216.
1392 2482 1516 2521 Tempus
1557 2484 1639 2514 abire
1681 2483 1847 2526 (decedere,

1119 2535 1148 2554 v.
1165 2524 1246 2564 213)
1268 2526 1334 2560 tibi,
1354 2529 1390 2555 ut
1413 2525 1552 2555 convivae
1578 2524 1674 2556 saturi
1697 2525 1756 2567 (cf.
1779 2537 1850 2575 sup.

1121 2568 1187 2597 Sat.
1198 2567 1219 2602 i,
1234 2569 1262 2603 1,
1276 2566 1367 2607 119),
1380 2566 1464 2604 ne,si
1478 2566 1571 2598 nimis
1586 2566 1711 2608 largiter
1722 2572 1752 2598 te
1766 2567 1846 2599 invi-

1120 2609 1232 2639 taveris
1253 2614 1339 2650 potu,
1355 2607 1456 2654 pueris
1471 2613 1501 2639 te
1515 2607 1634 2639 ebrium
1648 2613 1680 2640 et
1694 2610 1848 2641 temulen-

1121 2656 1186 2680 tum
1210 2650 1402 2693 petulantius
1421 2649 1627 2681 tractantibus
1640 2650 1683 2680 sis
1699 2650 1847 2684 ludibrio.

1122 2693 1226 2728 Polus,
1243 2691 1352 2727 active,
1368 2691 1422 2733 qui
1441 2693 1571 2733 potavit,
1588 2697 1624 2723 ut
1644 2702 1714 2734 sup.
1732 2693 1797 2724 Sat.
1813 2693 1847 2730 ii,

1119 2735 1151 2770 3,
1166 2736 1240 2772 255,
1255 2741 1340 2774 potus
1357 2742 1391 2764 ut
1407 2734 1458 2764 ille
1475 2734 1611 2765 Dicitur.
1655 2734 1782 2766 Laiciva
1796 2737 1846 2766 de-

1118 2779 1234 2807 centius
1261 2783 1341 2811 aetas,
1372 2775 1470 2818 pueri,
1498 2786 1588 2818 quos,
1625 2775 1723 2818 magis
1751 2786 1847 2820 quam

1119 2829 1219 2857 seneS,
1233 2818 1323 2850 decet
1339 2817 1480 2852 lascivia.
