1884 3288
280 210 336 250 60

835 210 1231 255 CARMINUM

648 322 652 327 ·
680 308 784 351 Non
805 318 902 351 ante
923 312 1100 353 devictis
1122 313 1296 369 Sabaeael

732 376 942 431 Regibus,
962 378 1239 433 horribilique
1261 378 1396 420 Medo

563 442 589 482 5
620 442 771 484 Nectis
793 447 996 486 catenas?

1057 445 1169 492 Quae
1190 446 1267 486 tibi
1288 446 1498 499 virginum

618 509 787 565 Sponso
808 518 961 552 necato
983 513 1166 552 barbara
1187 513 1342 552 serviet
1359 514 1374 552 2

676 576 792 621 Puer
812 578 907 632 quis
928 593 982 619 ex
1004 577 1100 619 aula
1121 578 1282 632 capillis

732 642 807 684 Ad
827 644 1027 698 cyathum
1049 652 1262 686 statuetur
1282 645 1436 693 unctis,

618 708 788 751 Doctus
811 711 988 764 sagittas
1010 711 1187 752 tendere
1210 711 1378 751 Sericas

538 775 590 815 10
619 774 739 816 Arcu
759 779 972 830 paterno?
1033 777 1143 824 Quis
1165 784 1294 831 neget
1315 776 1465 837 arduis·

675 843 843 883 Pronos
865 843 999 884 relabi
1018 858 1145 898 posse
1167 845 1279 885 rivos

732 910 971 960 Montibus,
994 918 1037 951 et
1058 911 1253 952 Tiberim
1277 911 1448 959 reverti,

616 976 725 1017 Cum
746 983 793 1017 tu
813 978 1000 1018 coemtos
1022 978 1211 1030 undique
1232 976 1396 1018 nobiles

618 1042 776 1083 Libros
799 1042 978 1091 Panaeti,
1002 1043 1266 1084 Socraticam
1286 1050 1328 1084 et
1350 1043 1522 1083 domum

537 1109 587 1148 15

674 1109 848 1149 Mutare
868 1108 1009 1149 loricis
1031 1108 1183 1158 Iberis,

731 1174 954 1215 Pollicitus
975 1174 1164 1224 meliora,
1187 1174 1328 1215 tendis
1345 1175 1362 1215 ’ἔ

326 1272 420 1303 1—5.
445 1273 546 1303 Beatis
561 1285 643 1304 nunc
658 1274 792 1304 Arabum
813 1275 927 1304 inrides
949 1274 1014 1305 Ga-

282 1315 334 1350 εἰσ,
351 1315 441 1355 quasi
464 1315 650 1357 compulerit
673 1316 792 1346 Iccium
814 1316 850 1346 ad
873 1316 1014 1346 militiam

281 1354 458 1387 divitiarum
475 1356 508 1387 in
529 1357 648 1388 Arabia
668 1358 770 1388 Felice
791 1358 849 1388 sibi
865 1358 1015 1399 colligen-

281 1397 391 1428 darum
414 1399 581 1440 cupiditas.
627 1400 730 1436 Nunc,
748 1411 819 1430 cum
835 1400 876 1434 vi,
894 1406 940 1434 tu,
961 1400 1016 1440 qui

281 1446 366 1475 ante,
392 1449 427 1471 ut
450 1441 663 1483 philosophus,
689 1452 707 1472 a
729 1442 904 1472 divitiarum
928 1452 1012 1483 quae-

281 1482 444 1513 rendarum
463 1483 566 1514 studio
580 1483 788 1514 alienissimus
799 1485 911 1515 fueras.
959 1484 1014 1514 Be-

281 1530 337 1554 atre
351 1537 431 1566 gazae
449 1531 520 1555 sunt
536 1526 650 1566 quibus
665 1532 831 1557 censentur
850 1526 1014 1562 beatiores,

281 1576 353 1606 quae
383 1574 455 1598 sunt
483 1568 676 1605 beatiorum;
709 1569 754 1598 sic
785 1568 868 1610 apud
897 1569 1015 1598 Catull-

282 1607 381 1645 lxvini,
401 1611 450 1644 14,
463 1612 540 1639 ιΙοηιι
556 1612 638 1640 beata
653 1617 749 1649 petere
765 1621 831 1651 pro,
848 1610 933 1640 dona
945 1620 1016 1650 quae

282 1657 356 1680 sunt
371 1651 540 1682 beatiorum
557 1659 670 1693 petere.
709 1652 750 1682 [t
764 1664 861 1682 acrem
875 1654 1016 1683 militium

278 1702 370 1732 parus
398 1693 465 1722 Non
495 1701 565 1724 ante
593 1696 715 1724 devictis
743 1695 846 1724 Subaeae
871 1695 1015 1734 Regibus,

280 1734 371 1774 quasi
387 1745 508 1765 summa
524 1735 599 1766 belli
623 1735 724 1777 posita
739 1735 778 1766 sit
801 1737 832 1765 in
857 1736 914 1766 hoc
937 1746 1016 1766 novo

280 1786 319 1806 ex
343 1777 528 1818 philosopho
553 1777 635 1808 sacto
659 1778 768 1812 milite,
794 1777 847 1819 qui
873 1779 958 1808 solus
983 1785 1016 1809 et

279 1828 363 1848 unus
384 1830 445 1849 non
467 1826 539 1850 ante
561 1820 698 1850 devictos
715 1821 833 1851 Sabaeae
851 1830 938 1860 reges
960 1819 1013 1850 de·

280 1859 403 1891 vincere
442 1862 539 1892 ossit:
563 1872 658 1903 quam
681 1863 783 1892 salse!
830 1863 934 1893 Sabate
955 1863 1013 1892 Re-

276 1903 375 1942 gibus.
419 1873 541 1939 gabaea,
567 1903 693 1934 Arabiae
718 1904 833 1934 Felicis
855 1914 938 1945 parS,
959 1915 1014 1945 pro

279 1943 352 1974 totis
376 1944 446 1986 ejus
471 1946 607 1982 finibus3
642 1945 778 1976 habebat
803 1953 906 1976 autem
935 1956 1014 1977 una-

279 1995 414 2027 quaeque
436 1987 562 2017 Arabiae
587 1987 699 2017 Felicis
721 1998 790 2029 pars
814 1999 904 2018 suurn
925 1998 1014 2028 regu-

280 2027 358 2058 lum.
404 2029 472 2059 Non
501 2037 570 2059 unte
595 2032 735 2059 devictis:
767 2031 903 2060 nondum
930 2030 1014 2060 enim

280 2080 382 2111 usque
400 2071 438 2100 ad
459 2072 609 2102 Arabiam
634 2072 780 2105 Felicem,
798 2083 894 2112 quarn
913 2072 1012 2113 philo-

279 2113 397 2154 sophus
427 2119 530 2144 noster
564 2123 648 2144 nuuc
679 2113 907 2154 perdomiturus
937 2120 1012 2149 erat,

279 2154 495 2186 Romanorum
511 2165 596 2185 arma
614 2162 858 2196 penetraverant.
902 2156 1012 2186 Horri-

280 2197 389 2236 la'lique
401 2197 506 2227 Medo:
522 2198 692 2228 exercitum
708 2198 790 2228 enim
806 2197 907 2232 illum,
921 2209 1012 2238 quem

280 2245 444 2270 secuturus
464 2246 527 2270 erat
550 2239 668 2276 Iccius,
685 2240 724 2270 ad
748 2240 880 2270 Parthos
904 2240 1012 2270 Indos-

279 2290 340 2321 que
366 2281 459 2311 simul
481 2281 682 2313 debellandos
702 2282 888 2312 destinatum
905 2282 1012 2318 fuisse,

278 2333 316 2352 ex
334 2322 411 2353 locis
426 2334 495 2365 sup.
518 2325 539 2358 i.
565 2325 615 2358 1-2,
641 2325 694 2358 56,
716 2330 747 2354 et
769 2323 824 2354 inf.
850 2323 871 2357 i,
895 2326 948 2358 35,
972 2326 1009 2355 31

278 2363 383 2404 colligi
400 2370 510 2406 potest.
548 2366 711 2402 Hori-ibin,
726 2366 805 2396 hosti
819 2367 866 2396 vel
880 2367 1014 2398 maxime

277 2406 458 2438 fortitudine
473 2418 528 2438 sua
544 2408 698 2438 Romanis
714 2408 875 2439 timendo.⁴
910 2409 1012 2439 Nectis

277 2451 413 2479 catenas?
437 2450 559 2480 scilicet
574 2456 608 2480 ut
622 2450 658 2480 iis
671 2451 921 2490 constringantur
937 2462 1010 2492 cap-

278 2491 334 2520 tivi
347 2497 419 2522 ante
436 2491 512 2523 lccii
525 2492 649 2523 victoris
659 2502 781 2523 currum
793 2493 1009 2534 triumphalem

277 2532 425 2564 ducendi.

320 2577 438 2606 5—-10,
463 2575 535 2609 Quae
546 2577 599 2606 tibi
615 2578 777 2616 virginum,
792 2582 866 2607 cett.
880 2586 1008 2608 Sensus:

276 2627 370 2658 quarn
382 2618 564 2658 magnificus
575 2618 631 2648 tibi
642 2618 751 2648 victori
766 2619 894 2650 accedet
904 2619 1011 2656 honor,

276 2660 403 2700 quando
427 2659 510 2699 regia
538 2661 634 2700 virgo,
661 2661 752 2701 cujus
777 2671 927 2702 sponsum
956 2672 1010 2692 ne·

276 2701 368 2738 casti,
382 2701 438 2732 tibi
451 2711 551 2737 serva,
569 2708 600 2733 et
616 2713 690 2743 puer
704 2703 816 2742 regius,
829 2704 905 2733 bene
917 2703 950 2732 in
962 2713 1009 2734 sa-

275 2743 673 2785 gittarum'jaciendarum
712 2752 776 2776 arte
808 2745 1007 2782 exercitatus,

276 2785 423 2828 pincerna
457 2786 539 2817 erit?
598 2787 671 2821 Quae
699 2789 852 2828 virginum
881 2789 1007 2818 barbara

298 2837 332 2858 ro
347 2828 477 2868 vulgari,
498 2838 570 2869 quae
591 2829 677 2869 virgo
697 2828 839 2864 barbara,
861 2829 922 2864 vel,
939 2840 1008 2871 quae

275 2838 476 2901 iiarbararum
491 2869 667 2911 virgiuum;
697 2881 750 2912 per
771 2873 916 2912 virginem
941 2873 1007 2902 bar-

276 2914 379 2942 baram
401 2911 500 2943 intelli
523 2923 542 2943 o
556 2914 765 2954 regimn,quae
788 2913 844 2943 inf.
859 2913 905 2947 iii,
921 2915 952 2950 2,
975 2916 1005 2951 8,

277 2955 328 2986 ubi
359 2954 471 2995 pariter
521 2965 538 2986 e
570 2955 782 2986 Romanorum
815 2955 1004 2992 fortitudine,

1059 1274 1181 1315 sponsis
1199 1274 1399 1304 barbararum
1416 1274 1568 1316 virginum
1585 1274 1709 1311 infesta,
1730 1285 1792 1307 ser-

1059 1327 1109 1346 mo
1134 1322 1191 1351 est,
1219 1317 1344 1364 plenius
1369 1318 1477 1347 adulta
1503 1318 1641 1348 bellantis
1657 1319 1794 1358 ‘tyranni

1060 1360 1143 1400 virgo
1165 1358 1293 1389 dieitur:
1317 1370 1391 1398 puer
1405 1361 1470 1399 quis
1486 1370 1519 1390 ex
1538 1361 1623 1395 aula,
1642 1370 1688 1391 sc.
1712 1359 1792 1391 Ara-

1059 1400 1132 1430 bum
1150 1401 1197 1431 vel
1218 1400 1400 1431 Parthorum
1420 1401 1499 1442 regis
1523 1401 1700 1443 cujusdam,
1714 1401 1748 1432 h.
1763 1412 1792 1434 e.

1057 1453 1132 1483 puer
1147 1442 1262 1483 regius.
1308 1444 1355 1473 Ad
1369 1444 1510 1484 cyathum
1522 1450 1684 1479 statuetur,
1700 1453 1744 1475 sc.
1758 1449 1792 1475 ut

1057 1483 1163 1515 vinum
1181 1485 1325 1515 infundat
1340 1492 1370 1516 et
1386 1485 1549 1522 ministret,
1565 1486 1600 1517 h.
1616 1497 1642 1517 e.
1658 1485 1791 1528 pocilla-

1058 1526 1133 1556 toris
1149 1537 1275 1558 munere
1291 1527 1449 1568 fungatur.
1495 1530 1598 1570 Stutrri
1635 1538 1679 1563 ro,
1700 1533 1793 1561 stare.

1060 1569 1111 1599 Cl.
1127 1569 1259 1599 Mitsch.
1274 1569 1381 1599 laudat
1398 1570 1519 1600 Auson.
1543 1570 1612 1612 Idyl
1628 1591 1637 1600 .
1655 1570 1695 1602 de
1710 1570 1792 1603 Hist.

1063 1612 1113 1645 19,
1142 1611 1209 1641 Stat
1237 1611 1320 1641 Jnuis
1347 1613 1386 1642 ad
1415 1613 1545 1651 cyathos,
1571 1615 1676 1653 genuit
1707 1623 1792 1652 quem

1061 1653 1240 1683 Dardanius
1260 1654 1339 1683 Tros.
1385 1654 1511 1693 capillis
1526 1657 1643 1691 uncti&
1666 1663 1738 1685 nam
1753 1655 1792 1686 ad

1060 1695 1272 1725 conviviorum
1286 1695 1545 1736 magnificentiam
1556 1702 1587 1727 et
1598 1696 1791 1739 splendorem

1059 1736 1234 1776 pertinebat
1254 1748 1377 1778 quoque
1399 1738 1615 1779 pincernarum
1641 1746 1701 1769 tam
1729 1737 1790 1770 for·

1058 1779 1196 1814 mositas,
1228 1790 1321 1820 quam
1358 1786 1506 1810 externus
1540 1790 1646 1812 eorum
1673 1780 1791 1818 cultus,

1058 1819 1136 1852 inter
1153 1821 1214 1851 alia
1236 1822 1266 1851 in
1291 1821 1431 1852 crinibus
1454 1822 1610 1863 eleganter
1631 1822 1792 1854 comendis

1057 1869 1087 1892 et
1104 1863 1279 1901 unguendis
1296 1864 1426 1905 positus.
1460 1865 1573 1895 Doctus
1586 1866 1711 1906 sagittas
1726 1871 1790 1896 ten-

1056 1906 1124 1934 dere
1135 1906 1248 1936 Sericas
1259 1909 1282 1935 Α
1290 1920 1296 1934 ι
1305 1918 1339 1936 cu
1357 1908 1502 1945 paterno?
1525 1907 1598 1938 Non
1609 1917 1681 1938 cum
1694 1906 1789 1938 inter-

1058 1947 1196 1988 pretibus
1224 1947 1289 1978 haec
1313 1947 1466 1989 adjecisse
1490 1954 1612 1990 poetam
1643 1954 1729 1991 puto,
1755 1955 1792 1980 ut

1057 1999 1185 2029 puerum
1207 1991 1246 2019 ab
1266 1989 1423 2030 ingenuis,
1447 1991 1562 2031 quibus
1580 1991 1633 2022 ille
1652 1991 1791 2023 imbutus

1057 2031 1158 2066 fuerit,
1176 2031 1294 2062 artibus
1308 2034 1558 2069 commenda-eu
1585 2033 1640 2064 sed
1656 2038 1692 2064 ut
1706 2033 1791 2065 Iccio

1057 2083 1141 2109 eum,
1158 2081 1193 2103 ut
1207 2074 1387 2114 sagittarum
1406 2074 1620 2115 jaciendarum
1642 2074 1790 2118 peritissi-
1819 2071 1830 2083 ‘

1058 2125 1153 2147 mum.
1185 2116 1323 2146 redderet
1352 2116 1520 2148 terribilem
1536 2128 1543 2146 ε
1575 2117 1648 2148 hinc
1682 2118 1790 2150 Medus

1056 2167 1182 2197 quoque
1209 2157 1248 2187 ab
1281 2158 1368 2188 Iccio
1396 2158 1568 2190 vincendus
1595 2159 1690 2203 paulo
1717 2165 1790 2192 ante

1057 2200 1206 2230 horribilis
1222 2199 1394 2230 dicebatur.
1441 2201 1665 2232 llis.01nnibus
1685 2207 1788 2233 autem

1056 2251 1217 2282 magnum,
1241 2242 1324 2282 quod
1349 2242 1453 2274 Iccius
1475 2253 1558 2274 nunc
1580 2245 1702 2278 subeat,
1724 2243 1788 2275 dis-

1057 2283 1173 2314 crimen
1203 2283 1303 2319 innui,
1335 2290 1445 2326 sponte
1473 2291 1613 2327 apparet.
1658 2286 1790 2318 Tendere

1056 2327 1181 2367 sagittas
1197 2327 1293 2362 Arcu,
1311 2327 1404 2368 paulo
1417 2328 1569 2358 audacius
1580 2338 1645 2370 pro,
1659 2327 1789 2369 sagittas

1057 2378 1094 2397 ex
1122 2377 1194 2399 arcu
1222 2373 1307 2399 tento
1331 2369 1458 2411 jacere3
1490 2369 1550 2400 nisi
1576 2369 1648 2411 quis
1669 2372 1791 2402 tendere

1054 2409 1237 2450 simpliciter
1267 2421 1332 2452 pro,
1362 2410 1506 2451 dirigere,
1537 2411 1655 2443 dietum
1687 2417 1787 2455 putet.

1054 2451 1202 2483 Similiter
1229 2454 1318 2484 telum
1343 2455 1462 2484 tendere
1486 2453 1567 2485 dixit
1593 2453 1684 2495 Virg.
1701 2455 1788 2487 ,AEm

1054 2504 1082 2529 v,
1100 2495 1173 2530 508,
1196 2495 1263 2525 Post
1278 2506 1346 2525 acer
1371 2496 1543 2527 Mnestheus
1563 2497 1695 2527 adducto
1715 2507 1786 2528 eon-

1052 2538 1131 2566 sticit
1151 2548 1238 2574 arcu,
1262 2539 1337 2568 Acta
1359 2545 1470 2577 petens,
1497 2541 1669 2580 pariterque
1689 2539 1788 2571 oculos

1054 2579 1202 2619 telumque
1232 2581 1369 2611 tetendit.
1420 2581 1548 2616 Sericas,
1577 2581 1618 2612 ab
1643 2580 1788 2612 ‘Orientis

1053 2621 1181 2662 populo,
1199 2621 1338 2657 Scribus,
1352 2621 1516 2663 jaculandi
1539 2629 1604 2654 arte
1626 2622 1786 2654 nobilissi-

1053 2662 1130 2699 mis;
1157 2668 1205 2693 est
1227 2662 1322 2702 igitur
1349 2665 1479 2700 Sericus,
1505 2664 1565 2696 nisi
1587 2665 1666 2696 sorte
1686 2663 1786 2706 ipsam

1053 2711 1186 2744 gentem,
1203 2706 1306 2742 Seres,
1329 2706 1368 2737 ab
1388 2706 1474 2738 Iccio
1493 2706 1676 2742 domandos,
1693 2710 1798 2749 poeta*

1052 2747 1217 2788 respexerit
1231 2747 1388 2789 epitheton
1403 2758 1527 2784 ornans,
1547 2753 1580 2779 ut
1600 2749 1694 2790 paulo
1717 2754 1788 2791 post

1052 2799 1082 2818 v.
1100 2790 1148 2825 15,
1166 2789 1278 2820 Loricae
1290 2790 1402 2827 Iber·ae,·
1425 2795 1456 2821 et
1468 2789 1509 2827 iv,
1521 2791 1554 2826 9,
1566 2791 1616 2826 17,
1632 2791 1786 2831 cydonius

1051 2842 1163 2867 arcus3
1189 2831 1211 2867 i,
1230 2833 1280 2868 15,
1301 2833 1351 2868 17,
1370 2833 1498 2863 Gnosius
1513 2834 1670 2870 calama-⁸5
1693 2832 1715 2869 i,
1729 2833 1784 2870 27,

1051 2875 1083 2909 5,
1101 2873 1208 2903 Medus
1224 2876 1375 2910 acinacen
1400 2873 1420 2911 i,
1440 2875 1489 2911 16,
1503 2875 1536 2910 9,
1555 2875 1681 2906 Noricus
1694 2877 1782 2911 ensis,

1050 2920 1079 2944 et
1091 2914 1247 2956 ejusmodi
1260 2915 1383 2956 generis
1394 2916 1465 2947 alia.
1498 2917 1638 2955 Paterno,
1651 2927 1668 2948 a
1681 2923 1780 2959 patre,

1050 2957 1103 2997 qui
1119 2967 1155 2988 eo
1172 2967 1247 2988 usus
1264 2958 1374 2994 fuerat,
1390 2963 1531 3000 accepto.
