1884 3288
691 203 921 246 LIBER
952 203 989 255 1,
1026 205 1090 246 12.

1554 206 1656 266 Δ23

669 383 949 428 CARMEN
981 384 1089 427 XII.

641 524 723 556 AD
764 520 1130 557 AUGUSTUM.

399 631 542 679 QUEM
563 630 701 672 virum
721 635 798 670 aut
818 628 954 671 heroa
974 629 1067 684 lyra
1086 629 1153 672 vel
1174 631 1263 673 acri

397 698 529 740 Tibia
549 698 681 739 sumis
703 695 941 747 celebrare,
963 697 1089 739 Clio?

398 767 543 815 Quem
565 766 740 809 Deum?
772 765 900 820 cujus
921 766 1088 808 recinet
1101 767 1255 822 jocosa

859 833 1034 875 Nomen
1054 835 1213 890 imago,

340 903 368 944 5
397 901 493 945 Aut
513 902 558 944 in
576 901 794 944 umbrosis
815 899 1044 943 Heliconis
1065 903 1168 953 oris,

394 970 490 1012 Aut
511 984 644 1025 super
665 970 824 1020 Pindo,
847 969 1047 1024 gelidove
1068 972 1113 1013 in
1135 970 1322 1013 Haemo?

396 1037 529 1080 Unde
549 1037 740 1080 vocalem
761 1044 925 1079 temere
945 1038 1155 1082 insecutae

107 1196 265 1231 brevitate
294 1201 327 1228 et
355 1196 507 1239 fugientis
536 1196 640 1228 aetatis
674 1195 858 1234 velocitate,

19 1231 43 1255 ’Ν
83 1241 248 1282 ,vinoque
283 1239 470 1281 indulgens,
501 1240 658 1282 sapienter
692 1239 859 1282 praesentis

107 1283 183 1316 vita
197 1284 319 1315 fructus
333 1293 440 1326 carpe.
488 1283 568 1314 Vina
591 1284 696 1323 liques.
746 1283 858 1313 Vinum

109 1327 230 1369 liqrum
240 1331 290 1358 est
301 1325 414 1357 vinum
436 1325 628 1368 percolando
650 1324 804 1367 liquidius
825 1330 858 1356 et

109 1369 157 1403 sic
186 1369 326 1402 bibendo
355 1373 467 1412 aptum
505 1367 657 1407 reddere;
696 1378 764 1403 nos,
796 1369 856 1398 den

114 1410 204 1446 Wein
214 1413 372 1454 filtriren,
387 1413 586 1443 durchsez'hen
599 1423 610 1449 ,-
635 1410 761 1442 Graecis
775 1410 855 1442 dici-

108 1455 329 1493 ωτ,ὑλίζειν,
353 1455 539 1492 σακκίζειν,
561 1453 787 1497 ἐξητριάζεινι
813 1453 856 1484 cs.

110 1498 166 1531 cl.
183 1498 334 1531 Schneid.
349 1498 390 1530 ad
407 1498 536 1530 Colum.
553 1497 609 1534 xii,
629 1499 681 1534 19,
699 1499 729 1528 4.
775 1497 854 1528 Ute-

108 1541 228 1574 bantiu-
241 1547 362 1574 veteres
380 1541 421 1572 ad
445 1541 554 1573 vinum
576 1539 766 1582 liquandum
789 1539 859 1571 colo

110 1583 243 1628 (ἠθμῷ,
269 1584 438 1634 ὑλιστῆρι,
469 1584 502 1615 h.
533 1594 562 1615 e.
587 1584 718 1615 sacculo
746 1582 857 1619 linteo,

109 1627 200 1660 tenui
210 1627 330 1660 vimine
339 1637 441 1658 rarius
455 1627 488 1658 in
504 1626 577 1658 coni
592 1626 709 1658 inversi
725 1625 858 1657 formam

109 1670 292 1712 contexto),
303 1675 336 1702 ut
348 1669 458 1702 vinum
474 1680 529 1713 per
538 1668 621 1700 illud
637 1669 857 1700 transmissum

110 1712 314 1750 desecarent,
327 1713 378 1745 vel
399 1713 518 1756 potius,
533 1718 568 1744 ut
585 1711 664 1743 mihi
678 1711 814 1748 videtur,
838 1721 857 1742 a

110 1756 187 1789 flore
207 1757 260 1790 vel
283 1766 412 1788 mucore
434 1754 551 1799 (kahn)
565 1761 748 1798 purgarent.
795 1756 854 1786 Ce-

110 1799 859 1844 terumpoetamideoLeuconoenvinumle‘quare

107 1841 236 1886 jubere,
255 1849 293 1875 ut
314 1842 397 1874 illud
419 1841 557 1874 bibendo
580 1841 733 1872 hilaritati
754 1841 859 1871 indul-

111 1890 196 1928 geat,
230 1886 285 1918 vix
322 1886 517 1918 monendum
555 1884 690 1916 videtur.
754 1884 860 1924 Spatia

112 1929 195 1961 brevi
219 1940 300 1970 spem
327 1930 448 1972 longam
472 1938 600 1959 reseces.-
625 1927 656 1958 h.
671 1937 699 1958 e.
715 1937 802 1968 spem
826 1926 858 1957 in

113 1971 266 2014 longioris
292 1971 367 2003 vitae
391 1977 512 2014 tempes
536 1970 722 2013 productam
746 1979 764 2000 a
788 1970 858 2000 bre-

113 2013 210 2047 vioris
223 2015 298 2047 vitae
318 2013 422 2058 spatio
435 2013 596 2046 rescindas
617 2018 649 2044 et
671 2011 859 2054 disjungas;

103 2057 181 2090 ‘noli
189 2068 328 2107 sperare,
339 2068 412 2100 quae
423 2058 464 2089 ob
479 2056 552 2087 vitae
569 2055 755 2087 brevitatem
772 2064 857 2086 asse·

112 2100 171 2144 qui
185 2110 225 2134 ne
249 2111 311 2132 uis.
333 2099 409 2132 Alio
419 2100 583 2132 verborum
600 2103 715 2130 ornatu
724 2097 859 2129 eandem

112 2149 303 2176 sententiam
332 2142 447 2175 extulit
478 2143 558 2174 Hor.
586 2152 658 2184 sup.
687 2141 710 2177 i,
740 2142 773 2177 4,
808 2142 859 2178 15,

117 2186 193 2220 Vita
206 2198 323 2220 summa
338 2187 434 2218 brevis
447 2196 528 2227 spem
541 2196 593 2216 nos
613 2191 694 2216 vetat
718 2185 824 2215 inchoa
830 2196 861 2216 re

19 2222 27 2229 ’
113 2231 248 2274 tongam.

331 2314 537 2348 CARMEN
561 2314 644 2346 XII.

51 2397 54 2404 Ι
109 2379 112 2383 ·
159 2359 234 2398 Quo
257 2358 361 2408 magis
382 2363 479 2401 poeta
504 2357 686 2394 consilium,
712 2357 799 2399 quod
826 2356 860 2387 in

113 2401 174 2435 hoe
189 2411 329 2435 carmine
343 2400 564 2444 componendo
577 2405 704 2433 secutus
717 2404 776 2437 est,
794 2399 859 2431 dis-

112 2443 286 2482 simulavit,
301 2454 340 2476 eo
353 2444 457 2487 magis
470 2454 542 2476 eum
556 2443 644 2475 illius
666 2443 761 2474 finem
785 2442 860 2474 atti-

51 2488 56 2495 “
111 2487 198 2533 gbl&
213 2487 455 2520 animadvertes.
480 2487 608 2519 Laudes
624 2486 708 2518 enim
719 2486 862 2528 Augusti

35 2535 82 2576 „2¹
112 2531 343 2568 celebraturus,
370 2530 458 2562 haud
487 2530 664 2562 secundum
696 2529 861 2569 vulgarem

31 2612 33 2614 ³
54 2580 63 2610 ᾖ
112 2574 268 2607 unionem
282 2573 386 2606 fusius
409 2573 448 2605 iis
463 2573 647 2605 enarrandis
667 2572 861 2610 immoratur,

113 2617 171 2652 ”d
185 2626 254 2653 eu,
267 2616 334 2649 alia
347 2616 440 2660 quasi
463 2616 599 2658 agendo,
622 2626 696 2647 cum
719 2615 860 2652 deorum.

114 2659 262 2698 braum,
283 2665 316 2692 et
338 2658 547 2691 maximorum
569 2669 650 2701 quos
667 2658 775 2690 Roma
789 2658 863 2691 tulit

22 2711 35 2736 ,³
51 2698 90 2737 ²1.
107 2703 254 2736 ‘virorum
269 2703 421 2735 laudibus
435 2701 514 2734 mira
535 2702 674 2744 quadam
698 2708 764 2734 arte
786 2712 862 2733 con-

114 2746 230 2779 ficiat.
273 2747 449 2789 Postquam
466 2755 582 2788 nempe
602 2750 718 2788 poetae,
734 2744 862 2787 grandi.

27 2792 68 2832 „j
86 2810 91 2814 ν·
107 2789 183 2823 *otis
205 2789 385 2832 argumenti
410 2799 539 2821 carmen
564 2787 736 2824 molientis,
760 2793 794 2820 et
822 2799 863 2820 ex

45 2835 71 2864 11²
87 2839 101 2859 ῑ··
116 2832 232 2870 uma,
245 2842 340 2874 quem
353 2831 457 2864 virum
472 2837 529 2864 aut
541 2831 638 2863 heroa
653 2831 788 2863 deumve
801 2831 863 2863 sibi

32 2885 41 2902 -’
74 2887 80 2907 2
107 2875 345 2910 ‘celebrandum
374 2880 493 2912 sumat,
522 2873 717 2907 sciscitantis
745 2874 864 2914 animo,

29 2910 62 2943 ‘³¹'
97 2934 102 2938 ·
115 2910 186 2952 ‘am
199 2919 305 2952 furore

33 2982 79 3019 s
86 2915 262 3038 ’ἰὲῑῗᾨὶὶθΐι

381 2918 445 2950 tico
459 2917 592 2961 percito,
608 2928 648 2950 ex
661 2917 723 2949 diis
734 2916 865 2960 quidem

332 2962 453 3000 inerva,
484 2961 650 2997 Bacchus,
685 2960 805 2997 Diana,
835 2966 868 2994 et

150 3003 288 3045 hoebus3
309 3015 351 3038 ex
366 3004 517 3060 heroibus
540 3003 698 3037 Hercules
713 3009 746 3038 et
767 3003 866 3037 Dios-

863 1105 1046 1162 Orphea
1066 1107 1198 1159 silvae,

903 1196 995 1236 curi3
1024 1207 1065 1230 ex
1089 1197 1164 1230 viris
1187 1198 1406 1230 Romanorum
1430 1194 1652 1228 illustrissimis

904 1240 1076 1278 Romulus,
1102 1242 1210 1272 Numa
1236 1240 1427 1283 Pompilius,
1457 1239 1652 1281 Tarquinius

903 1284 1074 1326 Superbus»,
1085 1285 1179 1320 Cato,
1194 1283 1356 1325 Regulus,
1373 1282 1496 1321 Scauri,
1512 1281 1651 1313 Paullus

904 1326 1070 1364 AEmilius,
1095 1326 1276 1363 Fabricius,
1301 1326 1431 1364 Curius,
1446 1331 1478 1356 et
1493 1324 1651 1356 Camillus

899 1368 1057 1400 obversati
1080 1371 1225 1408 fuerant3
1249 1374 1379 1412 repente
1402 1379 1420 1400 e
1442 1373 1537 1408 gente
1559 1369 1580 1400 J
1584 1367 1651 1399 ulia

899 1418 1031 1454 apparet
1043 1412 1173 1455 juvenis
1188 1412 1382 1448 Marcellus,
1397 1422 1416 1442 a
1431 1411 1526 1454 cujus
1548 1410 1649 1442 admi-

898 1455 1020 1487 ratione
1037 1457 1076 1486 ad
1093 1455 1244 1497 Augusti,
1262 1466 1337 1486 cum
1360 1455 1444 1487 Jove
1460 1453 1647 1497 comparati,

898 1497 1097 1540 majestatem
1112 1498 1327 1530 extollendam
1343 1497 1475 1536 transit;
1498 1507 1564 1539 qua
1578 1496 1651 1539 qui-

902 1540 974 1572 dem
1006 1541 1210 1573 conversione
1239 1549 1271 1573 et
1297 1540 1532 1583 comparatione
1569 1539 1651 1571 nihil

904 1584 1036 1625 cogitari
1048 1590 1152 1627 potest
1161 1584 1370 1628 splendidius,
1378 1583 1459 1614 nihil
1469 1582 1651 1616 sublimius,

903 1627 999 1664 Cum,
1017 1628 1186 1670 superstite
1199 1628 1304 1659 adbuc
1328 1627 1498 1663 Marcello,
1523 1631 1556 1659 et
1602 1626 1651 1667 uie

901 1670 974 1701 dem
990 1681 1027 1702 eo
1042 1671 1111 1713 ipso
1126 1677 1276 1714 tempore,
1293 1681 1356 1713 quo
1379 1675 1488 1701 contra
1513 1671 1592 1701 Part
1615 1680 1650 1701 os

900 1712 1021 1744 bellum
1056 1719 1181 1756 pararet
1211 1715 1394 1755 AugustuS,
1432 1713 1492 1744 hoc
1521 1723 1651 1744 carmen

901 1755 1053 1798 scriptum
1086 1757 1139 1793 sit,
1174 1756 1215 1787 ad
1248 1767 1370 1787 annum
1402 1755 1499 1787 ferme
1531 1757 1572 1787 U.
1605 1756 1648 1788 C.

904 1809 1043 1830 ncexxx
1061 1798 1140 1830 illud
1154 1799 1260 1831 referri
1275 1799 1380 1830 debet.

949 1843 1044 1873 1—4.
1071 1843 1167 1877 Quem
1182 1845 1283 1874 virum
1306 1849 1361 1872 aut
1385 1842 1486 1873 heroa.
1530 1841 1651 1873 Simili-

905 1889 951 1915 ter
978 1884 1148 1922 Pindarus,
1171 1886 1223 1917 cui
1247 1885 1339 1927 plura
1360 1884 1516 1916 Horatius
1530 1885 1564 1916 in
1586 1885 1647 1917 hoc

903 1927 1045 1959 carmine
1066 1927 1171 1964 debet,
1187 1927 1348 1960 exorditur
1370 1927 1426 1958 Ol.
1448 1928 1488 1958 2:
1513 1927 1648 1964 Ἀναξι-

904 1970 1088 2024 φόρμιῖγες
1111 1971 1223 2013 ὕμνοι,
1248 1971 1329 2002 τίνα
1349 1970 1440 2006 Θεὸν,
1459 1970 1521 2003 τίν’
1541 1971 1649 2014 ἥρωα,

905 2013 1011 2045 τίναδ
1030 2013 1141 2057 ἄνδρα
1150 2013 1399 2054 κελαδήσομεν;
1420 2013 1650 2052 Is'irum,rernm

903 2057 1056 2098 praeclare
1080 2062 1240 2098 gestarum
1264 2057 1367 2099 gloria
1387 2066 1500 2098 nempe
1522 2057 1649 2100 conspi-

903 2109 1010 2131 cuum.
1035 2100 1155 2131 Heron:
1169 2102 1267 2131 heroes
1277 2099 1427 2131 dicuntur
1436 2109 1474 2131 ex
1484 2100 1544 2132 deo
1552 2100 1650 2132 deave

903 2147 935 2173 et
957 2142 1084 2174 homine
1106 2142 1274 2185 procreati,
1287 2148 1320 2174 et
1338 2148 1410 2185 post
1424 2149 1554 2174 mortem
1570 2143 1652 2176 inter

903 2185 979 2216 deos
989 2186 1079 2217 relati
1091 2186 1268 2228 (ἡμίθεοι),
1279 2186 1391 2228 quales
1399 2196 1652 2218 commemoran-

904 2228 999 2260 turin
1016 2229 1076 2261 hoc
1091 2229 1234 2262 carmine
1257 2229 1414 2261 Hercules
1436 2234 1468 2260 et
1490 2229 1652 2262 Dioscuri.

906 2271 992 2313 Lyra
1009 2274 1055 2304 vel
1067 2275 1133 2304 acri
1149 2275 1236 2308 tibia,
1253 2273 1285 2304 h.
1298 2283 1327 2304 e.
1337 2272 1476 2303 carmine
1491 2272 1532 2303 ad
1549 2273 1652 2315 lyram

904 2315 956 2347 vel
971 2315 1080 2347 tibiam
1096 2316 1279 2347 decantato.
1313 2317 1401 2351 Acri,
1416 2315 1457 2346 ob
1472 2325 1575 2347 acrem
1587 2316 1655 2348 sive

905 2368 1031 2398 gravem
1061 2359 1150 2391 tibiae
1179 2369 1307 2391 sonum.
1359 2359 1460 2390 Samis
1489 2360 1652 2396 celebrare,

906 2401 1031 2438 Graece,
1049 2413 1116 2445 pro,
1132 2402 1369 2434 celebrandum.
1415 2402 1493 2438 Clio,
1509 2413 1548 2433 ex
1567 2413 1653 2434 more

904 2450 1082 2488 poetarum,
1106 2445 1162 2488 qui
1184 2445 1362 2487 grandioris
1383 2445 1560 2486 argumenti
1583 2457 1653 2478 car-

905 2498 978 2520 men
995 2487 1161 2520 molientes
1183 2490 1314 2520 Musam
1333 2488 1475 2530 aliquam
1492 2488 1524 2519 in
1549 2495 1654 2532 partes

905 2537 1042 2571 vocant;
1066 2531 1144 2574 ipsis
1166 2537 1273 2563 autem
1298 2531 1451 2572 gravioris
1476 2532 1655 2574 argumenti

906 2574 1100 2606 carminibus
1128 2581 1243 2618 praeest
1272 2574 1359 2606 Clio.
1404 2575 1510 2606 Jocosa
1541 2577 1653 2618 imago,

907 2617 939 2648 h.
954 2628 984 2650 e.
1000 2618 1103 2654 Echo,
1117 2629 1189 2660 quae
1209 2618 1334 2660 plenius
1349 2618 1407 2649 inf.
1422 2629 1478 2654 xx,
1495 2620 1528 2655 8,
1544 2621 1655 2650 montis

906 2662 1018 2703 imago,
1035 2666 1068 2692 et
1091 2661 1185 2702 Virg.
1210 2662 1292 2694 Geo.
1308 2661 1351 2698 iv,
1375 2662 1429 2698 50,
1452 2663 1530 2693 vocis
1552 2663 1653 2704 imago

907 2703 1043 2735 dicitur:
1064 2707 1171 2745 jocosa
1192 2705 1233 2736 ob
1251 2704 1398 2746 jocosum
1421 2704 1514 2747 quasi
1535 2705 1653 2742 lusum,

906 2757 970 2790 quo
985 2748 1098 2779 missas
1114 2758 1207 2779 voces
1221 2747 1314 2779 Echo
1329 2747 1443 2780 reddit.

951 2792 982 2827 5,
998 2791 1031 2822 6.
1054 2790 1138 2822 Cum
1163 2791 1260 2823 semel
1282 2796 1375 2833 poeta
1391 2790 1528 2822 canendi
1549 2796 1656 2834 partes

907 2833 1087 2876 delegasset
1101 2835 1271 2865 Musarum
1281 2833 1350 2870 uni,
1362 2834 1434 2876 ejus
1449 2839 1564 2866 cantus
1575 2845 1654 2876 quo-

907 2886 970 2919 que
985 2887 1130 2909 resonare
1143 2877 1282 2909 debebat
1292 2876 1326 2908 in
1337 2876 1376 2908 iis
1386 2876 1467 2908 locIs
1479 2878 1531 2908 ubi
1546 2878 1655 2908 Musae

909 2919 1017 2952 sedem
1031 2930 1122 2952 suam
1137 2920 1259 2952 habent
1272 2932 1281 2960 3
1305 2930 1420 2962 nempe
1434 2921 1482 2951 vel
1501 2920 1534 2951 in
1558 2921 1658 2951 Boeo·

909 2961 961 2994 tiae
992 2968 1111 3000 monte,
1145 2964 1303 3002 Helicone,
1334 2964 1385 2995 vel
1414 2962 1448 2993 in
1479 2963 1507 2993 T
1510 2962 1656 2994 hessaliae

909 3011 1031 3045 monte,
1050 3007 1162 3046 Pindo,
1176 3017 1310 3050 quorum
1327 3011 1457 3048 uterque
1473 3011 1536 3036 tam
1554 3005 1657 3048 Apol-
