1904 3314
713 123 940 170 LIBER
969 123 1029 174 11,
1061 124 1103 165 3.

1591 128 1678 169 385

249 229 427 272 Servius
450 229 671 285 Oppidius
693 226 860 268 Canusi
879 227 968 268 duo
989 226 1170 281 praedia,
1193 227 1314 268 dives

248 295 446 354 Antiquo
467 311 615 347 censu,
636 295 749 337 natis
770 294 933 336 divisse
955 294 1131 335 duobus

136 363 218 406 170
247 364 422 416 Fertur,
444 373 488 408 et
507 365 602 407 haec
622 363 808 404 moriens
829 362 978 417 pueris
1000 362 1164 403 dixisse
1185 362 1350 403 vocatis

246 431 323 475 Ad
343 433 529 476 lectum=
562 431 801 485 Postquam
823 437 866 471 te
889 429 1014 479 talos,
1036 429 1168 479 Aule,
1191 444 1412 485 nucesque

247 499 383 543 Ferre
402 501 499 542 sinu
517 499 633 549 laxo,
655 499 818 540 donare
840 505 884 539 et
905 497 1056 539 ludere
1078 497 1192 548 vidi3

246 567 330 618 Te,
350 568 518 619 Tiberi,
539 580 782 616 numerare,
805 566 921 607 cavis
943 566 1213 607 abscondere
1235 565 1428 608 tristem:

246 634 456 687 Extimui,
478 650 533 678 ne
554 650 630 677 vos
652 641 802 690 ageret
823 634 998 675 vesania
1018 634 1186 675 discors
1206 651 1215 684 3

133 701 216 744 175
245 702 320 745 Tu
339 702 679 752 Nomentanum,
702 709 750 744 tu
771 717 826 744 ne
853 717 1086 757 sequerere
1110 701 1322 744 Cicutam.

245 770 396 819 Quare
415 786 496 826 per
516 771 639 813 divos
662 778 812 813 oratus
831 777 1018 825 uterque
1039 778 1235 825 penates,

244 837 319 880 Tu
339 853 456 889 cave,
478 854 534 881 ne
554 840 722 881 minuas
742 857 751 890 ;
785 846 848 890 tu,
871 854 925 880 ne
947 839 1086 893 majus
1110 839 1242 880 facias
1266 839 1327 889 id,

243 905 379 954 Quod
400 907 504 948 satis
525 922 621 949 esse
642 914 768 963 putat
791 914 929 962 pater,
953 914 997 948 et
1019 914 1176 949 natura
1197 914 1384 950 coercet.

243 973 482 1024 Praeterea,
501 989 557 1016 ne
578 990 654 1016 vos
675 974 820 1017 titillet
841 973 993 1028 gloria,
1011 975 1133 1029 jure-

133 1040 215 1082 180
243 1040 444 1084 Jurando
465 1043 734 1098 obstringam
755 1043 904 1084 ambo:
938 1049 1036 1084 uter
1058 1033 1212 1092 aedilis,
1235 1043 1419 1085 fueritve

242 1106 454 1150 Vestrfim
473 1116 654 1164 praetor,
676 1110 713 1150 is
735 1109 995 1151 intestabilis
1017 1117 1061 1151 et
1084 1125 1206 1151 sacer
1227 1117 1338 1152 esto.

241 1173 295 1216 In
313 1175 454 1217 cicere
475 1182 606 1230 atque
628 1176 729 1218 faba
750 1178 866 1218 bona
889 1184 935 1218 tu
958 1178 1209 1232 perdasque
1231 1176 1408 1232 lupinis,

241 1241 382 1284 Latus
403 1250 453 1284 ut
473 1243 517 1283 in
538 1244 653 1285 circo
675 1244 880 1298 spatiere,
903 1252 947 1285 et
963 1259 1124 1285 aeneus
1147 1252 1194 1285 ut
1217 1252 1320 1294 εἴθε,

122 1380 279 1418 (littorum,
302 1368 504 1414 mollioribus
525 1382 630 1414 verbis
657 1382 763 1414 omnia
788 1382 873 1426 apud

123 1429 259 1466 ngrotos
270 1424 476 1457 elevantium.

171 1468 245 1499 158.
268 1467 343 1503 Pro,
361 1467 446 1503 Quid
467 1470 604 1498 azarias?
626 1468 769 1509 legitur
762 1480 795 1500 ιιι
811 1474 873 1501 vet.

122 1509 181 1542 lib.
205 1519 248 1552 ap
248 1509 292 1541 ud
321 1510 416 1542 Feam
442 1511 519 1545 Quis
543 1513 676 1542 avarus?
699 1512 786 1553 quod
810 1523 871 1543 non

123 1521 284 1596 displicet,
317 1553 394 1595 quia
430 1553 553 1585 dixerat
586 1553 679 1586 modo
709 1555 872 1592 Horatius,

125 1596 276 1632 Quianam
289 1597 393 1638 igitur
406 1607 515 1628 sanus.
509 1597 522 1619 7

170 1639 244 1670 160.
289 1639 368 1675 Cur,
383 1639 504 1670 Stoice?
526 1638 694 1671 Stertinius
712 1649 746 1670 se
767 1638 874 1681 ipsum

123 1685 162 1714 ut
174 1681 322 1714 Stoicum
336 1682 488 1724 appellat.

169 1724 244 1756 161.
289 1725 472 1760 Gar-diacus,
501 1724 557 1766 qui
586 1724 753 1760 stomachi,
779 1735 874 1766 quem

121 1772 244 1800 veteres
257 1768 364 1800 Graeci
379 1767 524 1811 καρδίαν
533 1777 596 1810 app
576 1767 749 1809 p,ellabant
759 1767 875 1798 dolori—

122 1810 185 1842 bus
217 1810 314 1852 afflign
306 1810 379 1843 '.tur
425 1811 613 1842 Craterum.
646 1811 754 1842 Schol.
784 1811 874 1847 Aer„

126 1853 275 1886 Craterus
282 1854 386 1896 fuisse
400 1855 519 1885 dicitur·
537 1854 600 1885 illis
615 1856 795 1894 temporibus
810 1857 872 1896 opi-

123 1897 300 1928 natiuitatis
313 1898 457 1928 medicus.

148 1942 149 1946 ’
172 1940 244 1971 162.
288 1939 382 1971 Recte
401 1946 444 1971 est
460 1941 578 1982 igitur:
603 1943 685 1970 recte
707 1938 802 1980 igitur
820 1938 876 1970 ille

125 1991 160 2014 se
173 1981 283 2014 habet.
325 1982 471 2023 Negabit,
487 1992 534 2013 sc.
552 1982 714 2013 Craterus.

170 2025 247 2057 163.
293 2025 399 2056 Morbo
434 2031 535 2062 acuta,
565 2025 652 2056 acuti
683 2030 715 2056 et
749 2023 876 2055 acrioris

125 2066 257 2100 doloris.

170 2111 246 2142 166.
277 2110 412 2154 Naviget
426 2111 629 2152 Anticyram:
654 2110 697 2142 cf
720 2111 806 2142 adv.
822 2112 875 2142 83.

123 2153 318 2186 Barathron
342 2123 454 2190 Dones,
474 2155 618 2196 quicquid
640 2155 746 2185 hahes:
771 2159 874 2184 utrum

124 2205 200 2238 opes
222 2202 294 2228 tuas
317 2197 498 2228 ambitionis
519 2203 551 2228 et
573 2196 681 2238 gratiae
706 2196 874 2239 captandae

122 2248 223 2271 etun
245 2239 345 2271 done·
367 2240 498 2288 populo,
519 2239 576 2281 qui
602 2239 761 2276 barathro,
786 2239 818 2269 h.
842 2250 872 2270 e.

122 2280 288 2318 mem
297 2282 437 2323 voragini
448 2283 556 2314 omnia
571 2282 754 2314 absorbenti
770 2287 802 2314 et
817 2282 872 2314 de-

123 2319 274 2367 studenti
287 2330 336 2357 cst
349 2324 476 2362 similis,
492 2335 546 2361 an,
563 2331 637 2357 cett.

171 2367 244 2407 169.
287 2367 382 2400 Dives
391 2369 535 2417 Antiqua
557 2379 660 2404 censu,
679 2378 734 2410 pro
755 2367 874 2399 ratione

123 2420 189 2454 qua
199 2404 319 2454 aliquis
332 2410 512 2453 antiquitus
527 2411 614 2442 dives
630 2411 831 2444 censebatur.

170 2452 246 2486 1⁷1.
269 2453 379 2486 Talon.-
400 2455 487 2496 quod
498 2454 555 2486 de
549 2464 588 2484 ns
599 2465 672 2496 quae
689 2454 728 2485 ad
740 2454 874 2485 talorum

122 2499 157 2529 et
177 2501 365 2529 tenentum
388 2496 501 2528 ludum
527 2503 675 2539 spectant
695 2496 776 2528 scire
796 2506 876 2538 opus

121 2539 332 2577 nubserit&
353 2545 386 2572 et
409 2545 558 2572 accurate
581 2539 728 2582 exposuit
749 2540 875 2570 Ernest.

126 2581 162 2614 in
175 2581 270 2615 Clav.
286 2581 358 2615 Cic.
373 2593 401 2614 s.
417 2593 448 2614 v.
466 2582 571 2614 Talus.

171 2623 355 2658 1⁷t-175.
399 2625 560 2666 Postquam
593 2631 621 2655 te
651 2625 738 2655 talos.
784 2623 877 2655 Sicut

125 2666 232 2704 bodie.
245 2667 292 2700 ita
305 2667 382 2700 olim
397 2678 525 2710 quoque
540 2666 631 2710 pueri
646 2666 732 2702 talis,
750 2667 878 2697 nucibus

125 2710 328 2760 propinatio
340 2713 457 2752 positis,
473 2713 580 2742 tudere
595 2710 752 2740 solebant.
795 2710 878 2740 Hinc

183 2754 300 2787 nudie
317 2754 454 2797 nuptiali
467 2756 651 2796 spargebant
663 2763 753 2783 nuces
767 2751 880 2794 (Virg.

125 2762 235 2829 mm
221 2795 291 2835 viii,
315 2797 370 2833 30.
394 2808 518 2839 sparge,
545 2798 666 2833 marite,
693 2794 816 2833 nuces),
843 2805 876 2826 se

124 2838 260 2882 puilia
279 2849 367 2871 nunc
392 2839 551 2888 deponere
575 2839 668 2874 velle,
692 2837 876 2879 significan-

331 2884 356 2913 ii
391 2882 471 2915 alter
506 2882 745 2929 filius,Auc31s‚
784 2881 879 2923 paulo

125 2887 223 2956 lz'ior
234 2930 268 2958 et
280 2923 322 2956 ad
333 2924 552 2958 liberalitatem
565 2923 759 2981 propensior,
772 2929 880 2966 aperte

918 1381 950 1412 in
967 1386 1048 1424 togae
1064 1384 1134 1414 sinu
1153 1384 1220 1413 laxo
1235 1382 1351 1423 (latius
1364 1383 1548 1426 extenso)p
1549 1383 1674 1415 ortabat

918 1435 1028 1461 nuceS,
1046 1435 1124 1467 quas
1141 1426 1191 1457 vel
1209 1426 1311 1457 obviis
1333 1425 1496 1457 sodalibus
1518 1427 1671 1462 donabat,

919 1468 966 1499 vel
991 1468 1028 1498 iis
1051 1468 1192 1504 ludebat,
1210 1469 1255 1500 ita
1270 1468 1411 1511 quidem,
1429 1474 1465 1499 ut
1486 1470 1573 1500 brevi
1591 1475 1672 1501 tem-

918 1521 991 1551 pore
1015 1511 1093 1542 nihil
1121 1511 1150 1542 ei
1178 1518 1306 1543 restaret
1331 1512 1371 1543 de
1397 1511 1558 1551 nucibus;
1580 1512 1672 1551 alter,

920 1553 1070 1590 Tiberius,
1099 1555 1194 1596 paulo
1224 1555 1264 1586 ad
1292 1565 1358 1586 rem
1386 1552 1548 1591 attentior.
1572 1561 1604 1587 et
1631 1557 1671 1587 ad

918 1596 1080 1627 avaritiam
1119 1597 1298 1638 proclivior,
1334 1597 1452 1639 saepius
1483 1598 1674 1630 numerabat

919 1649 1028 1676 nuces,
1056 1649 1175 1680 easque
1204 1642 1300 1670 tristis
1327 1641 1454 1682 (severo
1478 1646 1511 1671 et
1533 1641 1673 1672 sollicito

919 1681 1044 1720 animo)
1069 1682 1102 1712 in
1130 1682 1296 1713 latebrosis
1323 1682 1402 1713 locis
1433 1682 1672 1722 abscondebat3

920 1723 995 1755 hinc
1024 1725 1249 1756 extimescebat
1279 1730 1380 1766 pater,
1410 1735 1449 1756 ne
1478 1725 1583 1756 Aulus
1613 1726 1673 1757 ali·

919 1766 1048 1808 quando
1072 1767 1232 1809 prodigus,
1246 1767 1394 1799 Tiberius
1417 1777 1533 1798 avarus
1555 1767 1672 1800 extitu-

919 1820 973 1840 rus
987 1815 1080 1842 esset.

966 1853 1037 1883 173.
1084 1853 1184 1889 cavis,
1223 1852 1263 1883 de
1299 1852 1378 1883 locis
1413 1852 1573 1884 excavatis
1608 1853 1673 1885 sive

917 1895 1059 1932 latebris,
1078 1901 1111 1926 ut
1132 1895 1191 1926 inf.
1215 1896 1281 1926 Sat.
1304 1895 1338 1932 ii,
1357 1897 1388 1941 6
1404 1897 1458 1932 81,
1474 1901 1506 1927 et
1528 1895 1632 1938 Epist.
1649 1897 1671 1933 i,

966 1982 1038 2012 174.
1064 1981 1192 2012 Vesam'a
1207 1982 1342 2012 discors
1333 2005 1340 2010 .
1366 1981 1459 2013 aliter
1478 1980 1564 2012 enim
1585 1981 1671 2013 insa·

920 2023 970 2054 nit
984 2026 1143 2066 prodigus,
1159 2024 1250 2055 aliter
1263 2035 1388 2055 avarus.

966 2068 1040 2099 175.
1080 2068 1318 2102 Nomentanum,
1335 2076 1469 2109 vappam
1490 2072 1522 2098 et
1538 2067 1671 2099 nebulo-

919 2120 1003 2145 nem,
1022 2111 1090 2141 Sat.
1112 2109 1134 2145 i,
1155 2111 1184 2145 1,
1206 2111 1265 2140 102
1291 2116 1323 2141 et
1341 2111 1414 2147 104,
1437 2116 1582 2151 nepotem
1606 2112 1678 2142 Sat.

919 2152 954 2188 ii,
975 2154 1003 2188 l,
1019 2155 1074 2184 22.
1122 2153 1283 2183 Cicutam:
1308 2153 1351 2184 cf.
1369 2164 1400 2184 v.
1423 2153 1477 2189 69,
1492 2159 1524 2184 et
1547 2155 1615 2186 Sat..
1637 2154 1672 2192 ii,

963 2239 1037 2269 177.
1083 2239 1190 2278 Majus
1205 2237 1331 2280 facias:
1357 2238 1482 2270 auctius
1509 2237 1613 2271 facere
1641 2245 1673 2271 et

919 2291 994 2323 amp
997 2281 1112 2312 liticare
1128 2281 1269 2313 studeas.

965 2325 1037 2355 178.
1063 2324 1105 2354 Et
1122 2331 1236 2355 natura
1253 2331 1387 2355 coercet.-
1411 2329 1443 2355 et
1456 2329 1577 2356 naturae
1595 2325 1671 2367 legi-

918 2368 989 2403 bus,
1005 2367 1175 2398 immodica
1190 2378 1328 2408 quaeque
1349 2367 1523 2398 coercentis
1538 2373 1568 2398 et
1585 2368 1671 2400 cohi-

922 2409 1039 2446 bentis,
1054 2415 1300 2441 consentaneum
1317 2416 1376 2441 est.

968 2454 1041 2484 181.
1086 2453 1286 2487 Inteatabilis.
1302 2453 1471 2495 interprete
1486 2452 1674 2485 Unterholz-

921 2505 996 2527 nero
1010 2495 1095 2537 apud
1112 2494 1344 2530 Heindorfium,
1357 2495 1486 2530 dicitur,
1500 2496 1556 2538 qui
1573 2506 1675 2538 neque

921 2544 1144 2571 testamentum
1161 2538 1274 2575 facere,
1291 2549 1395 2580 neque
1411 2549 1450 2570 ex
1467 2538 1550 2570 facto
1566 2540 1675 2581 aliquo

921 2586 1110 2612 testamento
1134 2581 1218 2612 bona
1236 2581 1392 2624 accipere,
1409 2591 1511 2622 neque
1530 2582 1676 2614 faciendo

921 2630 1110 2655 testamento
1122 2624 1212 2655 testis
1225 2623 1336 2655 adesse
1349 2631 1491 2666 poterat;
1507 2624 1567 2655 fuit
1580 2625 1676 2664 igitur

922 2667 1015 2698 homo
1035 2666 1176 2697 omniurn
1199 2667 1372 2698 contemtui
1391 2667 1566 2709 expositus,
1582 2668 1676 2699 homo

922 2710 1062 2741 nefarius
1080 2715 1112 2740 et
1128 2710 1348 2741 detestabilis:
1376 2710 1449 2741 hinc
1471 2710 1555 2752 apud
1574 2711 1679 2742 Tacit.

925 2753 1045 2784 Annal.
1062 2763 1113 2789 xv.
1131 2754 1185 2789 55,
1197 2755 1381 2784 intestabilis
1396 2755 1676 2790 etcwznsceleratns

921 2802 953 2827 et
967 2795 1052 2827 Hist.
1073 2796 1117 2831 iv,
1134 2796 1189 2834 42,
1206 2798 1408 2828 intestabilior
1428 2802 1461 2827 et
1478 2799 1581 2827 saevior
1597 2797 1673 2843 jun-

922 2845 1051 2880 guntur.
1096 2838 1199 2875 Sacer,
1214 2838 1434 2874 exsecrabilis,
1450 2838 1677 2870 cnidii-asim-

922 2891 1100 2924 precamur.

971 2925 1154 2956 182-186,
1199 2924 1238 2955 In
1253 2926 1360 2960 cicere,
1378 2928 1454 2955 cett.
1499 2923 1518 2954 J
1523 2932 1572 2952 am
1589 2927 1678 2964 pater

879 2977 931 2999 CC
