1884 3288
671 184 900 228 LIBER
933 185 968 236 Ι,
1000 185 1070 227 29.

266 292 508 335 Postmodo
528 298 572 334 te
591 291 704 332 natis
719 289 926 340 ,fraudem
946 289 1248 331 committere?

1558 164 1642 230 Κ59

1310 290 1421 332 Fors
1443 299 1487 333 et

327 361 493 403 Debita
506 361 610 416 jura
630 359 833 414 vicesque
856 359 1061 413 superbae

266 429 336 471 Te
356 434 558 470 maneant
578 427 721 483 ipsum
738 443 747 468 :
780 426 988 481 precibus
1010 440 1097 467 non
1118 424 1293 481 linquar
1314 426 1463 469 inultis
1482 445 1492 478 3

325 496 482 551 Teque
503 494 674 551 piacula
694 493 813 536 nulla
833 493 1067 535 resolvent.

179 566 236 607 35
267 564 543 619 Quamquam
564 563 761 613 festinas,
783 577 870 604 non
891 569 958 604 est
979 577 1100 604 mora
1119 561 1266 618 longa,
1287 562 1438 606 licebit

325 633 495 688 InJecto
516 639 585 675 ter
605 631 785 688 pulvere
807 645 971 673 curras.

624 817 903 861 CARMEN
937 818 1119 860 XXIX.

687 949 764 980 AD
802 949 1053 981 ICCIUM.

445 1033 556 1084 Iccx,
579 1033 718 1076 beatis
741 1049 855 1076 nunc
880 1035 1076 1076 Arabum
1097 1034 1267 1076 invides

443 1101 595 1152 Gazis,
619 1109 662 1144 et
683 1117 828 1144 acrem
847 1103 1040 1144 militiam
1061 1118 1192 1158 paras

91 1196 175 1224 sorte
201 1191 335 1242 cogitari
363 1192 404 1224 iis
431 1193 535 1235 potuit
565 1193 718 1225 atrocius.
764 1195 845 1226 Haec

92 1235 244 1277 cogitatio
259 1236 372 1268 misere
385 1246 514 1284 quoque
537 1238 702 1268 cruciabat
727 1238 845 1268 Ariad-

92 1287 169 1315 nen,
184 1288 205 1309 a.
221 1278 374 1311 Theseo·
367 1290 399 1310 m
415 1279 483 1310 sola
505 1278 614 1311 insula
639 1281 735 1311 Naxo
756 1281 845 1312 dere-

91 1319 215 1359 lictam,
230 1321 308 1353 dum
325 1321 405 1354 dicit
424 1321 511 1364 apud
532 1323 653 1354 Catull.
672 1323 750 1361 lxiv,
773 1325 846 1360 153.

95 1363 200 1406 Neque
215 1367 328 1406 injecta
345 1367 519 1396 tumulabor
533 1372 653 1396 mortua
674 1372 720 1397 ter
721 1378 777 1397 r:a
801 1367 845 1398 cf.

94 1407 188 1450 Virg.
204 1408 284 1440 AEn.
305 1407 348 1444 vi,
369 1409 447 1440 365.
491 1408 648 1457 Apposite
671 1420 745 1440 cum
772 1410 848 1441 Hor.

94 1450 148 1483 Cl.
174 1450 310 1483 Mitsch.
339 1452 536 1494 comparavit
558 1451 684 1483 Juliani
711 1454 847 1494 AEgypt.

94 1493 159 1536 Ep.
185 1493 242 1533 liv,
271 1494 407 1526 Anthol.
434 1495 543 1526 Graec.
568 1495 606 1526 T.
631 1494 678 1531 iii,
706 1506 739 1538 p.
770 1497 846 1534 207,

94 1537 230 1576 Πλώεις
243 1538 402 1580 ναυηγόν
418 1549 458 1581 με
479 1536 615 1579 λαβὼν,
635 1539 692 1570 καὶ
716 1538 845 1580 σὴματι

94 1580 231 1622 χώσας;
248 1583 361 1618 nme,
375 1581 613 1613 Μαλειάωνᾶκ
639 1583 844 1623 αφυλασσό-

92 1635 207 1677 μενος.
250 1623 321 1656 Αἶεὶ
336 1623 364 1656 δ’
379 1624 546 1663 εὐπλοΐην
560 1593 719 1676 μεᾘζεποις
734 1626 842 1667 φίλος·

95 1666 143 1706 ἣν
156 1665 189 1698 δέ
207 1678 240 1698 τι
253 1665 332 1710 ῥέξῃ
343 1666 454 1700 Ἀλλο
474 1667 576 1709 τύχη.
601 1667 703 1699 τοίων
725 1669 844 1700 ἀντιά-

95 1721 174 1748 σαις
184 1711 354 1753 χαρίτων.
384 1711 447 1746 Sic,
454 1712 664 1751 quodcunque,
674 1716 749 1742 cett
762 1712 848 1753 quod

95 1751 123 1784 si
136 1752 261 1790 feceris,
269 1759 361 1802 opto,
377 1758 424 1790 ut,
437 1764 638 1795 quaecunque
654 1754 755 1785 tibiin
770 1754 849 1785 mari

95 1795 181 1828 Italo
206 1796 368 1837 naviganti
400 1802 571 1839 tempestas
600 1796 791 1834 imminebit,
819 1803 850 1829 te

96 1839 228 1882 sospite,
245 1839 278 1870 in
295 1839 391 1871 silvas
407 1840 592 1871 Venusinas
609 1846 783 1870 avertatur.
809 1841 849 1872 de

97 1892 159 1913 usu
190 1882 355 1924 paniculae
384 1885 427 1914 sic
452 1883 500 1920 cf.
531 1894 601 1925 sup.
632 1882 673 1913 ad
699 1882 722 1919 i,
750 1884 783 1919 3,
818 1885 846 1914 1.

99 1925 229 1962 Merces.
250 1925 387 1963 lucrum,
407 1931 561 1968 quaestuS.
611 1925 711 1962 Unde,
732 1925 764 1956 h.
783 1936 812 1958 e.
829 1937 848 1957 a

98 1978 176 2010 quo,
203 1978 252 2000 se.
279 1969 374 2006 Jove,
398 1976 507 2009 potest,
537 1978 582 2000 sc.
611 1968 768 2000 defluere:
805 1969 848 2001 cf.

98 2021 171 2060 sup.
194 2011 280 2047 adi,
306 2012 358 2048 12,
389 2013 438 2044 17.
486 2012 553 2044 Tibi
575 2012 705 2053 defluat,
727 2011 846 2043 affatim

99 2052 158 2086 tib1
173 2055 294 2092 affluat,
309 2054 460 2097 largiter'
452 2066 485 2086 ιιι
502 2060 533 2087 te
547 2054 732 2086 effundatur
747 2055 799 2096 (ἐς
815 2056 850 2087 τὲ

97 2097 261 2141 καταῤῥεῗ
273 2079 426 2130 'l’heocnn
418 2109 441 2134 1,
455 2097 507 2138 5).
554 2098 755 2138 Neptunoque
769 2101 850 2130 sacri

98 2144 222 2172 custode
235 2141 377 2173 Tarenti.-
391 2151 465 2172 cum
475 2140 640 2173 Tarentini
650 2142 849 2183 Neptunum,

98 2189 135 2215 ut
148 2183 245 2216 deum
268 2184 435 2216 tutelarem
458 2184 678 2227 (ἐγχώριον),
695 2183 734 2215 ad
755 2184 850 2226 cujus

98 2226 214 2264 filium,
246 2227 430 2264 Tarantem,
463 2229 548 2259 urbis
580 2238 647 2258 suae
679 2226 851 2269 primordia

100 2269 180 2302 adeo
203 2270 393 2306 referebant.
419 2270 575 2311 singulari
599 2270 689 2302 cultu
718 2280 850 2302 venera-

99 2318 219 2351 rentur,
246 2313 407 2363 Archytas
441 2324 532 2349 sane.
574 2313 850 2349 ut·'1arentinus.

99 2355 202 2388 multo
219 2356 321 2406 magis
335 2367 462 2400 sperare
475 2361 608 2400 poterat,
624 2356 702 2392 fore,
719 2362 756 2388 ut
772 2358 852 2389 deus

99 2399 220 2442 patrius
236 2399 386 2443 precibus
399 2401 428 2442 ej
435 2410 472 2431 us
486 2401 591 2432 locum
605 2399 776 2441 relinquat.

144 2443 286 2475 30—36.
309 2443 701 2491 Negligis---committere.⁷
728 2453 769 2474 an
794 2453 850 2485 pa·

100 2495 172 2518 tum
201 2496 296 2518 curas
325 2486 431 2519 scelus
452 2485 659 2523 committere,
682 2486 852 2528 nepotibus

101 2527 178 2567 tuis,
187 2529 259 2579 qui
261 2529 340 2560 nihil
350 2529 414 2561 tale
424 2535 619 2566 meruerunt,
635 2529 851 2578 expiandum.
839 2531 852 2552 '²

102 2571 190 2604 Nam
206 2572 327 2614 quicun
353 2583 394 2604 ue
410 2574 444 2604 in
462 2582 578 2615 corpus
597 2572 714 2604 mortui
729 2571 852 2604 incide-

101 2619 162 2654 rat,
188 2625 247 2647 nec
271 2584 355 2647 illua
379 2615 596 2664 sepeliendum
621 2621 797 2652 curaverat,
825 2616 854 2647 is

100 2658 278 2690 secundum
325 2658 618 2707 antiquissimorum
662 2658 854 2701 populorum

100 2700 283 2744 opinionem
308 2701 386 2733 deos
408 2708 519 2733 contra
543 2712 578 2733 se
602 2700 741 2749 irritasse
764 2702 852 2751 (Ho‘.

102 2753 181 2776 mer.
193 2743 314 2787 Odyss.
331 2744 375 2781 xi,
391 2744 464 2785 73)
480 2751 513 2777 et
528 2745 588 2776 hoc
605 2743 745 2786 graviore
760 2744 855 2786 quasi

102 2786 220 2819 scelere
241 2788 353 2830 (ἄγει)
381 2798 446 2819 ιιοιι
468 2788 571 2819 solum
601 2798 647 2824 se,
673 2787 729 2819 sed
758 2788 854 2819 etiam

103 2837 236 2872 nepotes
261 2841 350 2867 suos,
372 2841 481 2862 eorum
504 2830 559 2862 irae
584 2836 680 2872 atque
703 2830 854 2862 vindictae

103 2872 309 2905 obstrinxisse
332 2874 526 2916 putabatur;
558 2873 597 2904 de
621 2883 685 2921 qua
711 2884 744 2905 re
769 2874 854 2911 vide,

126 2925 178 2948 uae
193 2922 305 2959 praeter
325 2916 484 2948 Valcken.
502 2899 542 2948 a'd
561 2915 675 2958 Eurip.
694 2916 855 2948 Phoeniss.

104 2925 182 2996 341,
208 2965 241 2991 et
264 2959 305 2991 ad
330 2959 374 2991 Hi
378 2959 464 3002 p.pol
486 2962 563 2996 826.
585 2959 637 2991 Cl.
658 2958 792 2990 Mitsch.
814 2959 856 2991 ad

105 3000 139 3034 lt.
153 3001 176 3034 l.
188 3002 307 3035 attulit.
355 3004 511 3035 Postmodo
524 3010 551 3035 te
568 3005 660 3039 natis,
674 3002 855 3045 nepotibus,

889 1196 962 1233 τοῖς
986 1195 1133 1231 ἐξοπίσω
1162 1195 1296 1226 παισίν.
1343 1195 1388 1226 Τὸ
1419 1201 1446 1226 te
1475 1194 1581 1238 aptius
1610 1195 1644 1227 in

890 1249 966 1269 casu
991 1245 1079 1270 sexto
1103 1249 1170 1280 pro,
1188 1248 1227 1269 ex
1245 1245 1287 1273 te,
1308 1237 1347 1269 ad
1369 1241 1462 1274 natis,
1485 1249 1582 1280 quam
1609 1240 1642 1270 ἰιι

890 1291 966 1312 casu
983 1287 1095 1324 quarto
1111 1282 1152 1312 ad
1173 1284 1357 1312 committere
1375 1281 1527 1321 refertur3
1550 1290 1642 1314 natus

890 1327 991 1365 aliquo
1026 1336 1091 1367 pro,
1127 1335 1166 1356 ex
1197 1324 1317 1375 aliquo,
1348 1324 1526 1356 sexcenties
1557 1326 1643 1368 apud

890 1374 1012 1409 poetas.
1059 1369 1171 1398 Debita
1192 1370 1287 1408 jumi
1317 1377 1416 1409 poena
1442 1378 1538 1410 quam
1569 1369 1643 1410 quis

890 1410 998 1446 debet,
1020 1409 1074 1441 cui
1097 1410 1171 1452 quis
1191 1410 1360 1441 obstrictus
1377 1417 1437 1446 est,
1459 1421 1557 1453 poena
1574 1422 1642 1443 me-

891 1453 962 1484 rita.
1012 1454 1094 1484 Vices
1108 1465 1180 1494 supe
1167 1456 1253 1488 ρι’,Ιιιε
1270 1453 1303 1484 h.
1318 1464 1348 1484 e.
1363 1455 1533 1501 superbire,
1545 1465 1642 1496 quam

891 1496 970 1549 quis
989 1496 1130 1527 vicissim
1157 1497 1196 1527 ab
1227 1496 1299 1527 aliis
1326 1496 1499 1539 experitur,
1532 1508 1641 1540 poena,

889 1539 1091 1578 ἀντίποινα,
1113 1538 1252 1582 ἀμοιβή·
1272 1539 1318 1571 sic
1344 1540 1429 1582 apud
1455 1541 1606 1590 Propert.
1620 1541 1643 1578 i.

892 1584 943 1618 13,
963 1584 1015 1618 10,
1035 1586 1112 1614 vices
1127 1585 1246 1625 exigere
1270 1593 1338 1625 pro,
1355 1593 1485 1632 pennam
1502 1584 1642 1616 vicissim

888 1626 1026 1667 exigere,
1036 1626 1187 1668 injuriam
1201 1626 1405 1661 remunerari,
1417 1626 1540 1658 ulcisci.
1566 1628 1643 1659 Pre-

888 1670 971 1700 cibus
989 1681 1048 1700 non
1073 1671 1198 1710 linquar
1222 1670 1343 1704 inultis,
1367 1669 1453 1700 haud
1477 1669 1589 1701 inultae
1612 1677 1646 1702 et

891 1711 988 1743 irritae
1014 1718 1107 1743 erunt
1131 1723 1210 1743 meae.
1234 1711 1490 1754 imprecationes,
1512 1723 1539 1742 ει
1557 1713 1643 1745 inse-

892 1755 1018 1796 pultum
1035 1765 1083 1786 me
1101 1754 1154 1786 hic
1180 1754 1356 1796 reliqueris.
1403 1755 1574 1791 Resolvent,
1598 1766 1647 1789 sc.

893 1807 912 1827 a
927 1808 1037 1839 poena,
1051 1797 1104 1829 cui
1120 1798 1241 1829 scelere
1258 1803 1312 1828 tuo
1333 1803 1363 1828 te
1379 1797 1542 1839 obligasti.
1587 1799 1643 1830 In-

882 1842 969 1880 jecto
994 1848 1039 1872 ter
1059 1842 1203 1880 pulum-:e
1228 1850 1301 1870 nam
1326 1841 1367 1871 ad
1381 1840 1469 1882 justa
1485 1841 1645 1874 inhumati

891 1883 1032 1926 corporis
1056 1883 1264 1932 persolvenda
1282 1893 1379 1926 parva
1404 1883 1531 1925 injectae
1553 1890 1644 1916 terrae

890 1926 941 1958 vel
976 1926 1116 1969 pulveris
1168 1926 1303 1957 articula
1332 1926 1524 1963 sufficiebat,
1581 1928 1645 1960 uod

892 1969 998 2001 Graeci
1015 1971 1084 2012 γῆν
1106 1937 1211 2001 νθΓ’
1176 1969 1274 2001 κόνιν
1297 1968 1541 2012 ἐπαμῆσασθαι
1557 1938 1644 2003 gice-

891 2012 984 2043 bant.
1010 2013 1078 2044 vid.
1091 2012 1230 2044 Dorvill.
1247 2011 1289 2043 ad
1303 2011 1429 2044 Charit.
1446 2023 1478 2055 p.
1492 2014 1555 2044 422
1574 2024 1647 2056 sqq.

894 2054 971 2087 edit.
987 2055 1079 2099 Lips.

1088 2141 1295 2174 CARMEN
1319 2141 1446 2173 XXIX.

938 2184 1021 2216 Cum
1043 2185 1162 2221 Iccius,
1185 2195 1224 2216 ex
1248 2184 1360 2215 umbra
1383 2190 1414 2216 et
1435 2184 1512 2221 otio,
1537 2185 1593 2217 ubi
1613 2197 1647 2218 se

894 2231 996 2258 totum
1025 2227 1087 2259 huc
1110 2238 1211 2269 usque
1234 2227 1446 2276 philosophiae
1470 2228 1648 2267 abdiderat,

895 2280 981 2302 nunc
1005 2270 1038 2301 in
1063 2271 1174 2307 solem,
1197 2271 1283 2312 quod
1305 2270 1407 2308 aiunt,
1432 2278 1465 2303 et
1486 2254 1648 2314 pulvereni

895 2313 1090 2362 proditurus,
1108 2324 1224 2346 nomen
1240 2324 1334 2345 suum
1351 2320 1465 2357 praeter
1479 2321 1646 2358 exspecta

895 2356 1014 2388 tionem
1034 2357 1177 2388 omnium
1198 2357 1358 2400 professus
1378 2365 1464 2389 esset
1484 2359 1569 2400 apud
1592 2370 1648 2390 ex-

894 2399 1041 2437 ercitum,
1084 2411 1179 2443 quem
1214 2400 1397 2441 Augustus,
1433 2401 1517 2432 duce
1556 2402 1648 2434 AElio

896 2443 1004 2479 Gallo,
1033 2443 1066 2474 in
1091 2443 1246 2475 Arabiam
1271 2443 1422 2481 Felicem,
1444 2444 1559 2476 ditioni
1581 2456 1648 2477 suae

895 2485 1142 2528 subjiciendam,
1182 2486 1337 2518 missurus
1374 2492 1442 2518 erat
1478 2488 1535 2530 (de
1571 2499 1648 2530 qua,

897 2529 1043 2571 quamvis
1063 2540 1176 2572 parum
1198 2540 1347 2572 prospero
1370 2541 1520 2562 successu
1545 2532 1587 2563 U.
1604 2533 1647 2564 C.

899 2583 1039 2604 nccxxx
1057 2578 1207 2615 suscepta
1220 2573 1422 2622 expeditione
1433 2573 1498 2604 vid.
1509 2574 1573 2605 Dio
1590 2575 1651 2612 liii,

897 2626 930 2657 p.
951 2617 1038 2654 7235
1062 2616 1174 2647 Strabo
1198 2615 1262 2652 xvi,
1287 2627 1319 2658 p.
1344 2618 1430 2655 780;
1454 2623 1486 2648 et
1505 2617 1589 2650 Plin.
1605 2618 1650 2655 vi,

897 2657 980 2707 28·);
1014 2659 1179 2695 Horatius,
1204 2658 1244 2691 de
1270 2659 1331 2691 hoc
1353 2658 1534 2691 incredibili
1556 2662 1651 2693 amici

874 2733 877 2735 ,
898 2701 948 2733 sui
963 2683 1097 2733 c'onsilio
1118 2701 1231 2734 certior
1251 2702 1367 2738 factm,
1388 2702 1489 2734 facete
1508 2714 1594 2742 eum,
1615 2710 1652 2736 ut

899 2754 1018 2776 novum
1032 2752 1065 2777 et
1076 2745 1265 2780 timendum,
1281 2746 1306 2776 si
1320 2745 1382 2776 diis
1397 2746 1522 2788 placet!
1541 2758 1651 2788 regum

899 2788 1083 2819 Sabaeorum
1107 2788 1293 2819 domitorem
1317 2787 1440 2820 deridet
1463 2795 1559 2832 atque
1586 2796 1651 2821 tra-

898 2830 1006 2863 ιὶιιείιᾳ
1044 2831 1224 2863 Observent
1250 2831 1380 2868 tirones,
1417 2842 1481 2874 qua
1515 2839 1580 2865 arte
1618 2839 1650 2864 et

898 2874 1061 2915 elegantia
1097 2879 1189 2916 poeta
1229 2874 1406 2916 simplicem
1444 2875 1648 2912 sententiam,

914 2917 1024 2955 ‘Quis
1056 2924 1224 2959 putaverat
1252 2918 1317 2948 fieri
1352 2917 1504 2960 potuisse,
1537 2924 1573 2949 ut
1602 2924 1648 2953 tu,

899 2960 978 2998 Icci,
991 2971 1030 2992 ex
1041 2960 1252 3003 philosophiae
1262 2960 1406 2992 studioso
1416 2961 1509 2992 miles
1519 2961 1608 2992 fieres
1618 2961 1652 2992 Y'

899 3003 1116 3036 exornaverit!
