1904 3314
11 3126 27 3154 ἢ·
14 3106 18 3123 ’-

644 189 874 234 LIBER
910 189 972 242 11,
1003 193 1044 234 3.

1531 189 1619 232 375

190 292 437 350 Culpantur
456 292 618 335 frustra
636 289 802 342 calami,
824 291 1149 348 immeritusque
1168 291 1342 334 laborat

187 361 316 403 Iratis
337 369 464 402 natus
485 359 628 415 paries
652 358 736 400 Dis
758 365 890 414 atque
913 360 1069 414 poetis.

187 428 328 484 Atqui
349 428 492 470 vultus
513 434 607 469 erat
627 427 762 469 multa
778 435 823 469 et
843 427 1055 483 praeclara
1075 429 1293 478 minantis,

104 497 158 540 10
187 497 234 539 Si
254 511 438 539 vacuum
459 495 609 551 tepido
630 495 819 551 cepisset
840 494 986 537 villula
1007 502 1137 538 tecto.

187 565 411 614 Quorsum
430 564 641 619 pertinuit
662 564 823 619 stipare
846 563 1032 606 Platona
1050 564 1300 606 Menandro
1318 566 1335 606 2

188 632 396 688 Eupolin,
418 631 748 682 Archilochum,
770 632 948 674 comites
971 633 1159 675 educere
1181 640 1325 675 tantos
1343 634 1360 674 ’ἐ

185 701 396 744 Invidiam
417 700 590 757 placare
611 715 740 756 paras
766 701 926 742 virtute
947 700 1126 743 relicta?

188 769 492 818 Contemnere,
513 770 645 811 miser
662 786 671 812 :
706 769 880 810 vitanda
900 777 968 811 est
988 770 1186 826 improba
1209 768 1350 819 Siren,

105 837 159 879 15
188 837 396 888 Desidia3
429 845 505 880 aut
525 838 736 893 quicquid
758 838 844 879 vita
863 837 1040 879 meliore
1060 838 1236 893 parasti,

187 904 445 948 Ponendum
465 921 591 961 aequo
613 906 767 947 animo.

831 904 896 946 Di
917 913 974 956 te,
998 905 1283 961 Damasippe‚
1306 905 1503 960 deaeque,

186 972 354 1017 Verum
374 974 432 1016 ob
453 974 678 1016 consilium
700 974 865 1016 donent
886 981 1085 1017 tonsore:
1120 976 1198 1017 sed
1220 975 1336 1016 unde

187 1040 301 1084 Tam
319 1043 431 1084 bene
452 1057 519 1084 me
541 1043 684 1084 nosti?
718 1041 960 1096 Postquam
981 1044 1116 1084 omnis
1137 1058 1207 1085 res
1231 1058 1323 1085 mea
1344 1041 1507 1083 Janum

188 1107 266 1151 Ad
287 1110 475 1152 medium
497 1109 635 1152 fracta
655 1117 738 1160 est,
761 1109 900 1151 aliena
920 1112 1094 1166 negotia
1115 1126 1234 1162 curo,

117 1243 149 1275 7.
177 1243 350 1276 Immeritus
377 1245 479 1284 paries
511 1246 646 1276 laborat:
678 1244 762 1275 male
788 1254 822 1276 se

73 1285 181 1323 habet,
195 1286 278 1319 male
295 1292 460 1322 tractatur.
477 1297 522 1318 sc.
543 1297 560 1317 a
581 1293 685 1329 poeta,
701 1287 770 1328 qui,
790 1298 822 1318 se

73 1329 153 1360 nihil
176 1339 324 1361 versuum
346 1330 482 1371 proferre
505 1340 611 1372 posse,
638 1330 820 1371 indignans,

70 1373 105 1404 in
119 1374 265 1414 parietem
276 1375 462 1404 innocentem
481 1372 557 1403 iram
571 1372 718 1408 effundit,
731 1383 820 1404 eum-

72 1425 136 1457 que
157 1415 207 1447 vel
229 1416 346 1459 capite,
365 1415 415 1447 vel
437 1415 585 1458 pedibus,
606 1416 655 1447 vel
674 1415 822 1447 manibus

73 1458 155 1501 petit
169 1459 356 1502 pulsatque:
381 1462 481 1500 paries
503 1461 683 1494 immeritus,
700 1465 735 1490 ut
751 1470 822 1501 sup.

75 1501 139 1534 Od.
174 1501 197 1538 i,
232 1503 283 1539 17,
317 1503 373 1538 28,
411 1505 499 1534 vestis
533 1505 683 1534 immerita
719 1502 822 1533 scindi

72 1544 204 1576 dicitur.

118 1589 152 1619 8.
175 1587 272 1619 Iratis
292 1593 385 1619 natus
402 1589 502 1627 paries
521 1589 580 1619 Dis
597 1595 687 1628 atque
707 1590 821 1628 poetis.-

75 1630 163 1673 quod
190 1630 229 1662 ad
255 1630 374 1662 tristem
402 1636 516 1662 sortem
544 1636 653 1662 natum
680 1636 739 1666 est,
763 1631 824 1662 diis

75 1673 164 1706 iratis
187 1680 296 1704 natum
320 1683 391 1704 esse
414 1673 548 1711 dicitur;
579 1674 680 1715 paries
705 1680 823 1712 autem,

75 1715 132 1759 qui
146 1715 224 1747 iram
243 1722 406 1759 poetarum
427 1717 596 1758 experitur,
614 1727 677 1748 non
700 1722 822 1748 tantum

75 1761 135 1792 diis
152 1762 252 1795 iratis,
265 1759 319 1791 sed
336 1759 444 1795 etiam,
461 1760 546 1802 quod
559 1759 668 1802 jocose
685 1760 822 1796 additur,

74 1805 170 1844 poetis
184 1805 274 1835 iratis
292 1808 386 1834 natus
401 1802 528 1833 dicitur.

118 1847 151 1878 9.
181 1847 292 1877 Vnum
319 1852 387 1877 erat
416 1848 574 1880 minantis,
606 1855 660 1887 pro
690 1845 824 1887 vulgari,

74 1888 236 1922 videbaris
250 1889 376 1925 minari.
392 1888 530 1930 speciem
546 1888 698 1919 minantis
715 1900 779 1931 prae
795 1895 825 1921 te

77 1932 213 1964 serebas.
251 1932 374 1963 Minori>
387 1941 490 1974 neque
506 1932 546 1962 ad
558 1931 670 1963 satiras
686 1933 826 1964 minaces

25 1987 28 1991 ·
77 1975 289 2010 referendum,
314 1984 418 2016 neque
442 1985 514 2006 curn
542 1974 643 2006 ironia
668 1976 707 2006 de
734 1975 826 2007 malis

76 2018 222 2050 versibus
236 2018 378 2056 dictum;
402 2018 456 2049 sed
474 2016 660 2060 simpliciter
676 2029 742 2060 pro,
760 2029 825 2050 me-

77 2061 183 2111 ditari,
207 2061 397 2111 promittere,
420 2061 534 2091 moliri.
577 2060 743 2092 Simillime
767 2061 824 2092 inf.

79 2105 185 2147 Epist.
207 2116 230 2140 1,
255 2105 286 2139 7,
303 2105 336 2140 3,
357 2104 390 2135 St
413 2111 536 2144 φωνεῖ,
555 2106 629 2144 quid
651 2116 751 2146 agam.
776 2107 826 2136 dic

32 2151 37 2155 “
78 2149 178 2179 multa
193 2155 221 2179 et
235 2148 366 2188 pulchra
379 2148 542 2178 minantem
565 2147 668 2178 Vivere
683 2159 736 2179 nec
747 2154 826 2179 recte

79 2201 134 2222 nec
149 2193 299 2222 suaviter.

125 2234 178 2267 10.
206 2234 240 2264 Si
267 2244 396 2265 vacuum
430 2234 530 2272 tepido
557 2234 679 2272 cepisset
712 2234 826 2265 villula

79 2282 175 2308 eecto:
199 2277 327 2318 elegans
349 2282 398 2307 est
419 2275 517 2318 hujus
539 2286 646 2307 versus
668 2281 826 2308 structura

77 2324 110 2352 et
125 2329 295 2351 numerus:
319 2330 447 2351 vacuum
466 2322 551 2362 (pro,
568 2319 630 2356 te),
648 2329 692 2351 sc.
709 2330 823 2355 rerum,

79 2362 199 2406 quibus
213 2362 316 2395 adhuc
335 2368 429 2405 poeta
442 2362 475 2394 in
495 2363 571 2394 urbe
586 2361 743 2394 distentus
758 2363 825 2394 sue-

81 2410 149 2446 rat;
171 2405 206 2437 in
222 2405 362 2437 carmine
382 2405 582 2448 praecedente
600 2405 738 2442 Ofellus,
756 2417 825 2438 rus-

80 2447 178 2486 ticus,
195 2460 310 2480 vacuus
329 2460 450 2489 operum
465 2449 646 2480 dicebatur.
694 2449 825 2490 Tepido.-

81 2491 191 2524 Schol.
209 2492 321 2534 Cruq„
334 2493 457 2523 Amavit
470 2493 548 2523 enim
563 2492 828 2534 Horatiusjbcum

81 2534 337 2572 luculentiorem
361 2536 476 2566 idcirco
498 2535 551 2566 sub
577 2535 698 2566 hiemem
718 2536 828 2566 solebat

82 2587 113 2609 u
139 2578 308 2621 transfer-‘re
330 2579 365 2609 in
393 2579 500 2610 villam
524 2585 646 2618 propter
672 2579 828 2620 lignorum

81 2622 208 2662 copiam.
252 2621 314 2652 Sed
337 2631 396 2652 nec
418 2621 452 2652 in
478 2622 568 2658 urbe,
592 2626 680 2662 puto,
704 2620 827 2662 lignum

82 2662 252 2696 deficiebat
263 2665 445 2700 Horatium,
457 2663 513 2706 qui
528 2663 638 2694 villam
656 2674 746 2694 suam
758 2663 828 2695 ideo

83 2707 190 2750 potius
205 2707 324 2738 dixisse
337 2707 459 2738 videtur
472 2714 583 2739 tectum
594 2708 739 2746 tepidum,
754 2706 787 2738 h.
798 2718 828 2739 e.

85 2755 221 2792 mamm,
247 2749 441 2792 jucundum.
472 2749 548 2792 quia
575 2750 620 2780 ibi
643 2750 676 2780 in
706 2749 832 2782 modico

83 2793 230 2825 conclavi
249 2794 363 2825 melius
383 2804 497 2836 corpus
519 2792 622 2824 fovere
637 2799 670 2824 et
686 2803 705 2823 a
719 2792 833 2834 frigore

85 2835 167 2868 tueri
191 2842 327 2878 poterat.
373 2837 459 2868 Hinc
481 2835 632 2867 Horatius
651 2835 709 2867 inf.
730 2835 834 2879 Epist.

88 2876 113 2915 ἱ.
132 2879 166 2915 7,
190 2881 244 2914 12,
261 2890 335 2910 cum
358 2885 440 2912 esset
462 2879 574 2917 hiems,
591 2890 620 2910 se
644 2880 741 2921 legere
759 2880 836 2910 velle

85 2918 134 2952 ait
147 2927 350 2959 contractum,
366 2933 411 2955 sc.
434 2923 467 2954 in
488 2922 674 2954 cubiculum
696 2921 837 2965 tepidum

85 2967 123 2996 et
137 2971 321 3005 angustum.

138 3007 191 3040 ll.
221 3007 370 3044 Quorsum
397 3010 549 3050 pertinuit
578 3007 770 3052 (spectavit)
803 3010 838 3041 τὸ

865 1246 991 1285 stipare,
1015 1257 1070 1288 pro
1091 1246 1227 1288 vulgari,
1245 1245 1278 1277 in
1301 1255 1396 1288 quem
1419 1244 1527 1280 finem,
1550 1253 1614 1285 quo

866 1289 1000 1319 consilio
1021 1289 1171 1331 stipasti‘l
1195 1290 1317 1329 Stipare
1329 1289 1397 1331 jam
1416 1294 1474 1323 est,
1494 1287 1615 1318 arctius

867 1330 1028 1372 colligare,
1044 1332 1258 1374 compingere,
1274 1337 1306 1363 et
1323 1333 1405 1362 inter
1419 1330 1613 1372 sejungere,

866 1374 952 1414 quod
969 1375 1013 1408 fit.
1031 1374 1056 1405 si
1080 1375 1174 1406 libros
1191 1385 1351 1417 quoquam
1371 1373 1542 1416 portandos
1564 1372 1615 1403 vel

866 1416 1026 1448 vehendos
1054 1428 1213 1449 curamus.
1261 1418 1446 1453 Menandro,
1479 1415 1614 1446 Atheni·

866 1459 948 1496 ensi,
974 1461 1151 1492 Comoediae
1178 1471 1267 1492 novae
1294 1459 1428 1494 auctori,
1455 1459 1496 1490 ad
1522 1458 1616 1500 cujus

867 1503 1046 1545 exemplum
1073 1504 1226 1535 Afranius
1250 1502 1372 1546 (Epist.
1395 1502 1429 1538 ii.
1452 1501 1475 1538 i,
1500 1501 1561 1542 57)
1585 1507 1618 1532 et

866 1546 1035 1578 Terentius
1061 1558 1094 1578 se
1125 1557 1343 1590 composuere.
1387 1547 1535 1577 Ceterum
1563 1544 1616 1576 hic

868 1588 959 1620 locus
983 1590 1196 1621 memorabilis
1217 1596 1275 1626 est,
1297 1600 1369 1620 cum
1393 1599 1431 1620 ex
1455 1600 1492 1620 eo
1510 1588 1615 1619 disca-

868 1642 950 1668 mus,
980 1643 1113 1673 quorum
1145 1633 1305 1675 praecipue
1333 1632 1521 1674 scriptorum
1551 1631 1616 1662 lec-

868 1675 953 1706 tione
969 1675 1120 1706 Horatius
1137 1677 1277 1706 animum
1295 1685 1423 1717 pascere
1438 1675 1552 1705 solitus
1564 1673 1617 1705 sit.

914 1719 965 1749 12.
989 1718 1142 1758 Eupofin:
1166 1719 1207 1750 cf.
1229 1729 1299 1760 sup.
1324 1718 1363 1748 ad
1388 1719 1454 1749 Sat.
1477 1717 1499 1752 i,
1524 1720 1555 1752 4.
1583 1718 1613 1748 1.

870 1762 1094 1797 Archilochum,
1130 1762 1274 1795 Parium.
1304 1761 1454 1792 carminis
1486 1759 1616 1791 iambici

869 1803 1055 1845 principem.
1067 1804 1161 1846 cujus
1173 1804 1360 1835 imitatorem
1377 1813 1409 1834 se
1425 1803 1526 1845 ipsum
1545 1813 1614 1845 pro-

869 1846 973 1878 fitetur
988 1847 1136 1878 Horatius
1147 1847 1205 1878 inf.
1219 1847 1320 1889 Epist.
1331 1847 1352 1883 i,
1370 1848 1419 1882 19,
1432 1848 1487 1878 23.
1527 1846 1615 1877 Edu-

869 1901 946 1926 cere,
962 1900 1000 1920 ex
1017 1892 1094 1922 urbe
1110 1897 1215 1922 tecum
1230 1890 1364 1922 ducere:
1390 1896 1500 1926 tantos,
1517 1895 1615 1921 tantae

870 1932 973 1964 famae.

916 1977 969 2007 13.
1016 1976 1334 2007 Invidiam—virtute
1363 1977 1494 2007 relicta.-
1526 1980 1615 2012 tune,

871 2017 1045 2050 intermisso
1062 2020 1174 2050 satiras
1190 2018 1348 2050 scribendi
1366 2018 1484 2054 studio,
1502 2017 1617 2049 invidi-

868 2071 917 2092 am
935 2072 1030 2104 quam
1048 2073 1085 2093 eo
1101 2063 1158 2093 tibi
1173 2062 1327 2098 conflasti,
1346 2063 1472 2104 placare
1487 2061 1618 2092 studes!

868 2105 987 2136 Satiras
1008 2105 1165 2137 scribendi
1187 2105 1329 2136 studium
1352 2111 1482 2136 vocatur
1505 2106 1616 2143 virtus,

868 2147 943 2190 quia
963 2148 1045 2179 illud
1062 2148 1094 2180 in
1115 2148 1280 2191 carpendis
1295 2148 1460 2180 hominum
1477 2147 1571 2184 vitiis,
1587 2154 1618 2180 et

869 2191 999 2233 proinde
1014 2191 1045 2222 in
1062 2192 1176 2224 virtute
1198 2192 1451 2223 commendanda
1466 2198 1618 2223 versatur.

915 2235 966 2265 15.
992 2235 1158 2275 Quicquid,
1181 2246 1228 2266 sc.
1252 2235 1375 2266 laudis:
1398 2237 1462 2266 vita
1486 2236 1618 2271 meliore,

868 2276 922 2308 ubi
940 2288 1002 2308 non
1018 2278 1185 2310 diffluebas
1199 2278 1314 2320 ignavo
1329 2278 1405 2314 otio,
1422 2278 1476 2309 sed
1491 2283 1619 2310 strenue

868 2325 993 2363 tempus
1008 2319 1040 2351 in
1053 2321 1233 2353 deridendis
1246 2321 1408 2353 hominum
1422 2321 1505 2352 vitiis
1520 2322 1569 2352 vel
1586 2321 1620 2352 in

869 2363 1049 2395 universum
1066 2365 1097 2396 in
1115 2365 1205 2396 bonis
1221 2364 1342 2396 artibus
1356 2365 1550 2396 collocabas.

916 2408 969 2438 16.
1007 2407 1206 2440 Ponendum.-
1244 2408 1479 2451 deponendum,
1513 2407 1620 2439 dimit-

871 2449 1016 2481 tendum.

917 2494 969 2523 17.
1004 2493 1217 2526 Te—donent.
1230 2502 1356 2526 tonsore.
1404 2494 1555 2525 Horatius
1581 2493 1623 2524 si-

872 2536 983 2571 mulat,
1004 2546 1036 2567 se
1057 2535 1188 2572 nescire,
1207 2538 1450 2581 Damasippum,
1467 2543 1621 2579 tanquam

871 2578 1105 2622 philosophum,
1145 2580 1322 2611 Stoicorum
1367 2591 1454 2613 more
1494 2581 1622 2611 barbam

872 2631 999 2663 pascere
1031 2623 1122 2663 (nam
1155 2623 1372 2666 Damasippus
1397 2634 1538 2660 causam,
1566 2633 1623 2654 cur

872 2665 1001 2695 barbam
1025 2665 1101 2701 alat,
1123 2664 1204 2697 infra
1222 2666 1350 2698 demum
1372 2678 1403 2698 v.
1425 2669 1467 2699 35
1483 2666 1624 2710 aperit);

873 2713 962 2750 optat
979 2707 1074 2748 igitur
1094 2709 1258 2745 Horatius,
1277 2716 1314 2741 ut
1334 2710 1529 2753 Damasippo
1551 2716 1622 2740 ton-

874 2761 924 2782 sor
947 2751 1124 2793 contingat,
1141 2753 1196 2794 qui
1217 2753 1286 2796 ejus
1307 2754 1451 2790 barbam,
1465 2753 1625 2795 squallore

876 2793 943 2825 sine
961 2793 1059 2826 dubio
1078 2801 1109 2826 et
1128 2794 1272 2827 sordibus
1289 2795 1501 2838 inquinatam,
1518 2796 1624 2827 deme-

878 2842 935 2868 tat.
979 2838 1023 2868 Et
1052 2837 1097 2869 sic
1131 2839 1282 2870 Horatius
1310 2840 1384 2871 satis
1414 2840 1524 2871 acerbe
1552 2849 1625 2869 cum

881 2880 1078 2923 Damasippo
1106 2887 1260 2923 tanquam
1289 2894 1362 2914 cum
1394 2882 1520 2913 homine
1550 2881 1628 2922 agit,

881 2923 973 2965 cujus
995 2924 1099 2955 foedus
1122 2924 1289 2967 adspectus
1309 2925 1538 2957 miserationem
1560 2934 1626 2954 mo-

882 2972 964 2998 veat.

930 3011 980 3042 18.
1002 3011 1107 3042 Omnis
1130 3022 1176 3042 res
1201 3011 1415 3053 ‘mea—fructa
1439 3017 1501 3041 ese:
1526 3010 1630 3041 omnis
