1884 3288
678 213 989 259 CARMEN
1025 215 1088 256 10.

345 321 444 364 Nec
467 321 587 363 sidus
610 325 704 361 atra
723 323 852 359 nocte
872 317 1055 358 amicum
1077 323 1301 372 appareat,

521 387 624 434 Qua
644 385 780 426 tristis
803 383 947 425 Orion
966 383 1111 435 cadit3

348 455 573 503 Quietiore
595 466 675 494 nec
697 451 863 493 feratur
889 465 1082 506 aequore,

521 520 666 568 Quam
688 519 825 560 Graia
845 519 1059 560 victorum
1078 533 1247 568 manus,

1570 216 1656 258 269

265 388 319 428 10

349 589 498 637 Quum
518 586 663 629 Pallas
685 593 785 628 usto
806 586 936 628 vertit
956 586 1063 628 iram
1084 585 1242 627 ab'Ilio

520 654 573 696 In
593 654 766 710 impiam
787 652 938 709 Ajacis
959 660 1111 695 ratem.

267 723 319 764 15
350 723 393 766 O
414 729 602 778 quantus
623 723 756 764 instat
777 722 932 763 navitis
955 720 1091 762 sudor
1112 721 1214 770 tuis,

522 790 716 846 Tibique
737 789 877 845 pallor
896 788 1057 840 luteus,

352 857 414 901 Et
433 857 506 900 illa
526 873 614 900 non
636 858 769 900 virilis
791 856 984 913 ejulatio,

523 927 686 969 Preces
708 934 752 969 et
773 941 973 968 aversum
995 926 1052 967 ad
1073 925 1229 967 Jovem
1247 943 1257 975 ς

349 994 498 1037 Ionius
520 995 609 1038 udo
631 1010 767 1050 quum
788 995 1037 1049 remugiens
1059 994 1180 1035 sinus

266 1061 324 1104 20

524 1061 648 1104 Noto
669 1062 859 1104 carinam
879 1062 1048 1117 ruperit
1067 1064 1077 1103 l

349 1128 512 1184 Opima
531 1129 650 1184 quod
676 1130 712 1171 si
733 1130 883 1185 praeda
903 1143 1036 1171 curvo
1055 1128 1184 1171 litore

524 1196 737 1238 Porrecta
757 1211 931 1252 mergos
948 1197 1115 1252 juveris
1133 1215 1142 1247 3

352 1262 639 1307 Libidinosus
660 1264 958 1307 immolabitur
979 1279 1124 1320 caper,

527 1331 590 1372 Et
609 1346 723 1386 agna
746 1331 1121 1386 Tempestatibus,

121 1442 144 1474 l·
210 1442 408 1482 Dioscuros;
431 1452 502 1486 sup.
527 1442 570 1479 iv,
597 1443 630 1479 8,
656 1443 711 1479 31,
741 1443 870 1473 Clarum

149 1486 309 1527 yndara'dae
334 1487 418 1518 sidus
446 1487 483 1516 ab
509 1486 624 1527 infimis
653 1485 784 1520 Quassus
808 1487 870 1516 eri-

118 1530 213 1569 piunt
238 1530 404 1570 oequoribus
428 1535 527 1560 rates:
555 1528 597 1559 cf.
623 1538 697 1570 sup.
727 1528 750 1565 i,
775 1529 807 1564 3,
836 1530 870 1559 2.

125 1571 197 1607 Qua
220 1573 316 1603 tristis
339 1571 436 1602 Orion
459 1572 554 1607 cadit,
575 1580 641 1612 qua
660 1571 791 1602 Orionis
815 1581 869 1602 oc-

121 1622 218 1645 casus
232 1613 352 1645 tristem
372 1618 590 1657 tempestatem
612 1613 773 1645 concitat:
798 1623 871 1655 sup.

121 1655 169 1694 iii,
203 1655 260 1694 27,
293 1657 346 1692 17,
380 1656 438 1688 Sed
471 1658 566 1691 vides,
597 1662 712 1697 quanto
743 1658 873 1696 trepidet

123 1699 263 1730 tumultu
283 1698 402 1730 Pronus
419 1699 536 1730 Orion.-
560 1698 605 1730 cf.
629 1708 666 1730 su
693 1721 701 1729 .
721 1698 760 1730 ad
778 1699 801 1735 i,
817 1699 872 1734 28,

122 1741 178 1773 21.
223 1741 346 1778 Tristis,
366 1746 403 1773 ut
422 1741 507 1784 apud
524 1740 617 1783 Virg.
688 1751 720 1772 n.
745 1741 787 1778 xi,
810 1742 874 1772 259

122 1785 211 1819 triste
234 1784 382 1815 Minervae
403 1786 499 1821 sidus,
525 1783 564 1815 de
587 1783 668 1814 tristi
689 1789 875 1826 tempestate

124 1836 145 1859 ι
168 1826 320 1859 Minerva
345 1826 515 1859 concitata.
561 1827 661 1861 Quam
686 1826 786 1857 Graia
811 1828 872 1857 vic-

124 1875 226 1902 torum
242 1880 362 1905 manus,
380 1870 484 1905 Quum
500 1869 621 1905 Pallas,
638 1874 715 1900 cett.
747 1869 799 1900 De
815 1869 874 1900 hoc

125 1911 303 1954 naufragio,
319 1911 443 1944 Graecis
465 1921 485 1943 a
501 1911 655 1943 Minerva
674 1911 874 1948 Cassandrae,

125 1954 168 1987 ab
182 1954 287 1997 Ajace
303 1954 396 1986 Oileo
412 1952 446 1986 in
461 1955 580 1996 templo
596 1954 743 1986 Palladis
754 1954 874 1986 vitiatae

125 2007 227 2029 causa
253 1997 295 2029 ad
325 2002 437 2029 cautes
462 1997 623 2028 Euboicas
647 1997 802 2033 immisso,
829 1997 875 2028 uti

125 2039 167 2072 de
189 2039 304 2072 ceteris
320 2039 508 2072 Graecerum
523 2050 543 2071 a
558 2039 664 2082 Trojae
685 2040 810 2071 excidio
826 2050 873 2071 re-

125 2082 291 2115 deuntium
325 2081 411 2120 fatis,
444 2087 552 2113 narrat
584 2082 758 2114 Diomedes
791 2083 877 2125 apud

125 2124 168 2158 V·
209 2146 219 2156 .
242 2125 324 2157 AEn.
348 2124 392 2162 xi,
415 2126 480 2157 260
504 2135 575 2168 sqq.
599 2125 642 2157 cs.
667 2126 748 2157 AEn.
774 2124 796 2164 i,
820 2127 875 2162 39,

126 2135 217 2201 0ῐυίξί
233 2168 284 2200 He
308 2166 393 2200 nius.

171 2211 278 2243 15—-2
302 2233 312 2242 .
342 2210 369 2241 Ο
383 2216 516 2252 quantus
536 2212 631 2242 instat
649 2212 762 2242 navitis
784 2212 878 2242 sudor

127 2255 202 2291 tuis,
217 2258 294 2286 cett.
323 2253 411 2289 Jnm,
424 2258 460 2284 ut
475 2252 538 2284 vati
551 2253 817 2291 ἐνθουσιάζοντι,
833 2253 878 2285 rei

61 2316 63 2318 >
125 2296 244 2329 futurae
255 2300 388 2328 eventus
403 2300 478 2327 ante
492 2296 602 2327 oculos
614 2301 775 2336 versatur3
790 2296 878 2328 videt

79 2343 81 2346 ⁴
125 2344 242 2373 nautas
266 2338 438 2374 laboribus.
459 2338 580 2380 quibus
600 2349 712 2370 navem
735 2339 877 2382 periculo

54 2415 55 2418 ,
74 2425 76 2427 ¹
125 2381 273 2427 eripiant,
289 2381 459 2420 insudare;
479 2381 568 2413 videt
581 2381 738 2413 Maevium
754 2381 794 2413 de
805 2382 878 2413 vitae

51 2447 61 2451 w
87 2438 90 2439 ⁷
127 2434 195 2459 um
217 2424 401 2457 discrimine
426 2424 665 2466 impallescere:
692 2423 783 2456 audit
805 2434 879 2456 eum

71 2475 74 2478 ’
126 2467 323 2501 muliebriter
335 2466 471 2510 ejulare,
486 2471 519 2498 et
538 2466 651 2498 frustra
669 2467 690 2499 J
694 2477 784 2499 ovem
805 2478 876 2510 pre-

66 2510 90 2519 ”’
125 2502 220 2544 ffius
249 2509 404 2553 fatigare3
435 2509 594 2558 conspicit
626 2509 765 2552 denique
797 2520 878 2542 eun-

49 2548 86 2590 ,ζ
124 2547 202 2587 &m
230 2563 305 2586 cum
333 2553 434 2584 fracta
458 2561 532 2583 navi
559 2551 678 2595 perire!
726 2552 880 2585 Similiter

43 2611 46 2614 ⁴
127 2603 199 2640 ¹¹¹1>-
223 2595 247 2635 i,
269 2596 324 2632 15,
349 2595 383 2632 9,
405 2594 530 2626 Nereus
551 2594 741 2626 vaticinium
763 2595 803 2628 de
827 2596 877 2627 fu·

59 2637 208 2678 hii}
243 2637 277 2671 in
313 2637 400 2670 bello
434 2637 573 2680 Trojano
613 2637 731 2680 pugnis
766 2637 877 2676 edens,

125 2678 237 2739 βαι,
258 2686 392 2724 quantus
415 2683 508 2722 equis,
530 2687 664 2722 quantus
690 2682 775 2713 adest
802 2683 879 2714 viris

915 1442 1037 1474 Sudor!
1083 1443 1154 1474 Non
1174 1444 1288 1478 virilis,
1307 1443 1393 1475 haud
1409 1442 1511 1475 virum
1533 1442 1665 1481 decens,

914 1485 1090 1517 muliebris.
1136 1486 1245 1517 Preces
1269 1492 1298 1517 et
1326 1497 1464 1518 aversum
1487 1488 1527 1517 ad
1550 1486 1668 1524 Jovem,

913 1533 945 1559 et
960 1539 1080 1570 preceS,
1097 1529 1215 1570 quibus
1237 1529 1352 1560 frustra
1369 1530 1389 1561 J
1393 1530 1461 1560 ovis
1483 1530 1670 1571 implorabis

915 1570 1085 1609 auxilium,
1108 1572 1139 1603 h.
1167 1582 1197 1603 e.
1224 1581 1320 1614 quam
1346 1571 1451 1603 irritas
1477 1571 1517 1603 ad
1543 1573 1669 1609 Jovem,

917 1618 948 1644 te
973 1624 1036 1646 non
1062 1615 1254 1652 audientem,
1275 1624 1384 1656 preces
1404 1614 1526 1656 jacies!
1573 1616 1670 1646 Aver-

917 1667 994 1693 sum,
1021 1656 1079 1688 tibi
1108 1658 1235 1695 iratum,
1262 1663 1295 1688 et
1323 1667 1431 1689 aversa
1458 1667 1533 1689 aure
1561 1667 1671 1700 preces

918 1703 989 1730 tuas
1018 1705 1232 1741 respuentem.
1276 1699 1385 1730 Ionius
1411 1701 1472 1730 udo
1498 1711 1592 1741 quum
1622 1711 1672 1732 re-

918 1743 1056 1782 mugiens
1077 1744 1162 1773 sinus
1184 1742 1264 1773 Noto
1286 1744 1425 1773 carinam
1445 1745 1580 1782 ruperit,
1595 1753 1668 1774 cum

919 1794 1006 1815 mare
1030 1784 1170 1821 Ionium,
1189 1784 1268 1816 Noti
1293 1784 1398 1815 sonitu
1418 1789 1449 1816 et
1471 1784 1605 1816 stridore
1623 1795 1672 1817 re-

919 1825 1032 1862 boans,
1077 1827 1218 1858 carinam
1262 1826 1401 1867 fregerit.
1441 1837 1497 1869 pro
1537 1827 1673 1868 vulgari,

919 1879 991 1900 cum
1014 1870 1121 1901 Notus
1143 1869 1176 1900 in
1193 1869 1270 1900 mari
1286 1869 1379 1900 Ionio
1402 1870 1509 1902 furens
1532 1870 1673 1902 carinam

919 1911 1058 1953 fregerit.
1103 1913 1208 1944 Ionius
1236 1914 1334 1949 sinus,
1362 1922 1448 1944 mare
1482 1913 1607 1944 Ionium
1639 1913 1673 1944 in

919 1954 1008 1985 sinus
1037 1961 1215 1991 curvatum,
1248 1960 1285 1985 ut
1314 1957 1399 1986 sinus
1430 1955 1570 1991 Calabri,
1601 1965 1674 1998 sup.

919 1996 941 2032 i,
967 1998 1021 2033 33,
1048 1998 1099 2030 16.
1149 1998 1228 2035 Udo,
1252 1997 1430 2039 pluviosam
1452 2002 1673 2041 tempestatem

919 2046 1036 2071 ciente.

963 2083 1106 2115 21—24.
1151 2083 1257 2123 Opima
1285 2083 1363 2123 qnod
1393 2084 1419 2114 si
1446 2084 1551 2123 proeda
1580 2095 1674 2115 curvo

921 2126 1019 2164 litore,
1035 2131 1111 2157 cett.
1133 2125 1248 2167 quodsi
1271 2131 1378 2157 autem
1397 2136 1513 2168 corpus
1529 2131 1618 2158 tuum
1640 2125 1674 2158 in

920 2167 998 2199 litus
1031 2168 1168 2211 ejectum
1203 2173 1235 2199 et
1266 2167 1310 2199 ibi
1346 2174 1524 2210 porrectum
1558 2169 1675 2211 mergis

920 2211 1026 2253 opima
1047 2212 1155 2253 praeda
1173 2210 1352 2252 contigerit,
1367 2216 1435 2242 tum
1454 2221 1514 2253 ego
1528 2211 1593 2243 voti
1612 2212 1676 2244 mei

922 2253 1091 2285 damnatus
1125 2264 1256 2296 caprum
1291 2258 1321 2285 et
1356 2263 1471 2303 agnam
1500 2253 1674 2287 immolabo

920 2296 1188 2340 Tempestatibus.
1233 2297 1308 2335 Quo
1337 2298 1467 2339 quidem
1493 2303 1567 2329 voto
1597 2298 1678 2329 nihil

923 2349 942 2370 a
957 2346 1050 2381 poeta
1069 2339 1218 2371 acerbius
1233 2339 1306 2371 addi
1329 2340 1451 2381 potuit;
1474 2340 1677 2373 acerbissime

923 2381 1068 2425 inprimis
1097 2388 1197 2425 optat,
1225 2387 1262 2413 ut
1292 2382 1406 2414 Maevii
1434 2393 1549 2426 corpus
1578 2385 1677 2423 opima

921 2427 1028 2466 praeda
1056 2425 1174 2467 mergis
1202 2423 1380 2467 contingat,
1411 2426 1482 2457 sive
1511 2426 1597 2469 quod
1628 2426 1678 2458 illi

921 2467 1027 2510 ejecta
1050 2478 1181 2510 corpora
1200 2473 1353 2510 tanquam
1374 2468 1511 2511 opimam
1535 2469 1676 2511 praedam

922 2510 1052 2553 depasci
1085 2511 1221 2546 soleant,
1253 2511 1320 2543 sive
1351 2511 1437 2552 quod
1465 2512 1527 2554 ipsi
1558 2513 1678 2544 Maevio

922 2557 1055 2594 opimum
1071 2564 1185 2596 corpus
1205 2553 1312 2585 fuerit.
1358 2553 1614 2595 Tempestaeibus:
1637 2556 1679 2588 de

923 2597 1070 2637 religioso
1102 2597 1320 2637 Tempestatum
1351 2597 1455 2635 cultu,
1486 2597 1551 2630 vid.
1579 2598 1675 2630 Cerd.

923 2639 964 2671 ad
982 2640 1074 2681 Virg.
1090 2650 1124 2677 v,
1146 2640 1222 2678 772,
1242 2639 1298 2671 ubi
1325 2639 1449 2672 AEneas
1467 2651 1596 2684 quoque
1620 2653 1678 2684 ag·

922 2683 994 2714 πάγη
1012 2683 1249 2724 Tempestatibus
1264 2681 1420 2714 immolari
1432 2683 1538 2726 jubet.
