1904 3314
36 579 38 582 v
72 562 134 606 Ep.
153 562 176 602 i,
195 565 249 599 19.
266 567 322 597 34.

623 214 772 246 INDEX
802 214 1016 245 VERBORU
1022 215 1069 246 M.

71 305 168 338 oculo
202 307 270 340 Sat.
300 307 324 343 ἱ,
357 308 391 344 2,
423 307 497 338 103.
541 305 643 338 veloci
676 312 824 346 percurre

71 348 167 381 oculo
193 350 260 382 Sat.
287 349 323 388 ii,
349 352 381 387 5,
407 351 462 382 55.
507 359 572 380 non
599 347 700 391 possis
726 346 822 379 oculo

20 416 23 417 ξ
67 397 224 433 qnantum
254 393 446 425 contendere
471 393 620 435 Lynceus
647 391 709 433 Ep.
736 390 758 428 i,
786 391 816 425 l,

73 435 127 467 28.
170 445 235 467 non
262 436 335 468 istic
360 437 492 478 obliquo
517 434 611 467 oculo
634 443 706 465 mea
731 443 818 464 com-

59 476 165 509 moda
174 478 346 522 quisquam
361 479 452 511 limat
466 479 527 521 Ep.
542 477 565 514 i,
579 479 630 515 14,
645 477 700 508 87.
726 475 821 518 juvat

68 518 288 554 immemorata
301 522 451 555 ferentem
473 520 621 560 ingenuis
635 519 739 551 oculis
755 518 819 560 legi

367 565 424 607 qui
446 562 550 597 oculis
567 562 660 595 rectis
678 567 820 593 monstra

72 605 154 638 vidit
177 607 242 640 Od.
265 607 289 644 i,
316 609 350 645 3,
376 609 428 639 18.
471 617 513 638 ne
536 605 675 648 corporis
698 604 819 647 optima

70 649 193 692 Lyncei
213 651 427 694 contemplere
448 649 551 682 oculis
574 650 642 680 Sat.
660 648 682 684 i,
704 649 737 684 2,
761 648 817 679 91.

68 691 180 724 defixis
198 694 303 726 oculis
319 699 423 737 torpet
442 695 503 736 Ep.
519 693 540 729 i,
556 693 588 729 6,
609 693 659 723 14.
702 690 819 732 migra-

70 733 120 766 vit
140 735 182 767 ab
206 747 282 769 aure
306 737 454 779 voluptas
477 735 518 766 ad
545 735 682 766 incertos
707 734 820 765 oculos

71 777 131 821 Ep.
158 777 194 816 ii,
222 782 252 818 1,
281 781 353 812 188.
396 780 499 811 multa
525 778 618 810 tolles
646 788 684 809 ex
717 776 821 808 oculis

71 819 134 864 Ep.
166 822 207 854 ad
243 822 314 854 Pis.
351 824 424 854 184.
484 821 630 852 virtutem
663 820 822 851 sublatam

31 876 35 877 ⁷
70 873 112 896 ex
126 865 230 897 oeulis
243 865 419 908 querimus
435 865 500 896 Od.
519 863 566 900 iii,
582 865 638 899 24,
655 864 707 894 32.
752 862 822 893 stil-

72 906 154 982 Ιίξξᾶι
174 907 288 940 amicis
307 919 348 941 ex
367 908 470 941 oculis
489 917 590 939 rorem
610 907 671 949 Ep.
689 905 731 937 ad
755 905 822 937 Pis.

116 994 222 1025 odisse.
265 1004 338 1036 quae
351 992 457 1035 diligit
473 993 551 1036 ipse,
567 993 618 1024 vel
635 991 703 1024 odit
719 993 782 1035 Ep.
798 991 821 1028 i,

25 1063 28 1070 .
74 1037 106 1072 1,
123 1037 179 1068 72.
223 1037 357 1068 acerbus
373 1035 471 1068 odisti
493 1038 559 1068 Sat.
573 1035 597 1072 i,
615 1037 647 1071 3.
662 1037 718 1067 86.
766 1046 824 1066 nos

24 1083 25 1086 ’
72 1085 244 1128 nostraque
276 1079 396 1112 lividus
429 1079 498 1111 odit
531 1081 593 1123 Ep.
631 1079 665 1113 ii.
703 1080 733 1117 1,
769 1079 824 1110 89.

73 1132 183 1155 omnes
197 1122 295 1155 vicini
311 1124 446 1155 oderunt
467 1124 537 1154 Sat.
559 1123 582 1160 i,
600 1123 630 1158 1,
647 1123 701 1153 85.
748 1121 821 1153 ode-

75 1171 150 1198 runt
165 1165 297 1198 hilarem
312 1166 430 1202 tristes,
446 1165 631 1207 tristemque
643 1163 745 1207 jocosi
762 1165 824 1206 Ep.

71 1207 96 1247 i,
137 1210 189 1246 18,
227 1210 281 1242 89.
351 1215 475 1252 potores
510 1209 645 1240 oderunt
683 1213 826 1250 porrecta

72 1258 242 1294 negantem
259 1252 376 1294 pocula
391 1252 454 1294 Ep.
468 1251 492 1289 i,
509 1253 560 1287 18,
578 1253 632 1283 92.
667 1256 826 1293 quatenus

73 1294 220 1327 virtutem
245 1294 439 1327 incolumem
463 1294 588 1326 odimus
610 1293 674 1326 Od.
701 1293 746 1331 iii,
770 1295 825 1330 24,

74 1339 130 1370 31.
175 1337 270 1370 odere
296 1343 404 1381 poetas
435 1339 503 1369 Sat.
532 1337 555 1373 i,
586 1339 618 1374 4,
643 1338 698 1368 33.
743 1336 827 1368 idem

73 1379 160 1424 (Di)
181 1381 274 1413 odere
293 1380 374 1413 vires
399 1380 488 1412 nefas
510 1386 672 1412 moventes
693 1379 757 1412 Od.
781 1379 827 1416 iii,

75 1426 110 1462 4,
131 1425 188 1456 67.
233 1423 285 1456 odi
309 1424 476 1467 profanum
495 1423 610 1465 vulgus
635 1422 698 1454 Od.
723 1422 770 1459 iii,
797 1423 827 1458 l,

77 1468 110 1500 1.
153 1477 298 1512 proceros
324 1466 428 1499 odisse
451 1466 543 1509 lupos
570 1467 637 1498 Sat.
660 1465 695 1502 ii,
718 1467 751 1502 2,
774 1466 828 1496 36.

73 1521 176 1554 quum
195 1509 257 1542 sibi
272 1508 409 1553 quisque
423 1509 514 1542 timet
528 1515 561 1542 et
575 1509 640 1541 odit
661 1509 728 1540 Sat.
745 1508 779 1546 ii,
798 1509 828 1545 1,

74 1554 131 1586 28.
199 1559 344 1586 arcentes
367 1553 514 1585 dexteras
539 1552 593 1584 odi
616 1552 680 1584 Od.
704 1551 751 1588 iii,
776 1552 827 1587 19,

74 1597 131 1629 22.
205 1596 325 1628 enices
339 1596 392 1629 odi
413 1601 584 1640 apparatus
601 1595 666 1627 Od.
687 1595 710 1630 i,
727 1597 780 1632 38,
799 1596 829 1626 1.

74 1649 134 1672 cur
157 1639 302 1683 apricum
323 1639 428 1671 oderit
448 1640 623 1682 campum!
670 1639 734 1670 Od.
754 1638 777 1674 i,
793 1639 826 1675 8,

77 1685 111 1715 4.
155 1693 228 1725 quae
259 1682 381 1733 spernit
407 1689 440 1714 et
468 1681 537 1730 odit
567 1683 630 1725 Ep.
657 1681 684 1731 i.
715 1683 747 1717 7,
774 1682 829 1712 20.

77 1725 547 1816 ΐζιῖῗῖῗιὲῗὲῗῖὲὶξιῗζῑῖῗὲ
568 1725 752 1809 {laage
764 1725 829 1810 {31

78 1811 104 1850 i,
136 1813 189 1848 18,
219 1813 276 1850 25,
304 1813 359 1844 26.
402 1811 498 1843 odisti
529 1811 648 1847 claves,
679 1817 710 1842 et
741 1817 831 1852 grata

79 1854 187 1897 sigilla
210 1854 327 1898 pudico
349 1855 410 1898 Ep.
433 1854 455 1892 i,
470 1855 526 1890 20,
541 1855 573 1886 3.
617 1859 661 1890 et,
679 1853 738 1884 nisi
758 1864 831 1895 quae

79 1898 170 1931 terris
182 1904 306 1930 semota
319 1898 452 1940 suisque
467 1897 660 1940 temporibus
677 1897 831 1928 defuncta

79 1941 178 1980 videt,
193 1941 315 1974 fastidit
329 1946 361 1973 et
373 1941 441 1973 odit
457 1941 522 1983 Ep,
537 1940 572 1979 ii,
587 1942 619 1975 1.
635 1941 690 1971 22.
728 1940 827 1982 quod—

78 1994 206 2028 cunque
227 1984 370 2016 ostendis
392 1983 471 2015 mihi
494 1983 553 2020 sic,
572 1983 755 2015 incredulus
779 1982 831 2015 odi

81 2028 147 2071 Ep.
180 2028 222 2059 ad
255 2027 322 2059 Pis.
353 2028 426 2059 188.
492 2039 519 2058 c.
548 2028 659 2068 infin„-
693 2027 831 2061 animus,

79 2070 167 2114 quod
188 2070 273 2102 ultra
295 2076 355 2107 est,
376 2069 479 2102 oderit
499 2079 609 2101 curare.
631 2069 694 2101 Od.
719 2069 753 2106 ii,
776 2071 828 2105 16,

79 2115 135 2189 33.
179 2114 316 2146 oderunt
348 2123 480 2157 peccare
512 2112 588 2144 boui
620 2113 683 2155 Ep.
717 2112 739 2150 i,
776 2114 828 2148 16,

124 2201 239 2232 odium.
282 2199 361 2231 dum
381 2209 495 2242 poenas
518 2198 591 2230 odio
614 2208 668 2241 per
683 2198 746 2229 vim
769 2197 831 2229 fes-

81 2242 166 2276 tinat
187 2243 290 2276 inulto
314 2243 378 2286 Ep.
401 2241 425 2278 i,
449 2243 483 2278 2,
504 2243 561 2273 61.
606 2241 691 2283 quod
716 2241 743 2272 si
769 2251 832 2272 non

36 2316 38 2318 .
80 2286 155 2319 odio
173 2285 339 2327 peccantis
358 2285 475 2328 desipit
491 2295 592 2326 augur
614 2285 674 2327 Ep.
690 2284 712 2322 i,
726 2285 781 2319 20,
799 2285 831 2315 9.

81 2339 123 2362 ne
137 2330 247 2361 odium
271 2328 388 2360 libellis
405 2328 534 2360 sedulus
555 2328 705 2378 importes
730 2328 787 2370 Ep.
808 2326 830 2375 i,

38 2399 45 2414 ,η
85 2373 136 2411 13,
161 2374 194 2405 4.
237 2371 311 2404 odio
333 2372 430 2403 maris
451 2377 548 2413 atque
570 2381 692 2403 viarum
718 2371 781 2412 Ep.
808 2380 830 2406 1,

37 2423 47 2439 'n
83 2416 138 2453 11,
161 2417 193 2448 6.
236 2425 294 2447 sua
317 2420 366 2447 est
387 2414 460 2447 odio
483 2424 549 2445 sors
574 2415 636 2457 Ep.
661 2414 683 2450 i,
707 2414 758 2451 14,
782 2414 833 2444 11.

42 2474 46 2475 ’
81 2457 163 2500 quid
184 2457 291 2502 placet
311 2462 367 2490 aut
390 2457 462 2490 odio
483 2462 532 2490 est
557 2458 618 2500 Ep.
642 2456 676 2493 ii,
700 2458 729 2492 1.
753 2457 828 2488 101.

36 2608 58 2670 ξι

31 2507 46 2527 ί
81 2503 120 2534 de
148 2503 309 2534 insolentia
336 2507 366 2532 et
395 2502 648 2541 importunitate.-
676 2499 748 2532 odio
775 2499 831 2542 qui

82 2550 189 2588 posset
215 2543 342 2576 vincere
369 2554 474 2585 regem
503 2545 569 2575 Sat.
596 2543 618 2579 i,
649 2543 681 2580 7,
711 2543 743 2574 6.
797 2545 834 2574 de

82 2588 224 2619 imn'dia:
248 2597 312 2619 non
337 2586 409 2618 odio
432 2587 567 2617 obscuro
587 2596 757 2628 morsuque
780 2596 832 2617 ve-

85 2636 184 2663 nenat
199 2630 261 2673 Ep.
279 2629 304 2667 i,
322 2631 376 2665 14,
393 2630 448 2660 38.

129 2675 216 2706 odor.
257 2673 286 2710 l,
320 2682 395 2704 uam
411 2671 515 2703 malus
529 2670 672 2712 undique
688 2669 837 2702 membris

43 2739 49 2757 ⁴.
85 2716 204 2750 erescit
220 2716 298 2748 odor
309 2740 316 2747 .
343 2714 448 2758 Epod.
466 2716 517 2750 12,
533 2716 566 2746 8.
610 2713 744 2746 decedet
762 2714 839 2745 odor

40 2757 59 2865 5

39 2867 57 2950 ἕ

81 2759 196 2792 'nervis
227 2759 377 2791 inimicus
409 2759 478 2789 Sat.
510 2757 544 2795 ii,
574 2758 605 2795 4,
636 2758 690 2788 53.
745 2757 840 2799 cujus

88 2801 217 2836 odorem
243 2802 307 2834 olei
334 2811 475 2843 nequeas
497 2799 632 2843 perferre
659 2801 725 2831 Sat.
747 2799 782 2836 ii,
805 2801 839 2838 2,

89 2846 147 2878 59.
189 2851 312 2895 myrtus
329 2850 361 2877 et
377 2844 479 2876 omnis
499 2843 592 2886 copia
608 2843 732 2875 narium
752 2853 839 2885 spar-

89 2893 166 2932 gent
188 2887 316 2920 olivetis
335 2888 462 2919 odorem
485 2886 549 2919 Od.
571 2886 607 2922 ii,
627 2887 681 2922 15,
697 2888 729 2918 7.
775 2896 838 2917 ser-

60 2944 61 2947 *
89 2931 179 2964 vovit
195 2930 324 2963 odorem
338 2935 422 2963 testa
442 2930 498 2962 diu
519 2930 581 2973 Ep.
599 2930 622 2966 i,
637 2930 671 2966 2,
687 2930 743 2961 69.
788 2938 842 2960 ara

40 2987 42 2991 ’
90 2974 192 3007 multo
222 2974 324 3006 fumat
352 2973 448 3006 odore
480 2973 543 3005 Od.
572 2972 620 3009 iii,
651 2974 703 3008 18.
732 2973 763 3004 8.
808 2973 842 3007 2,

61 3053 66 3059 ,
88 3018 190 3058 phur„
198 3016 516 3060 unguaemajomenta
529 3029 535 3046 :
558 3015 704 3058 perfusus
713 3014 844 3057 liquidis

840 3060 859 3090 3

1537 204 1615 245 7521

866 303 1016 338 odoribus
1041 304 1105 337 od.
1127 303 1150 340 i,
1167 307 1199 339 5,
1218 305 1251 335 2.
1297 302 1434 346 capillus
1454 303 1548 334 albus
1568 309 1616 335 est

865 347 1015 380 odoribus
1042 347 1144 390 Epod.
1173 348 1224 384 17,
1252 347 1306 378 23.
1350 346 1539 378 vendentem
1565 352 1616 377 tus

861 395 895 422 et
907 390 1018 422 odores
1034 392 1097 434 Ep.
1115 390 1148 426 ii,
1168 391 1198 426 1,
1216 390 1294 421 269.

905 435 1042 465 odorare.
1103 440 1203 475 caput
1231 433 1396 464 odoratum
1429 432 1615 474 (unguentis

863 476 935 508 bene
959 478 1110 508 olentibus
1134 475 1324 514 delibutum)
1349 477 1416 507 Sat.
1441 474 1475 511 ii,
1500 476 1533 510 7,
1558 477 1614 506 55.

863 528 931 550 rosa
961 530 1060 552 canos
1087 519 1209 550 odorati
1238 518 1373 561 capillos
1403 517 1467 549 Od.
1497 517 1531 555 ii,
1562 519 1614 554 11,

906 606 1040 643 odorari.
1083 605 1234 646 sagacius
1258 614 1342 635 unus
1370 604 1484 636 odoror
1510 603 1615 646 Epod.

867 649 918 684 12,
938 650 970 679 4.
1013 647 1191 690 projectum
1212 647 1351 680 odoraris
1373 647 1480 678 cibum
1508 647 1613 689 Epod.

907 736 1064 765 odoratus.
1108 732 1217 776 capilli
1233 733 1295 765 Od.
1312 732 1360 768 iii,
1378 733 1433 767 20,
1454 733 1504 764 14.

909 778 1111 818 oenophorum.
1155 776 1246 818 pueri
1274 781 1435 820 portantes
1463 775 1619 818 oenopho-

867 830 935 851 rum
954 821 1020 851 Sat.
1038 819 1060 856 i,
1078 822 1110 857 6,
1127 821 1202 851 109.

910 863 1074 905 offendere.
1121 865 1150 898 l,
1181 861 1285 902 fragili
1316 871 1463 903 quaerens
1495 860 1619 893 illidere

865 905 1006 945 dentem,
1037 906 1176 937 offendet
1204 905 1305 936 solido
1335 906 1402 936 Sat.
1434 904 1467 940 ii,
1500 905 1530 940 1,
1563 905 1619 935 78.

866 950 899 984 2,
926 951 1054 980 Iaedere:
1078 960 1135 981 cur
1157 959 1216 990 ego
1239 948 1378 979 amicum
1400 947 1559 978 offendam
1586 947 1619 978 in

868 991 988 1034 nugis'!
1013 994 1075 1034 Ep.
1098 992 1137 1023 ad
1163 991 1231 1022 Pis.
1256 993 1333 1022 451.
1394 1001 1433 1022 ue
1457 989 1620 1021 tuberibus

868 1034 1622 1117 Εἷῗῆῗίῗέῐῐῗῇἒῑυάωᾶζτέεῗζυΐῆεἶῗίῑὲςῂὲξᾶυζὲε

869 1123 935 1154 Sat.
957 1122 990 1159 ii,
1007 1125 1038 1157 5,
1055 1123 1109 1153 90.
1153 1121 1304 1163 quodque
1328 1125 1434 1163 posset
1455 1126 1623 1151 coenantes

869 1165 1029 1196 offendere
1046 1166 1112 1196 Sat.
1127 1164 1162 1202 ii,
1178 1166 1211 1200 8,
1233 1165 1282 1195 13.
1329 1163 1355 1194 si
1371 1173 1433 1194 non
1449 1162 1623 1194 offenderet

869 1218 1131 1250 unumquemque
1161 1213 1325 1250 poetarum
1354 1206 1440 1237 limae
1470 1206 1561 1237 labor
1591 1211 1624 1237 et

869 1261 957 1282 mora
986 1252 1048 1294 Ep.
1073 1251 1114 1282 ad
1142 1251 1207 1281 Pis.
1233 1251 1309 1281 290.
1355 1254 1391 1280 ut
1413 1254 1518 1290 gratas
1543 1249 1624 1280 inter

869 1304 995 1326 mensas
1029 1293 1220 1336 symphonia
1253 1292 1386 1328 discors,
1415 1298 1450 1323 et
1481 1301 1624 1323 crassum

870 1342 1084 1377 unguentum,
1096 1336 1262 1368 offendunt
1275 1335 1355 1366 ibid.
1371 1336 1447 1366 376.
1483 1335 1624 1366 mundus

871 1381 943 1417 erit,
958 1380 1012 1421 qui
1031 1390 1093 1411 non
1114 1379 1253 1411 offendat
1277 1378 1425 1409 sordibus
1449 1378 1518 1409 Sat.
1538 1377 1573 1414 ii,
1589 1379 1623 1413 2,

872 1423 926 1454 65.
969 1422 1174 1454 offenduntur
1200 1421 1284 1453 enim
1310 1421 1427 1463 quibus
1449 1426 1498 1452 est
1522 1431 1624 1462 equus

873 1467 934 1508 Ep.
951 1465 990 1497 ad
1008 1465 1074 1496 Pis.
1089 1467 1165 1497 248.
1210 1474 1270 1495 nec
1291 1464 1389 1496 semel
1404 1463 1517 1495 offensi
1533 1463 1626 1495 cedet

872 1507 1054 1540 constantia
1081 1509 1189 1543 formae
1220 1506 1323 1550 Epod.
1358 1509 1408 1542 15,
1445 1508 1495 1538 15.
1555 1506 1625 1537 fidis

873 1551 1014 1583 offendar
1047 1551 1156 1583 amicis
1188 1552 1249 1593 Ep.
1279 1550 1302 1588 i,
1331 1551 1364 1586 8,
1393 1551 1429 1582 9.
1496 1549 1624 1591 ingenio

873 1594 986 1627 offensi
1006 1596 1087 1636 (sale
1113 1593 1249 1634 Lucilii)
1274 1595 1341 1625 Sat.
1365 1593 1400 1628 ii,
1423 1594 1453 1629 1,
1475 1593 1528 1624 67.
1575 1593 1624 1624 in-

873 1637 965 1669 famis
990 1638 1125 1670 Helenae
1142 1638 1256 1669 Castor
1272 1636 1411 1668 offensus
1427 1636 1497 1668 vice
1518 1636 1623 1678 Epod.

875 1682 927 1719 17,
946 1682 999 1712 42.
1046 1691 1107 1712 non
1124 1691 1183 1722 ego
1203 1680 1313 1723 paucis
1334 1679 1476 1710 offendar
1489 1679 1626 1710 maculis

874 1725 936 1767 Ep.
965 1723 1005 1755 ad
1030 1724 1098 1755 Pis.
1124 1725 1199 1756 352.
1244 1722 1383 1754 offensus
1410 1721 1536 1753 damnis
1563 1723 1625 1764 Ep.

875 1767 898 1804 i,
914 1769 946 1803 7,
964 1768 1016 1798 88.

877 1810 1139 1888 ..ἵζὲἒῖῗωέἒᾷ
1157 1809 1235 1884 33¹¹
1236 1819 1296 1888 ³⁵11?
1297 1807 1626 1894 331¹}2?³‘,53.’.;³::33

875 1896 980 1928 naenia
997 1906 1130 1938 regnum
1145 1902 1228 1926 recte
1250 1894 1440 1926 facientibus
1458 1894 1547 1926 offert
1563 1895 1627 1937 Ep.

875 1939 899 1974 i.
918 1941 947 1975 1,
965 1941 1020 1971 63.
1058 1939 1149 1970 nulla
1164 1938 1279 1970 etenim
1296 1938 1351 1968 tibi
1368 1949 1419 1969 me
1434 1938 1497 1969 fors
1512 1937 1627 1969 obtulit

876 1983 946 2014 Sat.
969 1982 991 2019 i.
1008 1984 1040 2018 6,
1061 1984 1113 2013 54.
1160 1988 1189 2013 te
1209 1981 1496 2013 melioribusroffer
1519 1981 1580 2022 Ep.
1602 1980 1626 2014 i.

875 2070 907 2108 3,
924 2071 977 2101 64.

919 2112 1049 2153 officere.
1091 2110 1245 2153 quicquid
1261 2110 1381 2152 ubique
1396 2110 1495 2142 officit
1516 2111 1583 2142 Sat.
1601 2110 1624 2146 i,

875 2156 908 2190 2,
925 2156 980 2186 61.
1018 2154 1064 2186 nil
1081 2154 1124 2185 mi
1140 2155 1238 2185 officit
1252 2154 1352 2190 Sani,
1369 2155 1402 2190 9,
1418 2155 1474 2186 50.
1513 2154 1624 2185 multae

876 2198 935 2229 tibi
950 2198 1089 2229 officient
1103 2207 1152 2228 res
1167 2198 1234 2229 Sat.
1252 2197 1275 2234 i,
1293 2199 1326 2234 2,
1342 2198 1397 2228 97.

921 2240 1057 2282 qffi'cinu.
1112 2240 1188 2271 dum
1223 2250 1332 2282 graves
1363 2240 1535 2271 Vulcanus
1564 2238 1627 2269 urit

877 2284 1018 2316 officinas
1052 2283 1118 2315 Od.
1156 2283 1178 2316 i.
1212 2286 1244 2319 4,
1279 2284 1311 2314 8.
1380 2283 1467 2315 cales
1495 2281 1627 2313 venenis

875 2327 1003 2359 officina
1019 2326 1181 2359 Colchicis
1198 2327 1300 2370 Epod.
1318 2327 1370 2363 17,
1386 2327 1440 2357 35.

919 2370 1077 2413 officiosus.
1121 2369 1234 2401 leniter
1257 2370 1290 2400 in
1315 2380 1404 2411 spem
1428 2378 1536 2412 arrepe
1559 2367 1626 2399 offi-

877 2414 983 2445 ciosus
1000 2415 1067 2445 Sat.
1079 2412 1112 2449 ii,
1129 2415 1160 2450 5,
1175 2414 1230 2444 48.
1266 2412 1418 2444 sedulitas
1434 2413 1495 2454 Ep.
1511 2411 1533 2447 i,
1547 2413 1579 2448 7,
1597 2412 1629 2442 8.

918 2457 1064 2499 officium.
1112 2457 1142 2492 1,
1167 2456 1211 2487 nil
1235 2466 1338 2487 moror
1361 2456 1514 2492 officium,
1541 2454 1628 2497 quod

875 2510 926 2532 me
940 2506 1052 2542 gravat
1068 2500 1128 2543 Ep.
1145 2499 1178 2537 ii,
1197 2501 1227 2537 1,
1243 2501 1321 2531 264.
1367 2510 1406 2531 ne
1423 2499 1506 2540 prior
1524 2498 1628 2530 officio

876 2543 1046 2586 quisquam
1068 2542 1258 2585 respondeat
1279 2543 1348 2573 Sat.
1362 2541 1398 2580 ii,
1416 2543 1448 2578 6,
1463 2544 1517 2573 24.
1562 2541 1629 2572 offi-

879 2586 964 2618 cium
995 2585 1078 2620 facio
1108 2587 1170 2628 Ep.
1202 2586 1223 2621 i,
1250 2587 1302 2621 17,
1329 2586 1385 2616 21.
1431 2586 1465 2620 2,
1493 2585 1628 2627 Pflicht:

879 2635 981 2661 scorto
999 2635 1168 2672 postponet
1185 2629 1353 2659 honestum
1370 2628 1509 2660 officium
1528 2629 1589 2671 Ep.
1608 2627 1629 2663 i,

885 2673 936 2708 18,
952 2673 1007 2704 35.
1051 2671 1138 2714 quod
1155 2671 1274 2713 judicis
1293 2672 1334 2702 sit
1353 2672 1492 2703 officium
1514 2671 1574 2714 Ep.
1591 2671 1631 2701 ad

882 2714 949 2746 Pis.
973 2715 1052 2746 314.
1097 2725 1214 2745 munus
1231 2720 1263 2745 et
1280 2715 1418 2746 officium
1435 2716 1534 2754 (recte
1554 2715 1629 2746 scri-

882 2758 990 2797 bendi)
1007 2756 1053 2788 nil
1068 2757 1209 2788 scribens
1223 2758 1294 2800 ipse
1316 2757 1437 2790 docebo
1453 2757 1531 2789 ibid.
1552 2757 1631 2789 306.

883 2802 916 2838 3,
931 2811 1062 2831 munus.-
1086 2800 1228 2843 fungitur
1243 2800 1354 2832 officiis
1370 2802 1438 2833 Sat.
1454 2800 1488 2838 ii,
1506 2802 1539 2837 6,
1561 2800 1632 2831 109.

884 2844 925 2875 ab
941 2843 1054 2875 officiis
1068 2843 1143 2875 dum
1160 2843 1241 2876 redit
1256 2845 1317 2886 Ep.
1332 2844 1355 2881 i,
1373 2845 1405 2879 7,
1422 2845 1476 2875 47.
1516 2842 1634 2874 talibus

884 2887 997 2919 officiis
1018 2897 1115 2930 prope
1130 2898 1280 2919 mancum
1302 2888 1364 2930 Ep.
1384 2886 1419 2923 ii,
1435 2887 1468 2922 2,
1485 2887 1539 2917 21.
1584 2894 1632 2915 re-

885 2930 970 2962 lictis
981 2929 1130 2962 omnibus
1140 2930 1252 2962 officiis
1264 2931 1326 2972 Ep.
1337 2930 1372 2967 ii,
1385 2931 1416 2965 2,
1430 2930 1484 2960 68.
1521 2926 1636 2959 actoris

908 2979 990 3013 artes
1011 2973 1127 3005 chorus
1149 2973 1353 3015 officiumque
1373 2971 1464 3003 virile
1485 2970 1636 3002 defendat

920 3027 951 3059 p.
965 3015 1006 3048 ad
1022 3016 1092 3048 Pis.
1108 3017 1183 3048 193.

1022 2025 1149 2068 qualem
1171 2035 1221 2056 me
1244 2023 1414 2056 obtulerim
1432 2022 1489 2055 tibi
1514 2024 1582 2055 Sat.
1602 2023 1624 2061 i,

876 3071 898 3090 Δ
