1904 3314
333 183 386 223 78

792 179 1316 223 EPISTOLARUM

328 278 385 320 30
415 277 632 325 Quaelibet
650 277 693 318 in
713 278 902 331 quemvis
923 279 1154 333 opprobria
1173 278 1334 332 fingere
1356 293 1507 328 saevuS,

418 345 634 386 Pernicies
655 351 698 385 et
719 351 949 398 tempestas
970 345 1302 399 barathrumque
1321 345 1499 394 macelli,

420 411 640 464 Quicquid
661 411 901 464 quaesierat,
924 412 1059 452 ventri
1081 412 1267 452 donabat
1288 426 1427 452 avaro.

417 476 518 526 Hic,
540 478 615 518 ubi
634 478 833 531 nequitiae
854 477 1095 518 fautoribus
1117 485 1160 518 et
1181 478 1336 518 timidis
1357 476 1415 518 nil

416 541 508 583 Aut
528 541 716 596 paullum
737 542 985 591 abstulerat,
1007 544 1171 596 patinas
1192 545 1390 584 coenabat
1411 543 1555 592 omasi,

331 608 388 648 35
417 608 527 649 Vilis
548 615 590 649 et
611 609 792 663 agninae,
815 610 952 650 tribus
973 610 1083 650 ursis
1105 610 1220 663 quod
1243 611 1343 650 satis
1365 618 1505 660 esset3

417 674 589 715 Scilicet
609 682 656 715 ut
677 682 846 715 ventres
867 675 1005 715 lamna
1026 676 1235 716 candente
1258 683 1462 730 nepotum

418 740 596 781 Diceret
615 742 819 790 urendos,
842 748 1060 782 corrector
1083 741 1269 782 Bestius.

1332 743 1451 784 Idem

418 806 638 860 Quicquid
660 813 751 847 erat
773 813 922 848 nactus
943 808 1103 861 praedae
1123 809 1310 861 majoris,
1332 809 1407 849 ubi
1428 823 1550 849 omne

424 872 623 914 Verterat
643 874 686 914 in
707 873 867 914 fumum
888 881 931 914 et
952 874 1147 923 cinerem,
1169 874 1271 914 Non
1292 873 1466 915 hercule
1486 875 1630 924 miror,

335 938 391 978 40
421 936 593 988 Aiebat,
617 940 651 980 si
672 940 744 993 qui
766 941 995 980 comedunt
1017 941 1154 989 bona3
1189 954 1319 993 quum
1340 941 1394 980 sit
1414 942 1546 982 obeso

419 1005 493 1045 Nil
515 1005 663 1047 melius
686 1006 827 1055 turdo,
848 1005 906 1045 nil
927 1004 1051 1046 vulva
1071 1005 1291 1059 pulchrius
1312 1006 1462 1060 ampla.

418 1071 632 1113 Nimirum
654 1072 725 1113 hic
746 1086 827 1125 ego
852 1086 942 1112 sum
960 1087 968 1112 ε
1001 1085 1096 1111 nam
1119 1078 1211 1111 tuta
1231 1079 1273 1112 et
1295 1071 1472 1125 parvula
1491 1071 1633 1121 laudo,

420 1137 566 1183 Quum
587 1152 654 1178 res
677 1137 900 1184 deficiunt,
922 1137 1022 1177 satis
1044 1137 1155 1177 inter
1170 1136 1268 1177 vilia
1289 1137 1436 1177 fortis:

418 1202 582 1244 Verum
604 1204 678 1244 ubi
699 1203 803 1257 quid
823 1203 972 1244 melius
994 1203 1200 1256 contingit
1222 1210 1265 1243 et
1285 1204 1466 1252 unctius,
1487 1203 1600 1244 idem

333 1270 389 1310 45
419 1268 511 1310 Vos
534 1283 682 1323 sapere
704 1277 747 1310 et
769 1268 881 1310 solos
904 1269 972 1310 aio
993 1269 1102 1309 bene
1124 1269 1276 1318 vivere,
1298 1284 1479 1322 quorum

419 1335 695 1390 Conspicitur
715 1336 859 1376 nitidis
886 1335 1066 1376 fundata
1086 1335 1267 1388 pecunia
1286 1335 1406 1376 villis.

308 1459 406 1498 quius,
426 1467 517 1497 neque
538 1462 680 1497 argutum
702 1459 807 1497 magis,
831 1457 931 1497 Neque
949 1458 1039 1498 confi-

307 1501 519 1539 dentiloquius.
536 1509 628 1538 neque
642 1501 805 1538 perjurias,
822 1499 917 1533 Quum
931 1500 1040 1529 urbani

308 1543 421 1572 assidui
458 1541 597 1581 (semper
631 1550 664 1571 se
701 1540 917 1580 obtrudentes)
953 1543 1039 1575 cives,

309 1593 379 1623 qnos
393 1593 513 1614 scurras
527 1588 644 1612 vocant.

354 1625 407 1654 28.
440 1624 509 1654 Nun
533 1630 646 1654 eertum
669 1635 793 1663 praesepe
821 1630 943 1658 teneret,
972 1628 1042 1654 tan-

309 1675 402 1706 quam
421 1675 511 1696 vorax
527 1665 645 1701 bellua,
661 1671 695 1699 ut
715 1666 747 1695 in
765 1666 967 1706 sequentibus
987 1666 1042 1696 de-

312 1707 468 1738 scribitur.

353 1750 407 1780 29.
439 1749 612 1788 Impransus
642 1759 699 1778 ποη
729 1751 791 1789 qui,
821 1753 894 1779 cett.
922 1748 1041 1790 junge:

311 1794 363 1831 qui
383 1794 551 1830 impransus
567 1790 747 1831 (impastus,
765 1792 845 1822 fame
864 1791 1042 1821 exstimula—

312 1837 393 1868 tus).
420 1844 479 1863 non
502 1835 593 1863 civem
623 1833 700 1863 hoste
730 1835 809 1870 (non
840 1833 975 1863 amicum
1007 1834 1045 1863 ab

312 1874 457 1908 inimico)
479 1877 678 1915 dignosceret.-
704 1875 745 1905 cf.
760 1875 890 1905 Theocr.
906 1885 957 1910 xv,
977 1875 1046 1906 147.

354 1917 407 1952 30,
433 1918 484 1947 31.
516 1917 624 1951 Soevus,
651 1917 882 1947 accommodate
907 1917 945 1947 ad
974 1917 1044 1946 bes-

311 1957 400 1993 tiam,
411 1968 481 1998 quae
493 1958 626 1999 impasta
639 1959 735 1989 saevit.
783 1959 934 1989 Pernicies
950 1958 1044 2000 (φθό-

313 2011 382 2040 ρος,
407 1999 470 2030 vid.
495 2000 648 2030 Valcken.
674 2000 711 2030 ad
736 2001 867 2031 Theocr.
890 1999 1042 2031 Adoniaz.

314 2051 346 2082 p.
362 2042 425 2071 310
442 2042 507 2079 C);
530 2041 573 2071 sic
590 2042 652 2071 fere
667 2042 762 2072 Thais
772 2043 871 2084 fundi
890 2044 1044 2073 calamitas

314 2082 398 2124 apud
424 2083 547 2113 Terent.
574 2083 719 2114 Eunuch.
742 2084 762 2120 i,
789 2086 817 2120 1,
842 2085 883 2114 34
906 2089 1044 2114 vocatur.

315 2124 567 2164 Barathrumqne,
586 2129 617 2154 et
636 2134 746 2164 vorago
765 2125 866 2165 quasi.
883 2126 988 2155 omnia
1010 2126 1042 2156 in

314 2166 447 2196 macello
467 2165 589 2196 venalia
611 2167 778 2197 absorbens
798 2173 827 2198 et
847 2167 1040 2208 deglutiens:

316 2207 357 2238 cf.
372 2208 436 2238 Sat.
453 2207 486 2243 ii,
503 2208 534 2243 3,
554 2208 625 2238 167.

357 2251 411 2280 32.
435 2250 610 2284 Quaesierat,
623 2248 694 2279 hinc
708 2249 794 2280 illinc
809 2249 974 2280 dicacitate
988 2260 1044 2280 sua

314 2291 492 2331 collegerat,
509 2290 757 2332 conquisiverat:
782 2291 821 2322 de
831 2301 905 2322 voce
916 2303 1043 2332 qureret-e

315 2333 357 2363 cf.
375 2344 444 2374 sup.
460 2333 500 2363 ad
516 2333 617 2374 Epist.
633 2333 655 2369 i,
671 2334 702 2368 7,
719 2334 773 2363 57.

357 2375 410 2405 33.
449 2375 606 2414 Nequitiae,
637 2385 682 2405 sc.
715 2375 931 2413 scurrilitatis3
971 2386 1042 2406 nam

315 2427 423 2447 scurra
438 2422 485 2447 est
498 2417 589 2446 homo
602 2426 747 2457 nequam.
787 2417 922 2454 Timidis,
931 2417 1042 2449 timen-

315 2457 400 2488 tibus
415 2457 474 2488 sibi
491 2468 509 2488 a
523 2468 635 2489 scurrae
649 2459 825 2490 dicacitate.

356 2501 411 2530 34.
435 2500 546 2537 omasi,
561 2510 627 2537 nos,
645 2501 839 2531 Kaldaunen.

356 2542 410 2572 35.
455 2542 527 2572 Vitis
554 2549 582 2572 et
613 2545 743 2583 agninae,
776 2553 843 2580 nos,
875 2544 1043 2579 schlechres,

314 2585 382 2614 oder
397 2584 510 2614 elendes
526 2584 724 2625 Schqffleisch.

356 2626 409 2661 36,
426 2627 478 2657 37.
503 2627 621 2656 Scilicet
636 2633 681 2663 ut,
697 2631 771 2658 cett.
784 2626 842 2656 hac
855 2632 933 2658 sorte
948 2627 1043 2658 same-

1085 1456 1145 1487 lica
1175 1457 1314 1488 Maenius
1344 1455 1526 1499 (corrector)
1557 1467 1676 1488 morum
1705 1467 1814 1488 censor

1084 1498 1212 1534 exstitit,
1230 1506 1378 1540 tanquam
1398 1499 1476 1529 alter
1495 1499 1631 1534 Bestius,
1646 1498 1766 1530 scilicet
1780 1505 1815 1529 ut

1084 1540 1212 1574 diceret.
1231 1541 1393 1571 hominum
1417 1540 1642 1571 luxuriosorum
1657 1541 1816 1571 ventribus

1085 1583 1238 1613 candente
1254 1583 1358 1613 lamna
1376 1588 1479 1613 notam
1500 1583 1546 1613 vel
1562 1582 1671 1623 stigma
1687 1582 1814 1614 inuren-

1085 1623 1158 1653 dum
1184 1634 1263 1655 esse.
1309 1625 1438 1659 Bestius,
1467 1624 1585 1655 videtur
1607 1625 1699 1655 fuisse
1724 1624 1815 1655 homo

1086 1675 1208 1700 avarus,
1221 1666 1274 1706 qui
1287 1671 1412 1708 nepotes
1422 1671 1454 1697 et
1462 1666 1606 1708 prodigos
1619 1665 1815 1698 acerbissime

1086 1707 1265 1738 tractandos
1280 1714 1428 1739 censeret.
1473 1709 1598 1739 Persius
1612 1718 1737 1749 quoque
1751 1710 1816 1740 Sat.

1086 1749 1128 1784 vi,
1141 1750 1180 1780 37
1194 1760 1334 1780 severum
1349 1754 1468 1780 morum
1481 1760 1638 1781 censorem
1653 1750 1747 1782 Roscii
1759 1759 1815 1781 no-

1087 1791 1170 1821 mine
1186 1791 1324 1832 insignit.

1132 1835 1185 1868 38,
1201 1835 1254 1864 39.
1278 1835 1370 1864 Omne
1390 1835 1526 1865 Verterat
1541 1835 1572 1863 in
1582 1832 1709 1875 sumum
1724 1839 1753 1864 et
1771 1835 1816 1864 ei-

1089 1885 1198 1911 nerem,
1214 1875 1320 1907 omnia
1338 1876 1548 1917 abligurierat,
1565 1875 1604 1906 ad
1619 1875 1752 1906 nihilum
1768 1885 1816 1907 re-

1089 1916 1224 1957 degerat.

1132 1960 1269 1989 42—46.
1305 1960 1456 1990 Nimirum
1485 1961 1532 1990 hic
1556 1970 1609 2001 ego
1637 1969 1711 1994 sum,
1741 1963 1817 1990 cett.

1087 2001 1223 2031 Sensus:
1255 2002 1326 2032 talis
1350 2004 1434 2043 (hic)
1461 2011 1519 2042 ego
1540 2011 1621 2036 sum,
1646 2001 1690 2031 ait.
1714 2000 1816 2031 Hora-

1086 2042 1159 2079 tius,
1185 2043 1304 2074 Maenio
1329 2043 1484 2080 nimirum,
1508 2043 1592 2084 quod
1615 2043 1654 2074 ad
1676 2041 1815 2073 animum

1087 2084 1211 2125 utrique
1228 2085 1301 2116 sorti
1315 2096 1379 2116 sese
1395 2084 1679 2116 accommodantem
1694 2083 1816 2121 attinet,

1087 2126 1218 2165 similis;
1241 2137 1313 2157 nam
1333 2138 1405 2158 cum
1424 2137 1471 2158 res
1489 2127 1647 2163 deficiunt.
1671 2126 1816 2168 pauperis

1087 2174 1197 2198 sortem
1210 2174 1246 2198 ut
1259 2169 1400 2200 tutiorem
1411 2169 1515 2200 divitis
1527 2175 1607 2200 sorte
1623 2169 1726 2204 laudo,
1741 2168 1815 2198 dum

1087 2211 1185 2250 (inter
1200 2209 1291 2249 vilia)
1311 2211 1342 2240 in
1366 2210 1419 2240 vili
1440 2217 1471 2242 et
1493 2211 1578 2241 tenui
1595 2211 1677 2242 victu
1701 2219 1751 2240 me
1771 2209 1816 2239 vi-

1087 2261 1154 2280 rum
1171 2251 1276 2281 fortem
1287 2257 1318 2282 et
1330 2252 1500 2294 sapientem
1535 2258 1643 2290 raesto;
1665 2251 1718 2282 sed
1735 2251 1817 2282 idem

1086 2301 1154 2332 ego,
1180 2293 1203 2322 si
1228 2293 1303 2333 quid
1326 2293 1436 2324 melius
1459 2299 1490 2324 et
1527 2294 1628 2324 antius
1650 2293 1817 2333 contingit,

1086 2334 1168 2364 solos
1187 2345 1240 2365 eos
1257 2335 1363 2366 felices
1385 2335 1530 2377 praedico,
1549 2335 1665 2376 quibus
1686 2334 1718 2365 in
1742 2334 1818 2365 villa

1086 2376 1214 2417 pulchre
1228 2382 1384 2408 exstructa
1398 2377 1492 2407 vitam
1507 2376 1675 2416 transigere
1689 2375 1773 2407 licet.

1129 2420 1182 2448 44.
1219 2417 1358 2455 Unctius,
1388 2419 1516 2453 lautius.
1537 2418 1722 2460 optabilius:
1754 2418 1816 2449 vid.

1086 2459 1125 2490 ad
1141 2460 1366 2501 praecedentem
1383 2460 1484 2502 Epist.
1501 2471 1530 2491 v.
1546 2461 1600 2490 21.

1129 2503 1181 2532 46.
1206 2502 1359 2539 Fundam,
1374 2503 1454 2534 bene
1467 2507 1498 2533 et
1512 2507 1578 2533 tuto
1593 2501 1744 2533 collocata
1757 2513 1766 2540 ;
1782 2501 1816 2532 in

1087 2545 1168 2573 villis
1187 2546 1304 2581 nitidis,
1326 2543 1555 2587 pulchritudine
1573 2549 1604 2575 et
1623 2542 1722 2575 nitore
1739 2553 1815 2574 con·

1087 2595 1214 2626 spreuis.
