1884 3288
341 200 398 239 34

895 200 1290 244 CARMINUM

543 299 593 339 15
621 299 786 340 Imbelli
804 300 966 341 cithara
986 301 1170 341 carmina
1190 301 1353 342 divides
1371 317 1380 341 :

736 365 1039 420 Nequidquam
1059 367 1243 407 thalamo
1263 381 1414 420 graves

622 432 799 481 Hastas,
821 440 863 473 et
883 433 1029 473 calami
1050 433 1210 487 spicula
1230 433 1384 474 Gnosii

619 497 806 547 Vitabis,
827 500 1152 552 strepitumque,
1174 507 1217 540 et
1237 500 1418 541 celerem
1439 501 1559 554 sequi

620 563 819 618 Ajacem:
852 572 1006 612 tamen,
1027 564 1127 613 heu,
1151 579 1270 605 serus
1291 565 1506 607 adulteros

537 629 592 670 20

735 630 884 671 Crines
906 630 1080 684 pulvere
1102 630 1288 671 collines.

618 695 722 735 Non
743 695 1018 745 Laertiaden,
1040 697 1217 736 exitium
1237 705 1323 737 tuae

622 761 793 810 Gentis,
812 777 895 802 non
918 762 1085 816 Pylium
1105 763 1295 803 Nestora
1315 765 1524 818 respicis?

622 827 791 882 Urgent
811 829 1011 882 impavidi
1031 836 1072 869 te
1093 829 1344 870 Salaminius

731 895 916 943 Teucer,
939 902 981 935 te
1004 895 1233 936 Sthenelus
1256 898 1391 937 sciens

533 960 588 999 25
610 957 796 1012 Pugnae,
819 960 905 1000 sive
926 975 1034 1014 opus
1055 969 1121 1001 est
1141 962 1382 1015 imperitare
1404 963 1539 1015 equis,

618 1025 721 1065 Non
742 1027 890 1079 auriga
908 1027 1043 1079 piger.

615 1091 798 1132 Nosces.

1103 1027 1329 1068 Merionen
1350 1042 1521 1080 quoque

860 1091 975 1132 Ecce
997 1092 1101 1132 furit
1122 1099 1163 1132 te
1185 1094 1373 1147 reperire
1395 1100 1518 1134 atrox

730 1157 940 1211 Tydides,
963 1157 1108 1198 melior
1128 1166 1272 1211 patre:

617 1224 758 1280 Quem
779 1231 841 1273 tu,
863 1238 1012 1264 cervus
1034 1225 1095 1264 uti
1117 1224 1232 1264 vallis
1254 1225 1296 1265 in
1317 1224 1450 1266 altera

531 1291 587 1330 30
617 1289 768 1330 Visum
788 1298 909 1344 parte
929 1290 1077 1344 lupum
1096 1291 1295 1343 graminis
1317 1292 1547 1340 immemor,

333 1429 468 1461 maxime
490 1430 569 1461 hosti
591 1429 731 1467 timendi,
747 1429 882 1460 suaviter
897 1434 988 1471 poeta
1010 1439 1062 1460 ce-

333 1473 417 1507 teris,
438 1473 553 1513 quibus
576 1472 718 1503 Minerva
740 1472 779 1502 ad
803 1482 938 1513 pugnarn
962 1481 995 1501 se
1017 1471 1064 1500 in-

332 1515 481 1547 struebat.
498 1514 590 1545 armis
606 1514 777 1556 subjungit.
822 1515 968 1544 Ceterum
986 1523 1064 1554 pug-

332 1565 411 1586 nans
426 1563 535 1587 contra
547 1556 700 1597 Trojanos
719 1556 859 1591 Minerva
873 1566 911 1586 ex
928 1556 1064 1586 Homero

333 1598 410 1628 satis
424 1604 496 1628 nota
511 1604 570 1629 est.

378 1641 512 1670 13—15.
538 1640 745 1680 Nequidquam
770 1639 889 1669 Veneris
917 1639 1065 1677 praesidio,

334 1686 409 1711 cett.
438 1681 584 1712 Similiter
596 1681 729 1715 Paridis.
744 1686 869 1711 externo
885 1680 988 1710 formae
1000 1690 1063 1710 suae

333 1722 422 1753 cultu
437 1728 468 1753 et
482 1722 622 1753 dulcium
637 1722 810 1753 carminum
827 1728 920 1753 cantu
942 1721 1065 1751 feminis

331 1765 454 1805 placere
473 1765 639 1798 studentis,
658 1764 831 1798 mollitiem,
847 1769 883 1793 ut
899 1773 1008 1805 parum
1026 1763 1065 1793 ad

331 1806 448 1836 caedem
481 1807 638 1836 vitandam
675 1807 703 1837 ei
741 1806 944 1847 profuturam,
982 1805 1065 1846 apud

331 1848 458 1878 Homer.
480 1848 574 1878 Iliad.
596 1848 641 1882 iii,
665 1850 717 1884 54,
738 1849 789 1884 55,
809 1846 908 1888 carpit
931 1847 1059 1877 Hector:

331 1889 400 1920 Οὐκ
416 1891 459 1920 ἄν
481 1902 532 1920 τοι
550 1890 698 1931 χραίσμῃ
717 1890 855 1930 κίθαρις,
873 1888 914 1919 τά
937 1900 970 1919 τε
992 1888 1064 1927 δῶρ’

329 1930 589 1972 Ἀφροδίτης,“Ἠ
604 1943 637 1963 τε
649 1932 743 1973 κόμη,
758 1931 795 1962 τό
809 1943 842 1962 τε
859 1930 954 1966 εἶδος,
968 1929 1014 1961 ὅτ’
1029 1930 1065 1962 ἐν

330 1975 461 2014 κονίῃσι
475 1974 618 2014 μιγείης.
657 1974 760 2007 Ferox,
777 1973 869 2002 nimis
883 1977 914 2003 et
926 1971 1066 2002 ferociter

329 2016 476 2046 confisus.
520 2015 631 2050 Grata,
660 2015 689 2045 h.
717 2025 746 2045 e.
776 2013 890 2051 dulcia,
917 2013 1066 2044 amatoria

330 2067 455 2099 nempe,
482 2056 554 2087 hinc
580 2058 710 2091 cithara,
737 2066 800 2096 qua
825 2067 872 2086 res
901 2055 1065 2085 amatorias

330 2101 463 2130 canebat
475 2099 574 2134 Paris,
585 2098 763 2129 contemtim
776 2103 905 2128 vocatur
916 2098 1059 2133 imbellis,-

329 2141 445 2172 cithara
467 2141 590 2182 quidem
609 2140 752 2170 Achilles
769 2149 892 2180 quoque
913 2139 1062 2169 cecinisse

327 2182 444 2214 dicitur
465 2182 549 2224 apud
572 2183 698 2212 Homer.
722 2181 815 2212 Iliad.
839 2181 881 2218 ix,
906 2181 983 2217 189;
1007 2181 1060 2210 sed

330 2224 357 2255 is
387 2224 472 2256 ἄειδε
501 2223 528 2255 δ’
555 2224 620 2265 ἄρα
650 2222 730 2254 κλέα
757 2222 905 2264 ἀνδρῶν.
949 2223 1061 2262 Itaque

328 2266 507 2297 Alexander
532 2267 580 2296 M.
606 2275 668 2296 non
696 2265 829 2299 Paridis,
851 2265 902 2295 sed
928 2264 1061 2295 Achillis

327 2308 476 2339 citharam
488 2307 592 2338 videre
604 2307 737 2338 voluisse
751 2306 877 2337 dicitur.
917 2306 1062 2336 Carmina

328 2350 585 2392 dividesjbmivzis‚
630 2349 773 2379 Carmina
789 2350 922 2378 dividere
931 2348 1060 2389 feminis

326 2397 385 2427 est,
402 2393 492 2422 modo
515 2391 586 2421 huic
607 2391 698 2420 modo
717 2390 770 2420 alii
794 2390 916 2420 feminae
936 2399 1059 2420 carmen

328 2444 438 2465 canere
451 2448 460 2472 5
482 2433 576 2463 simili
592 2432 682 2463 modo
696 2433 795 2462 oscula
813 2433 946 2470 ‹Ii-videre
961 2431 1017 2462 inf.
1037 2431 1058 2467 i,

326 2526 339 2539 “
371 2519 508 2548 16-18,
532 2517 684 2551 Thalama,
701 2516 731 2546 h.
746 2526 774 2546 e.
793 2517 825 2546 iu
841 2515 987 2551 thalamo,
1004 2513 1058 2544 ubi

328 2560 438 2592 Venus
463 2559 614 2594 Paridem,
631 2568 721 2599 quem
743 2557 812 2599 ipsa
826 2568 863 2588 ex
882 2566 986 2598 pugna
999 2555 1056 2586 eri-

325 2607 445 2644 puerat,
461 2607 562 2631 tutum
577 2610 595 2630 a
610 2599 695 2630 caede
706 2606 854 2646 praestare
869 2599 990 2629 volebat
1009 2607 1055 2628 se-

325 2644 462 2676 cundum
473 2644 597 2674 Homer.
606 2641 698 2677 Iliad,
705 2641 750 2676 iii,
759 2642 832 2672 382.
856 2641 979 2676 Graves,
988 2639 1018 2669 h.
1028 2649 1057 2670 e.

322 2685 488 2720 timendas,
514 2690 549 2715 ut
575 2694 645 2726 sup.
673 2684 706 2718 2,
735 2684 789 2717 22,
817 2683 914 2712 Persae
939 2691 1056 2721 graves.

327 2729 445 2758 calami
458 2727 584 2766 spicula,
600 2724 740 2766 sagittas,
755 2725 837 2762 tela;
861 2724 966 2754 Gnosii
989 2733 1054 2763 pro,

327 2769 453 2805 Cretici,
469 2779 486 2799 a
501 2767 576 2798 satis
596 2766 692 2798 nobili
711 2767 812 2798 Cretae
834 2766 911 2796 urbe
933 2765 1029 2811 Gnoso
1042 2775 1053 2800 ,-

324 2811 445 2852 sagittae
466 2810 600 2845 scilicet,
616 2819 632 2840 e
647 2818 749 2840 canna
764 2807 890 2839 Cretica
905 2807 1006 2841 factae,
1022 2816 1053 2836 in

323 2851 585 2896 praestantissimis
598 2851 801 2886 habebantur,
814 2855 845 2880 et
857 2848 918 2889 ipsi
936 2849 1055 2884 Cretes,

323 2905 404 2939 quos
435 2899 541 2925 contra
568 2893 719 2934 Trojanos
750 2891 839 2922 duxit
866 2890 1054 2921 Idomeneus

324 2938 474 2980 (Homer.
496 2935 588 2968 Iliad.
610 2934 643 2971 ii,
663 2935 757 2976 645),
774 2931 882 2975 optimi
903 2931 1055 2973 sagittarii

1107 1428 1202 1460 fuisse
1214 1431 1414 1472 perhibentur
1428 1442 1436 1468 3
1461 1430 1534 1461 hinc
1546 1431 1602 1461 inf.
1616 1440 1740 1472 quoque
1751 1442 1840 1462 arcus

1110 1471 1261 1511 Cydumius
1275 1473 1317 1508 iv,
1334 1474 1365 1507 9,
1385 1474 1433 1503 17.
1477 1474 1652 1512 Strepitum.
1668 1473 1838 1504 tumultum

1107 1513 1268 1550 bellicum,
1313 1524 1463 1544 armorum
1509 1514 1655 1544 sonitum.
1708 1516 1839 1545 Celerem

1107 1557 1188 1594 sequi
1205 1557 1315 1587 Graece
1338 1566 1404 1597 pro,
1419 1557 1549 1587 celerem
1571 1555 1605 1585 in
1627 1556 1839 1598 persequendo

1107 1596 1205 1628 hoste.

1151 1639 1201 1674 19,
1213 1640 1263 1668 20.
1288 1638 1408 1673 Tamen,
1418 1639 1485 1674 heu.
1496 1649 1588 1674 serus,
1599 1643 1674 1670 cett.
1686 1649 1756 1670 cum
1769 1649 1838 1681 par·

1108 1678 1212 1710 ticulae
1245 1682 1838 1720 nequidquum—vitabis-tamen—col-

1109 1722 1182 1751 lines
1208 1731 1315 1762 parum
1346 1722 1405 1752 sibi
1431 1721 1657 1764 respondeant,
1680 1723 1718 1754 τὸ
1740 1729 1837 1754 tamen

1109 1763 1185 1793 refer
1208 1763 1246 1793 ad
1267 1763 1411 1794 omissam
1438 1764 1621 1806 particulam
1641 1767 1783 1804 quamvis,
1807 1771 1838 1796 et

1105 1804 1216 1845 junge,
1228 1805 1368 1845 quamvis
1378 1816 1471 1842 serus,
1485 1812 1618 1836 tumen—
1626 1807 1756 1837 colunes.
1787 1807 1836 1837 Si-

1108 1847 1239 1876 millima
1252 1847 1398 1877 orationis
1411 1853 1566 1878 structura
1581 1854 1630 1878 est
1649 1849 1732 1890 apud
1748 1848 1836 1889 Virg.

1109 1889 1179 1918 Ecl.
1214 1887 1236 1922 i,
1267 1890 1320 1925 28,
1353 1889 1499 1924 Libertas,
1527 1901 1601 1930 quoe,
1627 1899 1703 1925 sera,
1739 1897 1837 1921 tamen

1106 1932 1233 1968 respexit
1246 1931 1371 1961 inertem
1380 1942 1391 1967 ,·
1415 1930 1468 1961 ubi
1487 1931 1600 1972 pariter
1619 1931 1658 1961 ad
1677 1942 1742 1962 sera
1763 1942 1837 1973 sup-

1106 1971 1255 2012 plendum
1283 1977 1341 2006 est,
1371 1975 1513 2012 quamvis.
1554 1974 1715 2003 Adulteros
1741 1976 1837 2004 crines

1105 2014 1229 2052 pulvere
1248 2015 1378 2051 eollines,
1395 2014 1427 2044 h.
1441 2024 1469 2044 e.
1484 2014 1608 2055 pulvere
1629 2014 1762 2045 foedabis
1777 2015 1835 2046 cri—

1108 2065 1162 2085 nes
1187 2055 1344 2094 eleganter
1367 2055 1572 2086 adulterorum
1595 2066 1679 2086 more
1705 2062 1834 2093 comtos,
1864 2074 1872 2077 —

1103 2096 1125 2126 i.
1139 2106 1166 2126 e.
1178 2096 1392 2129 trucidaberis.
1403 2103 1434 2128 et
1444 2103 1540 2128 morte
1552 2097 1695 2128 adulterii
1709 2108 1834 2139 poenam

1105 2138 1183 2168 lues.
1229 2138 1318 2179 Virg.
1350 2140 1426 2171 ΖΕΒ.
1460 2139 1514 2174 xii,
1544 2140 1597 2174 99,
1629 2140 1676 2170 Du
1703 2147 1834 2172 sternere

1103 2181 1391 2218 corpus—Semiviri
1423 2181 1567 2222 Phrygis,
1595 2188 1626 2212 et
1647 2181 1772 2223 soedare
1800 2184 1834 2213 in

1101 2223 1224 2261 pulvere
1238 2225 1345 2252 crines.

1145 2265 1284 2294 21-26,
1302 2264 1368 2294 Non
1379 2264 1747 2304 Laertiaden-respicis?
1762 2265 1832 2296 An-

1104 2314 1167 2335 non
1193 2311 1222 2335 te
1245 2305 1413 2345 fugientem
1443 2305 1586 2347 persequi
1614 2306 1834 2338 animadvertis

1104 2346 1260 2387 Ulyssem,
1277 2346 1397 2377 Laertis
1411 2347 1509 2378 filium
1521 2349 1534 2377 'l
1572 2347 1702 2389 Ulysses
1715 2354 1830 2384 autem.

1101 2389 1175 2428 quia
1187 2389 1296 2430 partim
1312 2389 1454 2420 Palladio
1467 2395 1620 2431 surrepto,
1632 2390 1742 2431 partim
1756 2400 1832 2421 con-

1102 2430 1183 2466 silio,
1200 2430 1238 2460 de
1261 2431 1315 2461 illo
1330 2441 1412 2472 equo
1434 2430 1537 2471 ligneo
1551 2431 1733 2463 aedificando
1747 2432 1831 2470 dato,

1102 2471 1231 2502 exitium
1250 2472 1368 2513 paravit
1383 2473 1468 2512 genti
1487 2473 1643 2514 Trojanae,
1659 2473 1727 2516 ipse
1747 2483 1831 2505 nunc

1100 2514 1232 2553 graviter
1253 2517 1353 2555 gentis
1377 2513 1521 2555 'l'rojanae
1546 2516 1670 2545 exitium
1696 2521 1832 2547 vocatur.

1101 2555 1252 2586 Nostrum
1278 2555 1417 2586 imitatus
1437 2561 1484 2586 est
1507 2556 1639 2587 Ovidius
1661 2557 1741 2588 Met.
1764 2557 1830 2593 xiii,

1100 2598 1174 2634 500,
1190 2598 1245 2628 ubi
1268 2598 1398 2628 Hecuba
1413 2597 1572 2628 Achillem
1593 2599 1716 2628 exitium
1737 2599 1830 2638 Trnjae

1099 2639 1256 2680 appellat;
1280 2644 1310 2669 et
1329 2639 1374 2670 sic
1396 2638 1479 2680 apud
1501 2639 1612 2670 Senec.
1637 2640 1733 2671 Herc.
1756 2641 1830 2672 Fur.

1099 2681 1174 2716 358,
1205 2682 1337 2721 Megara
1370 2681 1408 2711 de
1443 2681 1540 2721 Lyco.
1573 2681 1726 2715 Quidnam
1761 2684 1827 2719 iste,

1099 2725 1196 2753 nostri
1207 2724 1326 2763 generis
1343 2724 1468 2753 exitium
1482 2733 1518 2752 ac
1534 2723 1607 2758 lues,
1623 2723 1701 2754 Novi
1717 2731 1806 2762 parat
1817 2726 1832 2754 .⁷

1098 2763 1192 2794 simili
1207 2763 1353 2805 loquendi
1374 2773 1484 2804 genere
1499 2763 1589 2794 Thais
1605 2764 1687 2806 apud
1703 2765 1832 2797 Terent.-

1099 2806 1245 2837 Eunuch.
1260 2805 1282 2840 i,
1301 2807 1329 2841 1,
1344 2806 1395 2836 34.
1417 2804 1638 2846 diciturstmdi
1649 2808 1804 2838 calamitas
1814 2819 1827 2844 ,-

1097 2846 1203 2888 itaque
1229 2857 1290 2877 non
1320 2857 1410 2894 opus,
1431 2851 1467 2877 ut
1492 2846 1525 2877 in
1552 2852 1656 2878 nostro
1680 2848 1750 2879 loco
1772 2858 1828 2890 pro

1094 2891 1194 2929 gentis
1211 2899 1285 2920 cum
1299 2889 1484 2936 quibusdam
1506 2887 1628 2927 legatur
1642 2892 1739 2930 genti,
1754 2901 1827 2932 quae

1096 2930 1246 2972 loquendi
1262 2936 1339 2962 ratio
1358 2930 1454 2972 paulo
1471 2929 1576 2961 durior
1589 2930 1720 2963 videtur.
1765 2933 1828 2972 Py-
