1884 3288
622 196 854 240 LIBER
885 197 969 248 111,
1005 197 1042 239 1.

1468 194 1676 254 *1231

353 302 626 345 Fastidiosus
643 317 652 343 ε
687 300 766 343 sed
786 300 940 342 Timor
960 306 1005 341 et
1026 299 1162 341 Minae

352 371 580 413 Scandunt
601 369 772 418 eodem,
793 383 881 423 quo
902 367 1128 418 dominus3
1159 380 1304 421 neque

413 437 607 480 Decedit
628 444 762 479 aerata
782 434 959 486 triremi,
981 442 1026 477 et

264 506 323 547 40

467 505 577 547 Post
597 505 788 560 equitem
811 504 936 546 sedet
956 510 1051 544 atra
1072 502 1204 544 Cura.

355 573 490 621 Quod
512 574 550 615 si
571 572 793 615 dolentem
813 586 894 613 nec
915 570 1139 626 Phrygius
1160 570 1286 625 lapis,

350 640 450 683 Nec
470 655 767 696 purpurarum
788 639 932 682 sidere
954 638 1110 681 clarior

160 716 165 717 ⁷
204 737 234 762 0
409 707 590 751 Delenit
610 722 732 758 usuS,
754 721 835 749 nec
855 705 1042 748 Falerna

465 775 596 826 Vitis,
619 774 1005 817 Achaemeniumve
1027 780 1196 816 costum
1214 789 1224 815 z

262 844 321 886 45
351 843 444 886 Cur
463 843 709 886 invidendis
731 843 933 898 postibus
955 850 1000 884 et
1020 857 1133 884 novo

354 911 548 969 Sssublime
570 911 657 954 ritu
677 909 829 952 moliar
850 911 1042 952 atrium?

410 978 501 1020 Cur
520 978 631 1020 valle
651 985 894 1034 permutem
917 978 1081 1020 Sabina

465 1046 654 1089 Divitias
676 1047 983 1103 operosiores?

57 1166 207 1199 «lamenta
230 1167 371 1210 jaciunt,
402 1167 539 1201 :edificia
566 1169 752 1207 moliuntur,
780 1174 813 1201 et

80 1209 199 1243 isciuas
220 1211 358 1251 marinas
385 1222 459 1244 cum
487 1212 526 1243 iis
549 1212 705 1255 jungunt,
733 1218 809 1245 cett.

57 1220 130 1284 tias
154 1253 295 1296 piscinas
322 1255 448 1297 egregie
477 1254 626 1297 designat
651 1255 717 1288 sic:
741 1267 811 1288 con-

58 1301 162 1328 tracta
179 1298 273 1337 pisces
288 1308 406 1339 equora
430 1300 580 1335 sentiunt,
598 1299 629 1329 h.
652 1309 682 1330 e.
706 1298 812 1341 pisces

58 1338 201 1371 sentiunt
214 1349 249 1372 se
270 1339 304 1370 in
325 1340 508 1380 angustiore
523 1340 619 1372 maris
638 1341 742 1384 spatio
763 1341 812 1372 in-

58 1380 166 1421 clusos
180 1392 271 1421 3805
293 1382 334 1414 de
347 1393 412 1425 quo
428 1383 524 1414 luxus
538 1394 666 1425 genere,
679 1384 712 1414 in
727 1383 813 1425 quod

8 1428 14 1431 “
56 1425 197 1466 graviter
223 1425 386 1457 invehitur
412 1426 526 1458 Senec.
555 1426 661 1469 Epist.
688 1427 742 1464 89,
770 1426 814 1458 cf.

57 1475 132 1510 §up-
148 1467 190 1500 ad
210 1467 246 1505 ii,
265 1469 317 1507 18,
332 1470 388 1506 20,
403 1468 467 1500 ubi·
479 1469 595 1501 divites
610 1472 708 1501 domos
729 1476 814 1501 sti-u-

57 1511 136 1554 endo
173 1513 267 1542 maris
307 1512 399 1543 litora
439 1513 609 1544 submovere
653 1512 813 1544 dicuntur.

58 1550 230 1586 Sentium.-
259 1553 318 1586 inf.
351 1554 454 1597 Epist.
483 1555 507 1591 i,
533 1557 563 1592 1,
592 1557 646 1594 84,
673 1557 758 1587 {acus
783 1562 813 1587 et

57 1605 143 1627 nar-e
163 1600 256 1629 sentit
279 1608 408 1628 amorem
431 1597 619 1629 Festinantis
642 1600 719 1636 lueri,
736 1603 812 1631 cett.

58 1636 236 1677 Redemtom
258 1649 412 1683 manceps
441 1641 725 1682 (Entrepreneur)‚
753 1641 812 1674 inf.

58 1681 165 1724 Epist.
193 1682 227 1719 ii,
256 1683 289 1721 2,
316 1683 372 1719 72.
404 1684 543 1715 Festinat
574 1685 695 1715 calidus
722 1686 812 1716 mulis

98 1727 233 1768 ratisque
247 1727 411 1758 redemtor.
455 1726 610 1767 Frequens
624 1738 691 1757 cum
723 1738 811 1758 omu-

58 1734 110 1804 ῗῖσ,
121 1777 178 1811 pro
188 1767 325 1810 vulgari,
339 1779 413 1800 cum
430 1768 594 1811 frequente
610 1769 694 1800 famu
709 1780 812 1808 orum,

60 1809 96 1842 h.
126 1821 157 1844 e.
182 1811 409 1854 operariorum,
439 1813 554 1851 turba3
585 1822 641 1855 per
671 1819 814 1844 caementa

61 1851 168 1896 (dicta
188 1853 283 1896 quasi
305 1864 374 1897 pro,
395 1856 585 1891 adimente,
607 1865 626 1886 a
648 1855 812 1892 caedendo,

59 1901 97 1928 ut
109 1903 338 1940 ramentapro,
354 1898 540 1936 rudimenta,
555 1908 575 1929 a
589 1897 746 1938 radendo)
762 1898 811 1929 in-

59 1938 170 1981 tellige
178 1939 302 1982 lapides
311 1950 422 1978 caesaS,
430 1940 486 1972 sed
497 1941 591 1972 rudes
599 1947 632 1972 et
641 1941 790 1972 informes
802 1953 809 1972 ε

61 1991 131 2021 nos,
156 1982 369 2020 Bruchsteine,
398 1984 518 2015 Schutt.
564 1984 727 2020 Dominus,
755 1984 811 2025 qui

60 2023 158 2056 simul
179 2024 281 2064 adest,
302 2031 339 2057 ut
359 2026 447 2068 operi
469 2032 596 2058 strenue
622 2026 813 2068 perficiendo

60 2066 177 2100 instet:
202 2074 290 2100 terrae
303 2068 500 2112 fastidiosus,
520 2069 565 2100 ita
584 2069 710 2106 dicitur,
727 2070 813 2116 quogi

58 2110 315 2153 possessionibus
326 2111 394 2143 suis
405 2111 438 2143 in
453 2111 638 2144 continente
654 2122 718 2143 non
735 2122 811 2144 con-

61 2157 169 2186 tentus
181 2158 251 2193 est;
275 2160 311 2186 ut
325 2165 396 2198 sup.
413 2155 447 2192 ii,
462 2156 514 2190 18.
530 2156 585 2192 22,
599 2166 710 2196 parum
728 2156 811 2187 loc-u-

14 2206 22 2212 ·
55 2196 122 2240 ples
148 2199 322 2229 continente
346 2200 428 2239 ripa.
474 2198 582 2234 Minae,
611 2198 702 2240 quasi
731 2197 812 2237 deae,

61 2249 135 2282 quae
158 2240 369 2282 periculorum
394 2240 490 2272 minis
510 2241 560 2272 vel
583 2242 736 2272 malorum
762 2241 811 2272 in-

58 2281 212 2315 stantium
232 2289 348 2316 terrore
365 2283 507 2316 homines
526 2283 701 2325 exagitant.
750 2284 813 2315 De-

6 2363 10 2366 ⁴
59 2326 140 2359 oud-‘t
176 2328 309 2359 triremi.
369 2326 522 2358 Amiciss.
560 2326 694 2369 Boettig.
731 2327 812 2359 bene

59 2376 134 2401 eum
163 2369 297 2402 Horatio
333 2375 496 2412 comparat
530 2370 688 2402 Menand.
725 2370 812 2413 apud

0 2421 5 2443 z
55 2410 226 2445 Plutarch.
247 2411 288 2444 de
308 2413 489 2455 Tranquill.
512 2423 544 2455 p.
567 2413 643 2444 466.
686 2413 811 2451 AErata,

0 2463 14 2486 .·.
59 2453 222 2500 epitheton
237 2465 367 2492 ornans,
382 2462 418 2487 ut
433 2466 506 2499 sup.
523 2457 546 2494 i,
565 2456 620 2493 16,
634 2457 691 2487 21.
738 2457 812 2488 Post

0 2500 29 2536 Ἡ]
58 2498 198 2540 quirem,
209 2499 340 2540 quando
355 2498 456 2535 dives,
469 2499 572 2536 aiunt,
585 2498 726 2542 corporis
741 2499 811 2530 ani-

23 2559 26 2565 ι
58 2539 168 2583 mique
186 2541 350 2574 recreandi
372 2551 473 2574 causa
495 2552 577 2583 equo
599 2542 808 2574 circumvehi-

22 2581 34 2627 ἵ·
51 2580 125 2620 ''hn
141 2583 198 2616 sed
221 2584 263 2616 cf.
285 2595 359 2628 sup.
385 2584 424 2616 ad
449 2585 484 2623 ii,
504 2586 555 2621 16,
575 2586 631 2621 22,
647 2586 703 2616 ubi
724 2585 810 2617 Cura

33 2629 176 2678 {juneas
207 2630 343 2670 equitum
373 2639 434 2660 non
466 2629 639 2669 relinquere
669 2627 807 2660 dicitur:

17 2706 30 2720 e
50 2675 144 2712 βίω.
166 2669 226 2702 inf.
255 2671 296 2702 de
321 2682 400 2703 curu
423 2671 491 2702 Sat.
520 2670 555 2707 ii,
583 2672 615 2708 7.
640 2672 714 2708 115,
739 2683 809 2703 nam

29 2716 152 2755 'Ji—sm
164 2720 235 2745 atra
248 2716 362 2755 premit
373 2717 570 2755 sequiturque
573 2714 737 2757 fugacem.

24 2751 63 2810 ff<
103 2755 246 2790 41—48.
290 2757 470 2789 Dolentem:
503 2757 543 2789 de
580 2756 699 2790 divitiis
730 2756 812 2789 nihil

855 1168 1033 1208 dominum,
1047 1169 1098 1202 vel
1117 1173 1323 1210 aegrotantem
1339 1166 1390 1199 vel
1407 1166 1490 1199 curis
1505 1177 1539 1199 se
1554 1176 1610 1199 ex-

856 1213 1066 1250 cruciantem,
1076 1211 1265 1255 juvantibus
1280 1211 1336 1243 inf.
1353 1210 1454 1253 Epist.
1469 1210 1491 1247 i,
1507 1211 1540 1246 2,
1554 1210 1610 1248 47,

861 1256 930 1287 Non
953 1258 1057 1287 domus
1076 1262 1104 1287 et
1116 1255 1257 1298 fundus,
1274 1266 1334 1286 mm
1357 1256 1426 1285 aeris
1439 1264 1565 1285 acervus
1581 1260 1610 1285 et

856 1301 942 1335 auri,
955 1299 1083 1340 AEgroto
1095 1300 1210 1329 domini
1224 1298 1352 1328 deduxit
1366 1308 1488 1336 corpore
1493 1297 1611 1338 febres,

858 1341 930 1372 Non
946 1345 1048 1372 animo
1063 1353 1165 1373 curas.
1196 1341 1357 1381 Phrygius
1373 1341 1462 1379 lapis,
1477 1349 1612 1370 marmor

857 1383 1088 1426 Synnadicum,
1105 1383 1145 1414 ad
1169 1382 1318 1425 Phrygiae
1341 1382 1507 1424 oppidum,
1530 1383 1612 1423 Syn-

858 1426 952 1464 nada,
976 1427 1144 1464 excisum;
1172 1426 1211 1457 de
1241 1425 1338 1467 cujus
1368 1424 1552 1467 praestantia
1581 1430 1614 1456 et

858 1469 963 1502 colore
987 1469 1051 1501 vid.
1076 1469 1164 1501 Plin-
1190 1479 1286 1505 xxxv,
1310 1469 1350 1507 l;
1374 1468 1488 1499 Strabo
1510 1467 1553 1503 ix,
1581 1479 1614 1510 p.

857 1514 946 1551 437;
970 1519 1001 1545 et
1027 1512 1083 1550 xii,
1123 1536 1131 1543 .
1153 1513 1229 1543 865.
1277 1512 1498 1551 Pur-purarum
1519 1512 1617 1542 sidere

857 1557 971 1587 clarior
994 1567 1076 1592 usus,
1092 1524 1234 1586 ‹i'octiore
1256 1553 1377 1586 ratione
1400 1564 1456 1602 pro
1477 1554 1614 1595 vulgari,

857 1609 936 1630 usus
959 1609 1168 1641 purpurarum
1194 1597 1362 1629 clariorum
1388 1597 1501 1634 Sidere,
1526 1596 1558 1627 h.
1584 1607 1616 1628 e.

860 1641 966 1673 lucido
979 1642 1084 1673 colore
1097 1641 1234 1672 siderum
1247 1640 1448 1682 splendorem
1461 1649 1615 1681 superan-

857 1683 958 1715 tium:
985 1689 1172 1727 comparant
1188 1684 1319 1714 Lucret.
1333 1682 1368 1718 ii,
1384 1683 1526 1713 47—51.
1550 1682 1614 1713 Fa-

858 1727 946 1757 lerna
979 1727 1069 1762 Vitis,
1101 1726 1212 1757 vinum
1243 1725 1412 1756 Falernum
1429 1737 1437 1764 ;
1468 1724 1614 1756 similiter

857 1780 928 1812 sup.
944 1769 967 1806 i,
986 1770 1038 1806 10,
1060 1770 1110 1806 10,
1128 1771 1201 1800 vites
1218 1768 1359 1799 Falernae
1380 1777 1436 1809 pro
1453 1767 1527 1798 vino
1549 1768 1612 1799 Fa-

858 1811 957 1844 lerno.
996 1812 1119 1844 Castum
1134 1816 1165 1843 et
1180 1818 1289 1846 costus,
1307 1810 1416 1842 eximii
1430 1809 1535 1841 odoris
1549 1820 1610 1841 un-

858 1860 1025 1896 guentum,
1042 1854 1129 1897 quod
1150 1853 1385 1896 exprimebatur
1408 1853 1449 1884 ab
1469 1853 1614 1895 ejusdem

858 1898 995 1929 nominis
1019 1898 1132 1929 frutice
1160 1897 1193 1928 in
1216 1897 1318 1928 Indiae
1341 1895 1458 1931 insula,
1485 1895 1611 1932 Patale,

859 1946 1027 1972 nascente:
1046 1940 1109 1972 vid.
1122 1939 1210 1971 Plin.
1225 1939 1281 1975 xii,
1301 1940 1352 1970 12.
1376 1939 1612 1978 Achaemenium,

856 1983 1042 2015 Parthicum
1072 1983 1124 2015 vel
1155 1981 1322 2014 Persicum
1352 1982 1391 2023 (a
1422 1981 1611 2013 Parthorum

855 2036 940 2068 rege,
966 2024 1157 2064 Achaemeue)
1187 2025 1258 2056 ideo
1286 2025 1332 2056 ita
1361 2024 1497 2060 dictum,
1524 2024 1611 2066 quod

855 2076 968 2100 costum
985 2080 1004 2100 a
1019 2068 1249 2100 mercatoribus
1267 2078 1307 2100 ex
1328 2067 1422 2098 India
1445 2067 1478 2098 in
1495 2073 1610 2098 terram

855 2112 1053 2147 Parthicam,
1084 2117 1116 2143 et
1145 2110 1231 2147 inde,
1262 2116 1299 2142 ut
1328 2121 1414 2142 merx
1446 2110 1608 2147 Parthica,

857 2155 996 2186 Romam
1012 2154 1228 2186 advehebatur
1240 2165 1249 2192 3
1270 2153 1415 2185 similiter
1430 2163 1502 2195 sup.
1517 2153 1540 2188 i,
1553 2154 1610 2191 31,

861 2199 911 2235 12,
927 2203 1092 2239 unguenta
1102 2196 1216 2228 Indica
1229 2208 1311 2227 merx
1325 2196 1404 2238 Syru
1421 2196 1507 2227 dicta
1522 2202 1610 2228 sunt.

856 2240 1047 2279 Invidendis‚
1062 2246 1126 2271 tam
1151 2239 1295 2282 superbis
1314 2246 1347 2270 et
1367 2238 1558 2281 magnificis,
1578 2245 1613 2271 ut

856 2282 1009 2315 invidiam
1032 2283 1166 2315 aliorum
1189 2288 1359 2320 moveant3
1383 2281 1526 2313 similiter
1544 2282 1609 2315 fere

855 2328 931 2358 aula
948 2328 1113 2359 invidenda
1130 2337 1202 2368 sup.
1214 2326 1250 2363 ii,
1270 2327 1322 2362 10,
1339 2326 1370 2356 7.
1420 2325 1503 2356 Novo
1518 2327 1584 2356 ritu
1598 2339 1608 2357 .-

856 2380 927 2406 nos,
943 2371 1022 2402 nach
1043 2372 1108 2401 dem
1125 2377 1267 2401 neuesten
1288 2369 1482 2400 Geschmack.
1528 2368 1607 2408 Ope-

856 2416 993 2450 rosim-es,
1011 2419 1137 2445 tantum
1162 2422 1310 2443 curarum
1326 2411 1607 2452 molestiarumque

855 2462 1022 2495 creantes3
1046 2455 1108 2491 vel,
1131 2466 1204 2487 cum
1229 2460 1316 2486 tanta
1337 2455 1483 2486 laborum
1514 2464 1608 2485 cura-

855 2510 990 2542 rumque
1010 2497 1154 2530 molestia
1178 2498 1372 2540 conjunctae.
1417 2498 1457 2529 In
1480 2505 1607 2528 senten-

851 2542 929 2574 tiam
971 2541 1136 2574 commode
1173 2541 1226 2572 Cl.
1265 2540 1401 2572 Mitsch.
1443 2546 1609 2582 comparat

851 2586 1010 2617 Menand.
1034 2585 1118 2628 apud
1142 2585 1232 2616 Stob.
1251 2583 1337 2616 Flor.
1354 2585 1444 2616 Grot.
1468 2594 1500 2625 p.
1527 2584 1605 2620 389,

853 2631 1021 2672 Κρεῗττον
1029 2628 1264 2671 γάρέστι-μὴ
1273 2625 1500 2666 πόλλ’ἀηδῶς,
1508 2626 1611 2668 ὀλίγα

854 2671 881 2703 δ’
894 2671 997 2710 ἡδέως
1009 2673 1116 2713 ἔχειν,
1133 2671 1260 2704 πενίαν
1276 2669 1303 2703 δ’
1315 2672 1454 2703 ἄλυπον
1470 2670 1608 2712 μᾶλλον

855 2716 876 2756 ἣ
894 2717 1051 2748 πλοῦτον
1067 2714 1205 2756 πικρόν.
