1904 3314
434 169 806 215 EPISTOLA
856 169 956 212 AD
1007 170 1332 216 PISONES.

1569 175 1655 216 545

225 273 432 331 Impiger,
455 274 703 324 iracundus,
726 271 1021 324 inexorabilis,
1043 288 1158 325 acer,

225 343 339 386 Jura
358 351 490 399 neget
511 342 593 384 sibi
611 348 728 390 nata,
749 339 856 381 nihil
876 354 964 382 non
984 348 1160 396 arroget
1180 343 1333 384 armis:

225 411 294 453 Sit
315 411 477 454 Medea
498 410 623 452 ferox
643 408 905 463 invictaque,
927 407 1084 449 flebilis
1106 408 1200 460 Ino,

225 479 430 522 Perfidus
451 479 592 528 Ixion,
615 477 666 520 Io
686 491 809 532 vaga,
831 477 968 518 tristis
991 476 1192 519 Orestes.

110 546 192 588 125
223 546 271 588 Si
291 547 397 602 quid
417 547 692 601 inexpertum
713 558 855 586 scenae
875 544 1122 594 committis,
1142 551 1187 588 et
1207 546 1344 588 audes

222 613 460 656 Personam
481 613 665 656 formare
685 627 839 654 novam
856 629 867 663 3

899 619 1096 653 servetur
1116 613 1173 654 ad
1193 613 1340 665 imum,

222 681 377 730 Qualis
398 682 454 723 ab
473 682 648 736 incepto
668 679 947 736 processerit,
964 686 1008 721 et
1024 680 1107 721 sibi
1128 687 1312 722 constet.

222 748 414 791 Difficile
435 755 502 791 est
522 748 699 804 proprie
720 747 963 789 communia
982 747 1142 799 dicere,
1161 754 1298 803 tuque

220 815 406 859 Rectius
427 816 606 858 Iliacum
625 830 797 857 carmen
819 815 989 858 diducis
1011 816 1055 857 in
1076 822 1215 866 actus,

107 884 191 927 130
220 883 366 932 Quam
385 884 422 926 si
441 883 662 939 proferres
685 884 833 939 ignota
853 884 1104 939 indictaque
1126 885 1304 939 primus,

220 951 404 995 Publica
422 952 624 994 materies
644 951 803 1007 privati
814 951 929 1007 juris
950 952 1049 1002 erit,
1071 952 1108 993 si

103 1076 155 1107 sed
179 1076 306 1108 obscura
329 1076 486 1113 illustret,-
517 1086 612 1116 neque
633 1086 698 1106 rem
722 1076 759 1105 ab
784 1076 850 1106 alta

102 1119 223 1162 origine
244 1116 374 1159 repetat,
398 1120 448 1150 sed
473 1119 644 1149 auditorem
665 1120 699 1148 in
721 1119 851 1149 mediam

101 1172 165 1193 rem
182 1163 299 1202 rapiat,
319 1168 349 1193 et
367 1163 407 1193 ad
427 1167 568 1192 eventum
579 1161 711 1202 festinet
722 1171 734 1198 ‚·
759 1171 852 1202 neque

102 1206 276 1246 quicquam
292 1206 344 1236 cui
359 1207 459 1244 impar
469 1206 520 1240 sit,
537 1204 695 1235 moliatur.

148 1248 221 1279 119.
252 1247 391 1285 Famam,
421 1257 494 1288 quae
523 1245 635 1278 litteris
665 1245 853 1287 consignata

100 1289 283 1322 traduntur.

147 1333 222 1365 120.
246 1333 452 1368 Honoratum,
478 1331 519 1362 ab
544 1331 684 1362 Homero
710 1330 849 1362 celebra-

99 1380 170 1408 tum
187 1375 347 1414 carmine3
370 1385 427 1417 per
446 1373 613 1413 λιτότητα
635 1384 703 1415 pro,
725 1374 850 1405 heroem

101 1417 279 1451 celebrare:
305 1417 376 1450 Cic.
391 1418 432 1449 de
450 1416 597 1448 Divinat.
609 1427 638 1447 c.
653 1417 707 1453 40,
722 1417 851 1456 Amphi-

100 1472 213 1494 amum
233 1462 276 1494 sic
293 1461 451 1492 honoravit
458 1459 553 1502 fama
571 1459 708 1495 Graeciae,
726 1460 798 1490 deus
814 1465 849 1489 ut

101 1505 274 1536 haberetur.
324 1503 476 1544 Reponis:
520 1514 627 1543 ponere
669 1501 848 1576 ἑὶστάναι)

101 1547 143 1579 de
157 1546 343 1590 pictoribus,
358 1556 427 1588 pro,
444 1545 633 1581 describere,
650 1555 668 1576 a
693 1545 848 1582 umbrare,

102 1589 169 1622 vid.
191 1601 262 1634 sup.
281 1589 321 1621 ad
337 1589 402 1621 Od.
423 1589 465 1625 iv,
481 1590 512 1627 8,
529 1590 567 1628 85
593 1599 734 1628 reponere
753 1587 850 1628 igitur

101 1643 170 1677 pro,
187 1633 227 1665 de
242 1633 365 1674 integro
378 1637 450 1674 post
465 1632 640 1664 Homerum
654 1630 842 1662 describere.

149 1677 224 1708 121.
254 1675 390 1718 Impiger
413 1675 598 1718 (ἄκαμας),
625 1684 671 1705 se.
697 1677 740 1705 sit
763 1674 848 1714 quod

101 1729 132 1750 v.
158 1720 222 1751 123
241 1718 395 1761 sequitur.
438 1717 490 1749 Sic
511 1728 583 1759 sup.
608 1716 673 1748 Od.
690 1717 733 1754 iv,
756 1717 788 1752 8,
807 1717 849 1747 30

103 1762 252 1795 Hercules
271 1763 413 1802 impiger,
434 1766 467 1791 et
489 1760 626 1792 Tiberius
649 1759 712 1791 Od.
732 1759 775 1797 iv,
798 1760 849 1796 14,

101 1805 145 1837 22
162 1807 294 1848 impiger
315 1804 459 1836 Hostium
477 1814 584 1834 vexare
606 1809 733 1834 turmas.
780 1802 850 1833 Ira-

101 1849 222 1880 candus
241 1840 461 1890 (651onoess
477 1851 590 1878 natura
612 1845 652 1876 ad
674 1846 753 1877 iram
777 1855 848 1894 pro-

101 1890 385 1930 clivisfirritabilis.
409 1890 625 1925 lucem-abilin
643 1889 688 1919 sic
702 1888 848 1920 Achilles

100 1944 174 2009 81117p.
193 1934 264 2009 δᾶ.
284 1933 306 1972 i,
327 1934 360 1984 6,
382 1933 402 1964 6
419 1935 521 2006 cedeAre
539 1934 668 1968 nescius,
683 1937 721 1980 *et
742 1931 847 2005 Ερὲἀ.

151 2001 159 2014 ,
286 1987 419 2008 ervzcax.
510 1987 571 2012 cer,
603 1984 720 2017 grava,
753 1985 790 2006 ve
816 1985 848 2006 e-

103 2030 204 2060 mens,
234 1989 362 2052 mi'nax:
399 2019 530 2050 Homer.
560 2017 657 2050 Iliad.
687 2028 742 2054 xx,
773 2019 847 2055 461,

103 2063 152 2096 Οὐ
181 2062 249 2107 γάρ
273 2075 306 2096 τι
335 2062 553 2116 γλυκύθυμος
577 2061 666 2103 ἀνὴρ
695 2060 752 2098 ἦν,
779 2059 848 2093 οὐδ’

46 2099 48 2102 ,
101 2106 324 2150 ἀγανόφρων,
350 2105 448 2136 Αλλὰ
463 2101 544 2147 μάλ’
561 2104 747 2148 ἐμμεμαώς.

149 2151 225 2182 122.
249 2149 332 2180 Jura
347 2154 436 2190 neget
450 2149 507 2178 sibi
527 2155 613 2185 nata,
631 2147 712 2178 nulli
730 2145 795 2189 juri
816 2156 850 2178 se

101 2191 276 2224 obnoxium
292 2191 484 2235 profiteatur.

150 2237 224 2267 123.
246 2235 296 2266 Sit
317 2234 425 2266 Medea
435 2233 531 2276 ferox
550 2234 734 2273 invictaque,
755 2233 850 2274 cujus

103 2277 190 2311 ferox
205 2283 238 2310 et
252 2276 383 2309 immitis
398 2276 538 2311 animus,
554 2285 625 2306 cum
637 2275 763 2306 fratrem
779 2275 848 2306 Ab·

102 2326 221 2364 syxtum
245 2320 447 2363 discerperet,
466 2324 499 2350 et
519 2319 540 2350 J
545 2317 649 2349 asonis
690 2317 797 2349 erfidia
815 2317 849 2349 in

102 2363 238 2396 furorem
269 2368 342 2396 acta
369 2362 449 2394 filios
477 2371 552 2392 suos
577 2360 658 2392 truci
682 2366 760 2397 aret,
786 2371 850 2392 non

100 2405 188 2440 vinci
202 2412 235 2438 et
249 2405 352 2448 frangi
367 2410 491 2449 poterat
506 2403 634 2436 nefandi
649 2404 779 2436 sceleris
794 2414 848 2435 co-

103 2448 266 2492 gitatione.
309 2449 378 2485 Ino,
396 2447 512 2480 Cadmi
522 2453 554 2479 et
572 2446 756 2478 Hermiones
771 2446 848 2483 fitia,

102 2503 179 2526 cum
201 2492 349 2524 marium
371 2501 476 2529 suum,
498 2490 740 2527 Athamantem,
763 2489 847 2521 The-

102 2535 260 2568 banorum
296 2538 414 2577 regern,
454 2533 510 2576 qui
547 2533 650 2564 furore
687 2538 848 2574 correptus

102 2578 193 2615 uxori
221 2582 353 2610 mortem
388 2576 578 2612 intentabat,
611 2585 674 2606 non
710 2575 849 2618 amplius

103 2621 241 2664 effugere
262 2625 379 2664 posset,
401 2629 466 2651 una
487 2629 559 2650 cum
583 2617 648 2649 filio
671 2628 728 2649 suo
751 2618 848 2650 Meli-

104 2670 188 2698 certe
213 2674 248 2696 se
274 2664 309 2696 in
335 2673 421 2695 mare
444 2661 534 2693 dedit
560 2660 768 2703 praecipitem,
794 2661 851 2692 ubi

103 2712 228 2740 munta
245 2711 296 2739 est
313 2706 347 2737 iu
366 2707 459 2738 deam
481 2703 647 2741 marinam,
663 2702 716 2734 cui
737 2714 852 2736 nomen

103 2755 172 2783 erat
195 2750 378 2786 Leucothea,
403 2748 451 2780 uti
474 2747 558 2779 filius
582 2746 767 2778 Melicertes
792 2747 852 2778 sub

70 2793 234 2830 :nomine
255 2793 408 2824 Palemon
429 2790 481 2822 dei
501 2788 613 2821 marini
633 2789 782 2821 honorem
799 2799 851 2821 ac-

103 2835 200 2880 capit.
241 2836 282 2868 Iu
300 2835 412 2868 fabula
434 2834 510 2865 Inus
532 2832 646 2864 mirum
667 2831 702 2863 in
722 2832 852 2864 modum

59 2876 69 2919 g
104 2878 228 2912 vui-nt
241 2884 274 2911 et
291 2877 475 2921 discrepant
489 2875 668 2919 scriptores.
713 2875 852 2912 Flebilis,

106 2927 163 2954 tut
179 2920 317 2966 passive,
332 2921 431 2964 digna
448 2918 648 2951 miseratione
667 2924 699 2949 et
714 2918 854 2955 fletibus,

108 2974 126 2996 ι
147 2975 183 3008 p.
205 2964 270 2999 Od.
294 2964 317 3003 i,
338 2964 394 3003 24,
418 2964 452 3001 9,
479 2963 533 2999 10,
563 2962 673 2993 Multis
698 2962 751 2992 ille
774 2963 856 2993 bonis
891 2996 896 3001 .

71 3015 73 3018 ’
854 3016 874 3036 N
892 3014 912 3035 n

884 1074 1004 1116 flebilis
1033 1076 1154 1112 occidit,
1183 1074 1276 1106 Nulli
1292 1076 1433 1118 flebilior
1455 1087 1545 1117 quam
1575 1077 1644 1113 tibi,

903 1117 1033 1159 Virgili5
1060 1117 1186 1148 Flebilis
1206 1118 1331 1156 Hector,
1345 1119 1440 1150 Ovid.
1461 1119 1538 1150 Am.
1558 1118 1592 1155 ii,
1611 1121 1642 1154 l,

896 1160 958 1198 32;
984 1167 1038 1191 aut
1053 1160 1165 1198 active,
1181 1171 1254 1203 quae
1271 1161 1310 1192 de
1325 1162 1439 1193 misera
1454 1167 1537 1194 sorte
1549 1161 1644 1194 lacri-

895 1213 965 1233 mas
983 1203 1149 1240 fundebat,
1169 1214 1187 1235 a
1210 1204 1323 1235 marito
1342 1205 1465 1236 scilicet
1485 1215 1519 1236 se
1535 1215 1641 1247 perse-

897 1251 1014 1287 quente
1029 1257 1146 1289 pressa.

942 1290 1015 1320 124.
1046 1289 1146 1327 Ixion,
1175 1300 1228 1321 rex
1258 1289 1442 1321 Thessaliae.
1489 1291 1644 1332 Perfidus,

895 1331 936 1361 ob
952 1331 1106 1363 incestum
1118 1342 1194 1373 erga
1209 1333 1371 1364 Junonem
1388 1342 1537 1369 amorem,
1549 1344 1644 1375 quem

895 1373 987 1404 Jovis
1015 1374 1150 1405 conviva
1181 1374 1260 1406 adeo
1294 1375 1449 1406 exsatiare
1480 1376 1643 1418 cupiebat.

896 1415 941 1451 Io,
965 1416 1079 1447 Inachi
1098 1417 1175 1452 filia,
1199 1428 1271 1448 cum
1293 1427 1313 1448 a
1334 1418 1426 1453 Jove,
1449 1419 1489 1449 ob
1510 1418 1588 1449 iram
1612 1425 1644 1450 et

894 1458 1002 1490 odium
1029 1470 1094 1501 quo
1119 1461 1208 1492 Juno
1231 1470 1300 1491 eam
1323 1466 1359 1491 ut
1381 1460 1473 1491 Jovis
1496 1461 1642 1503 pellicem

893 1503 1028 1533 vexabat
1043 1508 1074 1534 et
1089 1503 1151 1534 huc
1168 1503 1246 1534 illuc
1261 1503 1416 1544 agitabat,
1429 1510 1551 1535 mutata
1561 1511 1645 1536 esset

894 1543 926 1575 in
943 1555 1084 1581 vaccam,
1102 1551 1175 1588 post
1192 1546 1308 1577 multos
1323 1556 1443 1578 errores
1464 1546 1498 1578 in
1515 1548 1643 1590 AEgyp-

894 1592 963 1619 tum
981 1588 1119 1626 venisse,
1141 1588 1258 1621 Osiridi
1276 1589 1322 1620 ibi
1340 1589 1495 1632 nupsisse,
1519 1597 1551 1621 et
1573 1596 1643 1632 post

894 1636 1026 1662 mortem
1044 1631 1106 1662 Isis
1121 1632 1205 1663 sacta
1219 1642 1288 1663 esse
1303 1632 1336 1663 in
1351 1631 1469 1663 fabulis
1485 1633 1619 1664 traditur
1634 1646 1642 1672 ;

894 1673 969 1705 hinc
992 1673 1047 1705 illa
1069 1685 1160 1716 vaga.
1207 1675 1317 1706 Tristis
1342 1675 1475 1706 Orestes.-
1501 1676 1642 1712 Orestes,

893 1715 1145 1757 Agamemnonis
1183 1723 1215 1748 et
1255 1717 1506 1759 Clytaemnestrae
1543 1719 1641 1753 filius,

893 1770 989 1800 quem
1019 1761 1128 1791 matris
1158 1759 1312 1800 sanguine
1348 1760 1504 1802 pollutum
1537 1762 1641 1793 Furiae

895 1802 1031 1843 agitasse
1051 1802 1215 1838 dicuntur,
1235 1802 1315 1834 tristi
1337 1810 1369 1834 et
1387 1803 1567 1836 miseranda
1591 1805 1642 1836 fu-

894 1845 991 1876 rentis
1006 1846 1112 1888 specie
1133 1846 1165 1876 in
1188 1845 1352 1886 tragoediis
1369 1846 1502 1889 (Eurip.
1524 1848 1640 1886 otest„

894 1888 1044 1930 Sophocl.
1062 1887 1201 1928 Electr.)
1218 1888 1350 1920 sistitur.

942 1932 1014 1967 128,
1050 1932 1123 1964 129.
1167 1932 1357 1968 Communia,
1391 1942 1462 1973 quae
1496 1933 1639 1964 noudum

892 1978 1028 2005 tractata
1052 1974 1224 2016 unicuique
1249 1974 1414 2006 tractanda
1433 1985 1466 2006 se
1491 1975 1638 2012 offerunt,

892 2027 965 2058 quae
981 2023 1135 2059 tanquam
1151 2018 1185 2048 in
1197 2018 1267 2049 loco
1279 2018 1440 2049 communi
1450 2018 1555 2060 palam
1569 2030 1641 2060 pro-

893 2060 995 2102 posita
1018 2071 1036 2091 a
1059 2060 1201 2102 quolibet
1224 2071 1280 2103 pro
1299 2060 1404 2092 lubitu
1422 2061 1493 2103 capi
1517 2066 1550 2093 et
1571 2062 1641 2093 tolli

894 2109 1038 2145 possunt.
1082 2103 1211 2142 Proprie
1227 2105 1338 2140 dicere,
1354 2103 1490 2146 propria,
1511 2114 1593 2135 nova
1610 2110 1642 2136 et

893 2146 1047 2188 peculiari
1063 2151 1129 2178 arte
1142 2156 1315 2188 exponere:
1342 2147 1476 2188 pulchre
1495 2147 1642 2185 Vossius,

893 2189 1012 2220 Schwer
1034 2188 1111 2226 ist’s‚
1133 2191 1237 2231 eigene
1271 2189 1373 2220 Wesen
1398 2201 1453 2220 aus
1475 2191 1642 2232 Aligemei-

893 2242 960 2262 nem
991 2243 1028 2263 zu.
1059 2233 1171 2263 bilden.
1217 2232 1322 2273 Tuque
1355 2233 1480 2264 Rectius
1508 2233 1640 2266 Iliacum

892 2285 1014 2306 carmen
1044 2276 1165 2306 diducis
1195 2277 1229 2306 in
1259 2282 1368 2307 actus:
1401 2275 1517 2307 rectius
1547 2287 1642 2318 argu-

893 2323 1000 2349 menta
1016 2317 1082 2360 jam
1102 2323 1236 2349 tractata
1257 2319 1298 2349 ab
1319 2318 1390 2350 aliis
1409 2329 1437 2351 e.
1460 2329 1488 2350 e.
1511 2330 1551 2351 ex
1576 2321 1644 2351 Ho..

894 2361 972 2392 meri
995 2361 1134 2392 carmine
1158 2360 1258 2392 Iliaco
1285 2361 1393 2393 hauris
1418 2367 1450 2393 et
1475 2362 1509 2393 in
1538 2369 1642 2404 partes

894 2403 972 2435 scite
983 2404 1125 2446 agendas
1134 2402 1280 2446 dispertis
1293 2411 1325 2436 et
1333 2404 1499 2436 describis.
1536 2407 1644 2438 Lecti-

895 2456 1000 2483 onem,
1026 2457 1044 2478 a
1073 2447 1138 2478 Fea
1160 2446 1348 2484 exhibitam,
1374 2449 1496 2479 diducis
1520 2449 1642 2491 vulgari

892 2489 1022 2521 lectioni
1052 2491 1177 2522 deducis
1206 2490 1351 2532 praetuli3
1385 2492 1531 2523 diducere
1556 2493 1641 2524 enim

892 2531 1052 2574 eleganter
1082 2532 1200 2564 dicitur
1226 2534 1266 2564 de
1299 2533 1438 2565 sontibus
1473 2544 1491 2565 e
1526 2535 1643 2576 quibus

894 2585 978 2616 aqua
993 2575 1148 2613 dimanat,
1165 2581 1197 2607 et
1211 2576 1245 2607 in
1261 2578 1392 2607 diversos
1412 2576 1528 2608 rivulos
1550 2581 1642 2610 didu-

893 2620 990 2650 citur.

942 2661 1125 2692 131—135.
1151 2661 1282 2693 Publica
1301 2664 1442 2694 materies
1458 2665 1641 2705 p1·iuatijn-

895 2706 938 2735 ris
958 2707 1037 2735 erit:
1062 2704 1237 2741 materiem,
1250 2705 1319 2747 jam
1341 2707 1381 2737 ab
1404 2706 1474 2737 aliis
1495 2707 1642 2749 publica-

896 2752 960 2777 tam
981 2749 1012 2779 ἐι
1027 2746 1061 2777 in
1076 2747 1180 2778 medio
1202 2749 1338 2790 positam
1359 2749 1476 2791 poteris
1497 2749 1555 2781 tibi
1573 2761 1644 2793 pro-

897 2789 998 2831 priam
1014 2789 1129 2828 facere,
1143 2797 1175 2822 et
1190 2791 1223 2822 in
1235 2802 1329 2823 usum
1343 2792 1500 2835 privatum
1514 2803 1646 2824 conver-

897 2838 974 2870 tere,
999 2832 1026 2864 si
1050 2843 1154 2876 neque
1176 2834 1271 2866 rebus
1295 2834 1377 2867 tritis
1401 2841 1433 2866 et
1463 2835 1647 2876 vulgaribus

897 2876 1007 2918 putide
1022 2875 1251 2912 immoraberis,
1262 2887 1378 2920 neque,
1395 2877 1490 2910 sicuti
1506 2878 1587 2909 fidus
1599 2878 1647 2909 in-

899 2924 1016 2962 terpres
1048 2920 1313 2962 (comparationis
1346 2920 1502 2962 particula
1535 2927 1572 2951 ut
1608 2921 1648 2950 ad

898 2962 980 2999 fidus
1003 2964 1154 3003 interpres
1178 2963 1294 2995 omissa
1321 2969 1382 3000 est,
1415 2963 1479 2994 vid.
1509 2973 1578 3004 sup.
1609 2962 1650 2994 ad
