1904 3314
368 202 452 243 452

850 201 1374 245 EPISTOLARUM

483 299 681 342 Porticus
701 299 925 356 Agrippae,
946 308 990 343 et
1009 303 1076 344 via
1095 309 1137 344 te
1157 303 1429 356 conspexerit
1449 302 1584 358 Appi,

483 366 552 407 Ire
573 374 714 409 tamen
734 374 881 417 restat,
902 368 1048 409 Numa
1068 383 1153 423 quo
1174 370 1344 410 devenit
1365 377 1408 411 et
1426 368 1590 412 Ancus.

483 432 531 472 Si
549 431 660 474 latus
681 440 755 475 aut
774 448 896 475 renes
917 435 1066 475 morbo
1086 442 1304 475 tentantur
1325 442 1464 485 acuto,

482 497 642 544 Quaere
661 499 807 554 fugam
825 501 976 541 morbi.

1036 501 1116 541 Vis
1138 508 1254 541 recte
1275 502 1446 541 vivere?
1477 501 1572 555 quis
1590 504 1709 544 non?

395 563 451 603 30
481 564 528 604 Si
547 565 679 615 virtus
700 565 782 606 hoc
802 580 887 606 una
906 571 1050 619 potest
1071 566 1188 615 dare,
1211 565 1332 605 fortis
1354 566 1519 606 omissis

479 630 578 672 Hoc
599 646 678 686 age
698 631 875 672 deliciis.

935 632 1150 673 Virtutem
1169 633 1299 672 verba
1318 638 1458 685 puteS,
1480 639 1528 672 ut

479 696 647 738 Lucum
665 698 811 751 ligna?
842 712 942 738 cave
963 712 1015 738 ne
1036 707 1185 752 portus
1207 704 1388 752 occupet
1408 698 1540 748 alter;

479 763 551 803 Ne
573 764 829 817 Cibyra-tica,
851 778 904 804 ne
926 764 1114 817 Bithyna
1135 765 1306 817 negotia
1326 765 1507 818 perdas3

482 827 602 868 Mille
623 828 782 868 talenta
798 829 1106 879 rotundentur3
1139 830 1317 870 totidem
1340 829 1472 870 altera
1490 845 1633 884 porro,
1653 837 1697 872 et

397 893 454 934 35
481 893 631 935 Tertia
649 895 895 943 succedant,
917 902 960 935 et
980 909 1075 948 quae
1095 910 1194 948 pars
1211 896 1393 949 quadret
1412 910 1622 937 acervum.

483 959 654 1001 Scilicet
670 975 847 1001 uxorem
867 974 962 1000 cum
982 961 1097 1010 dote,
1119 961 1347 1014 fidemque,
1369 968 1413 1002 et
1432 962 1603 1011 amicos,

481 1025 542 1066 Et
561 1040 695 1079 genus
716 1032 759 1066 et
779 1025 956 1066 formam
976 1027 1122 1079 regina
1142 1026 1332 1067 Pecunia
1352 1027 1507 1078 donat3

484 1090 553 1132 Ac
573 1091 683 1131 bene
704 1098 963 1132 nummatum
984 1091 1159 1132 decorat
1180 1091 1382 1140 Suadela,
1404 1092 1654 1146 Venusque.

484 1156 713 1211 Mancipiis
734 1156 922 1210 locuples
943 1163 1042 1211 eget
1061 1158 1156 1198 aeris
1179 1157 1485 1212 Cappadocum
1503 1173 1581 1200 rex
1599 1173 1609 1199 :

413 1295 466 1324 24.
495 1295 647 1333 Quicquid
669 1296 722 1324 sub
749 1301 832 1325 terra
856 1289 910 1330 es't,
938 1300 1011 1326 cett.
1031 1295 1098 1336 jam

371 1335 544 1366 Lambinus
566 1341 726 1377 comparat
748 1346 786 1366 ex
810 1336 975 1378 Sophoclis
997 1337 1098 1377 Ajace

370 1388 400 1407 v.
414 1378 488 1413 639,
502 1377 633 1418 Χρόνος
647 1377 716 1418 φύει
727 1376 755 1408 τ’
766 1377 877 1416 ἄδηλα
885 1379 940 1408 καὶ
950 1378 1098 1420 φανέντα

370 1418 561 1460 κρύπτεται.

414 1462 468 1496 25,
491 1462 545 1491 26.
569 1461 669 1494 Quum
684 1461 753 1491 benc
772 1468 886 1497 notum,
902 1466 974 1491 cett.
989 1471 1098 1502 quam-

371 1501 419 1532 vis
441 1508 470 1533 te
493 1504 582 1542 (benc
596 1503 717 1542 notum)
731 1507 763 1532 et
783 1502 950 1532 honoribus
963 1507 995 1533 et
1013 1513 1099 1543 mag-

373 1543 530 1574 nificentia
564 1543 701 1574 nobilem
731 1543 763 1573 in
798 1544 946 1585 Agrippae
979 1543 1100 1584 porticu

371 1590 403 1615 et
428 1585 477 1615 via.
506 1585 612 1631 Appia
636 1584 894 1626 conspiciendum
922 1585 1101 1625 praebueris.

372 1626 426 1656 Ad
442 1626 663 1673 pretioSissima
680 1636 773 1668 opera
794 1637 866 1666 quae
885 1627 935 1656 M.
956 1626 1102 1668 Vipsanii

375 1668 523 1709 Agnppae
552 1667 772 1698 munificentiae
805 1668 937 1698 debebat
970 1669 1103 1709 populus

371 1709 547 1745 Romanus,
564 1709 740 1751 pertinebat
753 1719 878 1750 quoque
888 1712 1020 1748 porticus
1033 1721 1102 1752 pro-

372 1761 412 1793 pe
428 1751 602 1788 Pantheon,
618 1751 658 1781 ab
673 1751 782 1782 eodem
804 1751 945 1792 Agrippa
964 1758 1101 1782 exstruc-

371 1798 438 1823 tum
451 1804 460 1830 3
483 1793 515 1823 in
531 1793 589 1823 hac
609 1793 759 1824 beatiores
777 1793 988 1829 deambulare,
1004 1794 1036 1823 in
1052 1795 1101 1823 υἰα

371 1835 470 1874 Appia
486 1839 589 1865 autem
610 1844 702 1865 curru
722 1834 857 1865 maxime
877 1834 957 1866 vecti
973 1835 1101 1866 volitare

369 1881 402 1906 et
416 1886 448 1906 se
463 1876 624 1907 ostendere
641 1877 781 1907 solebant
795 1888 803 1913 ;
826 1876 898 1907 hinc
914 1886 983 1918 sup.
1000 1878 1101 1918 Epod.

372 1919 403 1952 4,
436 1918 487 1954 14,
515 1919 667 1958 superbus
695 1917 823 1959 quidam
853 1918 945 1948 homo
974 1920 1101 1958 Appiam

370 1961 489 1988 mannis
498 1965 590 1989 terere
600 1959 724 1990 dicitur.
762 1961 811 1990 De
822 1961 869 1990 via
880 1961 988 1999 Appia,
999 1961 1102 1991 Roma.

372 2000 515 2041 Capuam
530 2005 562 2031 et
576 2001 648 2031 inde
666 2001 879 2031 Brundusium
900 2002 1044 2037 ducente,
1062 2003 1101 2033 ab

371 2042 468 2089 Appio
481 2043 573 2078 Caeco,
585 2043 729 2080 Censore,
743 2043 905 2084 magnifice
917 2049 1025 2080 strata,
1039 2044 1102 2076 vid.

370 2083 439 2114 Liv.
453 2083 496 2118 ix,
514 2085 567 2115 29.

414 2125 468 2156 27.
492 2125 594 2155 Numa
609 2137 665 2165 quo
678 2127 798 2156 devenit
812 2133 840 2156 et
856 2127 967 2163 Ancus,
981 2132 1016 2157 ut
1031 2137 1101 2168 sup.

375 2165 439 2197 Od.
465 2166 507 2202 iv,
531 2168 562 2202 7,
588 2168 639 2203 15,
666 2167 736 2204 Nos,
758 2169 810 2197 ubi
836 2169 1009 2202 decidimus,
1034 2170 1100 2203 Quo

373 2209 442 2247 pius
467 2209 588 2244 AEneas,
612 2219 668 2248 quo
692 2210 772 2240 dives
799 2209 906 2239 Tullus
933 2216 960 2239 et
987 2212 1099 2247 Ancus,

375 2249 483 2280 Pulvis
497 2257 525 2280 et
541 2251 645 2280 umbra
658 2261 768 2281 summ.

415 2292 553 2323 28—38.
577 2292 610 2322 St
627 2293 718 2328 latus,
734 2296 809 2323 cett.
853 2292 963 2322 Nexus
982 2297 1013 2322 et
1028 2303 1099 2323 sen-

373 2343 442 2364 sus:
467 2332 493 2363 si
517 2338 657 2373 aegrotas,
676 2334 817 2364 morbum
838 2333 919 2374 pelle
941 2334 1100 2374 remediis;

373 2375 399 2405 si
418 2374 466 2406 vis
486 2381 567 2406 recte
587 2374 699 2410 vivere,
720 2385 790 2416 age,
806 2374 914 2417 spretis
934 2375 1102 2416 voluptatis

372 2415 537 2453 illecebris,
561 2416 716 2453 virtutem,
743 2427 815 2458 quae
843 2416 909 2447 sola
936 2422 965 2447 te
991 2418 1102 2449 docere

373 2463 474 2504 potest
487 2458 626 2494 rectiora,
641 2468 779 2500 sequere.
825 2458 948 2495 Quodsi
962 2469 1032 2490 vero
1046 2469 1100 2490 ex-

373 2499 502 2535 mimas,
522 2500 664 2531 virtutem
684 2500 783 2531 verbis
803 2505 936 2537 tantum,
952 2510 1013 2530 non
1034 2500 1100 2543 ipso

373 2540 494 2572 virtutis
509 2541 667 2578 exercitio,
685 2547 720 2573 ut
735 2542 840 2573 lucum
857 2542 1017 2573 arboribus
1031 2548 1100 2574 tan-

372 2587 451 2618 tum,
475 2592 538 2613 non
559 2583 611 2624 pio
631 2583 759 2615 deorum
782 2583 882 2620 cultu,
904 2588 1058 2620 constare,
1079 2585 1101 2622 i,

375 2623 484 2665 praefer
498 2624 603 2655 virtuti
613 2625 749 2661 divitias,
765 2625 891 2656 intende
907 2635 1045 2661 cursum,
1062 2637 1101 2658 ne

373 2665 450 2696 alter
465 2665 558 2696 citius
573 2673 678 2708 portus
694 2673 846 2708 occupet,
869 2677 957 2703 cave,
970 2677 1009 2698 ne
1023 2668 1099 2708 quid

370 2706 502 2748 jacturae
524 2707 622 2738 facias
640 2708 672 2738 in
693 2708 824 2749 negotiis
844 2709 924 2747 tuis3
946 2708 1032 2740 mille
1051 2716 1098 2740 ta-

373 2749 458 2780 lenta
472 2750 623 2788 rotunda;
646 2750 710 2781 acci
735 2761 751 2781 e
770 2761 808 2780 ex
824 2751 966 2781 manibus
985 2751 1099 2791 reginae

371 2790 520 2822 Pecuniae
551 2791 671 2832 quaevis
696 2829 698 2831 ‚
725 2801 797 2828 ona,
826 2798 859 2823 et
888 2792 926 2822 iis
957 2794 1099 2834 exsplen-

369 2832 473 2863 desee.
1053 2843 1057 2849 ·

411 2874 465 2905 28.
491 2873 672 2912 Ter-tamur,
692 2874 892 2916 affliguntu13
914 2874 958 2906 sic
982 2882 1098 2908 tentare

369 2924 451 2956 nepe
465 2915 504 2947 de
517 2917 634 2949 morbo.

1183 1296 1238 1326 29.
1265 1297 1370 1330 Quaere
1380 1296 1496 1337 fugam
1518 1298 1623 1332 morbi,
1645 1306 1750 1338 quaere
1772 1308 1868 1330 reme-

1140 1336 1193 1408 gia
1221 1337 1336 1378 quibus
1367 1338 1399 1368 in
1429 1339 1534 1379 fugam
1563 1338 1767 1381 compellatur
1790 1350 1870 1372 mor-

1164 1388 1209 1408 us.

1183 1421 1236 1450 31.
1260 1421 1469 1452 Fortis—Hoc
1486 1432 1554 1462 age,
1573 1420 1690 1453 sortitor
1706 1421 1872 1462 aggredere

1143 1460 1264 1492 virtutis
1284 1472 1371 1502 opus.
1389 1465 1496 1493 omissis
1518 1463 1646 1498 deliciis,
1666 1461 1781 1504 rejecto
1802 1474 1870 1495 cor-

1143 1502 1227 1543 poris
1241 1503 1410 1544 voluptatis
1423 1510 1454 1535 et
1469 1503 1617 1534 mollioris
1630 1503 1703 1535 vitae
1715 1503 1829 1537 fructu.

1186 1545 1240 1574 32.
1288 1545 1398 1575 Portus
1419 1552 1552 1585 occupet.
1595 1546 1705 1577 Portus
1729 1557 1873 1586 occupare

1141 1585 1207 1626 jam
1243 1591 1301 1620 est,
1334 1591 1440 1627 portus
1473 1587 1557 1629 prius
1589 1587 1684 1618 altero
1719 1597 1873 1630 occupare

1146 1626 1333 1667 (φθάνειν).
1357 1627 1389 1658 h.
1406 1638 1437 1659 e.
1455 1638 1691 1670 praeoccupare:
1716 1639 1751 1659 su
1777 1651 1786 1660 .
1809 1630 1873 1662 Od.

1146 1668 1179 1705 ii,
1198 1670 1248 1703 12,
1262 1670 1316 1704 28,
1335 1669 1492 1700 Interdum
1506 1681 1612 1709 rapere
1627 1671 1752 1712 (oscula
1786 1683 1871 1703 σοι-ιι-

1143 1717 1197 1749 pat
1210 1721 1219 1746 ,·
1244 1711 1314 1741 Liv.
1336 1711 1357 1749 i,
1381 1713 1431 1747 14,
1455 1713 1564 1743 bellum
1576 1712 1684 1754 facere
1705 1720 1871 1753 occupatum

1146 1752 1226 1782 idem
1244 1752 1266 1787 i,
1282 1754 1314 1789 3,
1332 1753 1465 1793 Occupat
1481 1754 1590 1785 Tullus
1611 1755 1644 1784 in
1659 1765 1769 1795 agrum
1786 1755 1871 1786 Sabi—

1144 1805 1218 1824 num
1237 1796 1377 1825 transire.
1420 1796 1590 1832 Mercator,
1607 1795 1663 1837 qui
1678 1795 1762 1838 prior
1775 1797 1874 1828 altero

1144 1835 1176 1865 in
1192 1841 1281 1877 portu
1301 1836 1497 1874 adveniebat,
1515 1837 1661 1868 advectas
1678 1847 1794 1869 merces
1806 1848 1871 1870 ma-

1140 1877 1207 1918 jore
1223 1877 1321 1918 pretio
1336 1878 1465 1909 vendere
1478 1883 1607 1920 poterat.

1186 1920 1239 1950 33.
1264 1920 1617 1961 Cibyratica—Bithyna
1638 1923 1770 1962 negotia,
1793 1931 1871 1954 mer-

1143 1965 1260 1991 catores
1285 1962 1367 1992 enim
1394 1962 1530 1993 Romani
1553 1973 1592 1994 ex
1614 1963 1687 1994 urbe
1710 1963 1866 2005 Phrygiae,

1144 2002 1274 2044 Cibyra,
1289 2009 1320 2033 et
1340 2013 1357 2033 e
1376 2003 1525 2045 Bithynia
1541 2004 1600 2046 (cf.
1615 2014 1686 2046 sup.
1701 2005 1764 2035 Od.
1779 2005 1803 2041 i,
1817 2007 1871 2042 35,

1143 2045 1193 2082 7),
1203 2054 1320 2075 merces
1331 2054 1404 2075 suas
1419 2052 1520 2086 petere
1531 2045 1672 2077 solebant
1679 2057 1688 2084 ;
1711 2056 1790 2087 quas
1801 2047 1871 2088 qui-

1142 2086 1213 2116 dem
1237 2086 1291 2126 qui
1313 2097 1375 2116 non
1394 2087 1545 2118 maturius
1564 2087 1762 2119 advehendas
1781 2098 1872 2120 cura-

1143 2127 1231 2198 bant,
1249 2131 1368 2168 negotia
1389 2139 1455 2165 sua,
1477 2129 1508 2160 h.
1530 2139 1559 2160 e.
1582 2135 1748 2172 quaestum,
1765 2132 1870 2170 perde-

1160 2176 1224 2199 ant.

1186 2211 1239 2240 34.
1262 2210 1488 2247 Rotundentnr,
1505 2212 1717 2248 coi-radantur,
1735 2218 1771 2244 ut
1786 2223 1871 2244 sum-

1143 2260 1195 2281 ma
1209 2251 1333 2282 rotundi
1349 2253 1467 2284 numeri
1483 2253 1645 2284 efficiatur.
1687 2255 1806 2291 Altera,
1823 2265 1871 2287 sc.

1143 2292 1231 2324 mille
1252 2293 1388 2324 talenta:
1417 2294 1506 2334 Virg.
1531 2295 1602 2326 Ecl.
1623 2294 1670 2331 iii,
1693 2297 1746 2332 71,
1769 2297 1872 2328 Aurea

1144 2336 1224 2364 mala
1241 2337 1337 2365 decem
1352 2338 1418 2366 misi
1429 2347 1440 2373 ,-
1464 2347 1531 2367 cras
1549 2337 1646 2367 altera
1661 2339 1726 2376 (sc.
1744 2337 1871 2380 decem)

1144 2378 1258 2406 mittum
1271 2388 1283 2414 ,·
1306 2377 1432 2407 Terent.
1458 2378 1572 2409 Heaut.
1594 2378 1636 2413 iv,
1659 2380 1690 2416 4,
1712 2380 1744 2414 3,
1769 2379 1872 2412 Minas

1145 2420 1260 2458 quidem
1266 2421 1335 2458 jam
1345 2420 1440 2449 decem
1453 2420 1539 2450 habet
1552 2431 1570 2449 a
1582 2420 1706 2460 mcfilia
1716 2421 1872 2457 ;——Ha⁸ce

1142 2465 1397 2500 —consequentur
1410 2461 1524 2497 altera,
1539 2471 1584 2492 sc.
1599 2461 1705 2493 decem
1720 2462 1823 2494 mine.

1186 2502 1239 2532 35.
1269 2502 1309 2532 Et
1340 2513 1402 2541 (μω
1423 2513 1496 2542 pars
1521 2504 1648 2543 quadret
1671 2514 1818 2542 acervum,
1841 2510 1873 2536 et

1143 2553 1215 2583 quae
1230 2553 1301 2585 pars
1311 2543 1417 2580 efficit,
1429 2549 1466 2574 ut
1480 2549 1613 2586 quatuor
1623 2543 1756 2577 millium
1771 2546 1870 2578 talen-

1144 2590 1245 2615 torum
1260 2594 1387 2617 acervus
1399 2585 1465 2617 fiat.

1188 2627 1240 2661 36,
1256 2628 1308 2658 37.
1325 2627 1499 2667 Fidemque:
1522 2636 1591 2663 nos,
1604 2627 1719 2659 Credit.
1758 2629 1872 2668 Genus,

1143 2668 1348 2700 nobilitatem.
1391 2669 1540 2705 Formam,
1555 2668 1828 2710 pulchritudinem.

1184 2711 1237 2741 37.
1261 2711 1380 2752 Regina
1403 2710 1555 2742 Pecunia:
1581 2711 1814 2752 pecunia,.cui.
1834 2718 1871 2744 nt

1142 2751 1275 2783 dominae
1291 2756 1344 2794 (ut
1359 2751 1508 2783 Horatius
1519 2751 1656 2792 loquitur
1669 2762 1739 2794 sup.
1753 2753 1818 2784 Sat.
1835 2754 1869 2792 ii,

1142 2794 1174 2828 3,
1194 2795 1267 2834 96),
1282 2796 1378 2824 omnia
1398 2799 1518 2833 parent,
1533 2792 1675 2835 apposite
1692 2794 1869 2836 appellatur

1140 2838 1246 2877 regina
1258 2847 1266 2864 .·
1288 2840 1468 2876 comparant
1480 2834 1608 2866 Hesiod.
1619 2835 1693 2872 686,
1705 2836 1867 2878 χρήματα

1141 2878 1207 2918 γὰρ
1222 2877 1319 2918 ψυχὴ
1335 2875 1472 2908 πέλεται
1487 2876 1622 2908 δειλοῖσι
1635 2875 1797 2918 βροτοῖσι.

1181 2919 1236 2949 38.
1251 2920 1295 2950 Ac
1309 2920 1379 2950 bene
1390 2925 1577 2950 nummatum
1590 2919 1708 2951 decorat
1723 2919 1866 2958 Suadela,
