<?xml version="1.0" encoding="UTF-8"?>
<!DOCTYPE html PUBLIC "-//W3C//DTD XHTML 1.0 Transitional//EN"
    "http://www.w3.org/TR/xhtml1/DTD/xhtml1-transitional.dtd">
<html xmlns="http://www.w3.org/1999/xhtml" xml:lang="en" lang="en">
 <head>
  <title>
</title>
<meta http-equiv="Content-Type" content="text/html;charset=utf-8" />
  <meta name='ocr-system' content='tesseract 3.04.00' />
  <meta name='ocr-capabilities' content='ocr_page ocr_carea ocr_par ocr_line ocrx_word'/>
</head>
<body>
  <div class='ocr_page' id='page_1' title='image "./operahorac00horauoft_0327.png"; bbox 0 0 1884 3288; ppageno 0'>
   <div class='ocr_carea' id='block_1_1' title="bbox 637 182 1051 226">
    <p class='ocr_par' dir='ltr' id='par_1_1' title="bbox 637 182 1051 226">
     <span class='ocr_line' id='line_1_1' title="bbox 637 182 1051 226; baseline -0.005 0"><span class='ocrx_word' id='word_1_1' title='bbox 637 182 949 226; x_wconf 87' lang='lat' dir='ltr'><strong>CARMEN</strong></span> <span class='ocrx_word' id='word_1_2' title='bbox 985 184 1051 225; x_wconf 79' lang='lat'>17,</span> 
     </span>
    </p>
   </div>
   <div class='ocr_carea' id='block_1_2' title="bbox 1529 184 1614 226">
    <p class='ocr_par' dir='ltr' id='par_1_2' title="bbox 1529 184 1614 226">
     <span class='ocr_line' id='line_1_2' title="bbox 1529 184 1614 226; baseline 0 0"><span class='ocrx_word' id='word_1_3' title='bbox 1529 184 1614 226; x_wconf 73' lang='lat'>287</span> 
     </span>
    </p>
   </div>
   <div class='ocr_carea' id='block_1_3' title="bbox 219 280 1353 1290">
    <p class='ocr_par' dir='ltr' id='par_1_3' title="bbox 310 280 1137 341">
     <span class='ocr_line' id='line_1_3' title="bbox 310 280 1137 341; baseline -0.008 -13"><span class='ocrx_word' id='word_1_4' title='bbox 310 285 451 341; x_wconf 85' lang='lat' dir='ltr'>Optat</span> <span class='ocrx_word' id='word_1_5' title='bbox 470 282 759 326; x_wconf 87' lang='lat' dir='ltr'><strong>Prometheus</strong></span> <span class='ocrx_word' id='word_1_6' title='bbox 781 280 1001 337; x_wconf 87' lang='lat' dir='ltr'>obligatus</span> <span class='ocrx_word' id='word_1_7' title='bbox 1023 280 1137 332; x_wconf 87' lang='lat' dir='ltr'>aliti;</span> 
     </span>
    </p>

    <p class='ocr_par' dir='ltr' id='par_1_4' title="bbox 309 348 1150 409">
     <span class='ocr_line' id='line_1_4' title="bbox 309 348 1150 409; baseline -0.007 -13"><span class='ocrx_word' id='word_1_8' title='bbox 309 353 450 409; x_wconf 85' lang='lat' dir='ltr'>Optat</span> <span class='ocrx_word' id='word_1_9' title='bbox 471 365 674 406; x_wconf 90' lang='lat' dir='ltr'>supremo</span> <span class='ocrx_word' id='word_1_10' title='bbox 695 348 909 391; x_wconf 87' lang='lat' dir='ltr'>collocare</span> <span class='ocrx_word' id='word_1_11' title='bbox 932 349 1150 404; x_wconf 90' lang='lat' dir='ltr'><strong>Sisyphus</strong></span> 
     </span>
    </p>

    <p class='ocr_par' dir='ltr' id='par_1_5' title="bbox 221 415 1305 534">
     <span class='ocr_line' id='line_1_5' title="bbox 307 415 1305 472; baseline -0.006 -9"><span class='ocrx_word' id='word_1_12' title='bbox 307 420 360 462; x_wconf 92' lang='lat' dir='ltr'>In</span> <span class='ocrx_word' id='word_1_13' title='bbox 379 426 524 462; x_wconf 89' lang='lat' dir='ltr'>monte</span> <span class='ocrx_word' id='word_1_14' title='bbox 546 432 722 460; x_wconf 89' lang='lat' dir='ltr'>saxum:</span> <span class='ocrx_word' id='word_1_15' title='bbox 756 417 834 459; x_wconf 89' lang='lat' dir='ltr'>sed</span> <span class='ocrx_word' id='word_1_16' title='bbox 855 423 1005 459; x_wconf 87' lang='lat' dir='ltr'>vetant</span> <span class='ocrx_word' id='word_1_17' title='bbox 1024 416 1144 472; x_wconf 86' lang='lat' dir='ltr'>leges</span> <span class='ocrx_word' id='word_1_18' title='bbox 1165 415 1305 458; x_wconf 85' lang='lat' dir='ltr'>Jovis.</span> 
     </span>
     <span class='ocr_line' id='line_1_6' title="bbox 221 483 1139 534; baseline -0.007 -3"><span class='ocrx_word' id='word_1_19' title='bbox 221 488 278 530; x_wconf 82' lang='lat'>70</span> <span class='ocrx_word' id='word_1_20' title='bbox 307 487 444 531; x_wconf 87' lang='lat' dir='ltr'>Voles</span> <span class='ocrx_word' id='word_1_21' title='bbox 465 486 594 528; x_wconf 89' lang='lat' dir='ltr'>modo</span> <span class='ocrx_word' id='word_1_22' title='bbox 615 485 712 526; x_wconf 85' lang='lat' dir='ltr'>altis</span> <span class='ocrx_word' id='word_1_23' title='bbox 734 483 909 526; x_wconf 84' lang='lat' dir='ltr'>desilire</span> <span class='ocrx_word' id='word_1_24' title='bbox 931 485 1139 534; x_wconf 89' lang='lat' dir='ltr'>turribus,</span> 
     </span>
    </p>

    <p class='ocr_par' dir='ltr' id='par_1_6' title="bbox 308 551 1216 608">
     <span class='ocr_line' id='line_1_7' title="bbox 308 551 1216 608; baseline -0.004 -11"><span class='ocrx_word' id='word_1_25' title='bbox 308 554 450 597; x_wconf 89' lang='lat' dir='ltr'>Modo</span> <span class='ocrx_word' id='word_1_26' title='bbox 471 568 575 596; x_wconf 89' lang='lat' dir='ltr'>ense</span> <span class='ocrx_word' id='word_1_27' title='bbox 596 560 753 608; x_wconf 87' lang='lat' dir='ltr'>pectus</span> <span class='ocrx_word' id='word_1_28' title='bbox 776 552 943 594; x_wconf 89' lang='lat' dir='ltr'>Norico</span> <span class='ocrx_word' id='word_1_29' title='bbox 964 551 1216 602; x_wconf 88' lang='lat' dir='ltr'>recludere;</span> 
     </span>
    </p>

    <p class='ocr_par' dir='ltr' id='par_1_7' title="bbox 307 619 1210 676">
     <span class='ocr_line' id='line_1_8' title="bbox 307 619 1210 676; baseline -0.002 -13"><span class='ocrx_word' id='word_1_30' title='bbox 307 621 577 676; x_wconf 87' lang='lat' dir='ltr'>Frustraque</span> <span class='ocrx_word' id='word_1_31' title='bbox 598 619 739 662; x_wconf 86' lang='lat' dir='ltr'>vincla</span> <span class='ocrx_word' id='word_1_32' title='bbox 758 620 927 676; x_wconf 82' lang='lat' dir='ltr'>gutturi</span> <span class='ocrx_word' id='word_1_33' title='bbox 947 627 1097 661; x_wconf 88' lang='lat' dir='ltr'>nectes</span> <span class='ocrx_word' id='word_1_34' title='bbox 1120 627 1210 670; x_wconf 89' lang='lat' dir='ltr'>tuo,</span> 
     </span>
    </p>

    <p class='ocr_par' dir='ltr' id='par_1_8' title="bbox 305 689 996 744">
     <span class='ocr_line' id='line_1_9' title="bbox 305 689 996 744; baseline -0.001 -13"><span class='ocrx_word' id='word_1_35' title='bbox 305 689 343 731; x_wconf 90' lang='lat' dir='ltr'><strong>F</strong></span> <span class='ocrx_word' id='word_1_36' title='bbox 344 690 552 732; x_wconf 85' lang='lat' dir='ltr'>astidiosa</span> <span class='ocrx_word' id='word_1_37' title='bbox 572 689 709 731; x_wconf 88' lang='lat' dir='ltr'>tristis</span> <span class='ocrx_word' id='word_1_38' title='bbox 732 689 996 744; x_wconf 86' lang='lat' dir='ltr'>aegrimonia.</span> 
     </span>
    </p>

    <p class='ocr_par' dir='ltr' id='par_1_9' title="bbox 220 756 1353 882">
     <span class='ocr_line' id='line_1_10' title="bbox 306 756 1353 812; baseline -0.003 -12"><span class='ocrx_word' id='word_1_39' title='bbox 306 757 532 800; x_wconf 85' lang='lat' dir='ltr'>Vectabor</span> <span class='ocrx_word' id='word_1_40' title='bbox 551 757 745 799; x_wconf 87' lang='lat' dir='ltr'>humeris</span> <span class='ocrx_word' id='word_1_41' title='bbox 768 764 871 800; x_wconf 85' lang='lat' dir='ltr'>tunc</span> <span class='ocrx_word' id='word_1_42' title='bbox 892 772 976 812; x_wconf 84' lang='lat' dir='ltr'>ego</span> <span class='ocrx_word' id='word_1_43' title='bbox 997 756 1179 798; x_wconf 88' lang='lat' dir='ltr'>inimicis</span> <span class='ocrx_word' id='word_1_44' title='bbox 1201 770 1353 811; x_wconf 84' lang='lat' dir='ltr'>eques,</span> 
     </span>
     <span class='ocr_line' id='line_1_11' title="bbox 220 825 1081 882; baseline -0.005 -13"><span class='ocrx_word' id='word_1_45' title='bbox 220 827 276 869; x_wconf 85' lang='lat'>75</span> <span class='ocrx_word' id='word_1_46' title='bbox 306 826 512 882; x_wconf 86' lang='lat' dir='ltr'>Meaeque</span> <span class='ocrx_word' id='word_1_47' title='bbox 534 834 651 868; x_wconf 85' lang='lat' dir='ltr'>terra</span> <span class='ocrx_word' id='word_1_48' title='bbox 672 826 802 868; x_wconf 89' lang='lat' dir='ltr'>cedet</span> <span class='ocrx_word' id='word_1_49' title='bbox 823 825 1081 867; x_wconf 85' lang='lat' dir='ltr'>insolentiae.</span> 
     </span>
    </p>

    <p class='ocr_par' dir='ltr' id='par_1_10' title="bbox 303 892 1123 949">
     <span class='ocr_line' id='line_1_12' title="bbox 303 892 1123 949; baseline -0.002 -13"><span class='ocrx_word' id='word_1_50' title='bbox 303 892 392 945; x_wconf 91' lang='lat' dir='ltr'>An,</span> <span class='ocrx_word' id='word_1_51' title='bbox 413 909 513 949; x_wconf 90' lang='lat' dir='ltr'>quae</span> <span class='ocrx_word' id='word_1_52' title='bbox 534 909 707 936; x_wconf 88' lang='lat' dir='ltr'>movere</span> <span class='ocrx_word' id='word_1_53' title='bbox 729 908 878 936; x_wconf 87' lang='lat' dir='ltr'>cereas</span> <span class='ocrx_word' id='word_1_54' title='bbox 899 894 1123 948; x_wconf 85' lang='lat' dir='ltr'>imagines,</span> 
     </span>
    </p>

    <p class='ocr_par' dir='ltr' id='par_1_11' title="bbox 305 961 1047 1018">
     <span class='ocr_line' id='line_1_13' title="bbox 305 961 1047 1018; baseline -0.001 -14"><span class='ocrx_word' id='word_1_55' title='bbox 305 962 370 1004; x_wconf 88' lang='lat' dir='ltr'>Ut</span> <span class='ocrx_word' id='word_1_56' title='bbox 389 963 485 1018; x_wconf 89' lang='lat' dir='ltr'>ipse</span> <span class='ocrx_word' id='word_1_57' title='bbox 506 963 621 1004; x_wconf 86' lang='lat' dir='ltr'>nosti</span> <span class='ocrx_word' id='word_1_58' title='bbox 642 963 857 1013; x_wconf 81' lang='lat' dir='ltr'>curiosus,</span> <span class='ocrx_word' id='word_1_59' title='bbox 880 969 924 1004; x_wconf 88' lang='lat' dir='ltr'>et</span> <span class='ocrx_word' id='word_1_60' title='bbox 945 961 1047 1017; x_wconf 93' lang='lat' dir='ltr'>polo</span> 
     </span>
    </p>

    <p class='ocr_par' dir='ltr' id='par_1_12' title="bbox 308 1029 1253 1088">
     <span class='ocr_line' id='line_1_14' title="bbox 308 1029 1253 1088; baseline -0.002 -15"><span class='ocrx_word' id='word_1_61' title='bbox 308 1031 528 1088; x_wconf 88' lang='lat' dir='ltr'>Deripere</span> <span class='ocrx_word' id='word_1_62' title='bbox 552 1031 725 1073; x_wconf 87' lang='lat' dir='ltr'>Lunam</span> <span class='ocrx_word' id='word_1_63' title='bbox 745 1031 925 1072; x_wconf 82' lang='lat' dir='ltr'>vocibus</span> <span class='ocrx_word' id='word_1_64' title='bbox 947 1031 1111 1086; x_wconf 89' lang='lat' dir='ltr'>possim</span> <span class='ocrx_word' id='word_1_65' title='bbox 1132 1029 1253 1081; x_wconf 86' lang='lat' dir='ltr'>meis,</span> 
     </span>
    </p>

    <p class='ocr_par' dir='ltr' id='par_1_13' title="bbox 219 1098 1162 1223">
     <span class='ocr_line' id='line_1_15' title="bbox 308 1098 1162 1148; baseline -0.002 -7"><span class='ocrx_word' id='word_1_66' title='bbox 308 1098 480 1141; x_wconf 89' lang='lat' dir='ltr'>Possim</span> <span class='ocrx_word' id='word_1_67' title='bbox 501 1106 714 1142; x_wconf 83' lang='lat' dir='ltr'>crematos</span> <span class='ocrx_word' id='word_1_68' title='bbox 737 1099 931 1141; x_wconf 84' lang='lat' dir='ltr'>excitare</span> <span class='ocrx_word' id='word_1_69' title='bbox 952 1105 1162 1148; x_wconf 62' lang='lat' dir='ltr'>mortum,</span> 
     </span>
     <span class='ocr_line' id='line_1_16' title="bbox 219 1165 1112 1223; baseline -0.001 -14"><span class='ocrx_word' id='word_1_70' title='bbox 219 1167 276 1209; x_wconf 91' lang='lat'>80</span> <span class='ocrx_word' id='word_1_71' title='bbox 306 1166 604 1223; x_wconf 77' lang='lat' dir='ltr'>Desiderique</span> <span class='ocrx_word' id='word_1_72' title='bbox 626 1174 871 1223; x_wconf 66' lang='lat' dir='ltr'>temperare</span> <span class='ocrx_word' id='word_1_73' title='bbox 892 1165 1112 1222; x_wconf 89' lang='lat' dir='ltr'>poculum,</span> 
     </span>
    </p>

    <p class='ocr_par' dir='ltr' id='par_1_14' title="bbox 308 1234 1256 1290">
     <span class='ocr_line' id='line_1_17' title="bbox 308 1234 1256 1290; baseline -0.002 -13"><span class='ocrx_word' id='word_1_74' title='bbox 308 1234 484 1277; x_wconf 89' lang='lat' dir='ltr'>Plorem</span> <span class='ocrx_word' id='word_1_75' title='bbox 505 1236 624 1286; x_wconf 85' lang='lat' dir='ltr'>artis,</span> <span class='ocrx_word' id='word_1_76' title='bbox 647 1235 690 1276; x_wconf 91' lang='lat' dir='ltr'>in</span> <span class='ocrx_word' id='word_1_77' title='bbox 714 1242 756 1277; x_wconf 90' lang='lat' dir='ltr'>te</span> <span class='ocrx_word' id='word_1_78' title='bbox 777 1234 838 1276; x_wconf 93' lang='lat' dir='ltr'>nil</span> <span class='ocrx_word' id='word_1_79' title='bbox 854 1235 1039 1290; x_wconf 83' lang='lat' dir='ltr'>agentiS‚</span> <span class='ocrx_word' id='word_1_80' title='bbox 1062 1234 1256 1276; x_wconf 73' lang='lat' dir='ltr'>exitum?</span> 
     </span>
    </p>
   </div>
   <div class='ocr_carea' id='block_1_4' title="bbox 72 1345 826 2294">
    <p class='ocr_par' dir='ltr' id='par_1_15' title="bbox 72 1345 824 1682">
     <span class='ocr_line' id='line_1_18' title="bbox 72 1345 823 1389; baseline -0.001 -11"><span class='ocrx_word' id='word_1_81' title='bbox 72 1347 157 1379; x_wconf 72' lang='lat' dir='ltr'>inter</span> <span class='ocrx_word' id='word_1_82' title='bbox 178 1357 245 1388; x_wconf 79' lang='lat' dir='ltr'>opes</span> <span class='ocrx_word' id='word_1_83' title='bbox 267 1346 322 1389; x_wconf 83' lang='lat' dir='ltr'>(ut</span> <span class='ocrx_word' id='word_1_84' title='bbox 349 1347 503 1378; x_wconf 87' lang='lat' dir='ltr'>Horatius</span> <span class='ocrx_word' id='word_1_85' title='bbox 529 1356 600 1389; x_wconf 86' lang='lat' dir='ltr'>sup.</span> <span class='ocrx_word' id='word_1_86' title='bbox 626 1346 673 1382; x_wconf 91' lang='lat' dir='ltr'>iii,</span> <span class='ocrx_word' id='word_1_87' title='bbox 693 1347 745 1384; x_wconf 91' lang='lat'>16,</span> <span class='ocrx_word' id='word_1_88' title='bbox 761 1345 823 1386; x_wconf 85' lang='lat'>28)</span> 
     </span>
     <span class='ocr_line' id='line_1_19' title="bbox 73 1389 823 1431; baseline 0 -10"><span class='ocrx_word' id='word_1_89' title='bbox 73 1391 160 1431; x_wconf 77' lang='lat' dir='ltr'>inops</span> <span class='ocrx_word' id='word_1_90' title='bbox 173 1395 252 1427; x_wconf 87' lang='lat' dir='ltr'>erat,</span> <span class='ocrx_word' id='word_1_91' title='bbox 268 1389 302 1421; x_wconf 81' lang='lat' dir='ltr'>h.</span> <span class='ocrx_word' id='word_1_92' title='bbox 318 1399 348 1421; x_wconf 85' lang='lat' dir='ltr'>e.</span> <span class='ocrx_word' id='word_1_93' title='bbox 371 1389 454 1422; x_wconf 85' lang='lat' dir='ltr'>inter</span> <span class='ocrx_word' id='word_1_94' title='bbox 479 1390 600 1421; x_wconf 84' lang='lat' dir='ltr'>medias</span> <span class='ocrx_word' id='word_1_95' title='bbox 624 1389 723 1431; x_wconf 86' lang='lat' dir='ltr'>dapes</span> <span class='ocrx_word' id='word_1_96' title='bbox 739 1389 823 1421; x_wconf 87' lang='lat' dir='ltr'>fame</span> 
     </span>
     <span class='ocr_line' id='line_1_20' title="bbox 72 1432 824 1475; baseline -0.003 -10"><span class='ocrx_word' id='word_1_97' title='bbox 72 1433 277 1465; x_wconf 70' lang='lat' dir='ltr'>caecabatur.</span> <span class='ocrx_word' id='word_1_98' title='bbox 315 1433 477 1475; x_wconf 82' lang='lat' dir='ltr'>Obligatus</span> <span class='ocrx_word' id='word_1_99' title='bbox 492 1435 574 1469; x_wconf 80' lang='lat' dir='ltr'>aliti,</span> <span class='ocrx_word' id='word_1_100' title='bbox 596 1432 775 1464; x_wconf 83' lang='lat' dir='ltr'>destinatus</span> <span class='ocrx_word' id='word_1_101' title='bbox 791 1438 824 1463; x_wconf 87' lang='lat' dir='ltr'>et</span> 
     </span>
     <span class='ocr_line' id='line_1_21' title="bbox 73 1475 822 1518; baseline -0.003 -10"><span class='ocrx_word' id='word_1_102' title='bbox 73 1475 206 1508; x_wconf 78' lang='lat' dir='ltr'>devotus</span> <span class='ocrx_word' id='word_1_103' title='bbox 224 1476 357 1514; x_wconf 80' lang='lat' dir='ltr'>vulturi,</span> <span class='ocrx_word' id='word_1_104' title='bbox 374 1476 430 1518; x_wconf 89' lang='lat' dir='ltr'>qui</span> <span class='ocrx_word' id='word_1_105' title='bbox 455 1482 521 1508; x_wconf 88' lang='lat' dir='ltr'>tam</span> <span class='ocrx_word' id='word_1_106' title='bbox 546 1476 579 1507; x_wconf 91' lang='lat' dir='ltr'>in</span> <span class='ocrx_word' id='word_1_107' title='bbox 603 1481 711 1507; x_wconf 76' lang='lat' dir='ltr'>monte</span> <span class='ocrx_word' id='word_1_108' title='bbox 736 1476 822 1508; x_wconf 86' lang='lat' dir='ltr'>Cau-</span> 
     </span>
     <span class='ocr_line' id='line_1_22' title="bbox 74 1518 821 1562; baseline -0.001 -11"><span class='ocrx_word' id='word_1_109' title='bbox 74 1529 162 1555; x_wconf 78' lang='lat' dir='ltr'>caso.</span> <span class='ocrx_word' id='word_1_110' title='bbox 178 1530 276 1562; x_wconf 83' lang='lat' dir='ltr'>quam</span> <span class='ocrx_word' id='word_1_111' title='bbox 299 1519 333 1550; x_wconf 92' lang='lat' dir='ltr'>in</span> <span class='ocrx_word' id='word_1_112' title='bbox 354 1520 439 1552; x_wconf 89' lang='lat' dir='ltr'>Orco</span> <span class='ocrx_word' id='word_1_113' title='bbox 454 1519 516 1561; x_wconf 84' lang='lat' dir='ltr'>(cf.</span> <span class='ocrx_word' id='word_1_114' title='bbox 539 1530 611 1562; x_wconf 84' lang='lat' dir='ltr'>sup.</span> <span class='ocrx_word' id='word_1_115' title='bbox 627 1518 662 1554; x_wconf 89' lang='lat' dir='ltr'>ii,</span> <span class='ocrx_word' id='word_1_116' title='bbox 691 1520 744 1556; x_wconf 89' lang='lat'>13,</span> <span class='ocrx_word' id='word_1_117' title='bbox 760 1518 821 1559; x_wconf 88' lang='lat'>37)</span> 
     </span>
     <span class='ocr_line' id='line_1_23' title="bbox 74 1562 823 1605; baseline 0 -11"><span class='ocrx_word' id='word_1_118' title='bbox 74 1562 258 1594; x_wconf 81' lang='lat' dir='ltr'>Promethei</span> <span class='ocrx_word' id='word_1_119' title='bbox 290 1573 345 1594; x_wconf 89' lang='lat' dir='ltr'>cor</span> <span class='ocrx_word' id='word_1_120' title='bbox 371 1562 530 1595; x_wconf 85' lang='lat' dir='ltr'>exederet.</span> <span class='ocrx_word' id='word_1_121' title='bbox 583 1563 747 1605; x_wconf 80' lang='lat' dir='ltr'>Sisyphus:</span> <span class='ocrx_word' id='word_1_122' title='bbox 782 1563 823 1594; x_wconf 86' lang='lat' dir='ltr'>cf.</span> 
     </span>
     <span class='ocr_line' id='line_1_24' title="bbox 75 1605 823 1649; baseline -0.001 -12"><span class='ocrx_word' id='word_1_123' title='bbox 75 1614 148 1648; x_wconf 78' lang='lat' dir='ltr'>sup.</span> <span class='ocrx_word' id='word_1_124' title='bbox 163 1605 200 1641; x_wconf 91' lang='lat' dir='ltr'>ii,</span> <span class='ocrx_word' id='word_1_125' title='bbox 227 1606 280 1641; x_wconf 87' lang='lat'>14,</span> <span class='ocrx_word' id='word_1_126' title='bbox 298 1606 352 1637; x_wconf 80' lang='lat'>20.</span> <span class='ocrx_word' id='word_1_127' title='bbox 397 1606 492 1649; x_wconf 80' lang='lat' dir='ltr'>Leges</span> <span class='ocrx_word' id='word_1_128' title='bbox 515 1606 612 1642; x_wconf 80' lang='lat' dir='ltr'>Jovis,</span> <span class='ocrx_word' id='word_1_129' title='bbox 638 1606 704 1637; x_wconf 81' lang='lat' dir='ltr'>sata</span> <span class='ocrx_word' id='word_1_130' title='bbox 726 1605 823 1637; x_wconf 81' lang='lat' dir='ltr'>semel</span> 
     </span>
     <span class='ocr_line' id='line_1_25' title="bbox 74 1648 412 1682; baseline 0.006 -3"><span class='ocrx_word' id='word_1_131' title='bbox 74 1649 116 1680; x_wconf 83' lang='lat' dir='ltr'>ab</span> <span class='ocrx_word' id='word_1_132' title='bbox 131 1648 214 1681; x_wconf 87' lang='lat' dir='ltr'>Jove</span> <span class='ocrx_word' id='word_1_133' title='bbox 229 1649 412 1682; x_wconf 80' lang='lat' dir='ltr'>constituta.</span> 
     </span>
    </p>

    <p class='ocr_par' dir='ltr' id='par_1_16' title="bbox 73 1691 826 2294">
     <span class='ocr_line' id='line_1_26' title="bbox 117 1691 821 1727; baseline -0.003 -3"><span class='ocrx_word' id='word_1_134' title='bbox 117 1692 261 1724; x_wconf 88' lang='lat'>70—75.</span> <span class='ocrx_word' id='word_1_135' title='bbox 307 1691 392 1723; x_wconf 78' lang='lat' dir='ltr'>Voles</span> <span class='ocrx_word' id='word_1_136' title='bbox 431 1693 527 1727; x_wconf 84' lang='lat' dir='ltr'>modo,</span> <span class='ocrx_word' id='word_1_137' title='bbox 570 1696 645 1723; x_wconf 83' lang='lat' dir='ltr'>cett.</span> <span class='ocrx_word' id='word_1_138' title='bbox 686 1701 821 1722; x_wconf 85' lang='lat' dir='ltr'>sensus:</span> 
     </span>
     <span class='ocr_line' id='line_1_27' title="bbox 75 1734 823 1777; baseline -0.003 -11"><span class='ocrx_word' id='word_1_139' title='bbox 75 1734 222 1777; x_wconf 75' lang='lat' dir='ltr'>quamvis</span> <span class='ocrx_word' id='word_1_140' title='bbox 237 1740 272 1766; x_wconf 86' lang='lat' dir='ltr'>tu</span> <span class='ocrx_word' id='word_1_141' title='bbox 286 1740 392 1766; x_wconf 88' lang='lat' dir='ltr'>autem</span> <span class='ocrx_word' id='word_1_142' title='bbox 407 1734 459 1766; x_wconf 92' lang='lat' dir='ltr'>vel</span> <span class='ocrx_word' id='word_1_143' title='bbox 482 1734 568 1766; x_wconf 82' lang='lat' dir='ltr'>saltu</span> <span class='ocrx_word' id='word_1_144' title='bbox 584 1745 624 1766; x_wconf 90' lang='lat' dir='ltr'>ex</span> <span class='ocrx_word' id='word_1_145' title='bbox 641 1734 715 1765; x_wconf 84' lang='lat' dir='ltr'>altis</span> <span class='ocrx_word' id='word_1_146' title='bbox 730 1734 823 1765; x_wconf 85' lang='lat' dir='ltr'>turri-</span> 
     </span>
     <span class='ocr_line' id='line_1_28' title="bbox 74 1777 822 1821; baseline -0.003 -12"><span class='ocrx_word' id='word_1_147' title='bbox 74 1778 148 1815; x_wconf 76' lang='lat' dir='ltr'>bus,</span> <span class='ocrx_word' id='word_1_148' title='bbox 166 1777 218 1810; x_wconf 85' lang='lat' dir='ltr'>vel</span> <span class='ocrx_word' id='word_1_149' title='bbox 240 1778 346 1820; x_wconf 87' lang='lat' dir='ltr'>gladio</span> <span class='ocrx_word' id='word_1_150' title='bbox 367 1778 400 1810; x_wconf 88' lang='lat' dir='ltr'>in</span> <span class='ocrx_word' id='word_1_151' title='bbox 425 1783 535 1821; x_wconf 85' lang='lat' dir='ltr'>pectus</span> <span class='ocrx_word' id='word_1_152' title='bbox 551 1777 676 1815; x_wconf 88' lang='lat' dir='ltr'>adacto,</span> <span class='ocrx_word' id='word_1_153' title='bbox 698 1777 749 1808; x_wconf 87' lang='lat' dir='ltr'>vel</span> <span class='ocrx_word' id='word_1_154' title='bbox 775 1777 822 1808; x_wconf 84' lang='lat' dir='ltr'>la-</span> 
     </span>
     <span class='ocr_line' id='line_1_29' title="bbox 75 1820 822 1870; baseline -0.003 -17"><span class='ocrx_word' id='word_1_155' title='bbox 75 1831 158 1864; x_wconf 89' lang='lat' dir='ltr'>queo</span> <span class='ocrx_word' id='word_1_156' title='bbox 173 1821 294 1870; x_wconf 67' lang='lat' dir='ltr'>gutturi</span> <span class='ocrx_word' id='word_1_157' title='bbox 309 1831 449 1857; x_wconf 83' lang='lat' dir='ltr'>annexo,</span> <span class='ocrx_word' id='word_1_158' title='bbox 473 1820 570 1852; x_wconf 80' lang='lat' dir='ltr'>vitam</span> <span class='ocrx_word' id='word_1_159' title='bbox 587 1820 676 1852; x_wconf 84' lang='lat' dir='ltr'>finire</span> <span class='ocrx_word' id='word_1_160' title='bbox 697 1820 730 1851; x_wconf 89' lang='lat' dir='ltr'>in</span> <span class='ocrx_word' id='word_1_161' title='bbox 753 1820 822 1851; x_wconf 91' lang='lat' dir='ltr'>ani-</span> 
     </span>
     <span class='ocr_line' id='line_1_30' title="bbox 73 1863 825 1905; baseline -0.001 -10"><span class='ocrx_word' id='word_1_162' title='bbox 73 1874 163 1896; x_wconf 86' lang='lat' dir='ltr'>mum</span> <span class='ocrx_word' id='word_1_163' title='bbox 178 1864 361 1902; x_wconf 76' lang='lat' dir='ltr'>induxeris3</span> <span class='ocrx_word' id='word_1_164' title='bbox 385 1870 492 1896; x_wconf 83' lang='lat' dir='ltr'>tamen</span> <span class='ocrx_word' id='word_1_165' title='bbox 515 1874 535 1895; x_wconf 89' lang='lat' dir='ltr'>a</span> <span class='ocrx_word' id='word_1_166' title='bbox 557 1863 734 1898; x_wconf 82' lang='lat' dir='ltr'>fastidiosa,</span> <span class='ocrx_word' id='word_1_167' title='bbox 760 1874 825 1905; x_wconf 90' lang='lat' dir='ltr'>qua</span> 
     </span>
     <span class='ocr_line' id='line_1_31' title="bbox 74 1906 823 1949; baseline -0.001 -11"><span class='ocrx_word' id='word_1_168' title='bbox 74 1906 257 1943; x_wconf 84' lang='lat' dir='ltr'>maceraris,</span> <span class='ocrx_word' id='word_1_169' title='bbox 274 1907 458 1949; x_wconf 69' lang='lat' dir='ltr'>aegrimonia</span> <span class='ocrx_word' id='word_1_170' title='bbox 472 1906 559 1939; x_wconf 90' lang='lat' dir='ltr'>haud</span> <span class='ocrx_word' id='word_1_171' title='bbox 574 1912 604 1939; x_wconf 82' lang='lat' dir='ltr'>te</span> <span class='ocrx_word' id='word_1_172' title='bbox 618 1906 751 1939; x_wconf 88' lang='lat' dir='ltr'>liberare</span> <span class='ocrx_word' id='word_1_173' title='bbox 766 1917 823 1949; x_wconf 92' lang='lat' dir='ltr'>po-</span> 
     </span>
     <span class='ocr_line' id='line_1_32' title="bbox 74 1949 826 1992; baseline -0.001 -11"><span class='ocrx_word' id='word_1_174' title='bbox 74 1949 162 1988; x_wconf 82' lang='lat' dir='ltr'>teris,</span> <span class='ocrx_word' id='word_1_175' title='bbox 185 1955 219 1982; x_wconf 83' lang='lat' dir='ltr'>et</span> <span class='ocrx_word' id='word_1_176' title='bbox 238 1955 316 1982; x_wconf 86' lang='lat' dir='ltr'>tunc</span> <span class='ocrx_word' id='word_1_177' title='bbox 341 1950 399 1983; x_wconf 82' lang='lat' dir='ltr'>tibi</span> <span class='ocrx_word' id='word_1_178' title='bbox 430 1950 488 1982; x_wconf 85' lang='lat' dir='ltr'>has</span> <span class='ocrx_word' id='word_1_179' title='bbox 512 1959 626 1992; x_wconf 83' lang='lat' dir='ltr'>poenas</span> <span class='ocrx_word' id='word_1_180' title='bbox 649 1949 826 1982; x_wconf 80' lang='lat' dir='ltr'>exsolventi</span> 
     </span>
     <span class='ocr_line' id='line_1_33' title="bbox 75 1992 825 2036; baseline -0.001 -12"><span class='ocrx_word' id='word_1_181' title='bbox 75 1992 266 2025; x_wconf 81' lang='lat' dir='ltr'>insolentius</span> <span class='ocrx_word' id='word_1_182' title='bbox 291 1993 463 2026; x_wconf 82' lang='lat' dir='ltr'>insultabo.</span> <span class='ocrx_word' id='word_1_183' title='bbox 514 1994 639 2029; x_wconf 81' lang='lat' dir='ltr'>Norico,</span> <span class='ocrx_word' id='word_1_184' title='bbox 665 1992 825 2036; x_wconf 79' lang='lat' dir='ltr'>epitheton</span> 
     </span>
     <span class='ocr_line' id='line_1_34' title="bbox 75 2035 822 2080; baseline -0.001 -13"><span class='ocrx_word' id='word_1_185' title='bbox 75 2045 204 2073; x_wconf 68' lang='lat' dir='ltr'>ornans»,</span> <span class='ocrx_word' id='word_1_186' title='bbox 218 2041 256 2068; x_wconf 85' lang='lat' dir='ltr'>ut</span> <span class='ocrx_word' id='word_1_187' title='bbox 271 2046 344 2080; x_wconf 85' lang='lat' dir='ltr'>sup.</span> <span class='ocrx_word' id='word_1_188' title='bbox 365 2037 389 2072; x_wconf 82' lang='lat' dir='ltr'>i,</span> <span class='ocrx_word' id='word_1_189' title='bbox 416 2038 467 2073; x_wconf 86' lang='lat'>16,</span> <span class='ocrx_word' id='word_1_190' title='bbox 487 2037 520 2069; x_wconf 88' lang='lat'>9.</span> <span class='ocrx_word' id='word_1_191' title='bbox 567 2036 665 2074; x_wconf 79' lang='lat' dir='ltr'>Tunc,</span> <span class='ocrx_word' id='word_1_192' title='bbox 691 2035 822 2078; x_wconf 91' lang='lat' dir='ltr'>quando</span> 
     </span>
     <span class='ocr_line' id='line_1_35' title="bbox 73 2078 822 2121; baseline 0.001 -11"><span class='ocrx_word' id='word_1_193' title='bbox 73 2078 188 2112; x_wconf 79' lang='lat' dir='ltr'>misere</span> <span class='ocrx_word' id='word_1_194' title='bbox 202 2079 361 2112; x_wconf 78' lang='lat' dir='ltr'>laborabis</span> <span class='ocrx_word' id='word_1_195' title='bbox 377 2080 427 2112; x_wconf 85' lang='lat' dir='ltr'>his</span> <span class='ocrx_word' id='word_1_196' title='bbox 447 2078 622 2112; x_wconf 83' lang='lat' dir='ltr'>doloribus.</span> <span class='ocrx_word' id='word_1_197' title='bbox 668 2079 734 2121; x_wconf 81' lang='lat' dir='ltr'>Ego</span> <span class='ocrx_word' id='word_1_198' title='bbox 756 2091 822 2111; x_wconf 84' lang='lat' dir='ltr'>vec-</span> 
     </span>
     <span class='ocr_line' id='line_1_36' title="bbox 77 2122 825 2164; baseline -0.001 -10"><span class='ocrx_word' id='word_1_199' title='bbox 77 2123 166 2154; x_wconf 76' lang='lat' dir='ltr'>tabor·</span> <span class='ocrx_word' id='word_1_200' title='bbox 178 2133 264 2164; x_wconf 78' lang='lat' dir='ltr'>eques</span> <span class='ocrx_word' id='word_1_201' title='bbox 280 2124 412 2155; x_wconf 79' lang='lat' dir='ltr'>humeris</span> <span class='ocrx_word' id='word_1_202' title='bbox 427 2124 571 2158; x_wconf 77' lang='lat' dir='ltr'>inimicis,</span> <span class='ocrx_word' id='word_1_203' title='bbox 596 2122 780 2164; x_wconf 85' lang='lat' dir='ltr'>inequitabo</span> <span class='ocrx_word' id='word_1_204' title='bbox 793 2127 825 2153; x_wconf 86' lang='lat' dir='ltr'>et</span> 
     </span>
     <span class='ocr_line' id='line_1_37' title="bbox 75 2164 825 2202; baseline 0 -6"><span class='ocrx_word' id='word_1_205' title='bbox 75 2164 222 2198; x_wconf 76' lang='lat' dir='ltr'>insidebo</span> <span class='ocrx_word' id='word_1_206' title='bbox 239 2165 382 2198; x_wconf 77' lang='lat' dir='ltr'>humeris</span> <span class='ocrx_word' id='word_1_207' title='bbox 402 2165 466 2198; x_wconf 84' lang='lat' dir='ltr'>tuis</span> <span class='ocrx_word' id='word_1_208' title='bbox 489 2164 568 2197; x_wconf 85' lang='lat' dir='ltr'>mibi</span> <span class='ocrx_word' id='word_1_209' title='bbox 591 2165 742 2202; x_wconf 81' lang='lat' dir='ltr'>inimicis,</span> <span class='ocrx_word' id='word_1_210' title='bbox 766 2165 825 2196; x_wconf 80' lang='lat' dir='ltr'>tibi</span> 
     </span>
     <span class='ocr_line' id='line_1_38' title="bbox 76 2207 824 2246; baseline -0.001 -6"><span class='ocrx_word' id='word_1_211' title='bbox 76 2208 155 2240; x_wconf 86' lang='lat' dir='ltr'>mihi</span> <span class='ocrx_word' id='word_1_212' title='bbox 178 2208 392 2242; x_wconf 67' lang='lat' dir='ltr'>infestissimo.</span> <span class='ocrx_word' id='word_1_213' title='bbox 436 2208 502 2246; x_wconf 87' lang='lat' dir='ltr'>Qui</span> <span class='ocrx_word' id='word_1_214' title='bbox 524 2208 715 2240; x_wconf 86' lang='lat' dir='ltr'>insolentius</span> <span class='ocrx_word' id='word_1_215' title='bbox 738 2207 824 2240; x_wconf 83' lang='lat' dir='ltr'>hosti</span> 
     </span>
     <span class='ocr_line' id='line_1_39' title="bbox 77 2251 824 2294; baseline 0 -12"><span class='ocrx_word' id='word_1_216' title='bbox 77 2251 246 2288; x_wconf 78' lang='lat' dir='ltr'>insultant,</span> <span class='ocrx_word' id='word_1_217' title='bbox 265 2252 381 2294; x_wconf 83' lang='lat' dir='ltr'>equitis</span> <span class='ocrx_word' id='word_1_218' title='bbox 403 2251 545 2294; x_wconf 84' lang='lat' dir='ltr'>imagine</span> <span class='ocrx_word' id='word_1_219' title='bbox 568 2251 749 2283; x_wconf 85' lang='lat' dir='ltr'>adumbrari</span> <span class='ocrx_word' id='word_1_220' title='bbox 772 2261 824 2283; x_wconf 89' lang='lat' dir='ltr'>so-</span> 
     </span>
    </p>
   </div>
   <div class='ocr_carea' id='block_1_5' title="bbox 16 2294 822 2332">
    <p class='ocr_par' dir='ltr' id='par_1_17' title="bbox 16 2294 822 2332">
     <span class='ocr_line' id='line_1_40' title="bbox 16 2294 822 2332; baseline 0 -5"><span class='ocrx_word' id='word_1_221' title='bbox 16 2327 19 2332; x_wconf 78' lang='lat'><em>,</em></span> <span class='ocrx_word' id='word_1_222' title='bbox 75 2294 166 2327; x_wconf 69' lang='lat' dir='ltr'>leotz</span> <span class='ocrx_word' id='word_1_223' title='bbox 189 2294 231 2327; x_wconf 80' lang='lat' dir='ltr'>cf.</span> <span class='ocrx_word' id='word_1_224' title='bbox 251 2304 350 2327; x_wconf 83' lang='lat' dir='ltr'>carm.</span> <span class='ocrx_word' id='word_1_225' title='bbox 375 2294 520 2327; x_wconf 79' lang='lat' dir='ltr'>anteced.</span> <span class='ocrx_word' id='word_1_226' title='bbox 538 2306 569 2330; x_wconf 91' lang='lat' dir='ltr'>v,</span> <span class='ocrx_word' id='word_1_227' title='bbox 588 2296 639 2332; x_wconf 84' lang='lat'>12,</span> <span class='ocrx_word' id='word_1_228' title='bbox 657 2295 749 2328; x_wconf 88' lang='lat' dir='ltr'>etsie</span> <span class='ocrx_word' id='word_1_229' title='bbox 766 2307 822 2327; x_wconf 81' lang='grc' dir='ltr'>κα-</span> 
     </span>
    </p>
   </div>
   <div class='ocr_carea' id='block_1_6' title="bbox 13 2687 51 2849">
    <p class='ocr_par' dir='ltr' id='par_1_18' title="bbox 13 2687 51 2849">
     <span class='ocr_line' id='line_1_41' title="bbox 13 2687 51 2849; baseline 0 -19"><span class='ocrx_word' id='word_1_230' title='bbox 13 2687 51 2849; x_wconf 60' lang='grc' dir='ltr'>ἓξ</span> 
     </span>
    </p>
   </div>
   <div class='ocr_carea' id='block_1_7' title="bbox 74 2337 829 2684">
    <p class='ocr_par' dir='ltr' id='par_1_19' title="bbox 77 2337 826 2382">
     <span class='ocr_line' id='line_1_42' title="bbox 77 2337 826 2382; baseline 0 -12"><span class='ocrx_word' id='word_1_231' title='bbox 77 2337 259 2371; x_wconf 63' lang='lat' dir='ltr'>Omni-aiem</span> <span class='ocrx_word' id='word_1_232' title='bbox 269 2337 356 2382; x_wconf 84' lang='lat' dir='ltr'>apud</span> <span class='ocrx_word' id='word_1_233' title='bbox 367 2338 515 2371; x_wconf 84' lang='lat' dir='ltr'>Graecos:</span> <span class='ocrx_word' id='word_1_234' title='bbox 533 2338 577 2370; x_wconf 89' lang='lat' dir='ltr'>cf.</span> <span class='ocrx_word' id='word_1_235' title='bbox 587 2337 724 2370; x_wconf 83' lang='lat' dir='ltr'>Mitsch.</span> <span class='ocrx_word' id='word_1_236' title='bbox 758 2339 826 2370; x_wconf 85' lang='lat' dir='ltr'>Me—</span> 
     </span>
    </p>

    <p class='ocr_par' dir='ltr' id='par_1_20' title="bbox 74 2381 829 2684">
     <span class='ocr_line' id='line_1_43' title="bbox 178 2381 824 2414; baseline -0.002 0"><span class='ocrx_word' id='word_1_237' title='bbox 178 2387 262 2414; x_wconf 76' lang='lat' dir='ltr'>terra</span> <span class='ocrx_word' id='word_1_238' title='bbox 277 2383 362 2414; x_wconf 79' lang='lat' dir='ltr'>cedet</span> <span class='ocrx_word' id='word_1_239' title='bbox 379 2382 558 2413; x_wconf 61' lang='lat' dir='ltr'>insolentiae.</span> <span class='ocrx_word' id='word_1_240' title='bbox 603 2381 717 2413; x_wconf 86' lang='lat' dir='ltr'>Minus</span> <span class='ocrx_word' id='word_1_241' title='bbox 739 2392 824 2413; x_wconf 88' lang='lat' dir='ltr'>nunc</span> 
     </span>
     <span class='ocr_line' id='line_1_44' title="bbox 76 2390 825 2468; baseline -0.001 -11"><span class='ocrx_word' id='word_1_242' title='bbox 76 2390 185 2468; x_wconf 49' lang='grc' dir='ltr'>πέτει</span> <span class='ocrx_word' id='word_1_243' title='bbox 196 2423 295 2467; x_wconf 77' lang='lat' dir='ltr'>hujus</span> <span class='ocrx_word' id='word_1_244' title='bbox 311 2424 387 2462; x_wconf 84' lang='lat' dir='ltr'>loci,</span> <span class='ocrx_word' id='word_1_245' title='bbox 403 2435 500 2467; x_wconf 88' lang='lat' dir='ltr'>quam</span> <span class='ocrx_word' id='word_1_246' title='bbox 515 2423 590 2457; x_wconf 90' lang='lat' dir='ltr'>olim</span> <span class='ocrx_word' id='word_1_247' title='bbox 614 2424 699 2461; x_wconf 85' lang='lat' dir='ltr'>dedi,</span> <span class='ocrx_word' id='word_1_248' title='bbox 723 2425 825 2468; x_wconf 82' lang='lat' dir='ltr'>expli-</span> 
     </span>
     <span class='ocr_line' id='line_1_45' title="bbox 77 2466 826 2510; baseline -0.003 -10"><span class='ocrx_word' id='word_1_249' title='bbox 77 2466 174 2500; x_wconf 73' lang='lat' dir='ltr'>entio-</span> <span class='ocrx_word' id='word_1_250' title='bbox 231 2467 511 2510; x_wconf 84' lang='lat' dir='ltr'>Simplicissimum</span> <span class='ocrx_word' id='word_1_251' title='bbox 546 2467 684 2504; x_wconf 85' lang='lat' dir='ltr'>videtur,</span> <span class='ocrx_word' id='word_1_252' title='bbox 716 2468 744 2499; x_wconf 85' lang='lat' dir='ltr'>si</span> <span class='ocrx_word' id='word_1_253' title='bbox 773 2468 826 2501; x_wconf 86' lang='lat' dir='ltr'>hie</span> 
     </span>
     <span class='ocr_line' id='line_1_46' title="bbox 74 2509 827 2555; baseline -0.001 -11"><span class='ocrx_word' id='word_1_254' title='bbox 74 2509 170 2544; x_wconf 75' lang='lat' dir='ltr'>locus</span> <span class='ocrx_word' id='word_1_255' title='bbox 183 2510 360 2555; x_wconf 81' lang='lat' dir='ltr'>explicetur</span> <span class='ocrx_word' id='word_1_256' title='bbox 378 2511 445 2543; x_wconf 83' lang='lat' dir='ltr'>sic:</span> <span class='ocrx_word' id='word_1_257' title='bbox 470 2510 614 2553; x_wconf 88' lang='lat' dir='ltr'>mihique</span> <span class='ocrx_word' id='word_1_258' title='bbox 640 2511 827 2543; x_wconf 87' lang='lat' dir='ltr'>insolentius</span> 
     </span>
     <span class='ocr_line' id='line_1_47' title="bbox 77 2551 827 2597; baseline 0 -11"><span class='ocrx_word' id='word_1_259' title='bbox 77 2551 113 2586; x_wconf 76' lang='lat' dir='ltr'>in</span> <span class='ocrx_word' id='word_1_260' title='bbox 135 2553 236 2586; x_wconf 68' lang='lat' dir='ltr'>altum</span> <span class='ocrx_word' id='word_1_261' title='bbox 263 2553 396 2586; x_wconf 78' lang='lat' dir='ltr'>enitenti</span> <span class='ocrx_word' id='word_1_262' title='bbox 418 2560 499 2586; x_wconf 85' lang='lat' dir='ltr'>terra</span> <span class='ocrx_word' id='word_1_263' title='bbox 525 2554 628 2591; x_wconf 87' lang='lat' dir='ltr'>cedet.</span> <span class='ocrx_word' id='word_1_264' title='bbox 653 2555 686 2585; x_wconf 87' lang='lat' dir='ltr'>h.</span> <span class='ocrx_word' id='word_1_265' title='bbox 715 2565 744 2587; x_wconf 88' lang='lat' dir='ltr'>e.</span> <span class='ocrx_word' id='word_1_266' title='bbox 768 2565 827 2597; x_wconf 90' lang='lat' dir='ltr'>ego</span> 
     </span>
     <span class='ocr_line' id='line_1_48' title="bbox 77 2597 828 2630; baseline 0 -1"><span class='ocrx_word' id='word_1_267' title='bbox 77 2600 111 2629; x_wconf 58' lang='lat' dir='ltr'><em>w</em></span> <span class='ocrx_word' id='word_1_268' title='bbox 133 2607 175 2630; x_wconf 80' lang='lat' dir='ltr'>ex</span> <span class='ocrx_word' id='word_1_269' title='bbox 197 2603 279 2630; x_wconf 78' lang='lat' dir='ltr'>terra</span> <span class='ocrx_word' id='word_1_270' title='bbox 305 2597 492 2630; x_wconf 87' lang='lat' dir='ltr'>insolentius</span> <span class='ocrx_word' id='word_1_271' title='bbox 517 2607 643 2629; x_wconf 82' lang='lat' dir='ltr'>mecum</span> <span class='ocrx_word' id='word_1_272' title='bbox 669 2597 702 2628; x_wconf 92' lang='lat' dir='ltr'>in</span> <span class='ocrx_word' id='word_1_273' title='bbox 727 2598 828 2629; x_wconf 88' lang='lat' dir='ltr'>altum</span> 
     </span>
     <span class='ocr_line' id='line_1_49' title="bbox 79 2639 829 2684; baseline -0.001 -11"><span class='ocrx_word' id='word_1_274' title='bbox 79 2639 233 2674; x_wconf 62' lang='lat' dir='ltr'>inferam.</span> <span class='ocrx_word' id='word_1_275' title='bbox 277 2640 415 2674; x_wconf 81' lang='lat' dir='ltr'>Canidia</span> <span class='ocrx_word' id='word_1_276' title='bbox 439 2651 566 2684; x_wconf 87' lang='lat' dir='ltr'>nempe,</span> <span class='ocrx_word' id='word_1_277' title='bbox 591 2651 636 2679; x_wconf 87' lang='lat' dir='ltr'>se,</span> <span class='ocrx_word' id='word_1_278' title='bbox 661 2646 697 2672; x_wconf 90' lang='lat' dir='ltr'>ut</span> <span class='ocrx_word' id='word_1_279' title='bbox 713 2641 829 2674; x_wconf 87' lang='lat' dir='ltr'>venefi-</span> 
     </span>
    </p>
   </div>
   <div class='ocr_carea' id='block_1_8' title="bbox 87 2686 101 2695">
    <p class='ocr_par' dir='ltr' id='par_1_21' title="bbox 87 2686 101 2695">
     <span class='ocr_line' id='line_1_50' title="bbox 87 2686 101 2695; baseline 0 -8"><span class='ocrx_word' id='word_1_280' title='bbox 87 2686 90 2695; x_wconf 41' lang='grc' dir='ltr'><strong><em>Δ</em></strong></span> <span class='ocrx_word' id='word_1_281' title='bbox 98 2686 101 2687; x_wconf 21' lang='grc' dir='ltr'><em>γ</em></span> 
     </span>
    </p>
   </div>
   <div class='ocr_carea' id='block_1_9' title="bbox 14 3128 98 3288">
    <p class='ocr_par' dir='ltr' id='par_1_22' title="bbox 14 3128 98 3288">
     <span class='ocr_line' id='line_1_51' title="bbox 14 3128 98 3288; baseline 0 0"><span class='ocrx_word' id='word_1_282' title='bbox 14 3128 98 3288; x_wconf 68' lang='lat'>{1-</span> 
     </span>
    </p>
   </div>
   <div class='ocr_carea' id='block_1_10' title="bbox 867 1346 1620 1691">
    <p class='ocr_par' dir='ltr' id='par_1_23' title="bbox 868 1346 1619 1518">
     <span class='ocr_line' id='line_1_52' title="bbox 868 1346 1617 1389; baseline 0.005 -12"><span class='ocrx_word' id='word_1_283' title='bbox 868 1356 951 1382; x_wconf 85' lang='lat' dir='ltr'>cam,</span> <span class='ocrx_word' id='word_1_284' title='bbox 969 1352 1109 1389; x_wconf 85' lang='lat' dir='ltr'>poetam,</span> <span class='ocrx_word' id='word_1_285' title='bbox 1126 1346 1201 1378; x_wconf 91' lang='lat' dir='ltr'>dum</span> <span class='ocrx_word' id='word_1_286' title='bbox 1217 1346 1288 1388; x_wconf 86' lang='lat' dir='ltr'>ejus</span> <span class='ocrx_word' id='word_1_287' title='bbox 1310 1347 1452 1379; x_wconf 87' lang='lat' dir='ltr'>humeris</span> <span class='ocrx_word' id='word_1_288' title='bbox 1467 1347 1617 1387; x_wconf 78' lang='lat' dir='ltr'>insideat,</span> 
     </span>
     <span class='ocr_line' id='line_1_53' title="bbox 868 1388 1619 1434; baseline 0.005 -14"><span class='ocrx_word' id='word_1_289' title='bbox 868 1388 1058 1421; x_wconf 77' lang='lat' dir='ltr'>insolentius</span> <span class='ocrx_word' id='word_1_290' title='bbox 1074 1399 1182 1421; x_wconf 84' lang='lat' dir='ltr'>secum</span> <span class='ocrx_word' id='word_1_291' title='bbox 1200 1389 1234 1420; x_wconf 86' lang='lat' dir='ltr'>in</span> <span class='ocrx_word' id='word_1_292' title='bbox 1250 1390 1351 1421; x_wconf 88' lang='lat' dir='ltr'>altum</span> <span class='ocrx_word' id='word_1_293' title='bbox 1367 1389 1508 1432; x_wconf 82' lang='lat' dir='ltr'>abripere</span> <span class='ocrx_word' id='word_1_294' title='bbox 1517 1398 1549 1423; x_wconf 83' lang='lat' dir='ltr'>et</span> <span class='ocrx_word' id='word_1_295' title='bbox 1563 1403 1619 1434; x_wconf 83' lang='lat' dir='ltr'>per</span> 
     </span>
     <span class='ocr_line' id='line_1_54' title="bbox 868 1432 1619 1474; baseline 0.005 -11"><span class='ocrx_word' id='word_1_296' title='bbox 868 1442 972 1464; x_wconf 88' lang='lat' dir='ltr'>aerem</span> <span class='ocrx_word' id='word_1_297' title='bbox 989 1433 1109 1474; x_wconf 82' lang='lat' dir='ltr'>agitare</span> <span class='ocrx_word' id='word_1_298' title='bbox 1125 1432 1219 1469; x_wconf 86' lang='lat' dir='ltr'>velle,</span> <span class='ocrx_word' id='word_1_299' title='bbox 1236 1433 1388 1465; x_wconf 85' lang='lat' dir='ltr'>minatur.</span> <span class='ocrx_word' id='word_1_300' title='bbox 1421 1434 1487 1472; x_wconf 86' lang='lat' dir='ltr'>Qui</span> <span class='ocrx_word' id='word_1_301' title='bbox 1503 1440 1619 1467; x_wconf 84' lang='lat' dir='ltr'>terram</span> 
     </span>
     <span class='ocr_line' id='line_1_55' title="bbox 868 1474 1285 1518; baseline 0.005 -12"><span class='ocrx_word' id='word_1_302' title='bbox 868 1474 1034 1518; x_wconf 85' lang='lat' dir='ltr'>relinquit,</span> <span class='ocrx_word' id='word_1_303' title='bbox 1050 1478 1077 1507; x_wconf 77' lang='lat' dir='ltr'>ei</span> <span class='ocrx_word' id='word_1_304' title='bbox 1095 1484 1178 1507; x_wconf 80' lang='lat' dir='ltr'>terra</span> <span class='ocrx_word' id='word_1_305' title='bbox 1192 1478 1285 1508; x_wconf 81' lang='lat' dir='ltr'>cedit.</span> 
     </span>
    </p>

    <p class='ocr_par' dir='ltr' id='par_1_24' title="bbox 867 1519 1620 1691">
     <span class='ocr_line' id='line_1_56' title="bbox 910 1519 1618 1564; baseline 0.003 -14"><span class='ocrx_word' id='word_1_306' title='bbox 910 1519 1052 1551; x_wconf 82' lang='lat'>76—81.</span> <span class='ocrx_word' id='word_1_307' title='bbox 1078 1520 1140 1555; x_wconf 84' lang='lat' dir='ltr'>An,</span> <span class='ocrx_word' id='word_1_308' title='bbox 1167 1531 1231 1561; x_wconf 78' lang='lat' dir='ltr'>quae</span> <span class='ocrx_word' id='word_1_309' title='bbox 1253 1530 1368 1551; x_wconf 82' lang='lat' dir='ltr'>movere</span> <span class='ocrx_word' id='word_1_310' title='bbox 1388 1530 1487 1552; x_wconf 82' lang='lat' dir='ltr'>cereus</span> <span class='ocrx_word' id='word_1_311' title='bbox 1506 1523 1618 1564; x_wconf 80' lang='lat' dir='ltr'>imagi-</span> 
     </span>
     <span class='ocr_line' id='line_1_57' title="bbox 867 1568 1619 1605; baseline 0.004 -12"><span class='ocrx_word' id='word_1_312' title='bbox 867 1573 930 1599; x_wconf 83' lang='lat' dir='ltr'>nes,</span> <span class='ocrx_word' id='word_1_313' title='bbox 960 1568 1037 1594; x_wconf 88' lang='lat' dir='ltr'>cett.</span> <span class='ocrx_word' id='word_1_314' title='bbox 1069 1573 1202 1594; x_wconf 83' lang='lat' dir='ltr'>sensus:</span> <span class='ocrx_word' id='word_1_315' title='bbox 1241 1573 1283 1594; x_wconf 89' lang='lat' dir='ltr'>an</span> <span class='ocrx_word' id='word_1_316' title='bbox 1309 1573 1380 1604; x_wconf 85' lang='lat' dir='ltr'>ego,</span> <span class='ocrx_word' id='word_1_317' title='bbox 1409 1574 1481 1605; x_wconf 85' lang='lat' dir='ltr'>quae</span> <span class='ocrx_word' id='word_1_318' title='bbox 1511 1575 1619 1596; x_wconf 88' lang='lat' dir='ltr'>cereas</span> 
     </span>
     <span class='ocr_line' id='line_1_58' title="bbox 867 1604 1620 1650; baseline 0.004 -14"><span class='ocrx_word' id='word_1_319' title='bbox 867 1604 1035 1646; x_wconf 86' lang='lat' dir='ltr'>imagines,</span> <span class='ocrx_word' id='word_1_320' title='bbox 1060 1612 1097 1637; x_wconf 89' lang='lat' dir='ltr'>ut</span> <span class='ocrx_word' id='word_1_321' title='bbox 1126 1605 1272 1648; x_wconf 87' lang='lat' dir='ltr'>exemplo</span> <span class='ocrx_word' id='word_1_322' title='bbox 1301 1605 1440 1648; x_wconf 87' lang='lat' dir='ltr'>quodam</span> <span class='ocrx_word' id='word_1_323' title='bbox 1469 1606 1527 1638; x_wconf 83' lang='lat' dir='ltr'>tibi</span> <span class='ocrx_word' id='word_1_324' title='bbox 1558 1607 1620 1650; x_wconf 89' lang='lat' dir='ltr'>ipsi</span> 
     </span>
     <span class='ocr_line' id='line_1_59' title="bbox 868 1648 1619 1691; baseline 0.004 -12"><span class='ocrx_word' id='word_1_325' title='bbox 868 1649 965 1690; x_wconf 86' lang='lat' dir='ltr'>paulo</span> <span class='ocrx_word' id='word_1_326' title='bbox 996 1648 1159 1680; x_wconf 83' lang='lat' dir='ltr'>curiosiori</span> <span class='ocrx_word' id='word_1_327' title='bbox 1186 1650 1329 1691; x_wconf 78' lang='lat' dir='ltr'>probavi,</span> <span class='ocrx_word' id='word_1_328' title='bbox 1354 1649 1452 1680; x_wconf 87' lang='lat' dir='ltr'>animi</span> <span class='ocrx_word' id='word_1_329' title='bbox 1480 1650 1619 1682; x_wconf 86' lang='lat' dir='ltr'>motibus</span> 
     </span>
    </p>
   </div>
   <div class='ocr_carea' id='block_1_11' title="bbox 867 1691 1663 1728">
    <p class='ocr_par' dir='ltr' id='par_1_25' title="bbox 867 1691 1663 1728">
     <span class='ocr_line' id='line_1_60' title="bbox 867 1691 1663 1728; baseline 0.005 -6"><span class='ocrx_word' id='word_1_330' title='bbox 867 1691 1002 1728; x_wconf 87' lang='lat' dir='ltr'>afficere,</span> <span class='ocrx_word' id='word_1_331' title='bbox 1019 1693 1146 1722; x_wconf 85' lang='lat' dir='ltr'>Lunam</span> <span class='ocrx_word' id='word_1_332' title='bbox 1170 1691 1365 1723; x_wconf 83' lang='lat' dir='ltr'>carminibus</span> <span class='ocrx_word' id='word_1_333' title='bbox 1389 1692 1430 1723; x_wconf 88' lang='lat' dir='ltr'>de</span> <span class='ocrx_word' id='word_1_334' title='bbox 1454 1693 1539 1724; x_wconf 86' lang='lat' dir='ltr'>coelo</span> <span class='ocrx_word' id='word_1_335' title='bbox 1561 1693 1618 1726; x_wconf 87' lang='lat' dir='ltr'>de-</span> <span class='ocrx_word' id='word_1_336' title='bbox 1660 1716 1663 1717; x_wconf 28' lang='grc' dir='ltr'><em>ν</em></span> 
     </span>
    </p>
   </div>
   <div class='ocr_carea' id='block_1_12' title="bbox 866 1733 1622 2686">
    <p class='ocr_par' dir='ltr' id='par_1_26' title="bbox 866 1733 1622 2686">
     <span class='ocr_line' id='line_1_61' title="bbox 866 1733 1618 1778; baseline 0.003 -13"><span class='ocrx_word' id='word_1_337' title='bbox 866 1733 994 1772; x_wconf 85' lang='lat' dir='ltr'>ducere,</span> <span class='ocrx_word' id='word_1_338' title='bbox 1008 1739 1148 1765; x_wconf 88' lang='lat' dir='ltr'>mortuos</span> <span class='ocrx_word' id='word_1_339' title='bbox 1162 1734 1196 1764; x_wconf 90' lang='lat' dir='ltr'>in</span> <span class='ocrx_word' id='word_1_340' title='bbox 1210 1734 1307 1765; x_wconf 89' lang='lat' dir='ltr'>vitam</span> <span class='ocrx_word' id='word_1_341' title='bbox 1321 1745 1478 1771; x_wconf 83' lang='lat' dir='ltr'>revocare,</span> <span class='ocrx_word' id='word_1_342' title='bbox 1489 1741 1522 1766; x_wconf 84' lang='lat' dir='ltr'>et</span> <span class='ocrx_word' id='word_1_343' title='bbox 1531 1736 1618 1778; x_wconf 88' lang='lat' dir='ltr'>phil-</span> 
     </span>
     <span class='ocr_line' id='line_1_62' title="bbox 867 1777 1617 1820; baseline 0.005 -13"><span class='ocrx_word' id='word_1_344' title='bbox 867 1781 951 1808; x_wconf 89' lang='lat' dir='ltr'>trum</span> <span class='ocrx_word' id='word_1_345' title='bbox 967 1777 1097 1809; x_wconf 83' lang='lat' dir='ltr'>miscere</span> <span class='ocrx_word' id='word_1_346' title='bbox 1109 1777 1241 1820; x_wconf 81' lang='lat' dir='ltr'>possim,</span> <span class='ocrx_word' id='word_1_347' title='bbox 1255 1777 1336 1808; x_wconf 88' lang='lat' dir='ltr'>nihil</span> <span class='ocrx_word' id='word_1_348' title='bbox 1347 1784 1412 1809; x_wconf 86' lang='lat' dir='ltr'>arte</span> <span class='ocrx_word' id='word_1_349' title='bbox 1423 1787 1494 1809; x_wconf 84' lang='lat' dir='ltr'>mea</span> <span class='ocrx_word' id='word_1_350' title='bbox 1506 1785 1617 1812; x_wconf 83' lang='lat' dir='ltr'>contra</span> 
     </span>
     <span class='ocr_line' id='line_1_63' title="bbox 869 1820 1618 1862; baseline 0.005 -12"><span class='ocrx_word' id='word_1_351' title='bbox 869 1825 899 1851; x_wconf 85' lang='lat' dir='ltr'>te</span> <span class='ocrx_word' id='word_1_352' title='bbox 909 1820 1066 1852; x_wconf 64' lang='lat' dir='ltr'>efficiam?</span> <span class='ocrx_word' id='word_1_353' title='bbox 1113 1821 1165 1851; x_wconf 91' lang='lat' dir='ltr'>De</span> <span class='ocrx_word' id='word_1_354' title='bbox 1180 1822 1272 1851; x_wconf 81' lang='lat' dir='ltr'>cereis</span> <span class='ocrx_word' id='word_1_355' title='bbox 1292 1822 1489 1862; x_wconf 81' lang='lat' dir='ltr'>imaginibus,</span> <span class='ocrx_word' id='word_1_356' title='bbox 1506 1831 1618 1854; x_wconf 86' lang='lat' dir='ltr'>amau-</span> 
     </span>
     <span class='ocr_line' id='line_1_64' title="bbox 868 1862 1618 1906; baseline 0.005 -13"><span class='ocrx_word' id='word_1_357' title='bbox 868 1862 908 1894; x_wconf 86' lang='lat' dir='ltr'>tis</span> <span class='ocrx_word' id='word_1_358' title='bbox 922 1863 1058 1905; x_wconf 84' lang='lat' dir='ltr'>effigiem</span> <span class='ocrx_word' id='word_1_359' title='bbox 1073 1862 1106 1894; x_wconf 91' lang='lat' dir='ltr'>in</span> <span class='ocrx_word' id='word_1_360' title='bbox 1121 1863 1220 1895; x_wconf 88' lang='lat' dir='ltr'>sacris</span> <span class='ocrx_word' id='word_1_361' title='bbox 1235 1863 1366 1906; x_wconf 83' lang='lat' dir='ltr'>magicis</span> <span class='ocrx_word' id='word_1_362' title='bbox 1385 1870 1618 1906; x_wconf 63' lang='lat' dir='ltr'>repraesentan-</span> 
     </span>
     <span class='ocr_line' id='line_1_65' title="bbox 868 1905 1618 1949; baseline 0.005 -12"><span class='ocrx_word' id='word_1_363' title='bbox 868 1905 966 1943; x_wconf 84' lang='lat' dir='ltr'>tibus,</span> <span class='ocrx_word' id='word_1_364' title='bbox 998 1906 1040 1938; x_wconf 86' lang='lat' dir='ltr'>cf.</span> <span class='ocrx_word' id='word_1_365' title='bbox 1073 1906 1233 1938; x_wconf 82' lang='lat' dir='ltr'>Theocrit.</span> <span class='ocrx_word' id='word_1_366' title='bbox 1264 1906 1298 1944; x_wconf 89' lang='lat' dir='ltr'>ii,</span> <span class='ocrx_word' id='word_1_367' title='bbox 1330 1908 1385 1944; x_wconf 82' lang='lat'>28,</span> <span class='ocrx_word' id='word_1_368' title='bbox 1421 1906 1514 1949; x_wconf 88' lang='lat' dir='ltr'>Virg.</span> <span class='ocrx_word' id='word_1_369' title='bbox 1546 1909 1618 1941; x_wconf 85' lang='lat' dir='ltr'>Ecl.</span> 
     </span>
     <span class='ocr_line' id='line_1_66' title="bbox 869 1949 1616 1992; baseline 0.005 -13"><span class='ocrx_word' id='word_1_370' title='bbox 869 1949 935 1985; x_wconf 83' lang='lat' dir='ltr'>viii,</span> <span class='ocrx_word' id='word_1_371' title='bbox 950 1951 1004 1981; x_wconf 85' lang='lat'>80.</span> <span class='ocrx_word' id='word_1_372' title='bbox 1051 1950 1158 1981; x_wconf 74' lang='lat' dir='ltr'>Cereus</span> <span class='ocrx_word' id='word_1_373' title='bbox 1174 1951 1319 1992; x_wconf 78' lang='lat' dir='ltr'>imagines</span> <span class='ocrx_word' id='word_1_374' title='bbox 1342 1961 1468 1985; x_wconf 82' lang='lat' dir='ltr'>movere,</span> <span class='ocrx_word' id='word_1_375' title='bbox 1492 1949 1616 1989; x_wconf 84' lang='lat' dir='ltr'>iisdem,</span> 
     </span>
     <span class='ocr_line' id='line_1_67' title="bbox 869 1992 1619 2036; baseline 0.003 -13"><span class='ocrx_word' id='word_1_376' title='bbox 869 1993 988 2034; x_wconf 86' lang='lat' dir='ltr'>quibus</span> <span class='ocrx_word' id='word_1_377' title='bbox 1009 2002 1119 2024; x_wconf 86' lang='lat' dir='ltr'>amans</span> <span class='ocrx_word' id='word_1_378' title='bbox 1141 1993 1288 2030; x_wconf 85' lang='lat' dir='ltr'>afficitur,</span> <span class='ocrx_word' id='word_1_379' title='bbox 1313 1992 1452 2024; x_wconf 85' lang='lat' dir='ltr'>motibus</span> <span class='ocrx_word' id='word_1_380' title='bbox 1473 1992 1619 2036; x_wconf 86' lang='lat' dir='ltr'>implere.</span> 
     </span>
     <span class='ocr_line' id='line_1_68' title="bbox 869 2035 1618 2079; baseline 0.003 -12"><span class='ocrx_word' id='word_1_381' title='bbox 869 2037 1027 2071; x_wconf 71' lang='lat' dir='ltr'>Cur-iosus,</span> <span class='ocrx_word' id='word_1_382' title='bbox 1049 2046 1123 2067; x_wconf 88' lang='lat' dir='ltr'>cum</span> <span class='ocrx_word' id='word_1_383' title='bbox 1148 2046 1188 2068; x_wconf 87' lang='lat' dir='ltr'>ex</span> <span class='ocrx_word' id='word_1_384' title='bbox 1218 2035 1314 2078; x_wconf 86' lang='lat' dir='ltr'>hujus</span> <span class='ocrx_word' id='word_1_385' title='bbox 1340 2035 1384 2067; x_wconf 86' lang='lat' dir='ltr'>rei</span> <span class='ocrx_word' id='word_1_386' title='bbox 1414 2036 1618 2079; x_wconf 58' lang='lat' dir='ltr'>explorandae</span> 
     </span>
     <span class='ocr_line' id='line_1_69' title="bbox 867 2078 1618 2120; baseline 0.003 -10"><span class='ocrx_word' id='word_1_387' title='bbox 867 2079 973 2110; x_wconf 85' lang='lat' dir='ltr'>studio</span> <span class='ocrx_word' id='word_1_388' title='bbox 988 2079 1114 2111; x_wconf 85' lang='lat' dir='ltr'>adesses</span> <span class='ocrx_word' id='word_1_389' title='bbox 1128 2079 1207 2110; x_wconf 88' lang='lat' dir='ltr'>mibi</span> <span class='ocrx_word' id='word_1_390' title='bbox 1229 2089 1336 2111; x_wconf 88' lang='lat' dir='ltr'>cereas</span> <span class='ocrx_word' id='word_1_391' title='bbox 1357 2078 1514 2120; x_wconf 86' lang='lat' dir='ltr'>imagines</span> <span class='ocrx_word' id='word_1_392' title='bbox 1536 2086 1618 2114; x_wconf 84' lang='lat' dir='ltr'>trac-</span> 
     </span>
     <span class='ocr_line' id='line_1_70' title="bbox 868 2122 1620 2168; baseline 0.007 -15"><span class='ocrx_word' id='word_1_393' title='bbox 868 2122 961 2154; x_wconf 84' lang='lat' dir='ltr'>tanti.</span> <span class='ocrx_word' id='word_1_394' title='bbox 1007 2122 1157 2162; x_wconf 81' lang='lat' dir='ltr'>Deripere</span> <span class='ocrx_word' id='word_1_395' title='bbox 1173 2123 1297 2153; x_wconf 84' lang='lat' dir='ltr'>Lunam</span> <span class='ocrx_word' id='word_1_396' title='bbox 1317 2123 1456 2154; x_wconf 81' lang='lat' dir='ltr'>vocibus:</span> <span class='ocrx_word' id='word_1_397' title='bbox 1481 2123 1525 2154; x_wconf 83' lang='lat' dir='ltr'>cf.</span> <span class='ocrx_word' id='word_1_398' title='bbox 1545 2134 1620 2168; x_wconf 88' lang='lat' dir='ltr'>sup.</span> 
     </span>
     <span class='ocr_line' id='line_1_71' title="bbox 870 2165 1621 2208; baseline 0.004 -12"><span class='ocrx_word' id='word_1_399' title='bbox 870 2165 975 2208; x_wconf 88' lang='lat' dir='ltr'>Epod.</span> <span class='ocrx_word' id='word_1_400' title='bbox 999 2167 1032 2202; x_wconf 87' lang='lat'>5,</span> <span class='ocrx_word' id='word_1_401' title='bbox 1063 2166 1118 2197; x_wconf 87' lang='lat'>46.</span> <span class='ocrx_word' id='word_1_402' title='bbox 1178 2166 1332 2197; x_wconf 79' lang='lat' dir='ltr'>Desiderii</span> <span class='ocrx_word' id='word_1_403' title='bbox 1364 2167 1522 2206; x_wconf 81' lang='lat' dir='ltr'>poculum,</span> <span class='ocrx_word' id='word_1_404' title='bbox 1547 2177 1583 2199; x_wconf 89' lang='lat' dir='ltr'>su</span> <span class='ocrx_word' id='word_1_405' title='bbox 1611 2192 1621 2202; x_wconf 89' lang='lat'>.</span> 
     </span>
     <span class='ocr_line' id='line_1_72' title="bbox 868 2179 1618 2253; baseline 0.001 -14"><span class='ocrx_word' id='word_1_406' title='bbox 868 2218 966 2240; x_wconf 86' lang='lat' dir='ltr'>carm.</span> <span class='ocrx_word' id='word_1_407' title='bbox 991 2208 1079 2240; x_wconf 88' lang='lat' dir='ltr'>laud.</span> <span class='ocrx_word' id='word_1_408' title='bbox 1101 2219 1132 2240; x_wconf 90' lang='lat' dir='ltr'>v.</span> <span class='ocrx_word' id='word_1_409' title='bbox 1151 2209 1206 2245; x_wconf 82' lang='lat'>38.</span> <span class='ocrx_word' id='word_1_410' title='bbox 1223 2210 1334 2240; x_wconf 81' lang='lat' dir='ltr'>amoris</span> <span class='ocrx_word' id='word_1_411' title='bbox 1353 2210 1508 2249; x_wconf 78' lang='lat' dir='ltr'>poculum,</span> <span class='ocrx_word' id='word_1_412' title='bbox 1534 2179 1618 2253; x_wconf 53' lang='lat' dir='ltr'>phil).</span> 
     </span>
     <span class='ocr_line' id='line_1_73' title="bbox 868 2251 1619 2294; baseline 0.004 -11"><span class='ocrx_word' id='word_1_413' title='bbox 868 2256 963 2283; x_wconf 83' lang='lat' dir='ltr'>trum.</span> <span class='ocrx_word' id='word_1_414' title='bbox 987 2253 1031 2284; x_wconf 90' lang='lat' dir='ltr'>V.</span> <span class='ocrx_word' id='word_1_415' title='bbox 1041 2253 1096 2287; x_wconf 85' lang='lat'>81,</span> <span class='ocrx_word' id='word_1_416' title='bbox 1106 2251 1202 2294; x_wconf 89' lang='lat' dir='ltr'>vulgo</span> <span class='ocrx_word' id='word_1_417' title='bbox 1211 2251 1387 2293; x_wconf 85' lang='lat' dir='ltr'>legebatur,</span> <span class='ocrx_word' id='word_1_418' title='bbox 1399 2253 1518 2284; x_wconf 85' lang='lat' dir='ltr'>Plorem</span> <span class='ocrx_word' id='word_1_419' title='bbox 1530 2258 1619 2294; x_wconf 74' lang='lat' dir='ltr'>artis,</span> 
     </span>
     <span class='ocr_line' id='line_1_74' title="bbox 869 2296 1619 2336; baseline 0.005 -10"><span class='ocrx_word' id='word_1_420' title='bbox 869 2297 904 2326; x_wconf 85' lang='lat' dir='ltr'>in</span> <span class='ocrx_word' id='word_1_421' title='bbox 925 2302 955 2327; x_wconf 85' lang='lat' dir='ltr'>te</span> <span class='ocrx_word' id='word_1_422' title='bbox 972 2296 1020 2327; x_wconf 83' lang='lat' dir='ltr'>m&#39;l</span> <span class='ocrx_word' id='word_1_423' title='bbox 1043 2296 1178 2327; x_wconf 78' lang='lat' dir='ltr'>habentis</span> <span class='ocrx_word' id='word_1_424' title='bbox 1199 2297 1337 2327; x_wconf 71' lang='lat' dir='ltr'>exitum?</span> <span class='ocrx_word' id='word_1_425' title='bbox 1384 2296 1505 2328; x_wconf 76' lang='lat' dir='ltr'>Plorem</span> <span class='ocrx_word' id='word_1_426' title='bbox 1528 2300 1619 2336; x_wconf 78' lang='lat' dir='ltr'>artis,</span> 
     </span>
     <span class='ocr_line' id='line_1_75' title="bbox 870 2338 1620 2381; baseline 0.005 -11"><span class='ocrx_word' id='word_1_427' title='bbox 870 2338 1086 2381; x_wconf 83' lang='lat' dir='ltr'>explicabant,</span> <span class='ocrx_word' id='word_1_428' title='bbox 1120 2338 1196 2370; x_wconf 80' lang='lat' dir='ltr'>artis</span> <span class='ocrx_word' id='word_1_429' title='bbox 1230 2348 1340 2377; x_wconf 83' lang='lat' dir='ltr'>causa,</span> <span class='ocrx_word' id='word_1_430' title='bbox 1367 2339 1430 2375; x_wconf 84' lang='lat' dir='ltr'>vel,</span> <span class='ocrx_word' id='word_1_431' title='bbox 1466 2340 1506 2372; x_wconf 89' lang='lat' dir='ltr'>de</span> <span class='ocrx_word' id='word_1_432' title='bbox 1541 2347 1620 2374; x_wconf 89' lang='lat' dir='ltr'>arte.</span> 
     </span>
     <span class='ocr_line' id='line_1_76' title="bbox 869 2381 1620 2430; baseline 0.007 -18"><span class='ocrx_word' id='word_1_433' title='bbox 869 2382 930 2413; x_wconf 91' lang='lat' dir='ltr'>Sed</span> <span class='ocrx_word' id='word_1_434' title='bbox 946 2382 1019 2425; x_wconf 89' lang='lat' dir='ltr'>quis</span> <span class='ocrx_word' id='word_1_435' title='bbox 1035 2381 1095 2414; x_wconf 89' lang='lat' dir='ltr'>hoc</span> <span class='ocrx_word' id='word_1_436' title='bbox 1111 2382 1224 2413; x_wconf 83' lang='lat' dir='ltr'>durum</span> <span class='ocrx_word' id='word_1_437' title='bbox 1240 2382 1392 2430; x_wconf 78' lang='lat' dir='ltr'>loquendi</span> <span class='ocrx_word' id='word_1_438' title='bbox 1406 2393 1505 2425; x_wconf 88' lang='lat' dir='ltr'>genus</span> <span class='ocrx_word' id='word_1_439' title='bbox 1520 2383 1620 2417; x_wconf 82' lang='lat' dir='ltr'>ferat&#39;!</span> 
     </span>
     <span class='ocr_line' id='line_1_77' title="bbox 871 2424 1621 2467; baseline 0.001 -11"><span class='ocrx_word' id='word_1_440' title='bbox 871 2425 955 2457; x_wconf 93' lang='lat' dir='ltr'>Dedi</span> <span class='ocrx_word' id='word_1_441' title='bbox 978 2424 1075 2467; x_wconf 86' lang='lat' dir='ltr'>igitur</span> <span class='ocrx_word' id='word_1_442' title='bbox 1097 2425 1266 2457; x_wconf 87' lang='lat' dir='ltr'>lectionem</span> <span class='ocrx_word' id='word_1_443' title='bbox 1289 2436 1322 2456; x_wconf 80' lang='grc' dir='ltr'>ιη</span> <span class='ocrx_word' id='word_1_444' title='bbox 1338 2425 1414 2457; x_wconf 91' lang='lat' dir='ltr'>edit.</span> <span class='ocrx_word' id='word_1_445' title='bbox 1439 2426 1548 2459; x_wconf 82' lang='lat' dir='ltr'>Bentl.</span> <span class='ocrx_word' id='word_1_446' title='bbox 1563 2438 1621 2461; x_wconf 88' lang='lat' dir='ltr'>ex.</span> 
     </span>
     <span class='ocr_line' id='line_1_78' title="bbox 870 2467 1621 2510; baseline 0.005 -11"><span class='ocrx_word' id='word_1_447' title='bbox 870 2467 1015 2506; x_wconf 80' lang='lat' dir='ltr'>bibitam,</span> <span class='ocrx_word' id='word_1_448' title='bbox 1040 2479 1112 2510; x_wconf 87' lang='lat' dir='ltr'>quae</span> <span class='ocrx_word' id='word_1_449' title='bbox 1138 2479 1262 2500; x_wconf 90' lang='lat' dir='ltr'>omnem</span> <span class='ocrx_word' id='word_1_450' title='bbox 1287 2468 1509 2501; x_wconf 85' lang='lat' dir='ltr'>difficultatem</span> <span class='ocrx_word' id='word_1_451' title='bbox 1526 2471 1621 2504; x_wconf 86' lang='lat' dir='ltr'>tollit.</span> 
     </span>
     <span class='ocr_line' id='line_1_79' title="bbox 872 2511 1622 2554; baseline 0.005 -11"><span class='ocrx_word' id='word_1_452' title='bbox 872 2512 993 2543; x_wconf 89' lang='lat' dir='ltr'>Eodem</span> <span class='ocrx_word' id='word_1_453' title='bbox 1017 2512 1110 2549; x_wconf 82' lang='lat' dir='ltr'>redit,</span> <span class='ocrx_word' id='word_1_454' title='bbox 1134 2511 1220 2554; x_wconf 89' lang='lat' dir='ltr'>quod</span> <span class='ocrx_word' id='word_1_455' title='bbox 1242 2512 1423 2554; x_wconf 88' lang='lat' dir='ltr'>conjecerat</span> <span class='ocrx_word' id='word_1_456' title='bbox 1440 2513 1461 2545; x_wconf 92' lang='lat' dir='ltr'>J</span> <span class='ocrx_word' id='word_1_457' title='bbox 1465 2514 1622 2554; x_wconf 83' lang='lat' dir='ltr'>acobsius,</span> 
     </span>
     <span class='ocr_line' id='line_1_80' title="bbox 873 2555 1621 2592; baseline 0.005 -7"><span class='ocrx_word' id='word_1_458' title='bbox 873 2555 997 2587; x_wconf 83' lang='lat' dir='ltr'>Plorem</span> <span class='ocrx_word' id='word_1_459' title='bbox 1022 2557 1110 2592; x_wconf 83' lang='lat' dir='ltr'>artis,</span> <span class='ocrx_word' id='word_1_460' title='bbox 1136 2558 1170 2586; x_wconf 85' lang='lat' dir='ltr'>in</span> <span class='ocrx_word' id='word_1_461' title='bbox 1194 2562 1223 2586; x_wconf 76' lang='lat' dir='ltr'>te</span> <span class='ocrx_word' id='word_1_462' title='bbox 1245 2556 1292 2586; x_wconf 81' lang='lat' dir='ltr'>nil</span> <span class='ocrx_word' id='word_1_463' title='bbox 1319 2557 1459 2592; x_wconf 79' lang='lat' dir='ltr'>valentis,</span> <span class='ocrx_word' id='word_1_464' title='bbox 1483 2558 1621 2589; x_wconf 70' lang='lat' dir='ltr'>ericum?</span> 
     </span>
     <span class='ocr_line' id='line_1_81' title="bbox 872 2597 1622 2641; baseline 0.003 -12"><span class='ocrx_word' id='word_1_465' title='bbox 872 2599 960 2630; x_wconf 84' lang='lat' dir='ltr'>Artis</span> <span class='ocrx_word' id='word_1_466' title='bbox 983 2600 1097 2630; x_wconf 77' lang='lat' dir='ltr'>exitmn</span> <span class='ocrx_word' id='word_1_467' title='bbox 1120 2609 1188 2641; x_wconf 80' lang='lat' dir='ltr'>pro.</span> <span class='ocrx_word' id='word_1_468' title='bbox 1214 2597 1284 2640; x_wconf 87' lang='lat' dir='ltr'>ipsa</span> <span class='ocrx_word' id='word_1_469' title='bbox 1305 2604 1381 2636; x_wconf 86' lang='lat' dir='ltr'>arte,</span> <span class='ocrx_word' id='word_1_470' title='bbox 1408 2605 1567 2641; x_wconf 87' lang='lat' dir='ltr'>quatenus</span> <span class='ocrx_word' id='word_1_471' title='bbox 1588 2602 1622 2634; x_wconf 88' lang='lat' dir='ltr'>in</span> 
     </span>
     <span class='ocr_line' id='line_1_82' title="bbox 873 2641 1591 2686; baseline 0.003 -12"><span class='ocrx_word' id='word_1_472' title='bbox 873 2651 912 2674; x_wconf 86' lang='lat' dir='ltr'>ea</span> <span class='ocrx_word' id='word_1_473' title='bbox 928 2642 1034 2674; x_wconf 83' lang='lat' dir='ltr'>exitus</span> <span class='ocrx_word' id='word_1_474' title='bbox 1049 2642 1209 2685; x_wconf 83' lang='lat' dir='ltr'>praeeipue</span> <span class='ocrx_word' id='word_1_475' title='bbox 1224 2647 1255 2674; x_wconf 93' lang='lat' dir='ltr'>et</span> <span class='ocrx_word' id='word_1_476' title='bbox 1269 2641 1403 2675; x_wconf 77' lang='lat' dir='ltr'>effectus</span> <span class='ocrx_word' id='word_1_477' title='bbox 1417 2649 1591 2686; x_wconf 79' lang='lat' dir='ltr'>spectatur.</span> 
     </span>
    </p>
   </div>
  </div>
 </body>
</html>
