1884 3288
320 216 400 257 128

519 319 569 359 15
656 318 777 361 Collo
798 320 1030 362 trahentes.

870 216 1268 260 CARMINUM

1091 320 1188 362 Hac
1211 320 1420 367 Quirinus

712 386 867 428 Martis
889 388 1008 442 equis
1032 387 1281 428 Acheronta
1301 387 1425 441 fugit,

601 452 785 493 Gratum
805 453 1007 507 eloquuta
1028 453 1350 495 consiliantibus

598 518 771 560 <Iunone
793 519 943 560 Divis:
977 519 1100 568 Ilion,
1123 519 1234 560 Ilion

653 585 813 626 Fatalis
834 586 1110 639 incestusque
1125 585 1266 638 judex

514 651 570 691 20

714 651 774 691 Et
793 651 944 692 mulier
964 651 1192 705 peregrina
1212 651 1340 690 vertit

600 717 652 757 In
671 716 902 771 pulverem,
924 732 978 758 ex
998 731 1083 770 quo
1105 716 1299 757 destituit
1322 715 1444 757 Deos

599 782 804 824 Mercede
825 791 951 837 pacta
973 783 1237 831 Laomedon,
1259 782 1362 823 mihi

653 849 880 904 Castaeque
902 851 1144 891 damnatum
1167 850 1374 890 Minervae

711 916 817 956 Cum
839 915 998 970 populo
1020 923 1062 957 et
1084 917 1192 957 duce
1214 913 1502 956 fraudulento.

510 982 566 1022 25
595 981 694 1022 Jam
712 997 790 1023 nec
812 982 1008 1023 Lacaenae
1029 982 1226 1037 splendet
1246 980 1455 1022 adulterae

599 1047 806 1089 Famosus
827 1048 1002 1102 hospes,
1023 1063 1102 1090 nec
1124 1049 1283 1089 Priami
1302 1048 1453 1088 domus

316 1167 478 1203 Turbidus,
496 1177 543 1198 sc.
566 1166 624 1203 ira,
642 1166 677 1197 h.
696 1177 723 1198 e.
743 1167 951 1198 truculentus.
994 1167 1045 1198 Sic

314 1210 440 1240 Turnus
475 1209 559 1251 apud
592 1209 685 1250 Virg.
716 1210 794 1240 AEn.
825 1209 869 1244 ix,
902 1211 955 1245 57.
989 1211 1046 1241 huc

316 1254 455 1282 turbidus
471 1258 558 1292 atque
574 1252 630 1282 huc
650 1252 775 1282 Lustrat
790 1262 862 1292 equo
876 1262 992 1282 muros:
1016 1258 1047 1283 et

315 1295 393 1325 AEn.
410 1305 440 1331 x,
455 1294 528 1329 763,
546 1292 733 1328 Mezentius,
750 1295 790 1324 At
811 1304 877 1324 vero
900 1295 1048 1336 ingentem

314 1338 451 1376 quatiens
466 1335 630 1366 Mezentius
641 1337 766 1370 hastam,
783 1335 934 1366 Turbidus
946 1339 1047 1378 ingre-

313 1379 400 1408 ditur
423 1389 534 1417 campo.
578 1377 727 1408 Similiter
750 1377 866 1408 Claud.
889 1377 927 1408 de
953 1378 1048 1419 Rapt.

315 1419 460 1461 Proserp.
483 1418 517 1455 ii,
535 1419 611 1454 308,
630 1420 741 1450 Auster
760 1419 874 1449 dicitur
892 1421 1049 1450 truculen-

314 1464 396 1498 tior,·
419 1461 480 1492 nisi
501 1461 572 1502 quis
595 1462 735 1492 turbidus
754 1471 820 1502 pro,
840 1461 1050 1500 turbulentus,

315 1504 422 1534 turbas
437 1504 608 1541 concitans,
622 1503 779 1544 explicare
799 1503 897 1533 malit.
941 1505 1051 1535 Auster

315 1547 378 1576 dux·
394 1545 539 1576 Hadriae:
564 1545 606 1576 cf.
625 1555 694 1586 sup.
711 1545 733 1580 i,
750 1546 782 1581 3,
801 1546 851 1580 15,
869 1550 900 1576 et
921 1545 964 1576 sic
988 1546 1046 1576 Ca-

309 1589 481 1627 pricornus,
497 1597 567 1628 sup.
581 1586 615 1622 ii,
633 1588 683 1623 17,
706 1588 754 1622 19,
772 1595 921 1627 tyrannus
938 1587 1047 1627 Hespe-

314 1631 368 1659 rt'ae
393 1631 481 1660 urzdoe
507 1628 632 1659 dieitur.
678 1629 795 1668 DIagna
819 1639 934 1664 manus,
962 1629 992 1659 h.
1020 1640 1048 1660 e.

312 1670 428 1707 valida,
452 1677 574 1711 potens.
621 1669 768 1701 Similiter
788 1669 827 1701 de
849 1671 928 1702 Jove
951 1671 1046 1702 Ovid.

316 1713 397 1743 Met.
413 1712 435 1747 i.
451 1714 526 1748 595,
542 1713 597 1743 Sed
614 1715 666 1752 qui
682 1714 809 1743 coelestia
830 1722 941 1752 magua
962 1713 1047 1753 Scep-

316 1761 366 1785 tra
383 1766 475 1785 manu
495 1762 597 1791 teneo,·
620 1759 652 1785 et
671 1754 728 1784 Sil.
748 1754 821 1784 Ital.
843 1754 896 1790 vii,
917 1755 992 1790 371,
1011 1755 1050 1787 de

313 1797 382 1838 ipso
396 1797 475 1829 Jove
490 1796 688 1832 fulminante,
706 1797 822 1827 Coelone
831 1798 1007 1832 exciderint,
1023 1804 1050 1828 et

314 1850 425 1879 magua
429 1838 574 1879 fulmina
587 1840 691 1869 dextra
710 1838 837 1869 Torserit
852 1841 1050 1878 omnipotens:

314 1880 406 1929 plura
419 1880 489 1911 vide
504 1880 589 1921 apud
607 1881 779 1910 Burmann.
796 1879 834 1910 ad
850 1880 944 1911 Ovid.
960 1881 1049 1922 Eleg.

316 1933 350 1953 in
373 1923 472 1953 Drus.
488 1923 563 1952 224.
606 1922 776 1962 Sisractus
794 1923 954 1959 illabatur,
974 1929 1048 1954 cett.

315 1974 385 2000 nec,
402 1964 428 1994 si
444 1963 561 1995 coelum
576 1969 656 1999 ruat,
672 1963 742 2004 ejus
760 1963 850 1994 ruina
864 1965 1045 2005 perterrebi-

314 2011 378 2037 tur.
423 2006 612 2047 Comparant
627 2005 746 2045 Theog.
762 2016 790 2036 v.
806 2007 879 2042 849,
896 2012 926 2037 et
941 2007 1045 2039 strab.

313 2047 367 2084 vii,
397 2059 428 2090 p.
460 2049 534 2078 462.
579 2048 726 2078 Ceterum
754 2047 837 2078 hunc
868 2047 983 2084 locum,
1013 2055 1047 2079 ut

315 2090 459 2121 observat
479 2089 610 2120 Mitsch.
634 2089 665 2119 in
684 2099 769 2120 suam
794 2100 857 2120 rem
880 2089 972 2121 vertit
992 2091 1046 2122 Se-

314 2142 384 2164 nec.
401 2133 523 2169 Quoest.
537 2132 614 2162 Nat.
629 2131 669 2166 vi,
684 2132 736 2166 32,
753 2136 784 2161 et
797 2131 923 2172 Thyest.
938 2133 1012 2163 358.

359 2176 477 2205 9—12.
513 2174 581 2204 Hac
608 2180 686 2208 arte,
720 2173 777 2203 hac
813 2173 1047 2215 inexpugnabili

315 2215 411 2247 animi
438 2215 470 2246 in
501 2215 657 2257 proposito
687 2222 893 2256 susceptoque
918 2217 1048 2247 consilio

315 2258 551 2300 perseverantia.
610 2257 731 2294 Pollux,
767 2268 814 2289 sc.
849 2267 921 2288 cum
956 2258 1048 2290 fratre

315 2301 446 2331 Castore.
495 2300 604 2341 Vagus,
629 2299 705 2330 refer
726 2299 764 2330 ad
785 2310 912 2337 errores,
937 2301 1049 2342 quibus

316 2348 417 2373 totum
443 2352 532 2384 paene
558 2347 705 2372 terrarum
733 2342 837 2372 orbem
862 2349 1048 2383 pervagatus

314 2394 382 2416 esse
399 2384 553 2415 Hercules
568 2383 701 2415 dicitur:
726 2384 836 2424 Eurip.
857 2385 953 2415 Herc.
973 2386 1047 2416 Fur.

315 2427 411 2463 1196,
431 2426 496 2457 Οὐκ
513 2427 557 2457 ἄν
573 2425 603 2468 γ’
618 2425 1048 2468 εἰδείης-Πολυπλαγκτό-

314 2481 412 2511 τερον
435 2469 583 2500 θνατῶν.
626 2468 757 2499 Enisus:
780 2470 855 2498 eniti
873 2469 992 2510 proprie
1010 2470 1048 2501 de

314 2510 364 2546 iis,
394 2510 448 2552 qui
482 2521 555 2542 cum
589 2509 660 2540 nisu
691 2510 730 2541 ad
764 2510 874 2541 altiora
906 2511 1048 2543 tendunt.

315 2555 408 2584 Arces
422 2554 528 2594 attigit
542 2554 655 2593 igneas,
672 2552 769 2583 divini
782 2552 907 2583 honoris
921 2553 953 2583 in
968 2554 1048 2585 coelo

314 2594 431 2637 partice
456 2605 470 2625 s
492 2594 593 2625 factus
614 2600 680 2625 est:
705 2594 743 2625 de
767 2594 911 2626 Herculis
933 2595 1045 2626 divini-

315 2642 379 2668 tate
394 2636 423 2667 vi
448 2659 455 2667 .
472 2636 600 2667 Mitsch.
617 2637 656 2667 ad
672 2637 704 2666 h.
720 2637 743 2667 1.
791 2637 869 2671 Quos
884 2638 964 2668 inter
979 2641 1044 2669 Au-

312 2686 422 2720 gustus
447 2680 628 2714 recumbens,
652 2683 727 2709 cett.
754 2678 787 2708 h.
809 2689 837 2710 e.
862 2678 943 2710 inter
966 2691 1045 2720 quos

316 2722 492 2762 Augustus,
508 2720 615 2751 eadem
634 2726 699 2752 arte
718 2720 757 2751 ad
776 2721 892 2751 coelum
912 2729 1046 2760 evectus,

312 2764 378 2806 jam
393 2763 471 2794 deus
490 2767 522 2793 et
539 2762 664 2792 deorum
686 2773 800 2793 mensae
820 2773 956 2798 consors,
974 2774 1046 2795 nec-

314 2811 423 2846 tarque
434 2804 555 2838 bibens,
565 2803 671 2834 divino
685 2806 798 2835 honore
807 2805 1047 2846 exsplendescit.

317 2848 394 2878 Cum
418 2848 477 2878 diis
502 2847 632 2886 epulari,
661 2846 710 2877 vel
736 2848 858 2877 deorum
887 2858 989 2879 meusae
1018 2856 1046 2880 et

315 2891 413 2930 epulis
441 2889 588 2924 adhiberi,
614 2887 748 2931 priscum
776 2888 923 2930 loquendi
948 2900 1046 2930 genus

315 2942 381 2974 pro,
397 2933 478 2962 inter
491 2932 556 2962 deos
570 2937 607 2961 ut
620 2933 705 2962 deum
721 2932 846 2967 versari,
862 2931 910 2962 vel
925 2933 1046 2963 deorum

314 2976 423 3004 socium
439 2983 494 3004 esse
506 2985 516 3009 ,·
542 2973 586 3004 sic
607 2973 762 3009 Hercules,
780 2978 815 3004 ut
830 2972 917 3010 deus,
933 2973 988 3007 inf.
1003 2974 1043 3011 iv,

1090 1168 1120 1203 8,
1145 1169 1199 1201 30.
1222 1166 1305 1198 Jovis
1327 1167 1424 1206 epulis
1447 1166 1586 1196 interesse
1612 1164 1748 1197 dicitur:
1779 1165 1823 1197 cs.

1091 1210 1215 1240 Homer.
1243 1209 1358 1249 Odyss.
1384 1207 1427 1243 xi,
1455 1207 1539 1244 603;
1573 1207 1659 1248 Virg.
1684 1206 1756 1238 Ecl.
1779 1205 1823 1245 iv,

1089 1262 1167 1283 vers.
1181 1251 1260 1289 ult.;
1286 1251 1362 1281 AEn.
1378 1250 1401 1285 i,
1414 1250 1467 1280 79.
1510 1248 1594 1280 Scite
1605 1255 1709 1280 autem
1719 1254 1824 1292 poeta,

1091 1300 1127 1324 ut
1158 1295 1301 1334 Augusto
1335 1292 1530 1323 divinitatem
1559 1291 1672 1322 virtute
1702 1297 1822 1332 partam

1092 1342 1221 1370 asserat,
1235 1345 1304 1366 eum
1321 1334 1402 1365 inter
1421 1343 1474 1364 eos
1491 1333 1566 1364 deos
1584 1331 1705 1375 epulari
1722 1332 1822 1374 fingit,

1091 1387 1182 1418 quos,
1212 1382 1248 1407 ut
1274 1376 1375 1418 prisco
1405 1384 1544 1406 sermone
1573 1375 1656 1417 apud
1687 1373 1755 1406 Cic.
1783 1374 1822 1406 de

1094 1420 1191 1460 Legg.
1206 1418 1240 1454 ii,
1256 1419 1275 1448 8
1291 1418 1415 1453 dicitur,
1431 1418 1506 1447 endo
1522 1417 1593 1448 coelo
1614 1418 1721 1447 merita
1742 1417 1821 1447 loca-

1093 1468 1201 1492 verunt
1211 1473 1221 1497 ,·
1246 1460 1285 1490 ad
1306 1460 1361 1490 hos
1378 1465 1480 1490 autem
1498 1457 1640 1500 inprimis
1655 1457 1821 1494 Hercules.

1094 1502 1252 1538 Dioscuri,
1286 1501 1444 1536 Bacchus,
1476 1505 1508 1531 et
1537 1499 1690 1537 Quirinus
1719 1499 1822 1531 referri

1091 1545 1208 1576 solent:
1229 1543 1335 1575 essius.
1347 1543 1388 1580 iv,
1405 1544 1436 1577 8,
1449 1543 1490 1573 30
1503 1551 1574 1584 sqq.
1589 1553 1597 1579 ;
1613 1541 1724 1573 Cicero
1737 1541 1760 1572 1.
1774 1541 1822 1583 145

1091 1592 1122 1616 et
1143 1587 1200 1617 Sil.
1225 1586 1299 1616 Ital.
1322 1595 1372 1620 xv,
1395 1585 1435 1615 77
1462 1594 1532 1625 sqq.
1579 1584 1737 1623 Purpureo
1761 1594 1821 1620 ore,

1092 1628 1168 1659 refer
1195 1628 1235 1659 ad
1263 1626 1428 1668 insignem,
1452 1636 1544 1667 quem
1571 1630 1608 1656 ut
1633 1625 1710 1657 deus
1736 1635 1822 1656 nuuc

1091 1670 1180 1700 vultu
1210 1681 1274 1712 prae
1304 1679 1336 1700 se
1365 1669 1494 1704 ferebat,
1524 1667 1742 1709 splendorem;
1776 1667 1822 1698 sic

1093 1713 1203 1743 Venus
1218 1712 1299 1754 apud
1317 1710 1406 1751 Virg.
1425 1711 1502 1741 AEn.
1518 1709 1539 1746 i,
1554 1710 1629 1745 590,
1646 1710 1772 1745 AEueae,
1788 1714 1824 1740 ut

1091 1763 1163 1785 eum
1178 1754 1236 1785 deo
1252 1753 1384 1785 similem
1404 1752 1556 1787 redderet,
1571 1762 1756 1791 purpureum
1761 1753 1822 1791 ju-

1093 1802 1184 1827 ventae
1201 1798 1301 1826 lumen
1316 1796 1440 1837 adflasse
1453 1793 1578 1824 dicitur.
1607 1792 1735 1824 Scilicet
1746 1803 1822 1833 pur-

1091 1849 1202 1877 pureus
1217 1838 1333 1880 passim
1354 1835 1480 1867 additur
1490 1837 1592 1873 ,rebus
1614 1835 1664 1866 vel
1683 1834 1822 1878 personis

1092 1879 1207 1921 insigni
1231 1877 1462 1922 pulchritudine
1483 1877 1532 1909 vel
1558 1876 1722 1919 splendore
1743 1886 1821 1908 con-

1091 1922 1220 1964 spicuis.
1265 1922 1316 1954 el.
1331 1920 1463 1951 Mitsch.
1479 1930 1508 1950 os
1518 1929 1704 1960 purpureum
1718 1917 1758 1950 de
1772 1927 1820 1955 eo,

1089 1964 1140 1994 cui
1156 1964 1288 1995 nectaris
1304 1962 1448 2004 purpurei
1464 1961 1549 1992 color
1561 1960 1638 1992 inter
1653 1959 1823 1991 bibendum

1090 2005 1288 2041 adfundatur,
1311 2010 1419 2045 argute
1441 2003 1541 2044 magis
1561 2012 1656 2044 quam
1680 2011 1750 2034 vere
1766 2012 1821 2033 ex-

1114 2048 1198 2078 licat.

1091 2058 1111 2089 p
1136 2090 1271 2120 13—16.
1298 2089 1336 2118 Te
1357 2094 1525 2122 merentem,
1547 2085 1689 2126 dignum,
1712 2084 1767 2126 qui
1789 2084 1822 2116 in

1091 2132 1209 2162 coelum
1237 2129 1387 2165 eveharis,
1417 2135 1446 2160 te
1478 2129 1686 2170 praebentem:
1723 2126 1821 2158 Ovid.

1091 2174 1185 2204 Trist.
1214 2185 1243 2210 v,
1265 2174 1296 2207 3,
1322 2173 1360 2202 19
1389 2170 1429 2202 de
1454 2170 1593 2205 Baccho,
1617 2169 1682 2209 Ipse
1710 2179 1822 2210 quoque

1090 2217 1228 2247 aethereas
1249 2215 1362 2246 meritis
1382 2215 1514 2243 invectus
1526 2223 1555 2243 es
1571 2222 1664 2245 arces.
1679 2211 1749 2246 Qua
1763 2222 1822 2242 mm

1090 2260 1196 2299 exiguo
1212 2257 1305 2300 facta
1334 2257 1433 2286 labore
1456 2257 1508 2285 viu
1533 2260 1584 2285 est.
1631 2253 1700 2284 Tuae
1728 2254 1821 2294 tigres

1090 2311 1190 2331 vexere
1199 2311 1210 2336 ,-
1237 2298 1385 2330 Bacchus
1400 2297 1483 2328 enim
1495 2302 1564 2339 post
1578 2294 1704 2327 Indiam
1713 2293 1822 2336 perdo·

1092 2341 1198 2372 mitam
1220 2341 1280 2383 (cf.
1299 2350 1370 2382 sup.
1389 2339 1424 2375 ii,
1448 2340 1498 2376 19,
1518 2336 1576 2378 17)
1596 2342 1630 2368 ut
1650 2337 1749 2368 victor
1766 2336 1821 2368 tri-

1092 2394 1144 2414 um
1170 2384 1248 2414 hans
1281 2392 1373 2413 curru
1406 2380 1536 2422 tigribus
1565 2379 1678 2421 juncto
1708 2377 1823 2410 ductus

1092 2395 1167 2464 <Sili
1195 2426 1267 2457 Ital.
1297 2435 1348 2460 xv,
1376 2424 1514 2458 79-81,
1541 2421 1638 2457 Quid,
1669 2422 1732 2457 cui,
1758 2426 1823 2461 post

1091 2469 1177 2499 Seras
1194 2476 1222 2499 et
1239 2468 1328 2498 Indos
1345 2466 1470 2505 captivo
1488 2464 1579 2495 Liber
1593 2474 1660 2494 cum
1671 2464 1759 2504 signa
1773 2473 1822 2493 re-

1081 2510 1185 2551 ferret
1206 2512 1242 2540 ab
1267 2509 1362 2544 Euro,
1388 2508 1542 2538 caucaseae
1564 2516 1690 2536 currum
1712 2505 1824 2535 duxere

1090 2563 1144 2592 per
1178 2553 1286 2592 oppida
1321 2550 1452 2592 tigres?)
1486 2553 1518 2580 et
1548 2547 1607 2579 hae
1641 2545 1822 2588 triumphali

1089 2594 1191 2643 specie
1206 2594 1245 2625 ad
1260 2593 1376 2624 coelum
1392 2601 1517 2632 quoque
1535 2593 1660 2621 evectus
1675 2597 1744 2620 esse
1760 2587 1819 2618 fin-

1089 2643 1181 2678 gitur.
1226 2635 1375 2667 Similiter
1403 2633 1543 2666 Ariadne
1568 2631 1652 2673 apud
1678 2629 1822 2672 Propert-

1088 2679 1134 2715 iii,
1155 2680 1204 2715 17,
1221 2680 1252 2714 8,
1274 2675 1394 2708 Bacchi
1413 2676 1548 2716 lyncibus
1567 2675 1600 2703 in
1615 2673 1721 2704 coelum
1738 2677 1821 2703 vecta

1089 2721 1230 2752 traditur.
1274 2719 1416 2754 Indocili,
1429 2717 1508 2747 bene
1522 2715 1562 2746 ad
1573 2714 1731 2755 tigridum,
1741 2723 1821 2755 quas

1091 2763 1239 2795 Bacchus
1259 2760 1524 2796 condocefecerat,
1546 2757 1698 2804 feritatem
1719 2755 1819 2803 desig-

1089 2805 1237 2836 nandam.
1281 2803 1393 2834 Martis
1415 2802 1514 2841 eqm's:
1547 2798 1642 2830 Ovid.
1666 2798 1754 2828 Fast.
1784 2798 1820 2833 li,

1090 2849 1163 2884 496,
1187 2847 1225 2878 de
1251 2844 1388 2877 Romulo
1413 2843 1446 2874 in
1468 2841 1586 2873 coelum
1611 2846 1712 2877 vecto,
1738 2838 1821 2871 Hinc

1089 2896 1184 2925 tonat,
1228 2890 1297 2919 hinc
1339 2887 1430 2917 missis
1465 2884 1658 2923 abrumpitur
1701 2882 1822 2924 ignibus

1087 2934 1177 2963 aether
1186 2943 1197 2969 ‚-
1222 2930 1275 2961 Fit
1280 2929 1366 2971 suga
1378 2940 1386 2958 :
1411 2927 1473 2957 Rex
1485 2926 1595 2967 patriis
1608 2930 1692 2956 astra
1705 2924 1822 2964 petebat

1088 2977 1187 3015 equis.-
1211 2972 1253 3004 cf.
1269 2972 1350 3003 Met.
1365 2969 1426 3007 xiv,
1444 2967 1625 3000 805—828.
1654 2966 1820 2997 Acheronta
