1884 3288
322 235 362 274 vi
902 223 1256 277 PRAEFATIO.

329 342 581 391 Fritschius‚
601 347 649 382 ut
669 339 932 380 satisfaceret
953 335 1162 390 ejusmodi
1182 332 1378 374 editionis
1396 332 1624 382 desiderio,
1645 331 1832 373 Gesneri

332 421 561 462 editionem
591 418 711 458 novis
746 415 918 456 dotibus
950 414 1199 453 instructam
1226 410 1460 451 recudendi
1488 410 1672 464 cepisset
1696 409 1833 450 consi-

333 499 457 546 lium3
488 495 604 543 mihi,
632 500 678 534 ut
706 506 799 533 eam
828 501 1194 543 recognoscerem,
1217 493 1273 536 et,
1304 486 1394 526 aliis
1427 487 1618 535 resectis,
1649 485 1740 526 aliis
1761 484 1836 525 ad-

330 573 471 627 jectis,
493 570 772 622 diffingerem,
796 565 939 606 oblata
958 571 1022 604 est
1043 563 1096 603 ab
1118 562 1189 603 illo
1218 563 1417 604 conditio.
1479 563 1567 604 Sed
1595 577 1650 605 ex
1679 563 1833 611 causis,

336 663 441 702 quas
475 657 799 691 commemorare
834 640 938 682 nihil
972 641 1137 688 attinet,
1172 653 1264 680 eam
1299 639 1535 693 repudiavi,
1571 645 1614 679 et
1650 639 1706 680 ad
1739 653 1837 679 eum

335 725 479 779 potius
510 722 712 768 laborem,
735 719 809 772 qui
838 732 957 757 novae
985 716 1110 770 plane
1138 717 1315 757 editioni
1340 716 1652 770 impendendus
1680 716 1749 765 sit,
1770 729 1836 756 me

335 800 564 855 proclivem
585 811 678 838 esse
699 794 920 849 professus
947 808 1052 834 sum.
1113 792 1294 834 Placuit.
1345 793 1458 834 Rem
1478 793 1662 848 suscepi,
1683 799 1726 834 et
1747 807 1840 834 sus-

337 884 473 931 ceptae
493 875 555 915 rei
575 880 721 927 partes
743 886 820 925 pro
841 870 948 910 virili
971 870 1178 910 sustinere
1201 869 1359 910 studui.

393 950 515 992 Nihil
546 957 685 990 autem
724 948 844 1002 prius
876 946 980 986 mihi
1017 946 1258 987 faciendum
1292 960 1387 987 esse
1426 947 1588 1000 putavi,
1629 936 1756 1000 quam
1793 954 1841 1001 ut

337 1035 502 1070 textum
539 1027 684 1066 darem
720 1024 1120 1065 emendatissimum.
1181 1022 1333 1078 Itaque
1367 1023 1412 1064 in
1442 1022 1546 1064 locis
1581 1024 1723 1064 dubiis
1756 1039 1843 1066 non

339 1110 467 1145 certae
490 1103 713 1157 cujusdam
741 1101 940 1142 editionis
968 1101 1263 1141 auctoritatem
1299 1106 1471 1141 secutus
1499 1114 1605 1149 sum,
1640 1100 1716 1142 sed
1750 1101 1842 1155 ipse

337 1179 542 1221 lectiones
577 1178 804 1232 diligenter
834 1177 1017 1226 excussi,
1045 1184 1101 1227 et,
1124 1191 1220 1230 quae
1247 1183 1333 1218 tam
1361 1176 1520 1231 linguae
1550 1191 1677 1231 quam
1704 1184 1843 1232 poetae

338 1257 509 1311 ingenio
539 1256 719 1296 maxime
750 1255 1013 1309 respondere
1041 1254 1271 1304 videretur,
1293 1269 1386 1295 eam
1412 1254 1570 1308 recepi÷
1629 1253 1703 1295 Ab
1723 1255 1843 1296 initio

339 1334 510 1388 quidem
546 1333 706 1374 animus
739 1338 831 1372 erat
867 1338 1031 1372 textum
1061 1331 1120 1372 ita
1155 1331 1373 1381 exhibere,
1404 1338 1453 1371 ut
1486 1330 1555 1371 ille
1587 1346 1612 1372 a
1641 1331 1706 1372 Cl.
1741 1332 1845 1373 Mit-

340 1410 592 1452 scherlichio
622 1410 878 1451 constitutus
909 1416 1000 1459 est;
1033 1409 1122 1458 sed,
1155 1423 1250 1449 cum
1279 1409 1322 1448 in
1351 1406 1558 1449 lectiones
1588 1408 1846 1460 incidissem,

340 1488 496 1540 quibus
532 1494 581 1528 ut
612 1487 859 1528 accederem
896 1501 921 1526 a
954 1499 1020 1526 me
1055 1486 1281 1539 impetrare
1317 1499 1402 1525 non
1435 1491 1644 1538 poteram,
1678 1486 1732 1526 ab
1763 1486 1847 1527 hoc

342 1564 517 1605 consilio
538 1564 712 1613 recessi,
734 1570 776 1604 et
797 1577 890 1603 meo
916 1562 1052 1616 ipsius
1079 1562 1243 1616 judicio
1271 1562 1313 1601 in
1341 1559 1569 1614 seligendis
1594 1560 1847 1615 lectionibus

341 1655 408 1682 me
429 1641 521 1695 regi
539 1655 693 1695 passus
717 1655 823 1680 sum.
885 1639 1018 1686 Quod
1041 1640 1076 1679 si
1099 1639 1218 1693 prius
1240 1638 1448 1687 fecissem,
1471 1639 1560 1679 sine
1581 1637 1847 1680 haesitatione

342 1733 381 1759 v.
405 1732 441 1758 c.
464 1732 560 1759 cum
581 1717 777 1758 Bentleio
798 1717 824 1766 i,
847 1717 888 1765 3,
915 1717 980 1765 18,
1001 1717 1131 1757 rectis
1150 1731 1245 1770 pro,
1266 1716 1407 1766 siccis,
1429 1722 1472 1756 et
1492 1715 1518 1764 i,
1535 1716 1576 1764 6,
1597 1716 1662 1765 18,
1683 1716 1847 1757 strictis

342 1809 436 1849 pro,
458 1795 587 1835 sectis
619 1794 897 1848 scripsissem.
959 1791 1031 1833 Ne
1060 1800 1199 1834 tamen
1226 1792 1409 1834 levitatis
1441 1792 1775 1846 temeritatisque
1803 1793 1847 1834 in

342 1872 570 1913 lectionum
592 1870 761 1912 delectu
782 1870 885 1910 mihi
901 1870 1068 1924 culpam
1089 1870 1398 1920 contraherem,
1414 1885 1500 1911 non
1517 1869 1651 1911 solum
1662 1868 1846 1911 lectores

344 1950 398 1990 de
430 1948 622 1989 lectionis
651 1948 855 1988 varietate
890 1947 1117 2001 diligenter
1142 1947 1185 1987 in
1212 1946 1323 1987 notis
1350 1946 1506 1995 monui,
1536 1945 1612 1986 sed
1641 1946 1847 1988 rationem

345 2038 529 2079 quoque,
551 2038 627 2064 cur
654 2038 803 2065 novam
829 2024 1030 2077 antiquae,
1052 2023 1119 2064 vel
1148 2024 1362 2077 antiquam
1390 2036 1511 2063 novae
1539 2021 1710 2062 lectioni
1738 2037 1848 2077 prae-

343 2101 511 2150 ferrem,
534 2115 702 2155 semper
723 2101 885 2141 addidi.
947 2101 1120 2142 Horatii
1150 2101 1361 2142 editorum
1384 2106 1426 2141 et
1458 2098 1635 2140 aliorum
1663 2100 1847 2141 virorum

345 2179 583 2226 doctorum,
606 2192 644 2218 v.
668 2192 703 2217 c.
727 2177 974 2219 Marklandi
996 2178 1140 2232 Epod.
1158 2180 1199 2228 2,
1213 2179 1282 2228 27,
1297 2177 1553 2232 conjecturis
1571 2184 1659 2218 tum
1679 2177 1848 2218 demum

342 2254 482 2296 locum
511 2253 838 2309 relinquendum
868 2270 962 2297 esse
991 2256 1150 2306 censui,
1187 2270 1295 2305 cum,
1328 2255 1378 2296 iis
1409 2254 1607 2309 receptiS‚
1639 2261 1847 2308 apertum,

346 2346 430 2385 quo
451 2331 676 2372 laborabat
697 2333 848 2381 oratio,
871 2332 1094 2374 tolleretur
1116 2333 1273 2374 vitium.
1333 2331 1386 2373 In
1405 2346 1490 2372 uno
1510 2329 1618 2380 loco,
1642 2330 1696 2380 iv,
1718 2330 1758 2380 8,
1785 2331 1849 2381 17,

346 2409 419 2462 qui
440 2423 464 2448 a
485 2410 793 2450 recentioribus
813 2410 1120 2463 interpretibus
1142 2417 1189 2451 ut
1218 2409 1337 2450 locus
1359 2415 1584 2463 suspectus
1605 2414 1648 2449 et
1679 2407 1849 2461 spurius

347 2486 550 2526 asterisco
584 2493 756 2526 notatus
791 2486 886 2537 fuit,
922 2487 1112 2528 mihimet
1146 2488 1228 2542 ipsi
1255 2487 1430 2528 liberius
1456 2484 1626 2534 indulsi,
1658 2490 1717 2533 et,
1747 2497 1851 2525 voce

345 2563 540 2603 incendia
561 2563 603 2603 in
623 2564 841 2617 stipendia
869 2571 1043 2614 mutata,
1066 2565 1371 2615 difficultatem,
1394 2579 1479 2619 qua
1507 2564 1577 2605 hic
1605 2562 1724 2604 locus
1752 2575 1850 2615 pre·

345 2640 552 2688 mebatur,
586 2641 758 2680 removi.
821 2640 1038 2683 Praeterea
1070 2657 1152 2696 ego
1183 2643 1276 2696 ipse
1307 2643 1351 2683 in
1384 2648 1508 2683 textu
1542 2639 1646 2682 nihil
1676 2639 1849 2688 tentavi,

347 2717 428 2757 nisi
453 2717 570 2770 quod
597 2716 656 2766 iii,
685 2719 726 2766 2,
756 2718 783 2757 5
812 2719 1061 2772 particulam
1090 2725 1144 2769 et,
1175 2734 1272 2774 quae
1299 2719 1402 2760 mihi
1431 2716 1648 2772 superflua
1675 2715 1736 2756 ibi
1756 2729 1851 2756 esse

343 2794 584 2843 videbatur,
627 2793 851 2836 delendam
892 2797 1048 2837 curavi.
1110 2797 1160 2838 In
1199 2795 1470 2851 conjecturiS,
1510 2808 1616 2849 quas
1655 2793 1698 2833 in
1738 2791 1850 2833 notis

341 2872 560 2926 proposui,
594 2887 677 2913 una
708 2879 774 2915 est
805 2873 948 2928 Epod.
986 2875 1050 2923 17,
1079 2875 1148 2924 81,
1182 2889 1278 2928 quae
1304 2888 1387 2915 non
1414 2871 1529 2922 mihi,
1561 2871 1637 2914 sed
1667 2868 1850 2911 Amicis-
