1884 3288
651 215 880 260 LIBER
910 214 992 267 IV,
1029 215 1065 257 l.
1558 215 1639 256 199

321 321 615 365 Delectabere
636 321 756 362 tibiae

347 378 351 384 ⁵
377 389 532 431 Mixtis
555 388 832 438 carminibus,
855 402 943 430 non
966 387 1057 429 sine
1077 386 1246 437 fistula3

229 456 288 498 25
317 456 411 500 Illic
431 457 499 499 bis
520 457 646 512 pueri
667 456 739 498 die

374 525 552 567 Numen
572 539 670 566 cum
689 525 851 566 teneris
872 524 1114 580 virginibus
1137 529 1259 564 tuum

316 593 587 643 Laudantes,
607 593 722 648 pede
743 592 932 635 candido
1244 597 1254 603 “

371 660 424 702 In
444 675 606 702 morem
628 659 793 702 Salifim
813 668 881 703 ter
901 661 1100 716 quatient
1121 659 1318 701 humum.

316 727 396 770 Me
416 743 496 770 nec
516 727 688 779 femina,
711 744 792 771 nec
812 743 924 784 puer
1232 766 1235 768 .

230 796 289 838 30
375 795 490 847 Jam,
513 811 593 839 nec
615 812 716 852 spes
738 797 867 838 animi
888 795 1067 839 credula
1087 795 1240 846 mutui,

317 863 417 907 Nec
438 873 606 907 certare
622 866 748 921 juvat
768 880 903 916 mero,

373 932 474 975 Nec
493 934 655 976 vincire
675 935 799 975 novis
820 941 1016 988 tempora
1038 933 1297 975 floribus.—

316 1001 407 1044 Sed
427 1016 519 1052 cur,
541 1002 630 1044 heu
649 1005 659 1044 l
693 1003 918 1059 Ligurine,
941 1017 1021 1045 cur

373 1069 530 1113 Manat
549 1086 648 1113 rara
668 1086 785 1113 meas
806 1071 983 1113 lacrima
1004 1086 1083 1127 per
1104 1086 1239 1127 genas
1258 1073 1275 1113 ?

228 1138 286 1181 35
317 1138 409 1181 Cur
426 1138 616 1181 facunda
635 1154 790 1194 parum
811 1139 973 1182 decoro

372 1208 496 1250 Inter
514 1210 647 1251 verba
667 1209 784 1251 cadit
804 1208 954 1266 lingua
976 1208 1147 1251 silentio
1165 1211 1182 1250 ἲ

262 1307 266 1310 »
314 1275 560 1318 Nocturnis
583 1293 666 1332 ego
687 1278 863 1319 somniis

369 1343 471 1386 Jam
492 1353 669 1400 captum
691 1352 833 1396 teneo,
849 1346 941 1400 jam
963 1345 1180 1388 volucrem
1203 1360 1365 1401 sequor

315 1411 386 1455 Te
406 1428 486 1468 per
507 1414 702 1468 gramina
723 1413 876 1455 Martii

223 1481 287 1524 ‚40
376 1481 543 1537 Campi,
567 1488 610 1523 te
631 1497 711 1538 per
733 1497 886 1537 aquas,
909 1482 1035 1533 dure,
1057 1482 1284 1525 volubiles,

85 1603 192 1635 Strab.
212 1613 244 1640 v,
261 1613 294 1645 p.
308 1603 395 1640 2403
419 1602 490 1634 Liv.
506 1613 536 1638 v,
556 1603 617 1641 15;
642 1602 734 1644 Virg.
753 1603 834 1634 AEn.

82 1645 126 1684 ix,
143 1646 206 1678 387
222 1658 231 1685 3
254 1645 288 1676 in
304 1656 369 1688 qua
385 1645 514 1688 quidem
535 1645 662 1687 regione
680 1645 833 1678 amoenis-

82 1689 166 1721 sima
181 1689 318 1720 Paullus
332 1689 440 1720 villam
456 1699 558 1725 suam,
574 1695 610 1720 ut
627 1690 706 1720 bene
724 1690 834 1720 obser-

85 1737 140 1764 vat
158 1731 364 1768 Scholiastes‚
380 1732 528 1763 habuisse
544 1731 679 1762 videtur.
725 1732 765 1762 Te
782 1743 834 1770 po-

83 1782 136 1808 net
151 1786 360 1813 marmoream,
376 1774 582 1806 simulacrum
599 1781 690 1806 tuum
705 1774 738 1805 in
755 1780 834 1806 tem-

82 1819 150 1862 plo,
173 1819 260 1862 quod
283 1818 340 1850 tibi
363 1823 606 1850 consecraturus
628 1825 688 1854 est,
712 1828 730 1850 e
754 1828 835 1848 mar-

83 1871 172 1894 more
195 1862 396 1904 exsculptum
423 1861 603 1892 collocabit.
649 1862 711 1892 Sub
739 1862 836 1896 trabe,

84 1905 339 1947 contignatione,
365 1904 478 1936 tholo:
506 1903 548 1935 cf.
571 1915 642 1946 sup.
663 1904 701 1935 ad
727 1903 761 1940 ii,
785 1905 836 1940 18,

84 1948 118 1980 3.
159 1948 282 1979 Citrea:
299 1947 422 1989 lignum
433 1949 562 1978 cin-eum
572 1947 658 1990 quod
671 1957 709 1978 ex
723 1947 835 1979 Africa

85 1991 311 2028 advehebatur,
339 1990 374 2021 in
403 2000 520 2032 magno
550 1991 635 2033 apud
668 1990 834 2022 Romanos

84 2034 186 2078 pretio
207 2033 304 2066 fuisse
326 2038 471 2065 constat:
494 2033 561 2064 vid.
582 2034 669 2064 Plin.
692 2033 760 2069 xiii,
780 2035 832 2070 15,

83 2082 117 2110 ot
140 2087 222 2120 quos
248 2076 359 2108 laudat
382 2077 437 2108 Cl.
462 2072 608 2112 Mitsch„
635 2076 771 2108 Salmas.
794 2076 834 2108 ad

84 2120 221 2154 Tertull.
235 2121 275 2152 de
295 2120 378 2152 Pall.
402 2131 433 2163 p.
455 2121 531 2156 432,
552 2120 686 2152 ciacon.
704 2120 744 2152 de
762 2119 830 2151 'l‘ri-

83 2163 162 2196 clin.
202 2187 209 2195 .
226 2164 280 2196 20.

127 2175 272 2239 213-32.
293 2207 379 2243 Illic,
394 2211 470 2238 cett.
480 2205 514 2237 in
529 2205 584 2237 illo
595 2206 728 2248 templo,
743 2216 828 2247 quae·

84 2261 212 2293 cunque
226 2255 257 2282 te
272 2249 444 2285 delectant,
460 2248 493 2280 in
510 2249 659 2280 honorem
677 2255 767 2280 tuum
783 2249 832 2279 in-

83 2292 240 2326 staur-abit
282 2293 455 2324 Maximus.
517 2293 661 2323 Plurima
706 2293 832 2324 naribus

85 2336 188 2371 Duces
219 2343 304 2374 tura,
335 2335 572 2377 significantius
606 2346 662 2378 pro
696 2336 831 2377 vulgari,

107 2379 223 2412 lurima
239 2380 335 2412 thura
354 2379 414 2411 tibi
431 2379 584 2410 adolebit.
632 2379 779 2420 Lyraeque
804 2386 833 2410 et

115 2423 294 2466 ereeyntiae:
312 2428 421 2464 gratus
433 2422 577 2464 inprimis
591 2421 709 2453 Veneri
719 2422 752 2452 in
762 2422 832 2464 ejus

83 2465 203 2510 templo
226 2465 402 2510 permixtus
425 2465 515 2508 lyrae,
539 2465 640 2502 tibiae,
666 2470 698 2496 et
715 2466 831 2497 fistulae

84 2515 200 2542 cantus
213 2519 283 2542 esse
297 2508 444 2545 debebat,
461 2519 534 2539 cum
550 2508 634 2539 idem
654 2507 688 2539 in
704 2507 831 2540 laetiori-

83 2551 146 2584 bus
161 2551 327 2590 conviviis,
337 2551 455 2594 quibus
468 2556 501 2583 et
515 2551 582 2594 ipsa
601 2551 832 2588 delectabatur,

84 2594 187 2629 tuditi
207 2595 340 2628 soleret:
372 2595 415 2627 cf.
442 2605 514 2636 sup.
543 2594 589 2629 iii,
619 2595 669 2631 19,
698 2595 735 2625 18
760 2605 832 2637 sqq.

85 2637 236 2671 Ceterum
251 2643 316 2671 tam
334 2639 410 2680 192-ae
426 2638 518 2680 (quae
533 2637 607 2668 inde
623 2647 695 2679 sup.
712 2637 757 2673 ἰὶὶ,
781 2639 829 2673 ΙΙ,

85 2681 121 2718 6,,
138 2683 237 2714 amica
261 2683 380 2723 templis
402 2679 551 2718 dicitur),
576 2690 672 2722 quam
697 2682 775 2711 tibiae
799 2687 830 2712 et

75 2724 206 2766 fidula,
221 2724 257 2756 in
271 2724 372 2757 sacris
386 2734 464 2755 usus
481 2723 561 2754 fuit:
584 2723 624 2755 de
639 2725 718 2754 tibia>
733 2726 831 2765 etsis-

23 2796 34 2799 „
79 2769 160 2801 *tuas
173 2767 389 2812 discrepantia
402 2767 467 2798 vid.
487 2777 558 2808 sup.
578 2766 618 2797 ad
635 2766 683 2802 iii,
707 2768 758 2803 19,
775 2768 831 2798 20.

22 2819 38 2853 -ξ
85 2808 288 2854 Bmcyntiae,
311 2811 344 2842 h.
366 2820 396 2842 e.
417 2809 579 2853 Phrygiae,
604 2809 647 2841 cf.
665 2820 738 2852 sup.
763 2810 785 2840 l.
809 2810 831 2841 l.

24 2876 30 2880 ,
87 2852 196 2888 Uia-tis
215 2855 416 2890 carminibus,
440 2853 472 2884 h.
491 2864 519 2885 e.
543 2858 714 2888 concentu,
737 2863 831 2894 quem

26 2894 31 2914 Γ
85 2892 176 2929 niati
191 2896 275 2929 inter
290 2907 324 2928 se
339 2897 429 2938 lyrae,
445 2895 545 2932 tibiae,
567 2902 598 2927 et
614 2895 728 2927 fistulae
747 2895 833 2927 modi

85 2938 223 2973 efficiunt
237 2951 247 2979 3
269 2939 327 2971 inf.
341 2940 447 2983 Epod.
462 2941 494 2976 9,
509 2941 541 2975 5,
559 2939 692 2970 Sonante
707 2941 834 2970 mixtum

87 2982 169 3015 tibiis
181 2993 301 3015 carmen
314 2985 395 3025 lyra.
442 2983 511 3013 licie
522 2984 564 3012 bis
580 2984 668 3023 pueri
685 2984 746 3018 die,
757 2988 832 3014 cett.

85 3023 121 3057 in
150 3025 272 3070 templo
301 3026 358 3058 illo
389 3036 556 3069 puerorum
589 3026 835 3068 puellarumque

877 1602 992 1634 chorus
1007 1603 1144 1646 hymnos
1155 1604 1205 1636 vel
1222 1604 1345 1636 alterna
1356 1603 1498 1636 carmina
1515 1602 1548 1634 in
1559 1603 1628 1634 lau-

877 1645 934 1677 des
964 1653 1035 1678 tuas
1058 1647 1141 1678 inter
1166 1647 1346 1678 saltandum
1375 1646 1529 1678 cantabit.
1575 1646 1630 1676 Bis

877 1690 939 1726 die,
955 1690 1112 1721 matutino
1131 1696 1162 1722 et
1178 1690 1357 1733 vespertino
1377 1696 1527 1731 tempore,
1544 1695 1580 1719 ut
1597 1691 1631 1719 in

878 1733 977 1763 sacris
994 1733 1108 1764 Isiacis
1125 1733 1211 1776 apud
1227 1733 1350 1764 Tibull.
1364 1733 1385 1769 i,
1402 1734 1435 1768 3,
1448 1734 1503 1763 31.
1549 1733 1630 1762 Pede

878 1777 1022 1811 candido,
1040 1776 1187 1818 pulchro,
1212 1776 1293 1806 nihil
1315 1775 1467 1818 amplius.
1512 1775 1552 1806 In
1568 1787 1630 1805 mo-

879 1828 942 1848 rem
952 1820 1089 1850 Saliam:
1108 1819 1148 1850 cf.
1158 1830 1229 1861 sup.
1240 1819 1262 1855 i,
1274 1820 1328 1857 36,
1342 1820 1393 1850 12.
1411 1819 1559 1853 Quatient
1571 1819 1628 1849 lm-

879 1873 958 1891 mum
973 1874 981 1891 :
1004 1862 1046 1893 cf.
1063 1873 1132 1905 sup.
1143 1862 1164 1898 i,
1178 1863 1273 1899 4,10.
1303 1863 1374 1902 Spes
1390 1863 1487 1892 animi
1501 1863 1630 1892 credula

881 1907 994 1943 mutui,
1024 1916 1096 1947 spes
1130 1916 1227 1947 quam
1258 1905 1381 1936 creduli
1417 1910 1559 1936 amantes
1589 1906 1630 1936 de

877 1954 988 1979 mutuo
1011 1958 1116 1980 amore
1138 1949 1242 1980 fovere
1260 1949 1374 1979 solent.
1422 1948 1548 1979 Cei-tare
1567 1960 1628 1978 me-

877 2002 922 2026 ro,
949 1990 1004 2022 ubi
1023 1991 1056 2022 in
1075 1991 1364 2034 compotationibus
1388 1991 1469 2022 alter
1493 1991 1629 2022 alterum

878 2033 1013 2075 largiore
1030 2034 1094 2065 vini
1111 2035 1226 2066 haustu
1245 2035 1370 2066 vincere
1388 2034 1505 2072 studet,
1522 2040 1557 2066 ut
1572 2034 1629 2066 inf.

879 2077 982 2119 Epist.
1004 2077 1026 2114 i,
1054 2080 1105 2114 19,
1129 2079 1179 2109 ll.
1227 2079 1320 2109 Novis
1331 2079 1478 2120 floribus,
1499 2078 1629 2109 corollis

876 2120 1097 2152 convivalibus
1113 2132 1130 2152 e
1146 2122 1327 2153 recentibus
1343 2121 1473 2152 floribus
1489 2121 1591 2152 nexis.

920 2165 1062 2195 33—40.
1096 2164 1184 2195 Dum
1209 2165 1350 2196 alienum
1375 2174 1460 2195 nunc
1484 2164 1627 2195 animum

877 2207 918 2237 ab
946 2207 1063 2238 amoris
1085 2207 1210 2240 lusibus
1234 2219 1267 2239 se
1294 2209 1410 2240 habere
1439 2208 1494 2242 ait,
1520 2209 1628 2239 subito

877 2249 980 2291 signa,
1000 2251 1062 2281 vim
1083 2251 1157 2282 novi
1176 2252 1292 2282 amoris
1312 2251 1520 2287 declarantia,
1540 2251 1572 2282 in
1593 2261 1627 2282 se

876 2293 1109 2332 animadvertit,
1149 2305 1207 2326 nec
1249 2295 1453 2336 Ligurinum,
1498 2295 1626 2327 mollem

876 2347 1023 2378 puerum,
1044 2348 1125 2373 esse,
1141 2338 1198 2380 qui
1219 2346 1340 2370 veteres
1358 2339 1502 2370 flammas
1521 2349 1625 2370 resus-

876 2379 1031 2417 citaverit,
1055 2381 1250 2413 dissimulat.
1303 2382 1424 2413 Similis
1448 2382 1511 2413 fere
1536 2382 1626 2414 locus

875 2428 924 2454 est
940 2424 1025 2465 apud
1041 2425 1161 2457 Tibull.
1177 2425 1198 2461 i,
1216 2427 1248 2462 4,
1267 2427 1322 2462 81,
1336 2425 1392 2457 ubi
1408 2431 1503 2468 poeta
1518 2427 1625 2458 mede-

875 2466 907 2497 la
928 2465 996 2503 illa,
1040 2478 1082 2498 ua
1099 2468 1194 2499 modo
1213 2469 1284 2500 aliis
1302 2468 1335 2499 in
1362 2479 1466 2500 amore
1492 2480 1625 2501 succur-

875 2519 941 2540 rere
966 2515 1015 2541 stu
1042 2517 1142 2547 uerat,
1173 2522 1206 2543 se
1237 2511 1354 2554 ipsum,
1385 2523 1466 2544 novo
1495 2514 1625 2544 vulnere

876 2553 1033 2588 saucium,
1054 2554 1195 2596 indigere
1217 2555 1326 2586 sentit.
1374 2556 1461 2587 Rara
1486 2558 1626 2593 lacrima,

876 2606 948 2636 quae
958 2597 1078 2638 jin-tim
1098 2602 1154 2638 (ut
1172 2599 1323 2630 Horatius
1342 2609 1413 2642 sup.
1430 2600 1451 2635 i,
1472 2602 1521 2635 13,
1541 2602 1558 2631 7
1579 2601 1623 2630 Ιο-

874 2639 1002 2679 quitur)
1015 2642 1046 2671 in
1060 2651 1154 2682 genas
1170 2642 1298 2673 labitur.
1330 2643 1382 2673 (ll.
1395 2643 1525 2674 Mitsch.
1536 2655 1623 2675 com-

875 2683 1122 2724 parat-Meleag.
1143 2684 1202 2719 liii,
1228 2686 1256 2723 l,
1275 2686 1408 2716 Antliol.
1427 2686 1535 2718 Graec.
1551 2688 1586 2717 Τ.
1604 2688 1624 2722 i,

868 2735 908 2777 J).
931 2726 977 2761 l7,
995 2726 1064 2758 Αἰεί
1080 2739 1138 2768 μοι
1153 2726 1247 2760 δύνει
1265 2729 1325 2770 μὲν
1345 2729 1382 2760 ἐν
1401 2729 1523 2762 οὔασιν
1540 2731 1625 2772 ἦχος

886 2768 1159 2813 Ερωτος,’ομμα
1176 2770 1207 2802 δὲ
1224 2773 1307 2814 σῖγα
1324 2773 1444 2810 πόθοις
1463 2774 1500 2804 τὸ
1519 2775 1623 2815 γλυκὺ

876 2810 981 2853 δάκρυ
1020 2812 1096 2855 έρει.
1142 2814 1238 2857 Apud
1258 2815 1438 2847 Dioscorid.
1461 2817 1520 2858 Ep.
1539 2817 1624 2852 xxiv,

876 2857 908 2890 4,
927 2855 995 2885 Ant
1006 2857 1061 2887 iol.
1080 2857 1190 2888 Graec.
1214 2859 1254 2889 T.
1274 2858 1296 2895 i,
1318 2869 1349 2901 p.
1368 2860 1445 2896 250,
1468 2860 1625 2901 ejusmodi

876 2897 1027 2940 lacryma,
1057 2909 1153 2940 quam
1188 2902 1312 2933 mollior
1344 2911 1431 2933 amor
1465 2903 1623 2944 exprimit,

878 2942 1018 2984 χλωρὸν
1035 2941 1139 2984 δάκρυ
1154 2952 1294 2975 vocatur.
1341 2946 1446 2980 Cadit,
1464 2946 1495 2975 h.
1512 2956 1540 2976 e.
1557 2956 1625 2976 ces-

877 2989 937 3019 sat,
968 2989 1081 3028 torpet,
1109 2986 1226 3021 deficit,
1258 2989 1318 3022 vel,
1347 2994 1380 3018 nt
1414 2988 1516 3018 Plani.
1553 2988 1625 3018 Mil.

879 3027 969 3058 Glor.
992 3028 1034 3064 iv,
1058 3030 1091 3066 6,-
1115 3031 1168 3067 56,
1194 3030 1232 3062 de
1256 3031 1365 3072 lingua
1387 3032 1627 3062 obmutescente
