1884 3288
928 187 1229 228 EPODON

611 289 696 330 Per
715 289 798 330 hoc
819 289 943 330 inane
962 303 1167 343 purpurae
1189 288 1320 329 decus
1341 303 1507 342 precor,

775 355 861 396 Per
880 355 1218 410 improbaturum
1237 354 1330 396 haec
1351 355 1379 395 J
1383 370 1515 403 ovem,

612 421 732 468 Quid
751 428 799 462 ut
818 436 1000 463 noverca
1019 436 1086 462 me
1106 420 1301 470 intueris,
1323 427 1396 461 aut
1417 421 1479 461 uti

775 487 918 528 Petita
939 487 1051 528 ferro
1072 486 1213 528 bellua
1231 489 1247 528 ?

611 554 674 595 Ut
692 553 787 595 haec
807 561 1013 595 tremente
1034 562 1211 607 questus
1233 568 1305 594 ore
1326 553 1514 594 constitit

777 621 1022 675 Insignibus
1045 621 1178 674 raptis
1198 634 1319 674 puer,

612 687 792 742 Impube
813 701 984 740 corpus,
1006 685 1130 740 quale
1149 693 1297 740 posset
1317 686 1445 740 impia

779 752 950 793 Mollire
971 752 1189 793 Thracum
1209 760 1407 806 pectora3

529 821 580 860 15
611 820 802 868 Canidia,
824 819 1025 859 brevibus
1047 818 1260 872 implicata
1281 819 1436 872 viperis

781 885 930 926 Crines
952 891 995 925 et
1014 884 1242 925 incomtum
1264 890 1406 938 caput,

609 952 744 993 Jubet
766 950 972 1005 sepulcris
994 949 1218 1004 caprificos
1239 957 1396 999 erutas,

779 1017 807 1058 J
812 1018 915 1058 ubet
936 1031 1166 1070 cupressus
1187 1016 1407 1064 funebres,

528 487 579 527 10

610 1084 672 1124 Et
692 1091 820 1125 uncta
839 1084 976 1137 turpis
999 1097 1078 1123 ova
1097 1097 1212 1123 ranae
1234 1083 1454 1136 sanguine,

523 1151 579 1191 20

778 1148 1056 1202 Plumamque
1077 1155 1298 1188 nocturnae
1319 1148 1478 1202 strigis,

608 1216 883 1270 Herbasque‚
905 1229 1011 1269 quas
1033 1214 1171 1256 Iolcos
1193 1221 1321 1268 atque
1342 1213 1484 1255 Iberia

775 1282 929 1331 Mittit,
949 1295 1208 1322 venenorum
1228 1280 1363 1329 ferax,

609 1349 671 1389 Et
692 1363 789 1390 ossa
809 1349 863 1389 ab
885 1362 957 1388 ore
978 1354 1101 1401 rapta
1115 1338 1276 1400 jejunae
1297 1346 1428 1396 canis,

773 1414 973 1455 Flammis
995 1413 1118 1454 aduri
1139 1412 1366 1454 Colchicis.

324 1535 449 1567 fraudes
481 1535 686 1573 subduxeris;
722 1535 800 1566 inter
832 1534 917 1576 ipsas
951 1543 1058 1575 preces

324 1577 419 1618 igitur
441 1589 516 1619 puer
539 1583 626 1608 notat
648 1577 790 1608 Canidiae
820 1577 948 1611 scelera,
973 1576 1059 1617 quod

323 1620 364 1650 ad
388 1621 483 1651 totius
505 1619 651 1650 carminis
674 1619 838 1650 consilium
863 1618 1058 1649 referendum

323 1667 384 1691 est.
431 1662 493 1691 Per
519 1663 572 1692 hoc
597 1663 687 1692 inane
712 1671 855 1700 purpurae
881 1661 981 1696 decus,
1005 1670 1060 1701 per·

322 1702 404 1733 hanc
425 1708 528 1744 togam
551 1708 741 1745 praetextam,
757 1701 960 1743 ingenuitatis
980 1711 1056 1733 meae

323 1744 458 1785 insigne,
482 1754 596 1775 vanum
624 1744 716 1781 illud,
744 1744 770 1774 si
793 1754 842 1775 nie
869 1754 930 1775 non
954 1749 1057 1774 tutum

323 1793 468 1827 praestare
498 1792 599 1828 potest
627 1797 646 1818 a
674 1793 729 1818 tua
757 1785 924 1825 violentia;
954 1788 1056 1821 inane,

322 1828 397 1868 quia
422 1829 510 1859 nulla
539 1834 696 1870 praetextae
723 1829 839 1859 ratione
864 1827 971 1859 habita
994 1828 1056 1858 vim

323 1871 454 1910 parabat
474 1871 628 1902 Canidia:
653 1871 692 1902 de
706 1877 858 1911 praetexta,
874 1876 910 1901 ut
931 1869 1057 1911 insigni.

319 1912 403 1952 quod
425 1922 537 1954 pueros
558 1913 712 1953 ingenuos
736 1918 844 1943 contra
865 1912 1011 1953 injuriam
1028 1917 1059 1943 et

322 1953 502 1985 violentiam
543 1954 689 1988 muniret,
731 1954 861 1985 laudant
900 1954 1057 1991 Quinctil.

323 1995 418 2028 Decl.
441 1996 531 2027 cccxl
555 2002 632 2027 extr.
656 1997 720 2037 Ego
746 1998 823 2027 robis
846 1998 943 2038 allego
970 1998 1057 2027 eriam

320 2038 416 2076 ipsum
438 2049 556 2070 sacrum
575 2045 800 2077 praeteoetarum,
822 2050 878 2078 quo
896 2040 1058 2069 sacerdotes

319 2081 472 2115 velantur,
496 2092 551 2120 quo
577 2082 784 2121 magistratus,
812 2092 868 2120 quo
891 2082 1055 2121 infirmita-

321 2127 378 2151 tem
399 2124 536 2161 pueritia
566 2133 682 2152 sacram
703 2123 842 2164 facimus
871 2133 906 2152 ac
931 2133 1055 2153 venera-

319 2164 417 2194 bilem.
461 2164 572 2195 Scelus
598 2170 702 2195 autem
727 2163 871 2195 Canidiae
898 2174 947 2200 eo,
971 2165 1055 2205 quod

319 2205 389 2246 ejus
410 2205 494 2236 furor
513 2215 552 2236 ne
575 2206 712 2246 ingenuo
731 2205 858 2246 quidem
882 2215 977 2247 puero
1001 2216 1054 2252 pe-

361 2248 461 2283 rcerit,
479 2248 590 2278 mirum
611 2248 644 2278 in
668 2247 795 2278 modum
822 2247 938 2287 augeri,
960 2247 1053 2289 quili-

343 2294 374 2320 et
409 2290 476 2331 ipse
512 2289 615 2320 sentit.
660 2291 722 2320 Aut
759 2291 808 2319 uti
843 2293 936 2328 petita
962 2290 1054 2331 ferro

317 2332 444 2362 bellua?
465 2331 513 2362 vel
538 2337 574 2362 ut
602 2341 685 2362 saeva
711 2332 810 2362 bestia
835 2341 920 2367 eum,
949 2341 967 2362 a
991 2341 1053 2372 quo

319 2373 417 2415 petita
439 2378 496 2411 est,
519 2373 632 2404 intueri
657 2374 746 2410 solet,
773 2373 866 2404 torvis
890 2383 999 2415 nempe
1023 2379 1054 2405 et

320 2414 495 2446 minacibus
510 2416 623 2446 oculis.

364 2459 500 2488 11—24.
534 2458 574 2487 Ut
600 2459 660 2488 lucc
685 2464 824 2488 tremente
853 2464 970 2498 questus
994 2469 1055 2495 ore,

318 2505 394 2531 cett.
413 2509 523 2530 sensus
538 2505 569 2530 et
582 2500 728 2530 orationis
745 2510 843 2530 nexus
858 2511 865 2529 z
890 2506 1055 2541 postquam

317 2551 404 2583 puer,
432 2541 500 2573 haec
534 2551 586 2572 ore
619 2547 767 2573 tremente
800 2548 940 2583 questus,
971 2553 1051 2583 prae-

317 2589 402 2615 texta
422 2583 450 2614 ei
466 2583 603 2625 derepta,
619 2590 654 2614 ut
676 2595 788 2626 corpus
802 2584 928 2626 impube
946 2590 977 2615 et
994 2595 1051 2616 nu-

316 2625 390 2656 dum
414 2623 486 2667 (per
508 2625 733 2668 appositionem
756 2637 822 2668 pro,
841 2626 960 2667 impubi
983 2637 1051 2657 cor-

316 2667 421 2710 pore),
448 2667 540 2709 cujus
568 2667 733 2709 adspectus
757 2668 805 2699 vel
831 2667 929 2710 impia
953 2669 1050 2700 Thra-

317 2719 389 2740 cum
426 2716 552 2750 pectora
587 2710 708 2742 flectere
744 2715 854 2751 posset,
892 2710 1048 2750 constitit;

317 2757 385 2782 tum
423 2751 559 2782 Canidia
594 2758 669 2783 cett.
715 2753 860 2783 Brevibus
895 2754 1050 2792 implicata

315 2795 423 2834 viperis
447 2794 551 2825 Crines
575 2801 604 2824 et
630 2797 790 2825 incmntum
815 2800 916 2834 caput,
939 2795 963 2824 F
968 2794 1048 2826 uria-

314 2846 383 2866 rum
417 2845 502 2867 more
540 2836 695 2876 anguineo
731 2837 845 2878 capillo
879 2836 1044 2876 redimita;

1101 1536 1180 1564 color
1201 1541 1229 1565 et
1252 1537 1336 1565 vario
1360 1537 1498 1567 Furialis
1518 1535 1620 1566 cultus
1639 1537 1754 1567 amictu
1778 1537 1832 1568 In-

1101 1577 1221 1612 duitur,
1253 1578 1413 1617 vultusque
1441 1579 1579 1617 aperitur
1605 1581 1688 1610 ‹tr-ino
1714 1586 1834 1616 remoto,

1103 1618 1144 1648 Et
1160 1630 1240 1649 coma
1256 1621 1382 1658 vipereis
1398 1620 1618 1660 substringitur
1631 1621 1754 1651 horrida
1771 1631 1834 1652 ser-

1102 1661 1150 1691 tis.
1194 1661 1379 1691 Incomtum:
1405 1661 1450 1692 sic
1476 1660 1645 1704 Tisiphone
1671 1661 1755 1704 apud
1779 1662 1832 1694 Ti-

1099 1702 1178 1732 bull.
1201 1703 1224 1739 i,
1246 1703 1277 1738 3,
1300 1703 1354 1740 69,
1373 1703 1584 1744 Tisiphoneque
1605 1706 1720 1744 impexa
1739 1715 1833 1737 comas

1097 1755 1154 1783 pro
1188 1747 1323 1776 crinibus
1358 1756 1482 1786 angues.
1535 1747 1698 1787 Capmflcos
1731 1753 1833 1778 nutas

1098 1787 1262 1826 sepulc-ris,-
1286 1787 1326 1818 ad
1349 1787 1503 1819 infaustas
1527 1787 1610 1819 enim
1635 1793 1668 1819 et
1693 1787 1834 1820 infelices

1099 1829 1236 1866 arbores,
1259 1839 1392 1871 quarum
1419 1829 1506 1870 ligna
1527 1829 1559 1860 in
1585 1829 1682 1862 sacris
1703 1830 1835 1872 magicis

1101 1871 1231 1901 accendi
1254 1871 1406 1908 solebant,
1422 1871 1597 1913 pertinebat
1617 1873 1778 1913 caprificus
1799 1872 1833 1904 in

1102 1912 1253 1954 sepulcris
1283 1919 1374 1944 nata:
1403 1914 1444 1945 cf.
1474 1914 1614 1956 Propert.
1644 1913 1686 1952 iv,
1715 1916 1748 1949 5,
1779 1916 1831 1946 74.

1103 1955 1265 1994 cupressus
1275 1957 1436 1997 funebres,
1457 1955 1532 1997 quia
1553 1966 1707 1996 cupressus
1727 1956 1760 1987 in
1780 1962 1832 1988 tu·

1102 1997 1195 2027 mulis
1221 1998 1295 2039 poni
1325 1998 1464 2037 solebat3
1488 1997 1561 2029 hinc
1590 2008 1662 2039 sup.
1688 1997 1723 2034 ii,
1749 1999 1777 2035 1,
1800 2001 1832 2036 5.

1099 2038 1227 2075 dicitur,
1241 2041 1350 2070 invisa.
1398 2040 1508 2077 Uncto,
1529 2039 1661 2082 polluta,
1679 2040 1846 2071 contami-·

1100 2086 1184 2118 nata,
1201 2087 1237 2112 ut
1261 2092 1332 2124 sup.
1358 2081 1392 2118 ii,
1411 2083 1439 2118 l,
1456 2084 1487 2119 5,
1503 2093 1587 2112 arma
1605 2092 1711 2113 cruore
1724 2089 1831 2119 uncta,

1099 2121 1156 2153 ins.
1183 2124 1250 2154 Sat.
1278 2123 1311 2160 ii,
1337 2124 1370 2159 2,
1397 2125 1451 2159 68,
1476 2135 1579 2165 neque,
1604 2126 1682 2155 sicut
1709 2126 1832 2164 simpteae

1100 2165 1232 2201 Naevius,
1249 2172 1371 2196 unctam
1387 2166 1522 2197 Convivis
1539 2167 1678 2206 prebebit
1698 2178 1716 2197 a
1737 2177 1807 2197 uam
1817 2178 1830 2204 ;

1097 2211 1130 2236 et
1146 2206 1190 2237 sic
1204 2214 1301 2237 unctoe
1317 2218 1423 2238 manus
1438 2208 1504 2238 Sat.
1524 2207 1557 2244 ii.
1574 2209 1606 2243 4.
1623 2209 1677 2239 78.
1745 2211 1832 2248 arpis

1097 2259 1190 2284 ranoe,
1213 2249 1340 2284 rubetae,
1364 2259 1446 2290 quae,
1470 2248 1544 2290 quia
1565 2249 1718 2290 sanguine
1738 2260 1832 2282 vene-

1097 2295 1183 2325 nato,
1205 2296 1240 2321 ut
1258 2291 1374 2332 vipera,
1392 2297 1512 2332 turgere
1533 2291 1714 2333 putabatur,
1735 2292 1832 2323 sacris

1097 2331 1226 2372 magicis
1240 2331 1382 2364 inserviit
1396 2344 1403 2362 ι
1427 2333 1491 2364 vid.
1507 2333 1651 2375 Propert.
1668 2333 1714 2370 iii,
1729 2335 1761 2372 6,
1775 2335 1831 2365 27.

1098 2374 1262 2405 Nocturna:
1290 2377 1403 2416 strigis,
1429 2385 1467 2405 ex
1493 2380 1678 2406 noctuarum
1703 2385 1827 2418 genere,

1096 2416 1135 2446 ob
1153 2416 1285 2447 flebilem
1306 2415 1445 2459 inprimis
1459 2427 1577 2453 vocem,
1594 2426 1686 2465 quam
1702 2423 1796 2449 noctu
1813 2429 1831 2452 e

1097 2458 1286 2488 culminibus
1306 2464 1337 2489 et
1351 2459 1383 2489 in
1399 2459 1499 2490 bustis
1514 2459 1589 2495 edit,
1604 2459 1806 2508 inauspicatae
1818 2471 1829 2500 5

1097 2499 1136 2530 de
1157 2500 1237 2541 ejus,
1252 2500 1299 2531 uti
1314 2502 1447 2536 bubonis,
1463 2501 1494 2532 in
1513 2501 1608 2532 sacris
1625 2501 1756 2543 magicis
1770 2512 1829 2533 usu

1094 2541 1155 2573 vid.
1171 2543 1264 2574 Ovid.
1281 2543 1366 2574 Fast.
1382 2543 1422 2580 vi,
1439 2543 1500 2574 139
1523 2553 1593 2585 sqq.
1614 2543 1726 2575 Senec.
1739 2544 1830 2576 Med.

1095 2585 1155 2615 731
1181 2595 1250 2626 sqq.
1293 2585 1396 2621 Iolcos,
1413 2585 1486 2616 urbs
1506 2585 1688 2621 Thessalioe,
1707 2591 1743 2616 ut
1761 2596 1828 2616 om-

1095 2626 1143 2656 nis
1179 2626 1352 2662 Thessalia.
1389 2637 1577 2658 venenorum
1614 2627 1826 2659 feracissima:

1095 2668 1212 2700 Tibull.
1242 2669 1275 2705 ii,
1306 2670 1338 2704 4,
1367 2670 1422 2700 56.
1465 2669 1577 2706 Iberia,
1607 2669 1701 2700 Ponti
1730 2669 1827 2710 regio,

1095 2711 1224 2742 Colchis
1253 2710 1377 2750 vicina3
1407 2710 1623 2752 intelliguntur
1650 2710 1746 2753 igitur
1775 2722 1826 2743 ve-

1094 2759 1215 2784 nenatae
1239 2753 1353 2791 hei-bre,
1375 2752 1522 2794 qualibus
1546 2753 1663 2784 Medea
1685 2763 1742 2784 usa
1765 2753 1828 2785 sit:

1093 2795 1135 2826 cf.
1153 2795 1244 2836 Virg.
1269 2795 1343 2826 Ecl.
1363 2794 1429 2832 viii,
1449 2795 1503 2826 95.
1549 2795 1704 2831 Colchicis,
1725 2796 1826 2838 magia

1090 2837 1148 2872 cis,
1173 2837 1282 2878 quales
1307 2836 1422 2868 additis
1448 2836 1541 2885 lignis
1568 2836 1747 2868 infelicibus
1772 2847 1825 2869 ac-

315 2877 390 2910 hinc
405 2877 542 2909 venefica
563 2878 703 2913 Erichto¹
719 2878 758 2908 ad
774 2888 861 2909 sacra
876 2878 998 2919 magica
1013 2889 1045 2911 se
1089 2878 1228 2912 cenderit
1243 2878 1357 2910 Medea
1373 2878 1534 2910 Colchica.

315 2920 495 2962 accingens,
525 2920 609 2963 apud
643 2921 763 2952 Lucan.
793 2920 834 2958 vi,
864 2921 938 2958 654,
971 2921 1043 2952 Dis-

1130 2922 1269 2953 25-28.
1294 2921 1452 2962 Expedita,
1473 2920 1654 2954 succincta:
1679 2920 1736 2952 inf.
1760 2921 1825 2954 Sat.

1535 3064 1554 3073 κ
