<?xml version="1.0" encoding="UTF-8"?>
<!DOCTYPE html PUBLIC "-//W3C//DTD XHTML 1.0 Transitional//EN"
    "http://www.w3.org/TR/xhtml1/DTD/xhtml1-transitional.dtd">
<html xmlns="http://www.w3.org/1999/xhtml" xml:lang="en" lang="en">
 <head>
  <title>
</title>
<meta http-equiv="Content-Type" content="text/html;charset=utf-8" />
  <meta name='ocr-system' content='tesseract 3.04.00' />
  <meta name='ocr-capabilities' content='ocr_page ocr_carea ocr_par ocr_line ocrx_word'/>
</head>
<body>
  <div class='ocr_page' id='page_1' title='image "./operahorac00horauoft_0229.png"; bbox 0 0 1884 3288; ppageno 0'>
   <div class='ocr_carea' id='block_1_1' title="bbox 1 2438 27 2733">
    <p class='ocr_par' dir='ltr' id='par_1_1' title="bbox 1 2438 27 2733">
     <span class='ocr_line' id='line_1_1' title="bbox 1 2438 27 2733; baseline 0 -283"><span class='ocrx_word' id='word_1_1' title='bbox 1 2450 6 2733; x_wconf 95' lang='lat' dir='ltr'><strong> </strong></span> <span class='ocrx_word' id='word_1_2' title='bbox 7 2438 27 2450; x_wconf 95' lang='lat' dir='ltr'><strong> </strong></span> 
     </span>
    </p>
   </div>
   <div class='ocr_carea' id='block_1_2' title="bbox 663 184 1109 236">
    <p class='ocr_par' dir='ltr' id='par_1_2' title="bbox 663 184 1109 236">
     <span class='ocr_line' id='line_1_2' title="bbox 663 184 1109 236; baseline 0 -8"><span class='ocrx_word' id='word_1_3' title='bbox 663 184 891 228; x_wconf 88' lang='lat' dir='ltr'><strong>LIBER</strong></span> <span class='ocrx_word' id='word_1_4' title='bbox 922 184 1007 236; x_wconf 91' lang='lat'><strong>111,</strong></span> <span class='ocrx_word' id='word_1_5' title='bbox 1038 186 1109 228; x_wconf 68' lang='lat'><strong>28.</strong></span> 
     </span>
    </p>
   </div>
   <div class='ocr_carea' id='block_1_3' title="bbox 1577 187 1659 228">
    <p class='ocr_par' dir='ltr' id='par_1_3' title="bbox 1577 187 1659 228">
     <span class='ocr_line' id='line_1_3' title="bbox 1577 187 1659 228; baseline 0 0"><span class='ocrx_word' id='word_1_6' title='bbox 1577 187 1659 228; x_wconf 89' lang='grc'><strong>189</strong></span> 
     </span>
    </p>
   </div>
   <div class='ocr_carea' id='block_1_4' title="bbox 405 286 1275 336">
    <p class='ocr_par' dir='ltr' id='par_1_4' title="bbox 405 286 1275 336">
     <span class='ocr_line' id='line_1_4' title="bbox 405 286 1275 336; baseline 0 -6"><span class='ocrx_word' id='word_1_7' title='bbox 405 288 555 336; x_wconf 83' lang='lat' dir='ltr'><strong>Quum</strong></span> <span class='ocrx_word' id='word_1_8' title='bbox 576 286 656 328; x_wconf 90' lang='lat' dir='ltr'><strong>tibi</strong></span> <span class='ocrx_word' id='word_1_9' title='bbox 676 286 840 328; x_wconf 86' lang='lat' dir='ltr'><strong>invisus</strong></span> <span class='ocrx_word' id='word_1_10' title='bbox 862 286 1096 329; x_wconf 86' lang='lat' dir='ltr'><strong>laceranda</strong></span> <span class='ocrx_word' id='word_1_11' title='bbox 1115 287 1275 330; x_wconf 88' lang='lat' dir='ltr'><strong>reddet</strong></span> 
     </span>
    </p>
   </div>
   <div class='ocr_carea' id='block_1_5' title="bbox 403 354 1174 466">
    <p class='ocr_par' dir='ltr' id='par_1_5' title="bbox 403 354 1174 466">
     <span class='ocr_line' id='line_1_5' title="bbox 809 354 1174 398; baseline 0.005 -2"><span class='ocrx_word' id='word_1_12' title='bbox 809 354 988 396; x_wconf 85' lang='lat' dir='ltr'>Cornua</span> <span class='ocrx_word' id='word_1_13' title='bbox 1008 362 1174 398; x_wconf 89' lang='lat' dir='ltr'><strong>taurus.</strong></span> 
     </span>
     <span class='ocr_line' id='line_1_6' title="bbox 403 421 1148 466; baseline 0 -1"><span class='ocrx_word' id='word_1_14' title='bbox 403 422 530 465; x_wconf 85' lang='lat' dir='ltr'>Uxor</span> <span class='ocrx_word' id='word_1_15' title='bbox 549 421 698 463; x_wconf 87' lang='lat' dir='ltr'><strong>invicti</strong></span> <span class='ocrx_word' id='word_1_16' title='bbox 716 421 840 464; x_wconf 84' lang='lat' dir='ltr'><strong>Jovis</strong></span> <span class='ocrx_word' id='word_1_17' title='bbox 862 437 959 465; x_wconf 88' lang='lat' dir='ltr'><strong>esse</strong></span> <span class='ocrx_word' id='word_1_18' title='bbox 981 424 1148 466; x_wconf 83' lang='lat' dir='ltr'><strong>nescis:</strong></span> 
     </span>
    </p>
   </div>
   <div class='ocr_carea' id='block_1_6' title="bbox 318 489 1302 603">
    <p class='ocr_par' dir='ltr' id='par_1_6' title="bbox 318 489 1302 603">
     <span class='ocr_line' id='line_1_7' title="bbox 401 489 1302 547; baseline 0.003 -16"><span class='ocrx_word' id='word_1_19' title='bbox 401 490 533 532; x_wconf 85' lang='lat' dir='ltr'><strong>Mitte</strong></span> <span class='ocrx_word' id='word_1_20' title='bbox 555 489 797 545; x_wconf 84' lang='lat' dir='ltr'><strong>singultus:</strong></span> <span class='ocrx_word' id='word_1_21' title='bbox 829 492 942 534; x_wconf 92' lang='lat' dir='ltr'><strong>bene</strong></span> <span class='ocrx_word' id='word_1_22' title='bbox 964 491 1079 534; x_wconf 85' lang='lat' dir='ltr'><strong>ferre</strong></span> <span class='ocrx_word' id='word_1_23' title='bbox 1101 507 1302 547; x_wconf 88' lang='lat' dir='ltr'><strong>magnam</strong></span> 
     </span>
     <span class='ocr_line' id='line_1_8' title="bbox 318 558 1226 603; baseline 0 -1"><span class='ocrx_word' id='word_1_24' title='bbox 318 560 374 602; x_wconf 84' lang='lat'><strong>75</strong></span> <span class='ocrx_word' id='word_1_25' title='bbox 404 559 540 602; x_wconf 85' lang='lat' dir='ltr'><strong>Disce</strong></span> <span class='ocrx_word' id='word_1_26' title='bbox 562 558 783 602; x_wconf 86' lang='lat' dir='ltr'><strong>fortunam</strong></span> <span class='ocrx_word' id='word_1_27' title='bbox 801 577 810 602; x_wconf 75' lang='grc' dir='ltr'><strong><em>ε</em></strong></span> <span class='ocrx_word' id='word_1_28' title='bbox 843 567 918 602; x_wconf 88' lang='lat' dir='ltr'><strong>tua</strong></span> <span class='ocrx_word' id='word_1_29' title='bbox 939 568 1085 603; x_wconf 86' lang='lat' dir='ltr'><strong>sectus</strong></span> <span class='ocrx_word' id='word_1_30' title='bbox 1106 561 1226 603; x_wconf 88' lang='lat' dir='ltr'><strong>orbis</strong></span> 
     </span>
    </p>
   </div>
   <div class='ocr_carea' id='block_1_7' title="bbox 809 629 1171 672">
    <p class='ocr_par' dir='ltr' id='par_1_7' title="bbox 809 629 1171 672">
     <span class='ocr_line' id='line_1_9' title="bbox 809 629 1171 672; baseline 0.003 -2"><span class='ocrx_word' id='word_1_31' title='bbox 809 629 1003 672; x_wconf 88' lang='lat' dir='ltr'>Nomina</span> <span class='ocrx_word' id='word_1_32' title='bbox 1023 629 1171 672; x_wconf 85' lang='lat' dir='ltr'><strong>ducet.</strong></span> 
     </span>
    </p>
   </div>
   <div class='ocr_carea' id='block_1_8' title="bbox 619 840 1158 885">
    <p class='ocr_par' dir='ltr' id='par_1_8' title="bbox 619 840 1158 885">
     <span class='ocr_line' id='line_1_10' title="bbox 619 840 1158 885; baseline 0 -1"><span class='ocrx_word' id='word_1_33' title='bbox 619 840 899 884; x_wconf 88' lang='lat' dir='ltr'><strong>CARMEN</strong></span> <span class='ocrx_word' id='word_1_34' title='bbox 932 841 1158 885; x_wconf 89' lang='lat' dir='ltr'>XXVIII.</span> 
     </span>
    </p>
   </div>
   <div class='ocr_carea' id='block_1_9' title="bbox 719 995 1043 1027">
    <p class='ocr_par' dir='ltr' id='par_1_9' title="bbox 719 995 1043 1027">
     <span class='ocr_line' id='line_1_11' title="bbox 719 995 1043 1027; baseline 0 0"><span class='ocrx_word' id='word_1_35' title='bbox 719 996 792 1027; x_wconf 84' lang='lat' dir='ltr'><strong>AD</strong></span> <span class='ocrx_word' id='word_1_36' title='bbox 839 995 984 1027; x_wconf 86' lang='lat' dir='ltr'><strong>LYDE</strong></span> <span class='ocrx_word' id='word_1_37' title='bbox 997 996 1043 1027; x_wconf 87' lang='lat' dir='ltr'><strong>N.</strong></span> 
     </span>
    </p>
   </div>
   <div class='ocr_carea' id='block_1_10' title="bbox 344 1085 1345 1222">
    <p class='ocr_par' dir='ltr' id='par_1_10' title="bbox 344 1085 1345 1222">
     <span class='ocr_line' id='line_1_12' title="bbox 344 1085 887 1156; baseline 0.004 -14"><span class='ocrx_word' id='word_1_38' title='bbox 344 1085 497 1143; x_wconf 70' lang='lat' dir='ltr'><strong>¹F1‹:s&#39;ro</strong></span> <span class='ocrx_word' id='word_1_39' title='bbox 519 1101 626 1156; x_wconf 89' lang='lat' dir='ltr'><strong>quid</strong></span> <span class='ocrx_word' id='word_1_40' title='bbox 646 1101 794 1156; x_wconf 87' lang='lat' dir='ltr'><strong>potius</strong></span> <span class='ocrx_word' id='word_1_41' title='bbox 817 1102 887 1144; x_wconf 88' lang='lat' dir='ltr'><strong>die</strong></span> 
     </span>
     <span class='ocr_line' id='line_1_13' title="bbox 875 1170 1345 1222; baseline 0.002 -10"><span class='ocrx_word' id='word_1_42' title='bbox 875 1170 1034 1212; x_wconf 86' lang='lat' dir='ltr'>Prome</span> <span class='ocrx_word' id='word_1_43' title='bbox 1055 1171 1345 1222; x_wconf 88' lang='lat' dir='ltr'><strong>reconditum,</strong></span> 
     </span>
    </p>
   </div>
   <div class='ocr_carea' id='block_1_11' title="bbox 405 1169 815 1225">
    <p class='ocr_par' dir='ltr' id='par_1_11' title="bbox 405 1169 815 1225">
     <span class='ocr_line' id='line_1_14' title="bbox 405 1169 815 1225; baseline 0.002 -14"><span class='ocrx_word' id='word_1_44' title='bbox 405 1169 607 1225; x_wconf 86' lang='lat' dir='ltr'>Neptuni</span> <span class='ocrx_word' id='word_1_45' title='bbox 627 1169 782 1212; x_wconf 82' lang='lat' dir='ltr'><strong>faciam</strong></span> <span class='ocrx_word' id='word_1_46' title='bbox 799 1172 815 1212; x_wconf 69' lang='lat'><em>2</em></span> 
     </span>
    </p>
   </div>
   <div class='ocr_carea' id='block_1_12' title="bbox 348 1236 1232 1361">
    <p class='ocr_par' dir='ltr' id='par_1_12' title="bbox 348 1236 1232 1361">
     <span class='ocr_line' id='line_1_15' title="bbox 348 1236 968 1292; baseline 0.003 -14"><span class='ocrx_word' id='word_1_47' title='bbox 348 1236 490 1292; x_wconf 86' lang='lat' dir='ltr'><strong>Lyde,</strong></span> <span class='ocrx_word' id='word_1_48' title='bbox 515 1245 694 1279; x_wconf 89' lang='lat' dir='ltr'><strong>strenua</strong></span> <span class='ocrx_word' id='word_1_49' title='bbox 717 1238 968 1289; x_wconf 86' lang='lat' dir='ltr'><strong>Caecubum,</strong></span> 
     </span>
     <span class='ocr_line' id='line_1_16' title="bbox 403 1304 1232 1361; baseline 0.001 -15"><span class='ocrx_word' id='word_1_50' title='bbox 403 1304 678 1359; x_wconf 90' lang='lat' dir='ltr'><strong>Munitaeque</strong></span> <span class='ocrx_word' id='word_1_51' title='bbox 700 1306 862 1348; x_wconf 86' lang='lat' dir='ltr'>adhibe</span> <span class='ocrx_word' id='word_1_52' title='bbox 884 1307 969 1348; x_wconf 88' lang='lat' dir='ltr'><strong>vim</strong></span> <span class='ocrx_word' id='word_1_53' title='bbox 991 1306 1232 1361; x_wconf 72' lang='lat' dir='ltr'><strong>sapientiae.</strong></span> 
     </span>
    </p>
   </div>
   <div class='ocr_carea' id='block_1_13' title="bbox 287 1372 805 1415">
    <p class='ocr_par' dir='ltr' id='par_1_13' title="bbox 287 1372 805 1415">
     <span class='ocr_line' id='line_1_17' title="bbox 287 1372 805 1415; baseline 0 -1"><span class='ocrx_word' id='word_1_54' title='bbox 287 1373 315 1414; x_wconf 89' lang='lat'><em>5</em></span> <span class='ocrx_word' id='word_1_55' title='bbox 345 1372 559 1415; x_wconf 86' lang='lat' dir='ltr'><strong>Inclinare</strong></span> <span class='ocrx_word' id='word_1_56' title='bbox 581 1373 805 1414; x_wconf 88' lang='lat' dir='ltr'><strong>meridiem</strong></span> 
     </span>
    </p>
   </div>
   <div class='ocr_carea' id='block_1_14' title="bbox 403 1440 1277 1492">
    <p class='ocr_par' dir='ltr' id='par_1_14' title="bbox 403 1440 1277 1492">
     <span class='ocr_line' id='line_1_18' title="bbox 403 1440 1277 1492; baseline -0.001 -9"><span class='ocrx_word' id='word_1_57' title='bbox 403 1441 574 1484; x_wconf 82' lang='lat' dir='ltr'><strong>Sentis:</strong></span> <span class='ocrx_word' id='word_1_58' title='bbox 607 1456 672 1492; x_wconf 89' lang='lat' dir='ltr'><strong>ac,</strong></span> <span class='ocrx_word' id='word_1_59' title='bbox 695 1441 830 1483; x_wconf 82' lang='lat' dir='ltr'><strong>veluti</strong></span> <span class='ocrx_word' id='word_1_60' title='bbox 852 1448 937 1483; x_wconf 85' lang='lat' dir='ltr'><strong>stet</strong></span> <span class='ocrx_word' id='word_1_61' title='bbox 958 1440 1146 1484; x_wconf 86' lang='lat' dir='ltr'><strong>volucris</strong></span> <span class='ocrx_word' id='word_1_62' title='bbox 1167 1441 1277 1491; x_wconf 87' lang='lat' dir='ltr'><strong>dies,</strong></span> 
     </span>
    </p>
   </div>
   <div class='ocr_carea' id='block_1_15' title="bbox 346 1509 906 1566">
    <p class='ocr_par' dir='ltr' id='par_1_15' title="bbox 346 1509 906 1566">
     <span class='ocr_line' id='line_1_19' title="bbox 346 1509 906 1566; baseline -0.002 -14"><span class='ocrx_word' id='word_1_63' title='bbox 346 1509 499 1552; x_wconf 84' lang='lat' dir='ltr'><strong>Parcis</strong></span> <span class='ocrx_word' id='word_1_64' title='bbox 521 1510 722 1566; x_wconf 87' lang='lat' dir='ltr'><strong>deripere</strong></span> <span class='ocrx_word' id='word_1_65' title='bbox 743 1509 906 1552; x_wconf 82' lang='lat' dir='ltr'><strong>horreo</strong></span> 
     </span>
    </p>
   </div>
   <div class='ocr_carea' id='block_1_16' title="bbox 408 1577 1352 1633">
    <p class='ocr_par' dir='ltr' id='par_1_16' title="bbox 408 1577 1352 1633">
     <span class='ocr_line' id='line_1_20' title="bbox 408 1577 1352 1633; baseline 0 -14"><span class='ocrx_word' id='word_1_66' title='bbox 408 1577 665 1620; x_wconf 85' lang='lat' dir='ltr'><strong>Cessantem</strong></span> <span class='ocrx_word' id='word_1_67' title='bbox 687 1577 837 1620; x_wconf 88' lang='lat' dir='ltr'><strong>Bibuli</strong></span> <span class='ocrx_word' id='word_1_68' title='bbox 859 1577 1063 1619; x_wconf 88' lang='lat' dir='ltr'>Consulis</span> <span class='ocrx_word' id='word_1_69' title='bbox 1086 1577 1352 1633; x_wconf 85' lang='lat' dir='ltr'><strong>amphoram.</strong></span> 
     </span>
    </p>
   </div>
   <div class='ocr_carea' id='block_1_17' title="bbox 113 1701 873 2348">
    <p class='ocr_par' dir='ltr' id='par_1_17' title="bbox 113 1701 873 2348">
     <span class='ocr_line' id='line_1_21' title="bbox 115 1701 868 1745; baseline -0.004 -10"><span class='ocrx_word' id='word_1_70' title='bbox 115 1702 140 1740; x_wconf 86' lang='lat' dir='ltr'><strong>i,</strong></span> <span class='ocrx_word' id='word_1_71' title='bbox 159 1703 214 1742; x_wconf 82' lang='lat'><strong>33,</strong></span> <span class='ocrx_word' id='word_1_72' title='bbox 233 1704 284 1741; x_wconf 84' lang='lat'><strong>12,</strong></span> <span class='ocrx_word' id='word_1_73' title='bbox 294 1705 400 1744; x_wconf 75' lang='lat' dir='ltr'><strong>jocus,</strong></span> <span class='ocrx_word' id='word_1_74' title='bbox 424 1701 478 1745; x_wconf 88' lang='lat' dir='ltr'><strong>qui</strong></span> <span class='ocrx_word' id='word_1_75' title='bbox 496 1701 617 1734; x_wconf 86' lang='lat' dir='ltr'><strong>Veneri</strong></span> <span class='ocrx_word' id='word_1_76' title='bbox 641 1702 759 1745; x_wconf 85' lang='lat' dir='ltr'><strong>placet,</strong></span> <span class='ocrx_word' id='word_1_77' title='bbox 777 1712 868 1733; x_wconf 77' lang='lat' dir='ltr'><strong>saevus</strong></span> 
     </span>
     <span class='ocr_line' id='line_1_22' title="bbox 118 1745 870 1779; baseline -0.004 -1"><span class='ocrx_word' id='word_1_78' title='bbox 118 1745 247 1779; x_wconf 83' lang='lat' dir='ltr'><strong>dicitur.</strong></span> <span class='ocrx_word' id='word_1_79' title='bbox 299 1746 434 1778; x_wconf 71' lang='lat' dir='ltr'><strong>Remisso</strong></span> <span class='ocrx_word' id='word_1_80' title='bbox 464 1746 566 1776; x_wconf 82' lang='lat' dir='ltr'><strong>Filius</strong></span> <span class='ocrx_word' id='word_1_81' title='bbox 596 1757 693 1776; x_wconf 82' lang='lat' dir='ltr'><strong>arcu:</strong></span> <span class='ocrx_word' id='word_1_82' title='bbox 731 1745 870 1776; x_wconf 83' lang='lat' dir='ltr'><strong>suaviter</strong></span> 
     </span>
     <span class='ocr_line' id='line_1_23' title="bbox 118 1789 868 1835; baseline -0.004 -14"><span class='ocrx_word' id='word_1_83' title='bbox 118 1789 258 1835; x_wconf 77' lang='lat' dir='ltr'><strong>Cupido.</strong></span> <span class='ocrx_word' id='word_1_84' title='bbox 273 1789 328 1831; x_wconf 88' lang='lat' dir='ltr'><strong>qui</strong></span> <span class='ocrx_word' id='word_1_85' title='bbox 343 1789 438 1821; x_wconf 80' lang='lat' dir='ltr'><strong>simul</strong></span> <span class='ocrx_word' id='word_1_86' title='bbox 454 1789 556 1824; x_wconf 82' lang='lat' dir='ltr'><strong>adest,</strong></span> <span class='ocrx_word' id='word_1_87' title='bbox 573 1799 659 1820; x_wconf 90' lang='lat' dir='ltr'><strong>nunc</strong></span> <span class='ocrx_word' id='word_1_88' title='bbox 676 1798 785 1820; x_wconf 90' lang='lat' dir='ltr'><strong>arcum</strong></span> <span class='ocrx_word' id='word_1_89' title='bbox 801 1789 868 1818; x_wconf 89' lang='lat' dir='ltr'><strong>lax-</strong></span> 
     </span>
     <span class='ocr_line' id='line_1_24' title="bbox 119 1831 871 1874; baseline -0.004 -10"><span class='ocrx_word' id='word_1_90' title='bbox 119 1838 208 1864; x_wconf 83' lang='lat' dir='ltr'><strong>atum</strong></span> <span class='ocrx_word' id='word_1_91' title='bbox 223 1838 346 1874; x_wconf 82' lang='lat' dir='ltr'><strong>gestare</strong></span> <span class='ocrx_word' id='word_1_92' title='bbox 361 1832 491 1874; x_wconf 87' lang='lat' dir='ltr'><strong>fingitur</strong></span> <span class='ocrx_word' id='word_1_93' title='bbox 504 1843 513 1870; x_wconf 89' lang='lat'>;</span> <span class='ocrx_word' id='word_1_94' title='bbox 537 1842 623 1869; x_wconf 84' lang='lat' dir='ltr'><strong>nam,</strong></span> <span class='ocrx_word' id='word_1_95' title='bbox 638 1833 724 1872; x_wconf 87' lang='lat' dir='ltr'><strong>quod</strong></span> <span class='ocrx_word' id='word_1_96' title='bbox 745 1831 798 1862; x_wconf 88' lang='lat' dir='ltr'><strong>ille</strong></span> <span class='ocrx_word' id='word_1_97' title='bbox 818 1841 871 1872; x_wconf 86' lang='lat' dir='ltr'><strong>per</strong></span> 
     </span>
     <span class='ocr_line' id='line_1_25' title="bbox 119 1875 868 1911; baseline -0.004 -4"><span class='ocrx_word' id='word_1_98' title='bbox 119 1885 230 1908; x_wconf 84' lang='lat' dir='ltr'><strong>arcum</strong></span> <span class='ocrx_word' id='word_1_99' title='bbox 242 1875 417 1907; x_wconf 84' lang='lat' dir='ltr'><strong>adductum</strong></span> <span class='ocrx_word' id='word_1_100' title='bbox 426 1882 459 1906; x_wconf 90' lang='lat' dir='ltr'><strong>et</strong></span> <span class='ocrx_word' id='word_1_101' title='bbox 472 1875 627 1906; x_wconf 85' lang='lat' dir='ltr'><strong>intentum</strong></span> <span class='ocrx_word' id='word_1_102' title='bbox 643 1875 766 1906; x_wconf 85' lang='lat' dir='ltr'><strong>efficere</strong></span> <span class='ocrx_word' id='word_1_103' title='bbox 777 1875 868 1911; x_wconf 87' lang='lat' dir='ltr'><strong>solet,</strong></span> 
     </span>
     <span class='ocr_line' id='line_1_26' title="bbox 116 1917 870 1961; baseline -0.004 -11"><span class='ocrx_word' id='word_1_104' title='bbox 116 1917 185 1961; x_wconf 85' lang='lat' dir='ltr'><strong>jam</strong></span> <span class='ocrx_word' id='word_1_105' title='bbox 209 1918 365 1950; x_wconf 76' lang='lat' dir='ltr'><strong>effecerat.</strong></span> <span class='ocrx_word' id='word_1_106' title='bbox 423 1918 482 1948; x_wconf 81' lang='lat' dir='ltr'><strong>Ubi</strong></span> <span class='ocrx_word' id='word_1_107' title='bbox 506 1919 580 1948; x_wconf 77' lang='lat' dir='ltr'><strong>lusit</strong></span> <span class='ocrx_word' id='word_1_108' title='bbox 601 1920 685 1953; x_wconf 77' lang='lat' dir='ltr'><strong>satis,</strong></span> <span class='ocrx_word' id='word_1_109' title='bbox 709 1917 764 1948; x_wconf 93' lang='lat' dir='ltr'><strong>ubi</strong></span> <span class='ocrx_word' id='word_1_110' title='bbox 793 1917 870 1948; x_wconf 87' lang='lat' dir='ltr'><strong>satis</strong></span> 
     </span>
     <span class='ocr_line' id='line_1_27' title="bbox 120 1960 870 2002; baseline -0.004 -9"><span class='ocrx_word' id='word_1_111' title='bbox 120 1961 281 1994; x_wconf 79' lang='lat' dir='ltr'><strong>delectata</strong></span> <span class='ocrx_word' id='word_1_112' title='bbox 300 1961 403 1992; x_wconf 83' lang='lat' dir='ltr'><strong>fuerat</strong></span> <span class='ocrx_word' id='word_1_113' title='bbox 421 1960 499 1992; x_wconf 93' lang='lat' dir='ltr'><strong>ludo</strong></span> <span class='ocrx_word' id='word_1_114' title='bbox 519 1960 588 1996; x_wconf 88' lang='lat' dir='ltr'><strong>illo,</strong></span> <span class='ocrx_word' id='word_1_115' title='bbox 609 1971 703 2002; x_wconf 91' lang='lat' dir='ltr'><strong>quem</strong></span> <span class='ocrx_word' id='word_1_116' title='bbox 718 1967 870 2002; x_wconf 88' lang='lat' dir='ltr'><strong>spectan-</strong></span> 
     </span>
     <span class='ocr_line' id='line_1_28' title="bbox 120 2003 870 2038; baseline -0.004 -2"><span class='ocrx_word' id='word_1_117' title='bbox 120 2003 199 2036; x_wconf 82' lang='lat' dir='ltr'><strong>dum</strong></span> <span class='ocrx_word' id='word_1_118' title='bbox 225 2003 256 2036; x_wconf 82' lang='lat' dir='ltr'><strong>ei</strong></span> <span class='ocrx_word' id='word_1_119' title='bbox 280 2004 372 2036; x_wconf 84' lang='lat' dir='ltr'><strong>Jovis</strong></span> <span class='ocrx_word' id='word_1_120' title='bbox 395 2014 482 2036; x_wconf 88' lang='lat' dir='ltr'><strong>amor</strong></span> <span class='ocrx_word' id='word_1_121' title='bbox 503 2003 644 2035; x_wconf 79' lang='lat' dir='ltr'><strong>dederat.</strong></span> <span class='ocrx_word' id='word_1_122' title='bbox 691 2004 793 2038; x_wconf 74' lang='lat' dir='ltr'><strong>Quum</strong></span> <span class='ocrx_word' id='word_1_123' title='bbox 816 2005 870 2034; x_wconf 79' lang='lat' dir='ltr'><strong>ribi</strong></span> 
     </span>
     <span class='ocr_line' id='line_1_29' title="bbox 120 2045 870 2084; baseline -0.004 -5"><span class='ocrx_word' id='word_1_124' title='bbox 120 2049 250 2084; x_wconf 67' lang='lat' dir='ltr'><strong>invitm,</strong></span> <span class='ocrx_word' id='word_1_125' title='bbox 265 2053 342 2079; x_wconf 79' lang='lat' dir='ltr'><strong>cett.</strong></span> <span class='ocrx_word' id='word_1_126' title='bbox 357 2057 432 2080; x_wconf 88' lang='lat' dir='ltr'><strong>cum</strong></span> <span class='ocrx_word' id='word_1_127' title='bbox 448 2053 560 2078; x_wconf 85' lang='lat' dir='ltr'><strong>taurus</strong></span> <span class='ocrx_word' id='word_1_128' title='bbox 575 2045 628 2077; x_wconf 87' lang='lat' dir='ltr'><strong>ille</strong></span> <span class='ocrx_word' id='word_1_129' title='bbox 645 2045 702 2076; x_wconf 87' lang='lat' dir='ltr'><strong>tibi</strong></span> <span class='ocrx_word' id='word_1_130' title='bbox 721 2056 805 2077; x_wconf 88' lang='lat' dir='ltr'><strong>nunc</strong></span> <span class='ocrx_word' id='word_1_131' title='bbox 821 2046 870 2076; x_wconf 87' lang='lat' dir='ltr'><strong>in·</strong></span> 
     </span>
     <span class='ocr_line' id='line_1_30' title="bbox 122 2089 872 2132; baseline -0.005 -9"><span class='ocrx_word' id='word_1_132' title='bbox 122 2089 212 2123; x_wconf 77' lang='lat' dir='ltr'><strong>visus</strong></span> <span class='ocrx_word' id='word_1_133' title='bbox 231 2090 412 2128; x_wconf 76' lang='lat' dir='ltr'><strong>laceranda,</strong></span> <span class='ocrx_word' id='word_1_134' title='bbox 428 2093 500 2132; x_wconf 59' lang='lat' dir='ltr'><strong>qua}</strong></span> <span class='ocrx_word' id='word_1_135' title='bbox 521 2095 551 2120; x_wconf 88' lang='lat' dir='ltr'><strong>te</strong></span> <span class='ocrx_word' id='word_1_136' title='bbox 571 2090 778 2120; x_wconf 87' lang='lat' dir='ltr'><strong>laceraturam</strong></span> <span class='ocrx_word' id='word_1_137' title='bbox 801 2099 872 2120; x_wconf 87' lang='lat' dir='ltr'><strong>esse</strong></span> 
     </span>
     <span class='ocr_line' id='line_1_31' title="bbox 121 2131 872 2176; baseline -0.004 -10"><span class='ocrx_word' id='word_1_138' title='bbox 121 2133 245 2167; x_wconf 76' lang='lat' dir='ltr'><strong>minata</strong></span> <span class='ocrx_word' id='word_1_139' title='bbox 269 2143 316 2172; x_wconf 68' lang='grc' dir='ltr'><strong>εδ,</strong></span> <span class='ocrx_word' id='word_1_140' title='bbox 345 2132 564 2176; x_wconf 83' lang='lat' dir='ltr'><strong>suppeditabit</strong></span> <span class='ocrx_word' id='word_1_141' title='bbox 592 2143 734 2170; x_wconf 83' lang='lat' dir='ltr'><strong>cornua3</strong></span> <span class='ocrx_word' id='word_1_142' title='bbox 762 2131 872 2174; x_wconf 89' lang='lat' dir='ltr'><strong>jocose</strong></span> 
     </span>
     <span class='ocr_line' id='line_1_32' title="bbox 122 2175 873 2220; baseline -0.005 -11"><span class='ocrx_word' id='word_1_143' title='bbox 122 2187 190 2220; x_wconf 82' lang='lat' dir='ltr'><strong>pro,</strong></span> <span class='ocrx_word' id='word_1_144' title='bbox 221 2187 295 2208; x_wconf 86' lang='lat' dir='ltr'><strong>cum</strong></span> <span class='ocrx_word' id='word_1_145' title='bbox 323 2175 493 2218; x_wconf 58' lang='lat' dir='ltr'><strong>deussqui</strong></span> <span class='ocrx_word' id='word_1_146' title='bbox 522 2175 583 2206; x_wconf 90' lang='lat' dir='ltr'><strong>sub</strong></span> <span class='ocrx_word' id='word_1_147' title='bbox 609 2181 698 2206; x_wconf 83' lang='lat' dir='ltr'><strong>tauro</strong></span> <span class='ocrx_word' id='word_1_148' title='bbox 725 2175 815 2210; x_wconf 85' lang='lat' dir='ltr'><strong>latet,</strong></span> <span class='ocrx_word' id='word_1_149' title='bbox 839 2185 873 2206; x_wconf 90' lang='lat' dir='ltr'><strong>se</strong></span> 
     </span>
     <span class='ocr_line' id='line_1_33' title="bbox 122 2217 871 2260; baseline -0.005 -8"><span class='ocrx_word' id='word_1_150' title='bbox 122 2219 182 2252; x_wconf 82' lang='lat' dir='ltr'><strong>tibi</strong></span> <span class='ocrx_word' id='word_1_151' title='bbox 194 2230 273 2252; x_wconf 87' lang='lat' dir='ltr'><strong>cons</strong></span> <span class='ocrx_word' id='word_1_152' title='bbox 297 2218 455 2250; x_wconf 87' lang='lat' dir='ltr'><strong>iciendum</strong></span> <span class='ocrx_word' id='word_1_153' title='bbox 472 2225 505 2250; x_wconf 88' lang='lat' dir='ltr'><strong>et</strong></span> <span class='ocrx_word' id='word_1_154' title='bbox 521 2217 776 2260; x_wconf 80' lang='lat' dir='ltr'><strong>amplectendum</strong></span> <span class='ocrx_word' id='word_1_155' title='bbox 792 2229 871 2260; x_wconf 84' lang='lat' dir='ltr'><strong>prae-</strong></span> 
     </span>
     <span class='ocr_line' id='line_1_34' title="bbox 119 2229 872 2304; baseline -0.005 -9"><span class='ocrx_word' id='word_1_156' title='bbox 119 2262 222 2296; x_wconf 69' lang='lat' dir='ltr'><strong>bebit.</strong></span> <span class='ocrx_word' id='word_1_157' title='bbox 269 2229 365 2298; x_wconf 60' lang='grc' dir='ltr'><strong>ὕων,</strong></span> <span class='ocrx_word' id='word_1_158' title='bbox 383 2262 415 2293; x_wconf 89' lang='lat' dir='ltr'><strong>h.</strong></span> <span class='ocrx_word' id='word_1_159' title='bbox 430 2273 460 2294; x_wconf 93' lang='lat' dir='ltr'><strong>e.</strong></span> <span class='ocrx_word' id='word_1_160' title='bbox 475 2261 592 2304; x_wconf 82' lang='lat' dir='ltr'><strong>pellex,</strong></span> <span class='ocrx_word' id='word_1_161' title='bbox 610 2267 646 2292; x_wconf 87' lang='lat' dir='ltr'><strong>ut</strong></span> <span class='ocrx_word' id='word_1_162' title='bbox 668 2262 786 2303; x_wconf 84' lang='lat' dir='ltr'><strong>passim</strong></span> <span class='ocrx_word' id='word_1_163' title='bbox 802 2273 872 2292; x_wconf 88' lang='lat' dir='ltr'><strong>con-</strong></span> 
     </span>
     <span class='ocr_line' id='line_1_35' title="bbox 113 2305 872 2348; baseline -0.005 -9"><span class='ocrx_word' id='word_1_164' title='bbox 113 2308 188 2348; x_wconf 65' lang='lat' dir='ltr'><strong>jux.</strong></span> <span class='ocrx_word' id='word_1_165' title='bbox 231 2306 338 2338; x_wconf 74' lang='lat' dir='ltr'><strong>sectus</strong></span> <span class='ocrx_word' id='word_1_166' title='bbox 353 2306 444 2342; x_wconf 69' lang='lat' dir='ltr'><strong>orbis,</strong></span> <span class='ocrx_word' id='word_1_167' title='bbox 460 2310 605 2347; x_wconf 85' lang='lat' dir='ltr'><strong>separata</strong></span> <span class='ocrx_word' id='word_1_168' title='bbox 620 2305 705 2336; x_wconf 89' lang='lat' dir='ltr'><strong>orbis</strong></span> <span class='ocrx_word' id='word_1_169' title='bbox 720 2311 872 2336; x_wconf 90' lang='lat' dir='ltr'><strong>terrarum</strong></span> 
     </span>
    </p>
   </div>
   <div class='ocr_carea' id='block_1_18' title="bbox 123 2359 211 2392">
    <p class='ocr_par' dir='ltr' id='par_1_18' title="bbox 123 2359 211 2392">
     <span class='ocr_line' id='line_1_36' title="bbox 123 2359 211 2392; baseline 0 -10"><span class='ocrx_word' id='word_1_170' title='bbox 123 2359 211 2392; x_wconf 67' lang='lat' dir='ltr'><strong>pais.</strong></span> 
     </span>
    </p>
   </div>
   <div class='ocr_carea' id='block_1_19' title="bbox 117 2433 876 2822">
    <p class='ocr_par' dir='ltr' id='par_1_19' title="bbox 300 2433 701 2467">
     <span class='ocr_line' id='line_1_37' title="bbox 300 2433 701 2467; baseline -0.01 0"><span class='ocrx_word' id='word_1_171' title='bbox 300 2433 502 2467; x_wconf 81' lang='lat' dir='ltr'>CARMEN</span> <span class='ocrx_word' id='word_1_172' title='bbox 531 2433 701 2465; x_wconf 90' lang='lat' dir='ltr'>XXVIII.</span> 
     </span>
    </p>

    <p class='ocr_par' dir='ltr' id='par_1_20' title="bbox 117 2474 876 2822">
     <span class='ocr_line' id='line_1_38' title="bbox 169 2474 875 2520; baseline -0.004 -10"><span class='ocrx_word' id='word_1_173' title='bbox 169 2476 268 2510; x_wconf 84' lang='lat' dir='ltr'><strong>Diem</strong></span> <span class='ocrx_word' id='word_1_174' title='bbox 277 2477 432 2520; x_wconf 77' lang='lat' dir='ltr'><strong>Neptuno</strong></span> <span class='ocrx_word' id='word_1_175' title='bbox 444 2487 569 2510; x_wconf 87' lang='lat' dir='ltr'><strong>sacrum</strong></span> <span class='ocrx_word' id='word_1_176' title='bbox 579 2481 674 2519; x_wconf 86' lang='lat' dir='ltr'><strong>poeta</strong></span> <span class='ocrx_word' id='word_1_177' title='bbox 686 2486 719 2507; x_wconf 89' lang='lat' dir='ltr'><strong>se</strong></span> <span class='ocrx_word' id='word_1_178' title='bbox 734 2474 875 2508; x_wconf 79' lang='lat' dir='ltr'><strong>hilariter</strong></span> 
     </span>
     <span class='ocr_line' id='line_1_39' title="bbox 125 2519 874 2564; baseline -0.005 -11"><span class='ocrx_word' id='word_1_179' title='bbox 125 2520 211 2564; x_wconf 72' lang='lat' dir='ltr'><strong>apud</strong></span> <span class='ocrx_word' id='word_1_180' title='bbox 232 2521 366 2552; x_wconf 81' lang='lat' dir='ltr'><strong>amicam</strong></span> <span class='ocrx_word' id='word_1_181' title='bbox 387 2530 490 2556; x_wconf 84' lang='lat' dir='ltr'><strong>suam,</strong></span> <span class='ocrx_word' id='word_1_182' title='bbox 515 2520 639 2562; x_wconf 88' lang='lat' dir='ltr'><strong>Lyden.</strong></span> <span class='ocrx_word' id='word_1_183' title='bbox 660 2519 800 2550; x_wconf 86' lang='lat' dir='ltr'><strong>bibendo</strong></span> <span class='ocrx_word' id='word_1_184' title='bbox 820 2529 874 2550; x_wconf 86' lang='lat' dir='ltr'><strong>ca-</strong></span> 
     </span>
     <span class='ocr_line' id='line_1_40' title="bbox 124 2562 872 2606; baseline -0.004 -10"><span class='ocrx_word' id='word_1_185' title='bbox 124 2563 295 2606; x_wconf 76' lang='lat' dir='ltr'><strong>nendoque</strong></span> <span class='ocrx_word' id='word_1_186' title='bbox 310 2564 351 2595; x_wconf 84' lang='lat' dir='ltr'><strong>ad</strong></span> <span class='ocrx_word' id='word_1_187' title='bbox 365 2563 496 2595; x_wconf 81' lang='lat' dir='ltr'><strong>multam</strong></span> <span class='ocrx_word' id='word_1_188' title='bbox 510 2573 612 2605; x_wconf 81' lang='lat' dir='ltr'><strong>usque</strong></span> <span class='ocrx_word' id='word_1_189' title='bbox 625 2568 749 2593; x_wconf 89' lang='lat' dir='ltr'><strong>noctem</strong></span> <span class='ocrx_word' id='word_1_190' title='bbox 762 2562 872 2593; x_wconf 85' lang='lat' dir='ltr'><strong>transi-</strong></span> 
     </span>
     <span class='ocr_line' id='line_1_41' title="bbox 124 2605 874 2650; baseline -0.004 -12"><span class='ocrx_word' id='word_1_191' title='bbox 124 2617 199 2650; x_wconf 58' lang='lat' dir='ltr'><strong>gere</strong></span> <span class='ocrx_word' id='word_1_192' title='bbox 214 2605 295 2638; x_wconf 87' lang='lat' dir='ltr'><strong>velle</strong></span> <span class='ocrx_word' id='word_1_193' title='bbox 309 2606 460 2638; x_wconf 83' lang='lat' dir='ltr'><strong>declarat.</strong></span> <span class='ocrx_word' id='word_1_194' title='bbox 507 2605 553 2638; x_wconf 83' lang='lat' dir='ltr'><strong>Ut</strong></span> <span class='ocrx_word' id='word_1_195' title='bbox 569 2606 665 2647; x_wconf 83' lang='lat' dir='ltr'><strong>igitur</strong></span> <span class='ocrx_word' id='word_1_196' title='bbox 679 2605 825 2636; x_wconf 81' lang='lat' dir='ltr'><strong>lectorem</strong></span> <span class='ocrx_word' id='word_1_197' title='bbox 842 2606 874 2636; x_wconf 86' lang='lat' dir='ltr'><strong>in</strong></span> 
     </span>
     <span class='ocr_line' id='line_1_42' title="bbox 125 2647 875 2691; baseline -0.007 -8"><span class='ocrx_word' id='word_1_198' title='bbox 125 2649 263 2683; x_wconf 75' lang='lat' dir='ltr'><strong>mediam</strong></span> <span class='ocrx_word' id='word_1_199' title='bbox 291 2660 356 2682; x_wconf 86' lang='lat' dir='ltr'><strong>rem</strong></span> <span class='ocrx_word' id='word_1_200' title='bbox 387 2648 492 2680; x_wconf 85' lang='lat' dir='ltr'><strong>statim</strong></span> <span class='ocrx_word' id='word_1_201' title='bbox 524 2648 671 2691; x_wconf 85' lang='lat' dir='ltr'><strong>abripiat,</strong></span> <span class='ocrx_word' id='word_1_202' title='bbox 696 2649 818 2690; x_wconf 84' lang='lat' dir='ltr'><strong>Lyden,</strong></span> <span class='ocrx_word' id='word_1_203' title='bbox 841 2647 875 2679; x_wconf 87' lang='lat' dir='ltr'><strong>in</strong></span> 
     </span>
     <span class='ocr_line' id='line_1_43' title="bbox 126 2691 872 2736; baseline -0.004 -11"><span class='ocrx_word' id='word_1_204' title='bbox 126 2692 221 2736; x_wconf 65' lang='lat' dir='ltr'><strong>cujus</strong></span> <span class='ocrx_word' id='word_1_205' title='bbox 233 2692 327 2725; x_wconf 87' lang='lat' dir='ltr'><strong>domo</strong></span> <span class='ocrx_word' id='word_1_206' title='bbox 342 2703 376 2724; x_wconf 77' lang='lat' dir='ltr'><strong>se</strong></span> <span class='ocrx_word' id='word_1_207' title='bbox 389 2692 456 2735; x_wconf 88' lang='lat' dir='ltr'><strong>jam</strong></span> <span class='ocrx_word' id='word_1_208' title='bbox 473 2692 582 2723; x_wconf 83' lang='lat' dir='ltr'><strong>adesse</strong></span> <span class='ocrx_word' id='word_1_209' title='bbox 603 2691 704 2732; x_wconf 87' lang='lat' dir='ltr'><strong>fingit.</strong></span> <span class='ocrx_word' id='word_1_210' title='bbox 721 2691 872 2722; x_wconf 84' lang='lat' dir='ltr'><strong>festinan-</strong></span> 
     </span>
     <span class='ocr_line' id='line_1_44' title="bbox 117 2734 876 2777; baseline -0.005 -9"><span class='ocrx_word' id='word_1_211' title='bbox 117 2734 193 2772; x_wconf 60' lang='grc' dir='ltr'><strong>’ᾖα</strong></span> <span class='ocrx_word' id='word_1_212' title='bbox 207 2736 317 2768; x_wconf 86' lang='lat' dir='ltr'><strong>vinum</strong></span> <span class='ocrx_word' id='word_1_213' title='bbox 341 2736 520 2768; x_wconf 84' lang='lat' dir='ltr'><strong>Caecubum</strong></span> <span class='ocrx_word' id='word_1_214' title='bbox 538 2735 733 2777; x_wconf 85' lang='lat' dir='ltr'><strong>depromere,</strong></span> <span class='ocrx_word' id='word_1_215' title='bbox 755 2734 876 2765; x_wconf 82' lang='lat' dir='ltr'><strong>alterno</strong></span> 
     </span>
     <span class='ocr_line' id='line_1_45' title="bbox 127 2777 875 2822; baseline -0.005 -11"><span class='ocrx_word' id='word_1_216' title='bbox 127 2778 271 2821; x_wconf 67' lang='lat' dir='ltr'><strong>carmine</strong></span> <span class='ocrx_word' id='word_1_217' title='bbox 303 2780 488 2822; x_wconf 75' lang='lat' dir='ltr'><strong>Neptunum</strong></span> <span class='ocrx_word' id='word_1_218' title='bbox 519 2784 552 2809; x_wconf 89' lang='lat' dir='ltr'><strong>et</strong></span> <span class='ocrx_word' id='word_1_219' title='bbox 584 2777 737 2809; x_wconf 84' lang='lat' dir='ltr'><strong>Nereides</strong></span> <span class='ocrx_word' id='word_1_220' title='bbox 769 2788 875 2808; x_wconf 85' lang='lat' dir='ltr'><strong>secum</strong></span> 
     </span>
    </p>
   </div>
   <div class='ocr_carea' id='block_1_20' title="bbox 127 2820 878 2907">
    <p class='ocr_par' dir='ltr' id='par_1_21' title="bbox 127 2820 878 2907">
     <span class='ocr_line' id='line_1_46' title="bbox 127 2820 876 2897; baseline -0.007 -42"><span class='ocrx_word' id='word_1_221' title='bbox 127 2821 300 2897; x_wconf 55' lang='lat' dir='ltr'><strong>fflebrare,</strong></span> <span class='ocrx_word' id='word_1_222' title='bbox 315 2822 418 2865; x_wconf 87' lang='lat' dir='ltr'><strong>ipsam</strong></span> <span class='ocrx_word' id='word_1_223' title='bbox 437 2821 536 2852; x_wconf 87' lang='lat' dir='ltr'><strong>solam</strong></span> <span class='ocrx_word' id='word_1_224' title='bbox 559 2822 691 2852; x_wconf 82' lang='lat' dir='ltr'><strong>Latona:</strong></span> <span class='ocrx_word' id='word_1_225' title='bbox 709 2826 742 2851; x_wconf 89' lang='lat' dir='ltr'><strong>et</strong></span> <span class='ocrx_word' id='word_1_226' title='bbox 761 2820 876 2851; x_wconf 68' lang='lat' dir='ltr'><strong>Dianae</strong></span> 
     </span>
     <span class='ocr_line' id='line_1_47' title="bbox 162 2863 878 2907; baseline -0.006 -10"><span class='ocrx_word' id='word_1_227' title='bbox 162 2865 244 2897; x_wconf 82' lang='lat' dir='ltr'><strong>udes</strong></span> <span class='ocrx_word' id='word_1_228' title='bbox 254 2863 296 2896; x_wconf 79' lang='lat' dir='ltr'><strong>ad</strong></span> <span class='ocrx_word' id='word_1_229' title='bbox 310 2865 410 2907; x_wconf 87' lang='lat' dir='ltr'><strong>lyram</strong></span> <span class='ocrx_word' id='word_1_230' title='bbox 421 2863 536 2900; x_wconf 86' lang='lat' dir='ltr'><strong>dicere.</strong></span> <span class='ocrx_word' id='word_1_231' title='bbox 552 2871 584 2895; x_wconf 83' lang='lat' dir='ltr'><strong>et</strong></span> <span class='ocrx_word' id='word_1_232' title='bbox 595 2870 751 2906; x_wconf 86' lang='lat' dir='ltr'><strong>postremo</strong></span> <span class='ocrx_word' id='word_1_233' title='bbox 767 2870 878 2894; x_wconf 84' lang='lat' dir='ltr'><strong>mutuo</strong></span> 
     </span>
    </p>
   </div>
   <div class='ocr_carea' id='block_1_21' title="bbox 114 2907 878 2950">
    <p class='ocr_par' dir='ltr' id='par_1_22' title="bbox 114 2907 878 2950">
     <span class='ocr_line' id='line_1_48' title="bbox 114 2907 878 2950; baseline -0.004 -10"><span class='ocrx_word' id='word_1_234' title='bbox 114 2907 244 2950; x_wconf 62' lang='lat' dir='ltr'><strong>‘iterum</strong></span> <span class='ocrx_word' id='word_1_235' title='bbox 257 2908 399 2940; x_wconf 77' lang='lat' dir='ltr'><strong>carmine</strong></span> <span class='ocrx_word' id='word_1_236' title='bbox 413 2908 570 2939; x_wconf 86' lang='lat' dir='ltr'><strong>Venerem</strong></span> <span class='ocrx_word' id='word_1_237' title='bbox 580 2916 612 2938; x_wconf 83' lang='lat' dir='ltr'><strong>et</strong></span> <span class='ocrx_word' id='word_1_238' title='bbox 622 2908 761 2939; x_wconf 83' lang='lat' dir='ltr'><strong>Noctem</strong></span> <span class='ocrx_word' id='word_1_239' title='bbox 770 2916 878 2938; x_wconf 82' lang='lat' dir='ltr'><strong>secum</strong></span> 
     </span>
    </p>
   </div>
   <div class='ocr_carea' id='block_1_22' title="bbox 123 2949 881 3037">
    <p class='ocr_par' dir='ltr' id='par_1_23' title="bbox 123 2949 881 3037">
     <span class='ocr_line' id='line_1_49' title="bbox 123 2949 881 2994; baseline -0.003 -12"><span class='ocrx_word' id='word_1_240' title='bbox 123 2976 129 2982; x_wconf 35' lang='lat' dir='ltr'><strong>i</strong></span> <span class='ocrx_word' id='word_1_241' title='bbox 162 2987 164 2990; x_wconf 90' lang='lat'><strong>.</strong></span> <span class='ocrx_word' id='word_1_242' title='bbox 261 2951 367 2994; x_wconf 66' lang='lat' dir='ltr'><strong>jubet.</strong></span> <span class='ocrx_word' id='word_1_243' title='bbox 411 2951 475 2983; x_wconf 87' lang='lat' dir='ltr'><strong>Per</strong></span> <span class='ocrx_word' id='word_1_244' title='bbox 489 2950 602 2994; x_wconf 83' lang='lat' dir='ltr'><strong>Lyden</strong></span> <span class='ocrx_word' id='word_1_245' title='bbox 618 2950 704 2982; x_wconf 85' lang='lat' dir='ltr'><strong>haud</strong></span> <span class='ocrx_word' id='word_1_246' title='bbox 719 2949 818 2981; x_wconf 83' lang='lat' dir='ltr'><strong>dubie</strong></span> <span class='ocrx_word' id='word_1_247' title='bbox 832 2955 881 2981; x_wconf 83' lang='lat' dir='ltr'><strong>est</strong></span> 
     </span>
     <span class='ocr_line' id='line_1_50' title="bbox 127 2958 880 3037; baseline -0.003 -9"><span class='ocrx_word' id='word_1_248' title='bbox 127 2958 340 3037; x_wconf 55' lang='lat' dir='ltr'><strong>menda</strong></span> <span class='ocrx_word' id='word_1_249' title='bbox 361 2993 487 3032; x_wconf 81' lang='lat' dir='ltr'><strong>eadem,</strong></span> <span class='ocrx_word' id='word_1_250' title='bbox 512 2993 608 3036; x_wconf 79' lang='lat' dir='ltr'><strong>eujus</strong></span> <span class='ocrx_word' id='word_1_251' title='bbox 631 3002 728 3037; x_wconf 78' lang='lat' dir='ltr'><strong>supra</strong></span> <span class='ocrx_word' id='word_1_252' title='bbox 751 3003 880 3036; x_wconf 85' lang='lat' dir='ltr'><strong>quoque</strong></span> 
     </span>
    </p>
   </div>
   <div class='ocr_carea' id='block_1_23' title="bbox 914 1701 1675 3034">
    <p class='ocr_par' dir='ltr' id='par_1_24' title="bbox 914 1701 1668 1861">
     <span class='ocr_line' id='line_1_51' title="bbox 914 1701 1666 1738; baseline 0.003 -7"><span class='ocrx_word' id='word_1_253' title='bbox 914 1701 947 1738; x_wconf 83' lang='lat' dir='ltr'><strong>ii,</strong></span> <span class='ocrx_word' id='word_1_254' title='bbox 966 1702 1017 1738; x_wconf 87' lang='lat' dir='ltr'><strong>ll,</strong></span> <span class='ocrx_word' id='word_1_255' title='bbox 1033 1702 1088 1737; x_wconf 81' lang='lat'><strong>22,</strong></span> <span class='ocrx_word' id='word_1_256' title='bbox 1106 1707 1141 1732; x_wconf 86' lang='lat' dir='ltr'><strong>ut</strong></span> <span class='ocrx_word' id='word_1_257' title='bbox 1158 1701 1295 1733; x_wconf 83' lang='lat' dir='ltr'><strong>fidicinae</strong></span> <span class='ocrx_word' id='word_1_258' title='bbox 1311 1708 1344 1733; x_wconf 85' lang='lat' dir='ltr'><strong>et</strong></span> <span class='ocrx_word' id='word_1_259' title='bbox 1358 1701 1532 1734; x_wconf 81' lang='lat' dir='ltr'><strong>meretricis</strong></span> <span class='ocrx_word' id='word_1_260' title='bbox 1548 1702 1666 1734; x_wconf 84' lang='lat' dir='ltr'><strong>mentio</strong></span> 
     </span>
     <span class='ocr_line' id='line_1_52' title="bbox 914 1744 1668 1787; baseline 0.003 -13"><span class='ocrx_word' id='word_1_261' title='bbox 914 1744 961 1775; x_wconf 89' lang='lat' dir='ltr'><strong>fit.</strong></span> <span class='ocrx_word' id='word_1_262' title='bbox 1007 1746 1239 1785; x_wconf 82' lang='lat' dir='ltr'><strong>Argumentum</strong></span> <span class='ocrx_word' id='word_1_263' title='bbox 1259 1745 1356 1787; x_wconf 88' lang='lat' dir='ltr'><strong>hujus</strong></span> <span class='ocrx_word' id='word_1_264' title='bbox 1370 1755 1416 1776; x_wconf 78' lang='lat' dir='ltr'><strong>ca·</strong></span> <span class='ocrx_word' id='word_1_265' title='bbox 1426 1745 1520 1775; x_wconf 86' lang='lat' dir='ltr'><strong>minis</strong></span> <span class='ocrx_word' id='word_1_266' title='bbox 1538 1745 1668 1776; x_wconf 79' lang='lat' dir='ltr'><strong>debetur</strong></span> 
     </span>
     <span class='ocr_line' id='line_1_53' title="bbox 915 1787 1665 1830; baseline 0.003 -13"><span class='ocrx_word' id='word_1_267' title='bbox 915 1787 1046 1818; x_wconf 83' lang='lat' dir='ltr'><strong>fortasse</strong></span> <span class='ocrx_word' id='word_1_268' title='bbox 1063 1796 1162 1829; x_wconf 86' lang='lat' dir='ltr'><strong>poetae</strong></span> <span class='ocrx_word' id='word_1_269' title='bbox 1183 1787 1310 1818; x_wconf 85' lang='lat' dir='ltr'><strong>cuidam</strong></span> <span class='ocrx_word' id='word_1_270' title='bbox 1336 1790 1464 1825; x_wconf 86' lang='lat' dir='ltr'><strong>Graeco,</strong></span> <span class='ocrx_word' id='word_1_271' title='bbox 1481 1799 1576 1830; x_wconf 87' lang='lat' dir='ltr'><strong>quem</strong></span> <span class='ocrx_word' id='word_1_272' title='bbox 1596 1789 1665 1819; x_wconf 88' lang='lat' dir='ltr'><strong>Ho-</strong></span> 
     </span>
     <span class='ocr_line' id='line_1_54' title="bbox 915 1836 1247 1861; baseline 0.003 -1"><span class='ocrx_word' id='word_1_273' title='bbox 915 1836 1013 1861; x_wconf 79' lang='lat' dir='ltr'><strong>ratius</strong></span> <span class='ocrx_word' id='word_1_274' title='bbox 1029 1837 1171 1861; x_wconf 78' lang='lat' dir='ltr'><strong>imitatus</strong></span> <span class='ocrx_word' id='word_1_275' title='bbox 1186 1836 1247 1861; x_wconf 84' lang='lat' dir='ltr'><strong>est.</strong></span> 
     </span>
    </p>

    <p class='ocr_par' dir='ltr' id='par_1_25' title="bbox 915 1874 1670 2259">
     <span class='ocr_line' id='line_1_55' title="bbox 963 1874 1668 1916; baseline 0 -12"><span class='ocrx_word' id='word_1_276' title='bbox 963 1875 1059 1904; x_wconf 88' lang='lat'><strong>1—8.</strong></span> <span class='ocrx_word' id='word_1_277' title='bbox 1091 1874 1175 1904; x_wconf 63' lang='lat' dir='ltr'><strong>Festo</strong></span> <span class='ocrx_word' id='word_1_278' title='bbox 1204 1876 1254 1904; x_wconf 77' lang='lat' dir='ltr'><strong>die</strong></span> <span class='ocrx_word' id='word_1_279' title='bbox 1287 1875 1438 1913; x_wconf 62' lang='lat' dir='ltr'><strong>Neritum,</strong></span> <span class='ocrx_word' id='word_1_280' title='bbox 1469 1874 1668 1916; x_wconf 75' lang='lat' dir='ltr'><strong>Neptunalia</strong></span> 
     </span>
     <span class='ocr_line' id='line_1_56' title="bbox 917 1916 1667 1958; baseline 0.003 -12"><span class='ocrx_word' id='word_1_281' title='bbox 917 1926 1024 1947; x_wconf 83' lang='lat' dir='ltr'><strong>mense</strong></span> <span class='ocrx_word' id='word_1_282' title='bbox 1048 1916 1150 1952; x_wconf 89' lang='lat' dir='ltr'><strong>Julio,</strong></span> <span class='ocrx_word' id='word_1_283' title='bbox 1171 1922 1203 1947; x_wconf 85' lang='lat' dir='ltr'><strong>et</strong></span> <span class='ocrx_word' id='word_1_284' title='bbox 1225 1916 1367 1958; x_wconf 85' lang='lat' dir='ltr'><strong>quidem.</strong></span> <span class='ocrx_word' id='word_1_285' title='bbox 1385 1923 1422 1947; x_wconf 91' lang='lat' dir='ltr'><strong>ut</strong></span> <span class='ocrx_word' id='word_1_286' title='bbox 1442 1924 1560 1948; x_wconf 74' lang='lat' dir='ltr'><strong>veteres</strong></span> <span class='ocrx_word' id='word_1_287' title='bbox 1581 1918 1667 1948; x_wconf 85' lang='lat' dir='ltr'><strong>Fasti</strong></span> 
     </span>
     <span class='ocr_line' id='line_1_57' title="bbox 915 1959 1669 1997; baseline 0.003 -9"><span class='ocrx_word' id='word_1_288' title='bbox 915 1966 948 1989; x_wconf 81' lang='lat' dir='ltr'><strong>et</strong></span> <span class='ocrx_word' id='word_1_289' title='bbox 972 1960 1075 1990; x_wconf 85' lang='lat' dir='ltr'><strong>Varro</strong></span> <span class='ocrx_word' id='word_1_290' title='bbox 1092 1960 1128 1990; x_wconf 92' lang='lat' dir='ltr'><strong>L.</strong></span> <span class='ocrx_word' id='word_1_291' title='bbox 1153 1960 1191 1990; x_wconf 93' lang='lat' dir='ltr'><strong>L.</strong></span> <span class='ocrx_word' id='word_1_292' title='bbox 1207 1970 1237 1997; x_wconf 90' lang='lat' dir='ltr'><strong>v,</strong></span> <span class='ocrx_word' id='word_1_293' title='bbox 1261 1960 1280 1989; x_wconf 89' lang='lat'><strong>3</strong></span> <span class='ocrx_word' id='word_1_294' title='bbox 1305 1959 1432 1995; x_wconf 85' lang='lat' dir='ltr'><strong>docent,</strong></span> <span class='ocrx_word' id='word_1_295' title='bbox 1458 1970 1487 1990; x_wconf 87' lang='lat' dir='ltr'><strong>a.</strong></span> <span class='ocrx_word' id='word_1_296' title='bbox 1510 1959 1542 1990; x_wconf 92' lang='lat' dir='ltr'><strong>d.</strong></span> <span class='ocrx_word' id='word_1_297' title='bbox 1561 1970 1578 1989; x_wconf 85' lang='lat' dir='ltr'>v</span> <span class='ocrx_word' id='word_1_298' title='bbox 1602 1961 1669 1991; x_wconf 87' lang='lat' dir='ltr'><strong>Ca-</strong></span> 
     </span>
     <span class='ocr_line' id='line_1_58' title="bbox 916 2001 1669 2042; baseline 0.003 -10"><span class='ocrx_word' id='word_1_299' title='bbox 916 2001 1002 2032; x_wconf 91' lang='lat' dir='ltr'><strong>lend.</strong></span> <span class='ocrx_word' id='word_1_300' title='bbox 1040 2003 1128 2042; x_wconf 87' lang='lat' dir='ltr'><strong>Aug.</strong></span> <span class='ocrx_word' id='word_1_301' title='bbox 1166 2011 1184 2032; x_wconf 88' lang='lat' dir='ltr'><strong>a</strong></span> <span class='ocrx_word' id='word_1_302' title='bbox 1221 2002 1378 2033; x_wconf 88' lang='lat' dir='ltr'><strong>Romanis</strong></span> <span class='ocrx_word' id='word_1_303' title='bbox 1414 2002 1669 2034; x_wconf 83' lang='lat' dir='ltr'><strong>celebrabantur.</strong></span> 
     </span>
     <span class='ocr_line' id='line_1_59' title="bbox 915 2045 1668 2087; baseline 0.003 -13"><span class='ocrx_word' id='word_1_304' title='bbox 915 2045 1060 2080; x_wconf 75' lang='lat' dir='ltr'><strong>Strenua,</strong></span> <span class='ocrx_word' id='word_1_305' title='bbox 1079 2046 1192 2076; x_wconf 81' lang='lat' dir='ltr'><strong>Graece</strong></span> <span class='ocrx_word' id='word_1_306' title='bbox 1207 2055 1275 2087; x_wconf 88' lang='lat' dir='ltr'><strong>pro,</strong></span> <span class='ocrx_word' id='word_1_307' title='bbox 1292 2052 1430 2081; x_wconf 78' lang='lat' dir='ltr'><strong>strenue,</strong></span> <span class='ocrx_word' id='word_1_308' title='bbox 1451 2046 1483 2076; x_wconf 91' lang='lat' dir='ltr'><strong>h.</strong></span> <span class='ocrx_word' id='word_1_309' title='bbox 1497 2056 1527 2076; x_wconf 88' lang='lat' dir='ltr'><strong>e.</strong></span> <span class='ocrx_word' id='word_1_310' title='bbox 1545 2052 1668 2087; x_wconf 85' lang='lat' dir='ltr'><strong>promto</strong></span> 
     </span>
     <span class='ocr_line' id='line_1_60' title="bbox 918 2088 1668 2131; baseline 0.001 -13"><span class='ocrx_word' id='word_1_311' title='bbox 918 2094 1090 2130; x_wconf 87' lang='lat' dir='ltr'><strong>paratoque</strong></span> <span class='ocrx_word' id='word_1_312' title='bbox 1105 2088 1223 2123; x_wconf 88' lang='lat' dir='ltr'><strong>animo,</strong></span> <span class='ocrx_word' id='word_1_313' title='bbox 1241 2089 1439 2131; x_wconf 82' lang='grc' dir='ltr'>προθύμως.</span> <span class='ocrx_word' id='word_1_314' title='bbox 1490 2089 1668 2119; x_wconf 67' lang='lat' dir='ltr'><strong>Caecubum.-</strong></span> 
     </span>
     <span class='ocr_line' id='line_1_61' title="bbox 918 2130 1668 2173; baseline 0.003 -13"><span class='ocrx_word' id='word_1_315' title='bbox 918 2130 981 2162; x_wconf 82' lang='lat' dir='ltr'><strong>vid.</strong></span> <span class='ocrx_word' id='word_1_316' title='bbox 997 2142 1068 2173; x_wconf 90' lang='lat' dir='ltr'><strong>sup.</strong></span> <span class='ocrx_word' id='word_1_317' title='bbox 1086 2132 1126 2162; x_wconf 85' lang='lat' dir='ltr'><strong>ad</strong></span> <span class='ocrx_word' id='word_1_318' title='bbox 1143 2131 1165 2168; x_wconf 91' lang='lat' dir='ltr'><strong>i,</strong></span> <span class='ocrx_word' id='word_1_319' title='bbox 1178 2133 1230 2170; x_wconf 79' lang='lat'><strong>20,</strong></span> <span class='ocrx_word' id='word_1_320' title='bbox 1243 2133 1274 2162; x_wconf 90' lang='lat'><strong>9.</strong></span> <span class='ocrx_word' id='word_1_321' title='bbox 1315 2133 1540 2168; x_wconf 77' lang='lat' dir='ltr'><strong>Recouditum;</strong></span> <span class='ocrx_word' id='word_1_322' title='bbox 1558 2133 1668 2162; x_wconf 88' lang='lat' dir='ltr'><strong>vinum</strong></span> 
     </span>
     <span class='ocr_line' id='line_1_62' title="bbox 917 2173 1669 2216; baseline 0.003 -12"><span class='ocrx_word' id='word_1_323' title='bbox 917 2173 1001 2204; x_wconf 89' lang='lat' dir='ltr'><strong>enim</strong></span> <span class='ocrx_word' id='word_1_324' title='bbox 1022 2174 1218 2215; x_wconf 80' lang='lat' dir='ltr'><strong>generosius,</strong></span> <span class='ocrx_word' id='word_1_325' title='bbox 1233 2174 1328 2216; x_wconf 87' lang='lat' dir='ltr'><strong>quale</strong></span> <span class='ocrx_word' id='word_1_326' title='bbox 1347 2174 1408 2206; x_wconf 80' lang='lat' dir='ltr'><strong>suit</strong></span> <span class='ocrx_word' id='word_1_327' title='bbox 1425 2176 1618 2210; x_wconf 76' lang='lat' dir='ltr'><strong>Caecubum,</strong></span> <span class='ocrx_word' id='word_1_328' title='bbox 1636 2175 1669 2206; x_wconf 84' lang='lat' dir='ltr'><strong>in</strong></span> 
     </span>
     <span class='ocr_line' id='line_1_63' title="bbox 917 2217 1670 2259; baseline 0.001 -12"><span class='ocrx_word' id='word_1_329' title='bbox 917 2217 1064 2248; x_wconf 88' lang='lat' dir='ltr'><strong>interiore</strong></span> <span class='ocrx_word' id='word_1_330' title='bbox 1091 2218 1228 2259; x_wconf 88' lang='lat' dir='ltr'><strong>quadam</strong></span> <span class='ocrx_word' id='word_1_331' title='bbox 1247 2218 1336 2249; x_wconf 82' lang='lat' dir='ltr'><strong>cellae</strong></span> <span class='ocrx_word' id='word_1_332' title='bbox 1361 2218 1492 2250; x_wconf 86' lang='lat' dir='ltr'><strong>vinariae</strong></span> <span class='ocrx_word' id='word_1_333' title='bbox 1515 2225 1602 2259; x_wconf 86' lang='lat' dir='ltr'><strong>parte</strong></span> <span class='ocrx_word' id='word_1_334' title='bbox 1620 2228 1670 2249; x_wconf 86' lang='lat' dir='ltr'><strong>se-</strong></span> 
     </span>
    </p>

    <p class='ocr_par' dir='ltr' id='par_1_26' title="bbox 917 2260 1675 3034">
     <span class='ocr_line' id='line_1_64' title="bbox 942 2260 1670 2303; baseline 0.003 -13"><span class='ocrx_word' id='word_1_335' title='bbox 942 2260 994 2290; x_wconf 90' lang='lat' dir='ltr'><strong>oni</strong></span> <span class='ocrx_word' id='word_1_336' title='bbox 1009 2267 1105 2302; x_wconf 86' lang='lat' dir='ltr'><strong>atque</strong></span> <span class='ocrx_word' id='word_1_337' title='bbox 1119 2261 1239 2303; x_wconf 88' lang='lat' dir='ltr'><strong>reponi.</strong></span> <span class='ocrx_word' id='word_1_338' title='bbox 1253 2272 1310 2292; x_wconf 90' lang='lat' dir='ltr'><strong>nec</strong></span> <span class='ocrx_word' id='word_1_339' title='bbox 1325 2261 1387 2291; x_wconf 87' lang='lat' dir='ltr'><strong>nisi</strong></span> <span class='ocrx_word' id='word_1_340' title='bbox 1403 2261 1519 2292; x_wconf 83' lang='lat' dir='ltr'><strong>diebus</strong></span> <span class='ocrx_word' id='word_1_341' title='bbox 1535 2261 1623 2292; x_wconf 81' lang='lat' dir='ltr'><strong>festis</strong></span> <span class='ocrx_word' id='word_1_342' title='bbox 1637 2267 1670 2292; x_wconf 86' lang='lat' dir='ltr'><strong>et</strong></span> 
     </span>
     <span class='ocr_line' id='line_1_65' title="bbox 917 2271 1670 2346; baseline 0.001 -13"><span class='ocrx_word' id='word_1_343' title='bbox 917 2271 1094 2334; x_wconf 59' lang='lat' dir='ltr'><strong>faetioribus</strong></span> <span class='ocrx_word' id='word_1_344' title='bbox 1123 2304 1198 2335; x_wconf 90' lang='lat' dir='ltr'><strong>inde</strong></span> <span class='ocrx_word' id='word_1_345' title='bbox 1233 2304 1375 2346; x_wconf 87' lang='lat' dir='ltr'><strong>depromi</strong></span> <span class='ocrx_word' id='word_1_346' title='bbox 1412 2305 1557 2341; x_wconf 88' lang='lat' dir='ltr'><strong>solebat;</strong></span> <span class='ocrx_word' id='word_1_347' title='bbox 1596 2304 1670 2335; x_wconf 89' lang='lat' dir='ltr'><strong>hinc</strong></span> 
     </span>
     <span class='ocr_line' id='line_1_66' title="bbox 918 2345 1671 2389; baseline 0.003 -13"><span class='ocrx_word' id='word_1_348' title='bbox 918 2345 1000 2377; x_wconf 85' lang='lat' dir='ltr'><strong>idem</strong></span> <span class='ocrx_word' id='word_1_349' title='bbox 1019 2348 1178 2378; x_wconf 63' lang='lat' dir='ltr'><strong>cacabum</strong></span> <span class='ocrx_word' id='word_1_350' title='bbox 1202 2347 1259 2378; x_wconf 84' lang='lat' dir='ltr'><strong>ins.</strong></span> <span class='ocrx_word' id='word_1_351' title='bbox 1282 2347 1384 2389; x_wconf 85' lang='lat' dir='ltr'><strong>Epod.</strong></span> <span class='ocrx_word' id='word_1_352' title='bbox 1404 2348 1437 2382; x_wconf 87' lang='lat'><strong>9,</strong></span> <span class='ocrx_word' id='word_1_353' title='bbox 1463 2349 1492 2383; x_wconf 89' lang='lat' dir='ltr'><strong>l,</strong></span> <span class='ocrx_word' id='word_1_354' title='bbox 1521 2354 1671 2387; x_wconf 72' lang='lat' dir='ltr'><strong>repostum</strong></span> 
     </span>
     <span class='ocr_line' id='line_1_67' title="bbox 918 2390 1668 2432; baseline 0.004 -13"><span class='ocrx_word' id='word_1_355' title='bbox 918 2390 1066 2431; x_wconf 79' lang='lat' dir='ltr'><strong>adfestas</strong></span> <span class='ocrx_word' id='word_1_356' title='bbox 1081 2392 1183 2430; x_wconf 84' lang='lat' dir='ltr'><strong>dapes,</strong></span> <span class='ocrx_word' id='word_1_357' title='bbox 1199 2396 1231 2421; x_wconf 89' lang='lat' dir='ltr'><strong>et</strong></span> <span class='ocrx_word' id='word_1_358' title='bbox 1251 2390 1418 2421; x_wconf 76' lang='lat' dir='ltr'><strong>Falernum</strong></span> <span class='ocrx_word' id='word_1_359' title='bbox 1436 2402 1510 2432; x_wconf 86' lang='lat' dir='ltr'><strong>sup.</strong></span> <span class='ocrx_word' id='word_1_360' title='bbox 1526 2390 1562 2425; x_wconf 86' lang='lat' dir='ltr'><strong>ii,</strong></span> <span class='ocrx_word' id='word_1_361' title='bbox 1579 2391 1611 2425; x_wconf 88' lang='lat'><strong>3,</strong></span> <span class='ocrx_word' id='word_1_362' title='bbox 1635 2392 1668 2426; x_wconf 89' lang='lat'><strong>8,</strong></span> 
     </span>
     <span class='ocr_line' id='line_1_68' title="bbox 918 2433 1667 2475; baseline 0.004 -13"><span class='ocrx_word' id='word_1_363' title='bbox 918 2434 1074 2464; x_wconf 71' lang='lat' dir='ltr'><strong>interim-is</strong></span> <span class='ocrx_word' id='word_1_364' title='bbox 1096 2440 1170 2464; x_wconf 64' lang='grc' dir='ltr'><strong>ποια</strong></span> <span class='ocrx_word' id='word_1_365' title='bbox 1189 2433 1301 2464; x_wconf 88' lang='lat' dir='ltr'><strong>vinum</strong></span> <span class='ocrx_word' id='word_1_366' title='bbox 1323 2434 1513 2475; x_wconf 86' lang='lat' dir='ltr'><strong>appellatur.</strong></span> <span class='ocrx_word' id='word_1_367' title='bbox 1562 2434 1667 2465; x_wconf 79' lang='lat' dir='ltr'><strong>Muni-</strong></span> 
     </span>
     <span class='ocr_line' id='line_1_69' title="bbox 919 2477 1670 2519; baseline 0.001 -13"><span class='ocrx_word' id='word_1_368' title='bbox 919 2482 1012 2515; x_wconf 82' lang='lat' dir='ltr'><strong>taeque</strong></span> <span class='ocrx_word' id='word_1_369' title='bbox 1026 2477 1134 2507; x_wconf 81' lang='lat' dir='ltr'><strong>adhibe</strong></span> <span class='ocrx_word' id='word_1_370' title='bbox 1158 2479 1218 2507; x_wconf 88' lang='lat' dir='ltr'><strong>vim</strong></span> <span class='ocrx_word' id='word_1_371' title='bbox 1235 2479 1399 2516; x_wconf 76' lang='lat' dir='ltr'><strong>sapientiae,</strong></span> <span class='ocrx_word' id='word_1_372' title='bbox 1425 2483 1457 2508; x_wconf 89' lang='lat' dir='ltr'><strong>et</strong></span> <span class='ocrx_word' id='word_1_373' title='bbox 1479 2477 1670 2519; x_wconf 84' lang='lat' dir='ltr'><strong>sapientiam</strong></span> 
     </span>
     <span class='ocr_line' id='line_1_70' title="bbox 918 2518 1669 2562; baseline 0.001 -13"><span class='ocrx_word' id='word_1_374' title='bbox 918 2518 1019 2557; x_wconf 88' lang='lat' dir='ltr'><strong>illam,</strong></span> <span class='ocrx_word' id='word_1_375' title='bbox 1035 2529 1098 2561; x_wconf 86' lang='lat' dir='ltr'><strong>qua</strong></span> <span class='ocrx_word' id='word_1_376' title='bbox 1114 2526 1149 2550; x_wconf 87' lang='lat' dir='ltr'><strong>tu</strong></span> <span class='ocrx_word' id='word_1_377' title='bbox 1173 2520 1297 2550; x_wconf 83' lang='lat' dir='ltr'><strong>munita</strong></span> <span class='ocrx_word' id='word_1_378' title='bbox 1323 2520 1404 2551; x_wconf 85' lang='lat' dir='ltr'><strong>alias</strong></span> <span class='ocrx_word' id='word_1_379' title='bbox 1426 2520 1492 2550; x_wconf 89' lang='lat' dir='ltr'><strong>vini</strong></span> <span class='ocrx_word' id='word_1_380' title='bbox 1515 2527 1591 2562; x_wconf 88' lang='lat' dir='ltr'><strong>potu</strong></span> <span class='ocrx_word' id='word_1_381' title='bbox 1615 2520 1669 2550; x_wconf 90' lang='lat' dir='ltr'><strong>ab-</strong></span> 
     </span>
     <span class='ocr_line' id='line_1_71' title="bbox 920 2561 1674 2605; baseline 0.001 -13"><span class='ocrx_word' id='word_1_382' title='bbox 920 2561 1031 2600; x_wconf 83' lang='lat' dir='ltr'><strong>stines,</strong></span> <span class='ocrx_word' id='word_1_383' title='bbox 1053 2562 1147 2593; x_wconf 85' lang='lat' dir='ltr'><strong>hodie</strong></span> <span class='ocrx_word' id='word_1_384' title='bbox 1162 2563 1246 2593; x_wconf 85' lang='lat' dir='ltr'><strong>vinci</strong></span> <span class='ocrx_word' id='word_1_385' title='bbox 1270 2570 1396 2605; x_wconf 80' lang='lat' dir='ltr'><strong>pate1·e;</strong></span> <span class='ocrx_word' id='word_1_386' title='bbox 1421 2573 1475 2605; x_wconf 91' lang='lat' dir='ltr'><strong>pro</strong></span> <span class='ocrx_word' id='word_1_387' title='bbox 1492 2563 1625 2603; x_wconf 86' lang='lat' dir='ltr'><strong>vulgari,</strong></span> <span class='ocrx_word' id='word_1_388' title='bbox 1641 2568 1674 2593; x_wconf 89' lang='lat' dir='ltr'><strong>et</strong></span> 
     </span>
     <span class='ocr_line' id='line_1_72' title="bbox 919 2605 1675 2648; baseline 0.001 -13"><span class='ocrx_word' id='word_1_389' title='bbox 919 2615 1043 2636; x_wconf 89' lang='lat' dir='ltr'><strong>mecum</strong></span> <span class='ocrx_word' id='word_1_390' title='bbox 1067 2605 1140 2635; x_wconf 91' lang='lat' dir='ltr'><strong>vino</strong></span> <span class='ocrx_word' id='word_1_391' title='bbox 1170 2605 1312 2647; x_wconf 86' lang='lat' dir='ltr'><strong>indulge.</strong></span> <span class='ocrx_word' id='word_1_392' title='bbox 1374 2607 1490 2637; x_wconf 82' lang='lat' dir='ltr'><strong>Facete</strong></span> <span class='ocrx_word' id='word_1_393' title='bbox 1514 2614 1606 2648; x_wconf 82' lang='lat' dir='ltr'><strong>poeta</strong></span> <span class='ocrx_word' id='word_1_394' title='bbox 1635 2606 1675 2636; x_wconf 91' lang='lat' dir='ltr'><strong>de</strong></span> 
     </span>
     <span class='ocr_line' id='line_1_73' title="bbox 921 2648 1672 2691; baseline 0 -13"><span class='ocrx_word' id='word_1_395' title='bbox 921 2648 1022 2690; x_wconf 86' lang='lat' dir='ltr'><strong>Lyde,</strong></span> <span class='ocrx_word' id='word_1_396' title='bbox 1040 2654 1190 2689; x_wconf 81' lang='lat' dir='ltr'><strong>tanquam</strong></span> <span class='ocrx_word' id='word_1_397' title='bbox 1215 2650 1255 2680; x_wconf 90' lang='lat' dir='ltr'><strong>de</strong></span> <span class='ocrx_word' id='word_1_398' title='bbox 1279 2650 1414 2683; x_wconf 84' lang='lat' dir='ltr'><strong>Catone,</strong></span> <span class='ocrx_word' id='word_1_399' title='bbox 1438 2649 1592 2691; x_wconf 83' lang='lat' dir='ltr'><strong>loquitur,</strong></span> <span class='ocrx_word' id='word_1_400' title='bbox 1617 2648 1672 2690; x_wconf 90' lang='lat' dir='ltr'><strong>qui</strong></span> 
     </span>
     <span class='ocr_line' id='line_1_74' title="bbox 920 2692 1671 2734; baseline 0.001 -13"><span class='ocrx_word' id='word_1_401' title='bbox 920 2701 991 2723; x_wconf 87' lang='lat' dir='ltr'><strong>vere</strong></span> <span class='ocrx_word' id='word_1_402' title='bbox 1022 2702 1252 2733; x_wconf 83' lang='lat' dir='ltr'><strong>nonnunquam</strong></span> <span class='ocrx_word' id='word_1_403' title='bbox 1284 2703 1339 2734; x_wconf 89' lang='lat' dir='ltr'><strong>per</strong></span> <span class='ocrx_word' id='word_1_404' title='bbox 1368 2693 1474 2723; x_wconf 88' lang='lat' dir='ltr'><strong>vinum</strong></span> <span class='ocrx_word' id='word_1_405' title='bbox 1506 2692 1671 2734; x_wconf 83' lang='lat' dir='ltr'><strong>sapientiae</strong></span> 
     </span>
     <span class='ocr_line' id='line_1_75' title="bbox 920 2735 1672 2774; baseline 0.001 -10"><span class='ocrx_word' id='word_1_406' title='bbox 920 2739 986 2765; x_wconf 68' lang='lat' dir='ltr'><strong>suae</strong></span> <span class='ocrx_word' id='word_1_407' title='bbox 1007 2735 1068 2765; x_wconf 84' lang='lat' dir='ltr'><strong>vim</strong></span> <span class='ocrx_word' id='word_1_408' title='bbox 1093 2735 1290 2774; x_wconf 73' lang='lat' dir='ltr'><strong>adhibuisse,</strong></span> <span class='ocrx_word' id='word_1_409' title='bbox 1315 2735 1346 2766; x_wconf 90' lang='lat' dir='ltr'><strong>h.</strong></span> <span class='ocrx_word' id='word_1_410' title='bbox 1362 2746 1390 2766; x_wconf 91' lang='lat' dir='ltr'><strong>e.</strong></span> <span class='ocrx_word' id='word_1_411' title='bbox 1405 2736 1479 2766; x_wconf 88' lang='lat' dir='ltr'><strong>vino</strong></span> <span class='ocrx_word' id='word_1_412' title='bbox 1498 2735 1672 2766; x_wconf 80' lang='lat' dir='ltr'><strong>indulsisse</strong></span> 
     </span>
     <span class='ocr_line' id='line_1_76' title="bbox 919 2776 1671 2821; baseline 0.001 -13"><span class='ocrx_word' id='word_1_413' title='bbox 919 2776 1060 2817; x_wconf 85' lang='lat' dir='ltr'><strong>dicitur;</strong></span> <span class='ocrx_word' id='word_1_414' title='bbox 1086 2778 1159 2809; x_wconf 86' lang='lat' dir='ltr'><strong>hinc</strong></span> <span class='ocrx_word' id='word_1_415' title='bbox 1184 2779 1279 2810; x_wconf 83' lang='lat' dir='ltr'><strong>Nost.</strong></span> <span class='ocrx_word' id='word_1_416' title='bbox 1300 2789 1372 2821; x_wconf 88' lang='lat' dir='ltr'><strong>sup.</strong></span> <span class='ocrx_word' id='word_1_417' title='bbox 1393 2778 1440 2814; x_wconf 76' lang='lat' dir='ltr'><strong>iii,</strong></span> <span class='ocrx_word' id='word_1_418' title='bbox 1464 2780 1519 2815; x_wconf 82' lang='lat'><strong>21,</strong></span> <span class='ocrx_word' id='word_1_419' title='bbox 1545 2780 1595 2814; x_wconf 89' lang='lat' dir='ltr'><strong>ll,</strong></span> <span class='ocrx_word' id='word_1_420' title='bbox 1622 2779 1671 2813; x_wconf 80' lang='lat'><strong>12,</strong></span> 
     </span>
     <span class='ocr_line' id='line_1_77' title="bbox 921 2820 1672 2862; baseline 0 -11"><span class='ocrx_word' id='word_1_421' title='bbox 921 2820 961 2852; x_wconf 90' lang='lat' dir='ltr'><strong>de</strong></span> <span class='ocrx_word' id='word_1_422' title='bbox 987 2832 1036 2856; x_wconf 84' lang='lat' dir='ltr'><strong>eo,</strong></span> <span class='ocrx_word' id='word_1_423' title='bbox 1067 2820 1230 2852; x_wconf 75' lang='lat' dir='ltr'><strong>Narratur</strong></span> <span class='ocrx_word' id='word_1_424' title='bbox 1259 2830 1286 2852; x_wconf 81' lang='lat' dir='ltr'><strong>et</strong></span> <span class='ocrx_word' id='word_1_425' title='bbox 1315 2824 1409 2862; x_wconf 79' lang='lat' dir='ltr'><strong>prisci</strong></span> <span class='ocrx_word' id='word_1_426' title='bbox 1440 2822 1564 2852; x_wconf 76' lang='lat' dir='ltr'><strong>Catonis</strong></span> <span class='ocrx_word' id='word_1_427' title='bbox 1591 2822 1672 2860; x_wconf 83' lang='lat' dir='ltr'><strong>Saepe</strong></span> 
     </span>
     <span class='ocr_line' id='line_1_78' title="bbox 922 2864 1673 2902; baseline -0.001 -8"><span class='ocrx_word' id='word_1_428' title='bbox 922 2875 1000 2894; x_wconf 83' lang='lat' dir='ltr'><strong>mero</strong></span> <span class='ocrx_word' id='word_1_429' title='bbox 1016 2865 1179 2896; x_wconf 80' lang='lat' dir='ltr'><strong>incaluisse</strong></span> <span class='ocrx_word' id='word_1_430' title='bbox 1197 2867 1294 2896; x_wconf 83' lang='lat' dir='ltr'><strong>virtus</strong></span> <span class='ocrx_word' id='word_1_431' title='bbox 1307 2876 1318 2902; x_wconf 90' lang='lat'><em>;</em></span> <span class='ocrx_word' id='word_1_432' title='bbox 1343 2864 1400 2895; x_wconf 87' lang='lat' dir='ltr'><strong>ubi</strong></span> <span class='ocrx_word' id='word_1_433' title='bbox 1418 2864 1524 2895; x_wconf 82' lang='lat' dir='ltr'><strong>statim</strong></span> <span class='ocrx_word' id='word_1_434' title='bbox 1546 2873 1673 2894; x_wconf 89' lang='lat' dir='ltr'><strong>accom-</strong></span> 
     </span>
     <span class='ocr_line' id='line_1_79' title="bbox 922 2905 1673 2943; baseline -0.003 -6"><span class='ocrx_word' id='word_1_435' title='bbox 922 2907 1050 2939; x_wconf 86' lang='lat' dir='ltr'><strong>modate</strong></span> <span class='ocrx_word' id='word_1_436' title='bbox 1078 2908 1119 2938; x_wconf 87' lang='lat' dir='ltr'><strong>ad</strong></span> <span class='ocrx_word' id='word_1_437' title='bbox 1146 2914 1288 2938; x_wconf 87' lang='lat' dir='ltr'><strong>nostrum</strong></span> <span class='ocrx_word' id='word_1_438' title='bbox 1320 2907 1424 2939; x_wconf 92' lang='lat' dir='ltr'><strong>locum</strong></span> <span class='ocrx_word' id='word_1_439' title='bbox 1456 2907 1593 2943; x_wconf 85' lang='lat' dir='ltr'><strong>additur,</strong></span> <span class='ocrx_word' id='word_1_440' title='bbox 1626 2905 1673 2936; x_wconf 83' lang='lat' dir='ltr'><strong>Tu</strong></span> 
     </span>
     <span class='ocr_line' id='line_1_80' title="bbox 925 2950 1674 2994; baseline -0.005 -12"><span class='ocrx_word' id='word_1_441' title='bbox 925 2951 990 2982; x_wconf 81' lang='lat' dir='ltr'><strong>lene</strong></span> <span class='ocrx_word' id='word_1_442' title='bbox 1003 2957 1187 2982; x_wconf 79' lang='lat' dir='ltr'><strong>tormentum</strong></span> <span class='ocrx_word' id='word_1_443' title='bbox 1201 2953 1324 2994; x_wconf 77' lang='lat' dir='ltr'><strong>ingenio</strong></span> <span class='ocrx_word' id='word_1_444' title='bbox 1338 2953 1474 2982; x_wconf 82' lang='lat' dir='ltr'><strong>admoves</strong></span> <span class='ocrx_word' id='word_1_445' title='bbox 1490 2950 1674 2989; x_wconf 74' lang='lat' dir='ltr'><strong>Plerumque</strong></span> 
     </span>
     <span class='ocr_line' id='line_1_81' title="bbox 923 2990 1675 3034; baseline -0.004 -9"><span class='ocrx_word' id='word_1_446' title='bbox 923 2994 1015 3026; x_wconf 75' lang='lat' dir='ltr'><strong>duro.</strong></span> <span class='ocrx_word' id='word_1_447' title='bbox 1061 2994 1102 3025; x_wconf 87' lang='lat' dir='ltr'><strong>In</strong></span> <span class='ocrx_word' id='word_1_448' title='bbox 1123 2995 1258 3026; x_wconf 80' lang='lat' dir='ltr'><strong>eandem</strong></span> <span class='ocrx_word' id='word_1_449' title='bbox 1278 2993 1468 3026; x_wconf 81' lang='lat' dir='ltr'><strong>sententiam</strong></span> <span class='ocrx_word' id='word_1_450' title='bbox 1485 2990 1571 3034; x_wconf 88' lang='lat' dir='ltr'><strong>apud</strong></span> <span class='ocrx_word' id='word_1_451' title='bbox 1587 2990 1675 3022; x_wconf 85' lang='lat' dir='ltr'><strong>Plin.</strong></span> 
     </span>
    </p>
   </div>
  </div>
 </body>
</html>
