1884 3288
660 209 886 252 LIBER
919 208 1001 259 lv,
1033 210 1074 250 2.

1559 207 1639 248 201

385 314 543 358 Fervet
562 315 886 367 immensusque
907 312 995 353 ruit
1016 311 1235 366 profundo

790 380 1011 422 Pindarus
1033 393 1133 420 ore:

388 449 561 492 Laurea
582 449 813 491 donandus
837 446 1099 503 Apollinari,

305 521 356 560 lo
387 518 476 560 Seu
496 532 575 573 per
596 518 783 560 audaces
806 531 918 558 nova
939 515 1240 570 dithyrambos

383 586 534 629 Verba
557 585 762 636 devolvit,
785 585 1064 639 numerisque
1087 583 1226 625 fertur

794 653 917 707 Lege
939 651 1115 694 solutis:

387 723 477 767 Seu
501 722 638 773 Deos,
661 736 842 778 regesve
864 721 995 771 canit,
1019 719 1218 761 Deorum

387 790 771 846 Sanguinem,.per
793 804 904 844 quos
927 788 1125 831 cecidere
1141 788 1263 843 justa

302 858 356 900 15
386 858 533 901 Morte
557 859 782 909 Centauri,
804 857 964 900 cecidit
986 856 1224 898 tremendae

791 925 985 968 Flamma
1006 924 1259 966 Chimaerae:

386 994 501 1046 Sive,
525 1010 636 1051 quos
659 993 770 1036 Elea
792 995 968 1037 domum
989 993 1162 1035 reducit

99 1129 158 1162 tim
175 1129 307 1162 Pindari
320 1141 394 1162 cum
410 1131 520 1174 rapido
534 1135 670 1163 torrente
686 1140 850 1173 compara·

99 1172 168 1205 tio:
192 1173 268 1206 hinc
291 1174 438 1206 consulto
451 1180 557 1217 poeta
581 1174 614 1205 in
637 1184 728 1205 versu
751 1173 852 1216 primo

99 1215 182 1248 dixit
209 1217 384 1248 Pindarum
409 1219 571 1255 aemulari,·
601 1227 677 1253 non,
706 1217 747 1247 ad
772 1216 851 1248 Piu-

100 1257 215 1291 darum
236 1259 270 1290 in
291 1259 357 1291 alto
377 1260 536 1292 volantem
554 1260 646 1296 eniti,
665 1259 752 1302 quod
775 1259 851 1295 fere,

100 1301 128 1334 si
143 1301 186 1334 ad
203 1301 335 1334 Pindari
349 1303 490 1335 volatum
506 1303 746 1335 accommodare
759 1302 850 1334 volu-

99 1343 178 1379 isset
196 1346 378 1389 exemplum
398 1345 494 1382 Icari,
509 1346 684 1388 exprimere
705 1345 738 1376 io
758 1355 851 1377 versu

101 1388 204 1431 primo
218 1395 311 1432 poeta
327 1389 490 1422 debuerat.

145 1433 246 1463 5—8.
264 1431 370 1464 Monte
380 1435 544 1464 decurrens
556 1432 639 1462 velut
651 1432 761 1467 amnis,
777 1436 851 1462 cett.

102 1473 309 1516 Ingeniorum
325 1476 464 1514 ubertas,
485 1475 534 1506 vel
551 1474 701 1506 orationis
715 1474 808 1516 copia
823 1480 855 1506 et

103 1517 313 1555 abundantia,
337 1518 454 1561 passim
477 1517 606 1560 quidem
629 1528 702 1549 cum
718 1519 855 1559 flumine

103 1570 173 1592 com
253 1562 279 1592 ri
309 1561 392 1594 solet
425 1561 590 1604 (exempla
619 1566 682 1591 tam
717 1571 756 1592 ex
786 1560 855 1603 ipso

104 1603 167 1635 Pin
193 1614 248 1636 aro
275 1613 371 1645 quam
397 1615 438 1636 ex
466 1603 537 1635 aliis
566 1603 667 1646 poetis
692 1603 856 1645 depromta

103 1645 170 1678 vid.
181 1647 267 1690 apud
276 1646 428 1688 Mitsch.)
441 1659 450 1686 ;
466 1647 523 1678 sed
536 1646 692 1678 Horatius
703 1646 788 1678 haud
799 1657 853 1678 ac-

105 1689 275 1732 quiescens
286 1689 320 1722 in
333 1690 393 1722 hac
403 1689 525 1731 vulgari
536 1689 782 1732 comparatione,
794 1689 854 1720 im-

103 1737 214 1808 ffitum
235 1733 328 1765 illum
348 1743 411 1776 quo
433 1733 593 1764 Pindarus
617 1732 690 1768 ruit,
714 1733 763 1764 vel
787 1743 856 1764 ver-

147 1785 216 1808 mm
237 1776 365 1808 illorum
384 1787 424 1808 ex
448 1775 603 1818 profundo
625 1775 696 1817 ejus
713 1786 766 1807 ore
785 1786 856 1817 pro-

105 1819 320 1868 rumpentium
334 1820 399 1851 vim
412 1825 445 1851 et
458 1819 595 1862 copiam,
607 1820 716 1859 rapido
727 1821 857 1850 torrenti

107 1869 294 1906 equiparat.
337 1863 467 1904 Junge:
495 1863 654 1893 Pindarus
659 1862 779 1904 servet,
800 1863 856 1892 im-

106 1914 283 1947 mensusque
302 1917 352 1937 ore
370 1906 527 1948 profando
549 1907 626 1943 ruit,
643 1906 726 1936 velut
748 1907 858 1942 amnis,

107 1954 207 1979 niente
219 1951 396 1986 decurrens,
414 1960 500 1990 quem
519 1954 595 1980 cett.
641 1951 762 1985 Fervet,
778 1948 811 1978 h.
829 1958 858 1979 e.

107 1990 228 2023 fervore
241 1991 299 2023 illo
316 1998 350 2024 et
370 1997 463 2029 aestu,
485 2002 549 2034 quo
568 1997 669 2034 poetae
691 1990 806 2033 corripi
826 1996 859 2022 et

107 2033 223 2075 agitari
245 2034 362 2071 solent,
389 2035 589 2074 concitatum
621 2034 859 2066 accommodate

109 2077 151 2109 ad
177 2089 307 2114 amnem,
337 2078 395 2120 qui
429 2077 647 2110 vehementius
682 2083 859 2108 commotus

109 2120 235 2168 proprie
247 2122 377 2163 fervere
398 2122 450 2153 vel
471 2128 599 2153 aestuare
619 2121 759 2160 dicitur3
784 2120 859 2151 hinc

107 2163 168 2194 mf.
186 2162 255 2196 Sat.
270 2164 294 2202 i,
312 2165 363 2202 10,
382 2165 437 2201 62,
458 2167 567 2205 rapido
575 2165 755 2207 ferventius
774 2165 858 2194 amni

109 2205 287 2249 Ingenium.
311 2207 535 2248 Immensusque
543 2207 700 2250 profundo
710 2218 761 2238 ore
769 2210 836 2238 ruit
848 2220 856 2237 .-

111 2249 286 2288 Pindarus,
300 2250 355 2282 cui
369 2262 399 2282 os
410 2251 614 2294 profundum,
629 2250 739 2292 στόμα
753 2249 856 2291 βαθὺ,

109 2291 146 2325 h.
156 2302 186 2325 ο.
199 2303 235 2326 οε
247 2303 267 2326 e
282 2304 359 2336 quo,
379 2300 532 2337 tanquam
553 2304 572 2325 e
587 2294 672 2325 fonte
688 2293 857 2330 uberrimo,

107 2337 253 2368 imma
277 2337 446 2371 verborum
472 2336 763 2378 sententiarumque
787 2347 858 2379 pro-

110 2378 184 2411 fluit
198 2379 303 2422 copia,
324 2379 486 2419 tribuitur,
500 2381 568 2423 ipse
587 2379 794 2421 exquisitiore
809 2390 859 2410 ra-

111 2420 198 2454 tione
221 2424 384 2455 immensus
409 2424 564 2467 profundo
589 2434 638 2454 ore
664 2434 754 2454 ruere
780 2422 860 2454 dici-

110 2471 184 2505 tur;
224 2467 305 2503 ruit,
343 2468 508 2502 exuberat,
545 2466 741 2509 prorumpit:
788 2476 862 2497 cum

111 2507 246 2540 Pindari
264 2519 314 2541 ore
330 2511 487 2552 profundo
505 2509 558 2541 Cl.
577 2509 712 2540 Mitscb.
734 2519 863 2551 compa·

113 2556 163 2583 nt
177 2551 302 2584 Cratini
317 2553 444 2595 Fragm.
461 2553 547 2596 apud
560 2552 650 2583 Suid.
666 2563 697 2583 v.
710 2551 861 2584 Δωδεκά-

113 2605 259 2636 κρουνον
270 2595 392 2638 στόμα·
406 2597 450 2628 cf.
464 2595 596 2628 Callim.
614 2596 736 2637 Hymn.
753 2595 863 2638 Apoll.

115 2637 188 2672 106.
248 2638 362 2670 Imbres
400 2640 496 2675 Quem
523 2649 614 2679 super·
644 2645 731 2670 notas
759 2640 865 2670 aluere

113 2682 212 2722 ripae,
242 2681 390 2724 elegante
427 2682 577 2714 brevitate
608 2691 676 2723 pro,
710 2681 765 2723 qui
802 2692 864 2713 non

113 2723 258 2767 capiens,
286 2724 406 2767 quibus
436 2736 491 2768 per
517 2725 634 2756 imbres
664 2730 778 2756 auctus
806 2730 865 2762 est,

115 2776 231 2810 aquas,
241 2778 338 2811 snper
348 2769 475 2800 alveum
487 2768 536 2800 vel
548 2767 654 2810 justas
666 2767 752 2809 ripas
762 2767 865 2799 effun-

115 2809 222 2850 ditur,
244 2810 325 2848 sive,
348 2822 445 2854 quem
462 2811 578 2843 imbres
603 2815 693 2842 tanta
713 2821 866 2853 aquarum

116 2852 454 2929 ffiimpleverunt,
477 2860 514 2886 ut
536 2865 631 2896 super
650 2853 760 2885 solitas
783 2854 868 2897 ripas

226 2903 351 2929 eretur:
376 2905 473 2937 notas,
494 2898 613 2941 quibus
637 2897 740 2928 adhuc
766 2897 869 2928 amnis

120 2939 352 2973 manebunt.

162 2981 285 3014 9—12.
330 2984 456 3015 Laurea
489 2985 650 3016 donandus
682 2985 871 3024 Apollinari,

896 1140 1010 1171 genere
1025 1139 1183 1160 summus.
1230 1129 1279 1159 Ex
1294 1127 1362 1170 ipso
1374 1131 1480 1159 autem
1491 1126 1551 1158 boc
1565 1125 1647 1164 loco,

896 1183 968 1214 quae
985 1173 1102 1204 fuerint
1117 1172 1173 1202 illa
1189 1171 1365 1203 carminum
1378 1180 1504 1212 genera,
1517 1170 1551 1200 in
1566 1180 1647 1211 quo-

896 1227 967 1246 rum
984 1225 1112 1258 quoque
1129 1214 1289 1246 Pindarus
1303 1212 1499 1249 excelluerit,
1513 1223 1648 1254 cognos-

897 1269 969 1290 cere
994 1259 1090 1298 licet3
1114 1257 1282 1301 scripsisse
1305 1267 1418 1299 nempe
1439 1256 1534 1287 illum
1555 1256 1650 1287 refert

900 1303 929 1333 1.
953 1302 1181 1343 Dithyrambos‚
1197 1303 1229 1332 2.
1254 1301 1381 1331 Paeanas
1400 1310 1427 1331 s.
1448 1300 1596 1341 Hymnos
1617 1305 1650 1330 et

898 1345 1064 1383 Encomia,
1088 1346 1119 1375 3.
1146 1345 1292 1385 Epinicia
1315 1354 1342 1375 s·
1361 1343 1473 1374 laudes
1497 1342 1646 1373 Hieroni-

895 1397 1016 1424 carum,
1040 1390 1072 1418 4.
1097 1388 1244 1428 Epicedia
1262 1397 1290 1418 s,
1310 1385 1470 1429 θρήνους·
1494 1395 1512 1416 e
1528 1385 1649 1427 quibus

895 1431 1047 1462 omnibus
1071 1430 1217 1471 Epinicia
1241 1435 1366 1461 tantum
1390 1434 1516 1460 aetatem
1539 1428 1651 1460 tulisse

897 1484 983 1517 saepe
1001 1474 1069 1516 jam
1092 1474 1266 1505 doluerunt
1287 1482 1473 1515 semperque
1495 1471 1652 1503 dolebunt

899 1523 1041 1549 veterum
1066 1517 1227 1548 literarum
1252 1515 1470 1548 aestimatores.
1527 1515 1652 1546 Laurea

899 1562 1077 1601 Apollinari
1092 1562 1176 1603 (pro,
1195 1559 1376 1600 Apollinea)
1390 1570 1396 1589 :
1415 1558 1483 1600 ipse
1498 1557 1653 1589 Horatius

900 1614 972 1646 sup.
987 1603 1034 1640 iii,
1051 1605 1106 1641 30,
1132 1605 1181 1640 15,
1208 1604 1360 1643 Delphica
1380 1603 1469 1632 lauro
1489 1611 1508 1632 a
1524 1601 1651 1643 Melpo-

899 1657 991 1678 mene
1005 1646 1093 1687 cingi
1109 1647 1210 1688 cupit.
1257 1646 1319 1677 Per
1334 1646 1464 1676 audaces
1477 1645 1651 1685 dithyram-

901 1691 960 1721 bos.
1010 1690 1226 1730 Dithyrambos
1238 1689 1273 1719 in
1289 1687 1388 1720 sacris
1403 1687 1574 1718 Bacchicis
1586 1686 1651 1728 pri-

901 1743 989 1763 murn
1012 1733 1053 1763 ab
1077 1732 1271 1769 hominibus,
1293 1732 1398 1762 furore
1425 1729 1564 1772 percitis,
1587 1730 1653 1761 sero

901 1775 1040 1816 quodam
1060 1781 1158 1806 cantu
1176 1774 1326 1816 jactatos»,
1341 1779 1374 1805 et
1387 1772 1503 1804 deinde
1525 1782 1543 1803 a
1560 1773 1653 1811 Laso,

901 1818 1034 1849 Pindari
1060 1824 1262 1860 praeceptore,
1286 1817 1434 1853 cultiore,
1460 1821 1497 1846 ut
1517 1814 1652 1852 videtur,

901 1861 1011 1898 forma,
1036 1861 1069 1892 in
1095 1871 1225 1892 scenam
1249 1860 1444 1891 introductos
1471 1868 1552 1894 esse,
1576 1858 1655 1890 satis

901 1903 1029 1945 quidem
1046 1910 1173 1935 constat
1188 1916 1196 1942 3
1221 1903 1277 1935 sed
1295 1913 1370 1934 cum
1390 1901 1529 1945 perfecta
1546 1901 1654 1943 dithy-

902 1947 1082 1978 ramborum
1103 1946 1252 1988 exempla
1272 1952 1398 1988 tempus
1419 1944 1511 1976 nobis
1530 1943 1654 1976 invide-

902 1990 954 2026 rit,
978 1991 1018 2022 de
1041 1990 1195 2032 peculiari
1216 1999 1328 2020 eorum
1351 1994 1465 2019 natura
1491 1993 1523 2018 et
1555 1988 1655 2019 forma

903 2032 984 2064 nihil
999 2032 1078 2065 certi
1092 2033 1190 2064 statui
1205 2038 1321 2075 potest.
1366 2031 1537 2072 Regnasse
1549 2030 1582 2061 in
1595 2030 1654 2063 hoc

903 2076 1078 2108 carminum
1098 2086 1212 2117 genere
1231 2086 1301 2107 eam
1320 2074 1465 2117 inprimis
1488 2073 1653 2105 licentiam

903 2126 936 2151 et
957 2119 1138 2155 audaciam,
1159 2126 1195 2150 ut
1214 2129 1322 2150 eorum
1342 2124 1500 2154 auctores,
1523 2117 1654 2148 liberius

903 2163 1000 2194 furori
1015 2173 1072 2194 suo
1090 2162 1306 2204 indulgentes,
1329 2160 1416 2192 haud
1434 2160 1474 2192 ad
1496 2166 1657 2203 praecepta

903 2205 970 2243 illa,
996 2217 1069 2248 quae
1095 2205 1176 2237 alias
1200 2210 1366 2248 poetarum
1388 2204 1543 2246 impetum
1565 2213 1654 2235 coer-

903 2256 987 2286 cent,
1016 2260 1050 2281 se
1075 2254 1314 2292 componerent,
1340 2247 1396 2279 sed
1422 2257 1571 2278 numeros
1600 2258 1655 2289 pro

903 2292 1007 2324 lubitu
1023 2298 1183 2323 mutarent
1199 2292 1292 2334 <hinc
1307 2292 1442 2322 numeris
1455 2291 1571 2333 fertur
1592 2291 1656 2333 lege

902 2336 1042 2375 solutis),
1065 2342 1097 2367 et
1111 2335 1152 2366 ab
1170 2345 1236 2367 uno
1256 2334 1296 2366 ad
1317 2333 1405 2365 aliud
1427 2344 1576 2365 versuum
1600 2344 1656 2374 ge-

904 2390 966 2410 nus
981 2378 1178 2410 transilirent
1189 2390 1198 2418 3
1221 2378 1254 2409 id
1269 2389 1309 2410 ex
1324 2377 1384 2409 hoc
1399 2377 1470 2420 ipso
1493 2377 1563 2408 loco
1586 2378 1655 2408 Ho-

904 2422 1025 2453 ratiano
1046 2422 1195 2463 colligere
1218 2421 1306 2453 licet.
1353 2421 1428 2463 Ipse
1447 2419 1600 2452 Horatius
1623 2420 1657 2452 in

905 2466 1031 2497 duobus
1046 2465 1112 2496 illis
1127 2464 1323 2496 carminibus
1337 2465 1377 2495 ad
1398 2464 1564 2496 Bacchum
1581 2474 1657 2506 sup.

907 2508 941 2544 ii,
963 2510 1013 2540 19.
1029 2508 1074 2545 ἰίἰ,
1089 2509 1144 2546 25,
1158 2508 1326 2551 concipere
1337 2507 1468 2549 quidem
1481 2507 1656 2549 dithyram-

906 2551 970 2583 bici
992 2557 1094 2594 poetae
1113 2551 1258 2594 spiritum
1274 2556 1378 2582 tentat
1388 2562 1397 2590 ;
1420 2551 1476 2582 sed
1491 2551 1586 2581 ambo
1601 2550 1660 2581 illa

907 2597 1050 2626 carmina
1065 2595 1106 2625 ab
1120 2601 1251 2626 externa
1270 2593 1496 2636 dithyrambici
1511 2593 1661 2625 carminis

907 2637 1008 2669 forma
1027 2638 1120 2679 longe
1138 2638 1282 2669 recedere
1302 2636 1464 2669 videntur.
1510 2637 1659 2668 Ceterum

908 2680 948 2712 de
956 2682 1158 2723 dithyrambis
1172 2682 1350 2712 Pindaricis
1360 2680 1426 2712 vid.
1440 2680 1512 2712 Cel.
1523 2679 1657 2711 Schnei-

909 2724 976 2755 deri
1007 2724 1153 2756 Versuch
1183 2725 1260 2755 iiber
1286 2724 1425 2755 Pindars
1454 2723 1563 2755 Leben
1594 2724 1659 2754 und

910 2768 1069 2799 Schriften
1080 2779 1112 2810 p.
1122 2769 1178 2799 20.
1207 2767 1295 2798 Nova
1309 2766 1570 2808 Verba‚intellige
1579 2776 1662 2797 nova

911 2811 1138 2843 sententiarum
1154 2811 1289 2849 lumina,
1306 2820 1388 2842 nova
1400 2810 1520 2842 effictas
1533 2809 1660 2850 grandi-

911 2864 1060 2886 sonorum
1076 2854 1241 2885 verbomm
1264 2853 1435 2894 formulas;
1459 2853 1521 2888 vel,
1538 2859 1575 2883 ut
1589 2863 1661 2894 sup.
1678 2859 1681 2861 '

912 2897 960 2934 iii,
979 2899 1034 2934 25,
1053 2899 1071 2928 7
1096 2896 1248 2928 Horatius
1269 2897 1422 2939 loquitur,
1441 2897 1587 2931 recentia,
1612 2899 1661 2925 in-

912 2943 997 2972 dicta
1020 2942 1122 2972 adhuc
1145 2951 1194 2971 ore
1218 2942 1289 2972 alio.
1336 2941 1490 2975 Devolvit,
1519 2937 1662 2980 apposite

917 2985 957 3016 ad
980 2984 1138 3018 torrentis.
1154 2994 1227 3014 cum
1244 2983 1363 3026 impetu
1381 2983 1495 3015 fluctus
1519 2990 1593 3011 suos
1611 2982 1662 3011 de-

122 3029 199 3057 ceu.
211 3025 384 3065 Pindarus,
402 3032 495 3069 poeta
515 3027 548 3058 in
564 3027 677 3069 quovis
696 3027 872 3059 carminum
917 3030 1074 3064 volt-entis,
1091 3026 1275 3068 imaginem.
