1904 3314
695 205 919 248 LIBER
950 204 988 256 I,
1017 205 1058 247 8.

1562 210 1642 251 461

223 309 391 352 Verum
412 308 487 350 ubi
507 321 608 350 oves
630 306 760 356 furto,
782 306 934 347 morbo
956 305 1126 360 periere
1146 307 1338 362 capellae,

222 376 355 432 Spem
375 376 554 418 mentita
573 388 715 430 segeS,
737 374 817 415 bos
839 380 906 414 est
926 380 1106 415 enectus
1127 375 1314 425 arando;

221 445 432 487 Offensus
453 443 633 493 damnis,
655 437 798 484 media
819 442 874 484 de
895 449 1022 484 nocte
1044 441 1260 484 caballum

219 511 406 567 Arripit,
425 512 648 564 iratusque
671 509 866 564 Philippi
887 509 1028 550 tendit
1049 508 1105 549 ad
1126 509 1259 550 aedes.

131 579 190 621 90
220 579 364 628 Quem
385 577 510 620 simul
529 577 735 632 adspexit
756 577 958 618 scabrum
977 576 1284 630 intonsumque
1305 577 1553 634 Philippus,

220 647 388 695 Durus,
410 646 483 696 ait,
506 644 672 695 Vultei,
695 645 817 686 nimis
839 651 1120 699 attentusque
1142 644 1300 686 videris

222 713 335 755 Esse
356 713 474 754 mihi.

536 711 631 763 Pol,
653 727 721 754 me
742 713 960 762 miserum,
982 719 1180 766 patrone,
1204 727 1398 763 vocares,

220 781 268 822 Si
288 780 434 831 velles,
456 781 612 835 inquit,
633 795 783 821 verum
803 780 907 820 mihi
926 794 1091 834 ponere
1112 794 1282 822 nomen.

222 848 356 896 Quod
379 855 420 890 te
441 863 520 904 per
543 848 747 898 Genium,
771 848 1072 902 dextramque,
1095 847 1306 902 Deosque
1328 847 1516 891 Penates

132 916 190 957 95
220 915 421 958 Obsecro
442 924 487 958 et
507 917 718 965 obtestor,
741 916 840 956 vitae
859 930 928 956 me
949 915 1086 956 redde
1108 915 1257 970 priori.

221 983 313 1031 Qui
329 983 465 1026 ‘semel
485 984 704 1039 adspexit,
726 989 938 1037 quantum
959 983 1137 1024 dimissa
1158 983 1305 1037 petitis

220 1050 454 1102 Praestent,
475 1058 642 1093 mature
662 1051 830 1100 redeat,
852 1057 1113 1104 repetatque
1136 1049 1297 1092 relicta.

221 1117 374 1160 Metiri
393 1133 439 1161 se
460 1132 677 1174 quemque
699 1132 778 1159 suo
802 1117 978 1159 modulo
999 1132 1049 1159 ac
1070 1118 1198 1172 pede,
1221 1133 1368 1161 verum
1389 1126 1469 1161 est.

636 1292 958 1335 EPISTOLA
989 1293 1118 1336 VIII.

486 1431 558 1463 AD
593 1431 813 1463 CELSUM
849 1431 1277 1464 ALBINOVANUM.

228 1537 376 1579 CELso
399 1538 606 1593 gaudere,
630 1545 674 1580 et
695 1539 807 1580 bene
828 1552 919 1578 rem
939 1552 1108 1593 gerere,
1131 1537 1422 1592 Albinovano,

227 1604 361 1646 Musa
383 1612 551 1660 rogata,
573 1605 705 1656 refer,
728 1605 875 1647 comiti
897 1606 1139 1661 scribaeque
1160 1606 1369 1649 Neronis.

227 1672 275 1714 Si
295 1680 476 1728 quaeret,
498 1674 605 1729 quid
625 1689 764 1729 agam,
787 1673 873 1722 dic,
895 1672 1030 1714 multa
1050 1680 1094 1714 et
1114 1673 1300 1728 pulchra
1321 1675 1567 1726 minantem,

155 1795 210 1827 84.
235 1794 367 1835 crepat.-
390 1794 455 1826 vid.
478 1805 550 1837 sup.
575 1794 616 1826 ad
636 1794 701 1826 Od.
718 1794 739 1833 i,
757 1796 810 1829 18.
825 1797 857 1826 5.

112 1836 274 1878 Praeparat
288 1839 396 1876 ulmos,
410 1843 499 1880 aptas
515 1837 616 1869 reddit
629 1838 732 1869 ulmos
755 1837 857 1880 appli-

111 1879 223 1911 candis
243 1879 374 1911 vitibus.

156 1923 210 1954 85.
233 1923 413 1954 Immoritur
431 1924 559 1954 studiis:
583 1921 638 1963 qui
661 1926 745 1953 totus
763 1927 811 1954 est
826 1921 859 1954 in

112 1963 222 2007 aliqua
245 1975 292 2001 re,
316 1965 368 1997 vel
395 1975 428 1997 se
454 1970 554 1996 totum
585 1964 681 1995 alicui
708 1965 751 1996 rei
777 1970 859 1996 trac-

111 2007 218 2039 tandae
238 2007 383 2045 devovet,
399 2007 425 2038 is
443 2009 543 2038 studio
557 2007 655 2049 hujus
669 2007 714 2038 rei
729 2009 860 2045 immori,

111 2055 145 2082 et
157 2049 186 2081 is
199 2050 255 2093 qui
270 2049 304 2081 in
327 2050 519 2092 colligendis
539 2049 656 2081 divitiis
676 2049 722 2080 ita
744 2061 776 2082 se
792 2061 858 2081 ma-

111 2098 200 2124 cerat
221 2099 254 2124 et
280 2093 420 2130 conficit,
441 2099 476 2124 ut
498 2098 572 2124 ante
594 2092 677 2124 diem
701 2103 862 2124 senescere

114 2135 271 2172 videatur,
285 2137 446 2176 eleganter
459 2136 587 2166 habendi
602 2146 702 2166 amore
715 2146 863 2168 senescere

114 2177 233 2210 dicitur
247 2189 256 2216 ;
279 2178 324 2210 sic
341 2178 527 2221 γηράσκειν
543 2177 628 2220 apud
645 2178 790 2209 Graecos.

158 2222 211 2252 87.
235 2221 370 2252 Mmtita
383 2226 443 2259 est,
456 2220 562 2256 elusit,
577 2220 690 2251 fefellit
702 2233 711 2260 ;
731 2220 775 2252 sic
788 2231 862 2263 sup.

117 2262 183 2295 Od.
200 2262 248 2300 iii,
267 2263 298 2299 l,
315 2262 505 2305 30,sundus
519 2265 658 2294 mendax.

158 2306 212 2338 89.
241 2306 414 2347 statusque,
444 2305 505 2337 sibi
536 2305 608 2348 ipsi,
635 2305 721 2347 quod
751 2315 862 2348 passus

114 2347 215 2380 fuerat
231 2359 265 2381 se
285 2348 420 2391 impelli,
437 2354 473 2380 ut
486 2348 584 2380 vitam
597 2347 737 2389 quietam
756 2354 789 2379 et
806 2348 860 2390 ju-

113 2390 252 2422 cundam
267 2397 404 2423 mutaret
423 2402 497 2423 cum
514 2390 580 2422 vita
600 2390 744 2433 inquieta
762 2397 794 2423 et
811 2391 860 2422 in-

114 2433 274 2476 jucunda.

157 2477 213 2508 90.
234 2477 393 2514 Scabmm,
415 2475 544 2518 plenum
567 2474 722 2516 squaloris
743 2481 775 2507 et
796 2486 861 2508 sor-

114 2518 176 2556 dis,
202 2518 384 2558 horridum;
409 2529 481 2549 nam
508 2524 677 2560 postquam
703 2519 805 2550 Mena
828 2530 862 2550 ex

115 2563 217 2593 nitido
231 2563 279 2604 (v.
305 2561 366 2603 83)
386 2562 490 2592 factus
511 2566 579 2592 erat
599 2563 743 2598 rusticus,
761 2567 862 2593 exter-

117 2614 194 2635 num
209 2605 346 2646 corporis
360 2604 482 2636 cultum
498 2603 650 2644 neglexit.

160 2647 216 2680 91.
240 2647 361 2684 Durus,
375 2645 447 2678 duri
462 2645 578 2676 laboris
601 2645 738 2687 patiens,
755 2650 791 2676 ut
805 2644 864 2679 inf.

118 2688 223 2732 Epist.
238 2689 260 2724 i.
279 2691 332 2727 16,
349 2691 404 2725 70,
419 2690 483 2720 sine
494 2695 600 2729 pascat
615 2689 714 2718 durus
729 2695 864 2729 aretque.

118 2733 334 2774 maritusque,
349 2742 394 2764 sc.
409 2731 448 2762 ad
466 2741 543 2767 rem,
560 2730 594 2761 h.
609 2740 637 2761 e.
652 2740 777 2761 avarus.

162 2775 219 2806 93.
257 2775 374 2807 Ponere
408 2785 527 2811 nomen,
561 2773 733 2814 imponere,
768 2772 859 2804 dare:

119 2826 193 2859 sup.
213 2816 283 2850 Sat.
301 2818 337 2854 ii,
356 2818 388 2856 3,
407 2818 461 2854 48,
477 2818 529 2858 qui
550 2818 606 2847 tibi
627 2826 733 2846 nomen
752 2815 865 2847 Insano

141 2869 254 2890 osum-e.

112 2869 140 2910 'p
164 2902 307 2934 96-98.
330 2902 394 2936 Qui
412 2900 499 2932 semel
519 2901 667 2940 adspexit,
687 2899 778 2937 vidit,
798 2899 867 2930 ani-

902 1803 998 1835 quam
1022 1794 1161 1835 reliquit,
1187 1794 1289 1826 multo
1312 1795 1475 1827 meliorem
1504 1806 1572 1828 esse
1597 1796 1654 1828 illa

902 1846 998 1877 quarn
1022 1836 1164 1879 appetiit.
1213 1837 1324 1868 Verum
1346 1845 1400 1874 est,
1425 1849 1566 1880 aequum,
1582 1850 1651 1871 rec-

903 1885 982 1913 tum,
1001 1879 1048 1910 fas
1064 1885 1124 1915 est,
1140 1879 1254 1918 decet;
1278 1880 1352 1911 hinc
1369 1880 1428 1911 inf.
1442 1881 1545 1923 Epist.
1562 1882 1584 1918 i,
1602 1883 1653 1920 12,

903 1922 958 1956 23,
981 1921 1162 1963 junguntur
1187 1934 1291 1953 verum
1317 1927 1350 1953 et
1372 1935 1500 1964 (equum,
1526 1929 1558 1955 et
1581 1935 1653 1966 sup.

906 1964 1010 2005 Epist.
1035 1964 1058 2000 i,
1085 1966 1115 2000 1,
1143 1966 1194 2001 11,
1219 1975 1325 1996 verum
1352 1971 1383 1996 et
1406 1967 1530 1997 decens.-
1554 1967 1656 1998 multa

905 2006 1050 2048 exempla
1064 2006 1104 2037 de
1118 2006 1180 2038 hac
1202 2007 1433 2049 significatione
1449 2007 1535 2039 vocis
1550 2020 1655 2040 verum

904 2049 1059 2080 dederunt
1081 2049 1222 2081 Gronov.
1244 2055 1276 2082 et
1296 2050 1458 2082 Drakenb.
1475 2050 1514 2082 ad
1530 2051 1601 2084 Liv.
1621 2051 1654 2088 ii,

906 2093 960 2129 48,
977 2094 992 2132 §
1009 2093 1043 2123 2.

1102 2177 1327 2209 EPISTOLA
1354 2178 1457 2210 VIII.

951 2219 1103 2251 Horatius
1121 2225 1220 2251 semet
1233 2220 1351 2262 ipsum,
1366 2226 1402 2251 ut
1418 2220 1578 2252 hominem
1595 2221 1654 2252 mi-

906 2272 966 2293 nus
983 2269 1088 2294 mente
1103 2273 1202 2304 quam
1222 2273 1351 2305 corpore
1368 2263 1518 2300 validum,
1535 2264 1602 2295 sive
1618 2270 1654 2295 ut

905 2304 1078 2341 hominem,
1091 2306 1182 2342 malo,
1195 2305 1280 2348 quod
1291 2311 1418 2341 vocant,
1432 2307 1448 2336 h
1452 2307 1652 2347 ypochoudri-

905 2359 957 2378 aco
983 2347 1193 2383 laborantem,
1217 2353 1250 2380 et
1273 2354 1339 2379 tam
1364 2348 1536 2380 amicorum
1559 2360 1654 2391 quam

905 2390 1096 2422 medicorum
1113 2391 1256 2422 consiliis
1270 2391 1477 2427 obnitentem,
1491 2391 1657 2424 describit.

907 2433 1022 2465 Celsus
1042 2433 1279 2470 Albinovanus,
1295 2433 1336 2465 ad
1352 2444 1446 2476 quem
1469 2434 1586 2477 scripta
1607 2442 1656 2467 est

907 2475 976 2507 haec
1011 2476 1156 2518 epistola,
1188 2476 1270 2508 idem
1303 2487 1374 2508 esse
1404 2476 1529 2508 videtur
1559 2489 1655 2519 quem

907 2528 979 2560 sup.
1003 2518 1108 2560 Epist.
1122 2519 1144 2556 i,
1162 2519 1194 2555 3,
1215 2520 1254 2551 15
1271 2530 1341 2561 sqq.
1362 2524 1400 2550 ut
1422 2525 1560 2562 poetam,
1574 2521 1654 2552 alio-

908 2571 978 2592 rum
1007 2561 1123 2592 scrinia
1153 2562 1391 2603 compilantem,
1419 2570 1656 2594 commemorat.

907 2604 978 2634 Nec
1002 2603 1100 2645 spirat
1122 2604 1191 2636 haec
1205 2604 1339 2652 epistola
1357 2604 1448 2635 illum
1469 2615 1606 2636 amorem
1624 2612 1656 2638 et

907 2645 1065 2677 molliores
1086 2645 1159 2677 illos
1170 2646 1278 2687 lamini
1293 2657 1418 2684 sensus,
1434 2657 1515 2689 quos
1538 2648 1653 2690 passim

910 2687 1061 2736 Horatius
1073 2698 1150 2730 erga
1171 2689 1251 2721 alios
1270 2690 1388 2722 amicos
1404 2689 1438 2720 in
1459 2690 1655 2722 carminibus

909 2741 974 2761 suis
987 2732 1152 2773 expressit.

955 2774 1049 2804 1—3.
1080 2774 1142 2805 Pro
1170 2773 1314 2817 simplice
1339 2774 1543 2817 epistolarum
1570 2775 1655 2817 apud

909 2815 1040 2847 Latinos
1066 2815 1270 2859 inscriptione
1297 2818 1436 2854 salutem,
1464 2817 1565 2848 utitur
1588 2818 1655 2859 jam

910 2858 1062 2890 Horatius
1083 2859 1218 2890 formula
1241 2870 1338 2901 quam
1366 2859 1473 2891 Graeci
1497 2859 1656 2901 praefigere

911 2901 1015 2932 solent
1030 2901 1181 2943 epistolis,
1198 2903 1332 2944 χαίρειν
1351 2903 1407 2934 καὶ
1428 2902 1462 2933 εὖ
1482 2901 1659 2943 πράττειν.

123 2944 300 2980 madvertit,
336 2943 503 2976 intellexit.
550 2943 709 2977 Quantum
745 2944 869 2973 dimissa
915 2944 1194 2984 Comitiscribaeque
1208 2945 1359 2976 Neronis:
1381 2944 1414 2974 in
1426 2944 1578 2975 comitatu
1593 2944 1658 2974 sive

121 2988 224 3026 petitis
254 2987 415 3026 Praestent,
449 2995 520 3019 eam
551 2985 623 3017 vitae
655 2984 868 3017 conditionem

914 2986 947 3018 in
963 2986 1090 3019 cohorte
1103 2986 1221 3018 Tiberii
1238 2986 1367 3019 Claudii
1385 2985 1529 3022 Neronis,
1542 2990 1608 3015 tum
1624 2985 1657 3016 in
