1904 3314
641 244 788 273 INDEX
820 244 1085 275 VERBORUM.

81 328 290 366 commodius,
301 339 399 371 quam
414 330 571 372 integrum
587 329 668 362 edax
683 330 831 363 dominus

85 377 284 404 consumeret
297 374 365 404 Sat.
377 372 412 408 ii,
427 374 460 410 2,
473 374 527 404 91.

123 415 260 446 vitiosus.
306 414 444 457 prudens
464 415 566 447 emisti
586 414 732 446 vitiosum
749 415 830 462 (pu-

82 457 188 494 erum)
204 458 266 500 Ep.
282 456 317 491 ii.
333 459 367 493 2,
386 459 438 489 18.
482 468 554 488 narn
578 457 639 489 fuit
662 457 721 488 hoc
739 459 830 489 vitio-

83 507 138 532 sus
167 499 348 541 (Lucilius)
373 502 440 532 Sat.
470 501 492 536 i,
519 502 551 536 4,
575 502 610 532 9.
665 500 830 541 remigium

84 541 215 583 Ulyssei
229 543 291 584 Ep.
313 543 336 580 i,
354 544 386 579 6,
403 544 458 575 63.
501 543 645 574 vitiosior
665 543 830 585 progenies

83 583 148 616 Od.
161 583 208 620 iii,
222 585 254 620 6.
267 587 323 616 48.
369 585 464 628 pedes
481 585 627 616 vitiosum
645 585 722 617 ferre
737 597 828 617 recu-

81 631 156 658 sant
170 628 238 659 Sat.
255 627 288 666 ii,
306 629 338 666 7,
356 629 430 660 108.
475 628 573 660 libido
594 629 656 670 Ep.
675 627 698 665 i,
722 630 751 664 1,
774 630 829 660 85.

79 678 157 701 cura
172 669 236 702 Od.
249 669 284 707 ii,
303 671 354 706 16,
371 671 426 702 21.

122 713 207 744 vitis.
250 722 340 744 sacra
359 714 420 754 (sc.
442 711 578 752 Baccho)
599 712 663 744 od.
683 711 706 748 i,
730 714 780 750 18,
799 715 829 745 1.

81 753 221 786 fecunda
237 755 301 786 Od.
320 754 368 791 iii,
381 756 437 792 23,
457 756 490 786 6.
533 761 621 787 arcta
642 755 705 786 Od.
729 755 752 791 i,
776 757 829 794 38,

80 797 114 828 8.
157 803 304 840 premant
319 797 442 830 Calena
457 797 539 829 falce
554 797 648 829 vitem
661 798 724 829 Od.
737 799 759 835 i,
774 800 829 836 31,

84 840 136 871 10.
178 840 275 872 vitem
298 840 408 871 viduas
431 839 521 871 ducit
546 841 589 871 ad
614 843 741 872 arbores
764 842 828 873 Od.

78 881 122 918 iv,
137 883 171 918 5.
187 884 241 914 30.
282 883 395 914 vitium
413 882 585 925 propagine
604 883 683 914 altas
702 885 830 916 maritat

122 924 215 967 pulos
227 925 331 968 Epod.
342 926 376 961 2,
388 926 422 957 9.
460 926 578 956 amicta
591 926 706 957 vitibus
722 927 829 958 ulmus

110 978 145 1010 p.
159 967 183 1004 i,
202 969 252 1007 16,
268 969 301 999 3.
346 967 432 1000 haud
448 968 523 1010 quia
540 969 660 1010 grando
675 970 830 1001 contude-

79 1010 122 1042 rit
134 1010 214 1042 vites
231 1012 292 1053 Ep.
309 1010 333 1046 i,
349 1011 381 1049 8,
391 1012 423 1042 5.
466 1013 573 1042 vinum
585 1024 594 1042 .·
618 1010 754 1043 Falerna
766 1013 829 1045 Od.

80 1051 127 1089 iii,
145 1054 177 1090 1,
193 1054 255 1093 443
280 1053 344 1085 Od.
360 1053 383 1089 i,
398 1054 524 1091 20,11.

122 1098 245 1128 vitium.
289 1096 396 1138 turpia
423 1096 538 1138 (naevi)
566 1097 633 1127 Sat.
660 1095 682 1132 i,
711 1098 743 1134 3,
771 1098 828 1129 39.

71 1137 202 1180 sactum
225 1141 380 1180 ineptum:
402 1139 540 1170 immane
559 1145 606 1170 est
628 1138 739 1170 vitium
761 1141 829 1171 Sat.

81 1180 118 1218 ii,
141 1183 175 1218 4,
201 1182 254 1214 76.
297 1181 409 1213 vitium
439 1181 499 1212 hoc
523 1192 651 1224 quoque
678 1192 828 1223 magnum

80 1229 129 1256 est
144 1225 214 1256 Sat.
230 1225 265 1261 ii,
281 1226 313 1261 2,
330 1225 386 1256 69.
417 1224 495 1256 belli
510 1235 616 1256 causae
632 1230 664 1256 et
679 1225 753 1256 vitia
767 1226 829 1257 Od.

82 1265 118 1304 ii,
139 1269 167 1304 1,
183 1269 218 1298 2.
263 1269 302 1298 de
325 1269 422 1298 animi
445 1269 550 1298 vitiis.-
576 1266 631 1298 irae
657 1268 725 1299 Sat.
749 1267 772 1304 i,
796 1270 828 1304 3,

82 1309 136 1341 76.
179 1309 266 1342 vitiis
293 1320 406 1342 carens
431 1309 495 1342 Od.
514 1310 561 1345 iii,
582 1311 636 1346 27,
658 1311 712 1341 39.
757 1321 829 1342 nos-

81 1351 138 1383 tris
162 1352 248 1384 vitiis
271 1351 401 1394 iniquus
426 1353 489 1384 Od.
514 1352 536 1389 i,
557 1354 591 1388 2,
614 1354 669 1384 47.
714 1363 828 1395 purum

81 1400 129 1426 est
153 1395 230 1427 vitio
257 1395 327 1432 tibi,
351 1406 450 1438 quum
479 1395 637 1426 tumidum
663 1400 723 1431 est,
753 1398 830 1427 σοι-1

81 1436 330 1475 Sat.ii,3,2l3.
373 1438 504 1469 nullane
521 1438 619 1469 habes
635 1438 734 1469 vitiat
758 1440 828 1471 Sat.

80 1479 104 1517 i,
133 1482 166 1517 3,
191 1482 249 1513 20.
293 1480 456 1523 inquirant
486 1479 562 1512 vitia
589 1486 644 1511 tua
671 1480 749 1512 ibid.
777 1483 829 1514 28.

82 1532 158 1554 num
173 1533 238 1566 qua
257 1522 314 1555 tibi
333 1523 480 1555 vitiorum
503 1523 651 1555 inseverit
673 1523 747 1554 olim
773 1535 829 1556 na-

79 1569 152 1598 tura
174 1565 254 1599 ibid.
275 1567 329 1599 35.
373 1565 468 1598 amici
492 1566 519 1597 si
545 1565 631 1608 quod
655 1565 696 1597 sit
718 1566 827 1598 vitium

78 1607 157 1641 ibid.
172 1611 227 1641 44.
270 1609 438 1652 verbisque
452 1609 574 1641 decoris
589 1609 740 1640 obvolvas
755 1610 828 1641 viti-

79 1661 133 1683 um
151 1653 219 1683 Sat.
231 1651 267 1687 ii,
283 1653 315 1688 7,
332 1653 387 1684 42.
430 1651 508 1683 dum
524 1652 625 1683 vitant
643 1652 732 1683 stulti
751 1652 829 1684 vitia

78 1694 145 1726 Sat.
166 1694 189 1732 i,
213 1697 246 1732 2,
270 1696 326 1726 24.
372 1705 445 1726 nam
470 1695 587 1726 frustra
611 1694 722 1725 vitium
747 1695 828 1727 vita-

79 1737 162 1770 veris
185 1737 268 1769 illud
293 1738 360 1769 Sat.
382 1737 416 1773 ii,
438 1739 471 1773 2,
497 1740 550 1769 54.
595 1737 742 1768 omnibus
768 1738 827 1770 hoc

82 1779 196 1812 vitium
218 1787 266 1813 est
289 1781 470 1812 cantoribus
490 1781 558 1811 Sat.
579 1781 600 1817 i,
617 1781 651 1816 3,
670 1781 699 1811 1.
744 1781 829 1812 vitiis

80 1833 174 1855 nemo
189 1823 257 1856 sine
276 1822 415 1855 nascitur
430 1823 507 1854 ibid.
523 1824 579 1854 68.
625 1833 682 1854 cur
699 1822 733 1853 in
749 1823 828 1854 ami-

82 1875 191 1898 corum
207 1866 290 1898 vitiis
306 1871 371 1897 tam
385 1865 487 1897 cernis
502 1871 631 1897 acutum
645 1866 657 1895 ¹!
679 1865 758 1896 ibid.
775 1867 829 1899 26.

78 1918 154 1951 pars
183 1908 347 1941 hominum
378 1908 462 1940 vitiis
494 1909 612 1950 gaudet
648 1915 830 1941 constanter

81 1953 150 1983 Sat.
165 1951 200 1988 ii,
215 1953 248 1988 7.
264 1953 298 1984 6.
342 1951 447 1983 aliena
466 1951 632 1993 opprobria
653 1962 738 1994 saepe
757 1952 828 1983 abs-

80 1999 197 2026 terrent
211 1994 299 2026 vitiis
314 1995 383 2026 Sat.
398 1995 422 2031 i,
435 1996 467 2031 4,
482 1995 555 2031 129.
588 1995 621 2025 in
638 1994 749 2025 vitium
766 1995 828 2026 sor-

79 2041 159 2068 tuna
180 2037 282 2070 labier
305 2048 398 2080 aequa
419 2038 482 2080 Ep.
503 2037 537 2073 ii,
558 2038 588 2073 1,
606 2038 662 2068 94.
708 2044 829 2079 quanto

82 2079 276 2112 constantior
297 2080 381 2112 idem
403 2080 436 2111 in
463 2080 547 2111 vitiis
565 2081 633 2110 Sat.
659 2079 693 2115 ii,
719 2081 750 2117 7,
777 2082 829 2112 19.

81 2122 158 2154 vitio
181 2129 320 2155 remotus
346 2124 387 2154 ab
411 2123 497 2154 omni
523 2123 583 2164 Ep.
604 2122 644 2153 ad
665 2122 732 2154 Pis.
753 2124 829 2156 384.

80 2163 200 2209 decipit
213 2166 374 2214 exemplar
390 2165 474 2196 vitiis
489 2165 644 2196 imitabile
660 2166 718 2207 Ep.
735 2165 758 2200 i,
779 2167 829 2204 19,

83 2208 135 2239 17.
179 2209 334 2251 exemplis
357 2208 504 2240 vitiorum
529 2218 667 2250 quaeque
693 2209 830 2240 notando

83 2251 152 2283 Sat.
177 2252 201 2288 i,
222 2253 255 2287 4,
283 2252 354 2284 106.
397 2257 444 2283 est
471 2250 545 2282 huic
568 2250 727 2281 diversum
752 2250 828 2282 vitio

80 2293 193 2325 vitium
217 2304 315 2343 prope
339 2293 442 2336 majus
467 2295 528 2336 Ep.
551 2293 574 2329 i,
598 2295 648 2329 18,
668 2295 700 2324 5.
744 2303 829 2336 saepe

81 2336 193 2368 decem
219 2336 304 2369 vitiis
330 2335 512 2368 instructior
537 2338 651 2377 (decies
675 2337 828 2377 vitiosior)

80 2378 160 2412 ibid.
175 2381 231 2411 25.
271 2384 377 2411 cetera
387 2378 456 2421 jam
473 2379 569 2410 simul
584 2379 645 2410 isto
660 2389 734 2410 cum
751 2379 829 2411 vitio

81 2421 212 2464 fugere!
236 2423 299 2465 Ep.
320 2421 356 2459 ii,
377 2424 410 2458 2,
433 2423 508 2453 206.
553 2421 639 2453 vitiis
661 2422 828 2454 mediocri-

81 2464 142 2496 bus
167 2475 206 2498 ac
228 2475 300 2497 mea
327 2464 440 2508 paucis
466 2464 618 2496 mendosa
640 2470 688 2496 est
715 2471 830 2498 natura

82 2507 152 2540 Sat.
174 2507 199 2545 i,
218 2509 251 2545 6,
271 2509 325 2540 65.
369 2507 590 2544 mediocribus,
612 2513 645 2539 et
667 2508 758 2549 queis
781 2509 828 2550 ig-

83 2560 207 2589 noscas,
226 2550 312 2582 vitiis
333 2555 441 2582 teneor
462 2552 530 2582 Sat.
550 2550 573 2587 i,
595 2552 628 2586 4,
651 2552 724 2581 131.
770 2551 828 2582 hoc

23 2631 25 2634 .
82 2598 134 2625 est
151 2593 363 2625 mediocribus
386 2592 452 2623 illis
469 2603 507 2624 ex
530 2592 613 2623 vitiis
634 2603 734 2623 unum
752 2593 832 2626 ibid.

87 2637 161 2669 140.
205 2635 238 2668 in
258 2635 371 2668 vitium
390 2635 482 2667 ducit
500 2635 603 2678 culpae
625 2635 700 2677 fuga
714 2637 776 2678 Ep.
792 2637 834 2667 ad

85 2678 154 2711 Pis.
169 2680 223 2711 31.
266 2689 376 2710 cereus
391 2677 424 2709 in
441 2677 554 2710 vitium
570 2677 655 2709 flecti
670 2678 746 2710 ibid.
761 2680 834 2711 163.

12 2722 24 2732 ”
83 2722 118 2753 in
134 2721 245 2754 vitium
265 2721 396 2753 libertas
414 2721 535 2753 excidit
550 2721 629 2751 ibid.
645 2721 722 2752 282.
767 2722 833 2752 fac-

82 2769 173 2796 turus
189 2765 266 2797 vitio
281 2764 418 2807 culpave
432 2763 584 2795 minorem
601 2763 701 2805 (rem)
718 2766 783 2795 Sat.
800 2764 833 2802 ii,

85 2808 120 2844 6,
133 2808 166 2840 7.
202 2818 267 2850 quo
283 2818 334 2838 me
349 2813 497 2849 aegrotare
511 2812 604 2849 putes
619 2806 716 2837 animi
735 2807 834 2838 vitio}

85 2850 153 2882 Sat.
180 2850 216 2890 ii,
246 2852 279 2890 3,
306 2851 381 2882 307.
436 2860 505 2881 mea
534 2855 720 2891 compenset
749 2850 835 2882 vitiis

85 2892 172 2925 hona
186 2894 253 2926 Sat.
271 2893 294 2930 i,
310 2895 343 2930 3,
361 2894 414 2924 70.
458 2893 557 2923 virtus
580 2898 629 2924 est
650 2892 762 2924 vitium
785 2893 834 2924 fu-

88 2945 162 2978 gere
178 2937 206 2968 E
231 2959 241 2968 .
255 2936 279 2975 i,
296 2938 326 2973 1,
341 2937 395 2967 41.
431 2935 531 2968 virtus
545 2941 594 2966 est
609 2934 750 2967 medium
766 2936 839 2967 viti-

88 2987 178 3010 orum
224 2989 258 3022 p.
275 2979 301 3016 i,
319 2980 372 3017 18,
390 2980 424 3011 9.
469 2977 602 3010 credidit
623 2977 738 3019 ingens
759 2989 836 3021 pau-

87 3021 207 3064 periem
222 3021 335 3055 vitium
351 3023 420 3054 Sat.
435 3021 469 3061 ii,
485 3023 517 3060 3,
533 3022 587 3054 92.
626 3021 711 3063 quod
728 3021 838 3055 vitium

1549 236 1630 276 821

875 331 985 372 procul
1002 331 1086 363 afore
1101 331 1219 363 chartis
1233 333 1298 364 Sat.
1313 333 1337 369 i,
1352 334 1385 370 4,
1401 334 1472 363 101.
1508 342 1623 374 corpus

874 378 1021 404 onustum
1056 374 1211 406 hesternis
1238 375 1328 418 (cibis
1359 382 1472 416 praeter
1501 376 1622 406 modum

873 417 998 454 sumtis)
1014 416 1099 447 vitiis
1113 417 1178 448 Sat.
1193 417 1228 454 ii,
1244 419 1277 454 2,
1295 418 1349 448 78.
1392 417 1521 460 pinguis
1537 417 1622 448 vitiis

874 459 941 489 Sat.
955 459 990 494 ii,
1001 460 1034 495 2,
1048 461 1102 490 21.
1146 462 1259 500 culpa.-
1283 460 1360 491 vitio
1375 466 1540 502 parentum
1557 459 1622 491 Od.

875 499 898 535 i,
922 502 956 536 2,
972 502 1026 532 23.
1071 507 1126 533 tuo
1144 502 1219 534 vitio
1242 513 1387 534 rerumne
1411 504 1534 534 labores
1553 503 1622 533 Sat.

874 541 897 579 i,
914 544 946 578 2,
963 544 1015 574 76.
1062 544 1123 575 sibi
1148 556 1188 576 ne
1211 546 1288 577 vitio
1303 546 1374 587 quis
1397 551 1530 576 verteret
1544 544 1622 575 olim

874 586 942 616 Sat.
963 585 985 622 i,
1011 587 1043 622 6,
1067 589 1120 618 85.
1164 588 1250 630 quod
1275 589 1523 630 Methymnaeam
1546 587 1623 618 vitio

874 628 1050 670 (vitiando)
1067 631 1234 662 mutaverit
1255 641 1349 661 uvam
1366 633 1432 662 Sat.
1447 631 1481 667 ii,
1498 632 1530 667 8,
1548 631 1602 662 50.

916 673 1041 702 vitreus.
1086 680 1202 714 pontus
1228 673 1292 704 Od.
1317 673 1360 710 iv,
1384 676 1417 709 2,
1447 675 1479 704 3.
1536 672 1622 703 fama

873 713 942 786 Sfylt.
959 713 994 750 ii,
1011 716 1043 752 3,
1059 715 1136 746 222.
1180 715 1273 747 Circe
1294 715 1489 758 (splendida)
1511 715 1576 747 Od.
1597 715 1621 751 i,

916 801 1042 831 vitrum.
1087 800 1159 832 fons
1181 800 1375 843 splendidior
1396 799 1477 831 vitro
1494 799 1559 831 Od.
1574 799 1621 836 iii,

876 841 927 914 lg,
948 843 978 874 1.
1023 842 1117 875 Fides
1140 843 1331 885 perlucidior
1347 843 1426 875 vitro
1442 841 1507 874 Od.
1526 842 1549 879 i,
1570 844 1621 880 18,

915 929 1006 958 vitta.
1040 927 1163 959 decorae
1176 927 1320 970 supplice
1331 927 1410 959 vitta
1426 932 1544 959 matres
1556 927 1621 959 od.

872 968 920 1005 iii,
940 970 991 1004 14,
1005 970 1037 1001 8.

916 1014 1030 1044 vitula.
1068 1023 1125 1055 pro
1137 1012 1238 1044 vitula
1250 1013 1363 1044 statuis
1373 1013 1500 1044 dulcem
1513 1017 1623 1044 natam

874 1054 942 1085 Sat.
959 1054 992 1090 ii,
1011 1057 1042 1092 3,
1062 1056 1134 1086 199.

917 1099 1045 1129 vitulus.
1089 1105 1177 1129 tener
1196 1098 1260 1129 Od.
1280 1098 1324 1135 iv,
1344 1099 1377 1134 2,
1397 1100 1451 1130 54.
1496 1098 1622 1141 placare

874 1139 966 1171 vituli
987 1139 1142 1181 sanguine
1164 1141 1249 1172 Deos
1265 1142 1330 1172 Od.
1345 1140 1367 1177 i,
1386 1142 1440 1177 36,
1456 1142 1489 1171 2.
1534 1151 1621 1172 ranae

874 1182 972 1224 pullis
997 1183 1090 1214 vituli
1118 1183 1195 1224 pede
1219 1184 1335 1226 pressis
1358 1185 1426 1215 Sat.
1447 1183 1482 1219 ii,
1497 1185 1529 1219 3,
1546 1185 1622 1215 314.

875 1225 984 1257 ludere
1004 1237 1078 1257 cum
1094 1226 1202 1257 vitulis
1218 1227 1279 1258 Od.
1297 1226 1331 1263 ii,
1349 1228 1381 1265 5,
1398 1228 1430 1258 8.
1476 1228 1598 1258 catulus
1613 1238 1622 1256 :

875 1267 984 1299 leaenae
999 1269 1092 1299 vituli
1108 1269 1173 1300 Od.
1188 1269 1233 1307 iii,
1252 1271 1304 1306 ll,
1320 1272 1374 1301 41.

918 1313 1082 1343 vivarium.
1126 1322 1206 1353 quos
1227 1312 1260 1343 in
1278 1313 1397 1344 vivaria
1416 1311 1545 1343 mittant
1559 1312 1622 1354 Ep.

875 1352 897 1389 i,
916 1355 946 1389 1,
965 1354 1017 1385 79.

917 1398 1019 1428 vivax.
1063 1402 1163 1428 mater
1186 1398 1253 1428 Sat.
1272 1396 1307 1433 ii,
1331 1398 1359 1432 1,
1384 1398 1438 1428 53.
1483 1396 1623 1428 vivacior

874 1438 974 1470 haeres
993 1441 1061 1470 Sat.
1083 1440 1119 1475 ii,
1137 1441 1169 1477 3,
1188 1441 1261 1471 132.
1306 1439 1414 1481 apium
1438 1439 1501 1471 Od.
1518 1440 1541 1477 i,
1565 1440 1621 1476 36,

877 1482 927 1512 16.
972 1482 1075 1522 gratia
1091 1483 1151 1524 Ep.
1168 1483 1207 1513 ad
1223 1483 1291 1514 Pis.
1308 1483 1362 1513 69.

917 1526 1028 1556 vivere.
1081 1526 1108 1561 1,
1134 1531 1221 1567 pater
1248 1525 1275 1555 si
1303 1525 1419 1556 viveret
1445 1526 1510 1556 Sat.
1541 1524 1564 1560 i,
1590 1526 1622 1562 4,

872 1567 927 1598 53.
972 1567 1078 1609 quoad
1095 1567 1175 1599 vixit
1197 1570 1264 1599 Sat.
1287 1567 1322 1603 ii,
1339 1568 1370 1603 3,
1389 1569 1442 1599 91.
1487 1567 1570 1598 elabi
1594 1567 1622 1598 si

872 1616 978 1651 posset
1006 1617 1141 1645 mortua,
1171 1609 1258 1653 quod
1297 1610 1431 1641 nimium
1466 1610 1622 1641 institerat

872 1653 991 1684 viventi
1009 1654 1076 1685 Sat.
1090 1653 1124 1688 ii.
1137 1655 1168 1689 5,
1182 1655 1236 1684 88.
1274 1652 1301 1683 si
1317 1663 1366 1684 me
1380 1653 1486 1684 vivere
1500 1652 1546 1683 vis
1561 1654 1621 1695 Ep.

872 1694 895 1731 i,
911 1695 943 1731 7,
961 1697 992 1727 3.
1036 1703 1071 1727 ut
1093 1696 1181 1727 vivas
1203 1695 1309 1737 igitur,
1334 1695 1430 1737 vigila
1453 1697 1520 1727 Sat.
1538 1695 1572 1730 ii,
1586 1697 1619 1732 3,

875 1739 950 1769 152.
995 1745 1074 1781 quot
1095 1738 1236 1781 capitum
1254 1739 1366 1769 vivunt
1380 1740 1446 1770 Sat.
1463 1739 1497 1774 ii,
1518 1740 1549 1774 1,
1566 1739 1622 1770 27.

874 1783 1032 1812 terrestria
1056 1782 1205 1813 mortales
1229 1781 1350 1812 animas
1371 1782 1484 1812 vivunt
1510 1781 1623 1812 sortita

874 1823 941 1854 Sat.
957 1823 990 1860 ii,
1009 1826 1040 1860 6,
1057 1826 1111 1856 94.
1157 1824 1261 1856 vixere
1277 1825 1370 1855 fortes
1387 1824 1479 1855 multi
1494 1823 1559 1855 od.
1577 1824 1621 1860 iv,

873 1867 906 1901 9,
926 1868 979 1898 25.
1024 1868 1092 1899 haec
1117 1873 1166 1898 est
1192 1867 1332 1898 conditio
1354 1867 1480 1898 vivendi
1499 1868 1565 1898 Sat.
1587 1866 1622 1903 ii,

873 1910 905 1945 8,
925 1911 980 1941 65.
1026 1910 1097 1941 vivo
1117 1916 1149 1941 et
1172 1921 1280 1951 regno,
1305 1910 1399 1940 simul
1424 1910 1485 1940 ista
1508 1909 1623 1951 reliqui

874 1953 934 1994 Ep.
952 1953 975 1988 i,
991 1954 1040 1989 10.
1053 1955 1086 1984 8.
1132 1964 1159 1983 c.
1176 1965 1277 1984 accus.
1288 1967 1298 1984 :
1322 1952 1401 1983 mihi
1415 1953 1519 1984 vivam
1535 1953 1623 1994 quod.

874 2002 1015 2037 superest
1041 1995 1100 2027 aevi
1124 1996 1184 2038 Ep.
1207 1996 1230 2033 i,
1257 1997 1304 2031 18,
1327 1997 1400 2026 107.
1441 2008 1496 2036 pro
1522 1997 1625 2035 simpl.
1686 2008 1692 2015 ·

873 2048 951 2068 esse.-
976 2038 1062 2070 vivet
1078 2044 1148 2069 uter
1171 2039 1313 2081 locuples
1333 2039 1402 2069 sine
1427 2039 1532 2079 gnatis
1554 2040 1622 2070 Sat.

874 2079 907 2116 ii,
925 2083 956 2116 5,
974 2083 1027 2113 28.
1071 2081 1190 2112 viveret
1209 2081 1241 2111 in
1265 2081 1353 2113 terris
1369 2088 1399 2112 te
1415 2083 1440 2112 si
1456 2081 1528 2122 quis
1544 2091 1620 2112 ava-

873 2122 934 2153 rior
948 2134 1013 2154 uno
1028 2125 1089 2166 Ep.
1106 2124 1139 2160 ii,
1153 2125 1186 2159 2,
1207 2125 1280 2155 157.
1324 2124 1419 2155 vivite
1441 2124 1534 2154 fortes
1554 2126 1622 2155 Sat.

873 2164 907 2201 ii,
925 2168 958 2202 2,
972 2168 1044 2198 135.
1088 2166 1222 2198 viverem
1240 2167 1285 2197 uti
1301 2173 1467 2198 contentus
1483 2177 1520 2198 eo
1535 2165 1623 2207 quod

873 2208 919 2238 mi
942 2208 1009 2250 ipse
1033 2215 1174 2251 parasset
1197 2210 1263 2240 Sat.
1285 2209 1307 2246 i,
1331 2211 1362 2247 4,
1386 2211 1458 2240 108.
1502 2220 1622 2240 memor

874 2251 972 2282 nostri
991 2252 1080 2283 vivas
1101 2252 1165 2283 Od.
1188 2251 1233 2289 iii,
1248 2253 1303 2288 27,
1322 2254 1373 2283 14.
1421 2262 1497 2283 naso
1517 2252 1621 2284 vivere

873 2304 970 2336 pravo
986 2295 1046 2336 Ep.
1062 2294 1101 2326 ad
1119 2295 1185 2326 Pis.
1199 2296 1254 2326 36.
1299 2297 1419 2336 vigere:
1444 2295 1515 2325 vive
1534 2296 1620 2326 vale-

872 2347 936 2378 que
960 2338 1028 2368 Sat.
1051 2337 1085 2373 ii,
1103 2340 1135 2374 5,
1155 2339 1226 2369 110.
1264 2337 1345 2373 vive,
1369 2338 1439 2369 vale
1463 2338 1523 2380 Ep.
1549 2338 1571 2373 i,
1588 2338 1622 2375 6,

873 2380 926 2410 67.
972 2383 1066 2411 vitam
1084 2392 1216 2415 servare,
1233 2382 1364 2411 durare.-
1394 2381 1478 2411 vivet
1493 2386 1622 2411 extento

873 2423 1060 2455 Proculeius
1082 2434 1161 2459 aevo,
1181 2423 1271 2454 illum
1295 2429 1368 2464 aget
1391 2424 1491 2454 Fama
1513 2434 1622 2466 super-

874 2471 937 2496 stes
962 2466 1024 2497 Od.
1052 2466 1085 2503 ii,
1111 2467 1144 2501 2,
1170 2468 1201 2497 5.
1258 2476 1316 2497 nec
1345 2466 1448 2498 vivere
1479 2466 1622 2497 carmina

874 2515 1005 2550 possunt
1020 2510 1081 2551 Ep.
1098 2509 1120 2545 i,
1142 2510 1192 2545 19,
1207 2510 1238 2539 2.
1283 2508 1309 2539 si
1325 2509 1402 2550 quid
1426 2509 1560 2539 lusimus
1576 2515 1621 2540 te-

874 2561 959 2588 cum,
985 2553 1070 2593 quod
1096 2558 1128 2583 et
1156 2553 1239 2582 hunc
1268 2551 1301 2582 in
1331 2563 1448 2582 annum
1479 2552 1563 2582 vivat
1590 2557 1622 2583 et

875 2594 981 2635 plures
998 2595 1063 2626 Od.
1087 2594 1110 2630 i,
1131 2595 1183 2629 32,
1199 2596 1230 2626 3.
1274 2594 1372 2636 spirat
1395 2594 1499 2625 adhuc
1523 2605 1621 2631 amor,

876 2636 1052 2678 vivuntque
1067 2637 1228 2668 commissi
1243 2637 1364 2668 calores
1378 2638 1494 2669 AEoliae
1509 2637 1623 2668 fidibus

877 2680 994 2720 puellae
1011 2680 1075 2711 od.
1091 2679 1134 2715 iv,
1151 2682 1183 2715 9,
1201 2681 1251 2710 ll.
1295 2682 1328 2715 2,
1346 2683 1439 2711 vitam
1453 2687 1624 2711 sustentare

877 2723 984 2762 aliqua
1003 2734 1057 2754 re.-
1081 2722 1186 2754 herbis
1200 2722 1280 2753 vivis
1292 2729 1324 2754 et
1337 2723 1436 2754 urtica
1453 2725 1514 2765 Ep.
1529 2724 1551 2759 i,
1570 2725 1621 2759 12,

878 2765 908 2795 8.
957 2764 1035 2796 vivit
1047 2764 1174 2806 siliquis
1198 2771 1230 2797 et
1252 2776 1333 2807 pane
1353 2767 1494 2798 secundo
1511 2767 1571 2807 Ep.
1588 2766 1622 2801 ii,

881 2809 909 2844 l,
929 2809 1002 2839 123.
1046 2807 1149 2839 vivere
1172 2819 1269 2851 parvo
1283 2810 1350 2839 Sat.
1367 2809 1401 2844 ii,
1419 2812 1452 2843 2,
1471 2810 1499 2839 1.
1545 2808 1623 2838 vivi-

878 2855 930 2880 tur
958 2861 1054 2893 parvo
1080 2852 1162 2882 bene
1186 2851 1250 2882 Od.
1275 2851 1310 2887 ii,
1338 2853 1387 2886 16,
1416 2853 1467 2881 13.
1519 2850 1625 2883 vivere

879 2900 1043 2924 numerato
1065 2905 1166 2937 nuper
1182 2895 1242 2936 Ep.
1259 2894 1293 2932 ii,
1309 2896 1342 2931 2,
1362 2894 1433 2925 166.
1480 2893 1512 2928 3,
1531 2895 1625 2924 vitam

881 2937 1007 2979 degere:
1031 2937 1111 2969 bene
1128 2939 1188 2980 Ep.
1201 2938 1223 2974 i,
1241 2938 1272 2974 6,
1289 2939 1351 2976 56;
1377 2938 1437 2978 Ep.
1453 2935 1475 2972 i,
1493 2937 1507 2965 1
1519 2937 1545 2971 l,
1562 2937 1623 2976 293

883 2980 945 3021 Ep.
961 2979 984 3016 i,
1002 2981 1055 3019 15,
1072 2982 1126 3011 45.
1164 2982 1242 3011 bene
1257 2985 1288 3011 et
1300 2979 1387 3022 puris
1401 2978 1545 3010 manibus
1561 2981 1627 3011 Sat.

883 3022 907 3060 i,
922 3024 954 3061 4,
970 3024 1023 3055 67.
1067 3023 1150 3055 male
1167 3024 1234 3054 Sat.
1250 3021 1272 3059 i,
1291 3025 1323 3060 4,
1346 3023 1406 3054 109
1423 3034 1431 3061 ς
1457 3022 1516 3063 Ep.
1532 3021 1554 3058 i,
1575 3023 1627 3059 17,
