1884 3288
20 2544 46 2564 Ἃ,

679 190 1062 256 CARMENae.

390 297 580 340 Paterna
599 309 702 336 rura
721 294 867 336 bubus
888 301 1067 335 exercet
1089 293 1192 344 suis,

620 361 799 403 Solutus
820 361 936 403 omni
955 360 1126 402 foenore
1143 379 1153 411 3

323 433 358 482 ¹5
388 432 548 486 Neque
569 430 787 471 excitatur
808 427 991 470 classico
1011 427 1133 469 miles
1157 428 1282 477 truci,

615 497 777 552 Neque
799 497 950 539 horret
968 497 1125 537 iratum
1145 510 1283 545 mare3

384 567 634 621 Forumque
655 566 776 615 vitat,
800 573 844 606 et
866 565 1057 620 superba
1078 565 1238 606 civium

618 633 922 675 Potentiorum
942 633 1100 673 limina.

385 701 510 757 Ergo
530 707 606 743 aut
627 700 775 742 adulta
797 700 947 741 vitium
967 700 1207 755 propagine

301 771 355 813 10

614 767 741 811 Atlas
763 769 934 810 maritat
955 767 1158 824 populos,

385 826 656 881 Inutilesque
678 825 787 868 falce
808 840 951 867 ramos
973 832 1204 880 amputans

615 893 852 936 Feliciores
874 893 1054 942 inserit3

384 962 477 1005 Aut
499 964 541 1004 in
563 963 744 1004 reducta
765 961 874 1003 valle
895 961 1181 1017 mugientium

614 1029 875 1085 Prospectat
896 1036 1092 1071 errantes
1114 1044 1294 1085 greges3

303 1101 352 1141 15
383 1098 478 1141 Aut
499 1113 650 1154 pressa
671 1098 792 1153 puris
812 1097 938 1139 mella
954 1098 1103 1139 condit
1123 1097 1358 1152 amphoriS,

614 1168 710 1207 Aut
730 1167 883 1208 tondet
904 1165 1097 1207 infirmas
1117 1180 1243 1216 oves;

383 1234 482 1285 Vel,
506 1249 640 1290 quum
661 1234 867 1275 decorum
887 1234 1064 1275 mitibus
1087 1233 1226 1289 pomis
1249 1238 1381 1288 caput

617 1300 892 1342 Auctumnus
916 1302 1028 1342 arvis
1050 1300 1221 1350 extulit,

92 1450 179 1483 Nam
198 1453 365 1498 postquam
381 1447 599 1480 dulcissimam
618 1447 707 1478 illam
727 1447 838 1490 volup-

90 1492 201 1529 tatem,
217 1503 288 1534 quae
307 1491 341 1523 in
358 1502 376 1522 a
428 1502 455 1528 s,
473 1492 522 1523 vel
544 1502 584 1522 ex
603 1490 716 1522 vitium
739 1497 769 1522 et
790 1501 838 1521 ar-

89 1535 202 1567 borum
215 1535 326 1573 cultu,
347 1492 459 1566 veqfiex
485 1534 682 1576 pascentium
709 1544 839 1575 gregum

91 1577 258 1620 adspectu,
277 1577 329 1610 vel
351 1587 391 1609 ex
413 1577 508 1609 melle
529 1576 708 1612 condendo,
729 1576 777 1607 vel
801 1587 840 1607 ex

92 1621 207 1653 ovibus
229 1620 411 1657 tondendis,
435 1620 484 1651 vel
511 1630 550 1651 ex
580 1621 682 1661 pomis
709 1619 842 1661 uvisque

93 1663 272 1713 carpendis,
300 1663 351 1695 vel
377 1674 417 1695 ex
454 1662 556 1698 suavi,
587 1673 650 1704 quo
679 1663 752 1704 quis
781 1663 841 1693 sub

93 1706 214 1739 arboris
262 1707 376 1738 umbra
419 1706 460 1737 ad
509 1705 673 1736 salientem
725 1705 842 1736 fontem

93 1755 267 1792 prostratus
287 1749 413 1788 fruitur,
432 1749 507 1784 otio,
531 1749 579 1779 vel
601 1759 640 1779 ex
662 1748 843 1786 venatione,

91 1793 144 1825 vel
166 1803 206 1825 ex
228 1793 365 1841 aucupio
393 1798 467 1823 cett.
492 1791 612 1834 percipi
635 1791 746 1833 possit,
770 1797 843 1823 ante

93 1836 206 1869 oculos
243 1835 373 1884 posuit3
414 1840 584 1877 postquam
623 1833 841 1870 domesticam,

93 1888 160 1920 qua
181 1884 318 1910 rusticus
340 1888 413 1909 cum
441 1884 529 1908 casta
552 1886 611 1908 sua
637 1876 776 1918 conjuge
797 1877 840 1907 vi-

92 1932 165 1954 vere
202 1921 296 1957 solet,
336 1920 517 1952 felicitatem
558 1920 741 1951 suavissime
785 1919 839 1951 de-

92 1963 232 2008 scripsit,
249 1963 449 2012 hominisque
467 1962 599 2003 agrestis
613 1962 838 2002 frugalitatem,

90 2006 187 2050 longe
215 2006 366 2039 ditiorum
395 2005 568 2048 opulentiae
601 2004 839 2066 praeferendam,

91 2051 242 2093 preclare
264 2049 427 2088 laudavit;
456 2059 496 2080 ne
518 2048 640 2080 multa!
669 2054 839 2097 postquam

93 2092 237 2143 Alphius
258 2092 444 2130 feliciorem,
462 2094 535 2133 q'uae
558 2092 592 2123 in
610 2091 694 2132 agris
714 2090 840 2127 vivitur,

91 2135 190 2168 vitam
218 2135 394 2168 luculentis
429 2134 588 2166 coloribus
623 2134 841 2165 adumbratam

91 2179 199 2211 animo
214 2189 273 2211 suo
283 2178 539 2228 repraesentavit;
562 2177 657 2209 ecce!
679 2187 735 2218 qui
748 2177 841 2208 modo

92 2222 218 2254 futurus
236 2226 304 2254 erat
323 2221 474 2258 rusticus,
490 2201 539 2252 ady
546 2226 703 2263 quaestum
719 2231 758 2251 ex
778 2220 838 2252 foe-

92 2274 169 2298 nore
183 2264 364 2298 faciendum
381 2263 480 2296 redit!
506 2232 643 2305 qutegie
658 2263 752 2311 plane
766 2262 839 2295 vitae

89 2308 218 2340 rusticae
246 2306 432 2340 felicitatem
463 2306 497 2338 in
528 2307 587 2338 hoc
618 2316 758 2337 carmlne
783 2306 839 2338 de-

15 2335 40 2387 Ξ,
91 2350 243 2400 turipum
264 2360 346 2386 esse.
367 2360 461 2382 nemo
483 2348 588 2381 adhuc
612 2349 759 2390 negavit:
784 2350 840 2380 sed

14 2395 35 2424 Τ
91 2393 150 2471 qui
169 2404 241 2427 eam
263 2394 306 2426 ab
331 2392 460 2425 homine
486 2398 550 2424 tam
578 2392 715 2430 sordido,
738 2392 842 2434 qualis

91 2436 233 2524 lpbius
246 2436 318 2475 fuit,
331 2436 586 2469 commendatam
605 2417 739 2471 nolletit,
758 2436 843 2468 fuere

91 2478 214 2524 pluru-
258 2479 345 2512 Hinc
360 2485 500 2529 quatuor
514 2479 643 2510 ultimos
658 2478 758 2520 hujus
772 2488 842 2510 car-

84 2522 188 2556 ⁸minis
200 2533 307 2555 versus
324 2523 439 2554 seriore
455 2522 582 2553 demum
605 2527 698 2553 aetate
713 2521 753 2552 ab
776 2522 844 2552 Ho-

84 2565 174 2601 -ηίὶο
186 2565 329 2608 adjectos
343 2575 414 2597 esse
432 2564 597 2596 nonnullis
612 2570 749 2595 statuere
770 2565 840 2613 pla-

19 2615 61 2693 ἓξ

19 2689 62 2750 Ξ

16 2731 69 2819 ᾖ

25 2863 82 2891 τ»

25 2916 66 2950 ³*

80 2607 172 2649 enit.
213 2608 316 2642 Sedii
338 2618 459 2645 omnes,
480 2613 517 2639 ut
539 2607 616 2638 nihil
637 2607 756 2644 dicam,
775 2607 841 2650 jam

79 2659 186 2686 111111
198 2657 312 2695 quarto
330 2651 417 2684 haud
436 2651 572 2682 obscure
591 2650 663 2681 vitae
682 2660 748 2681 suae
766 2661 842 2681 con-

83 2690 243 2728 {monem
263 2693 449 2742 designasse
473 2693 644 2742 Alphium3
663 2693 845 2732 consilium,

87 2737 152 2771 ἔᾱιτ
179 2737 402 2771 foenemtorem
430 2736 577 2785 inprimis
611 2735 684 2767 vitae
717 2736 844 2767 rusticae

76 2785 182 2851 igme
217 2780 411 2813 laudatorem
448 2779 560 2811 fecerit
594 2784 699 2822 poeta,
734 2789 844 2828 parum

205 2823 291 2856 nisse
307 2823 469 2855 videntur.
513 2821 644 2854 Scilicet
664 2828 701 2853 ut
719 2822 782 2852 vim
805 2822 844 2853 il-

162 2876 254 2910 ,qua
273 2866 464 2898 insatiabilis
485 2865 666 2897 divitiarum
687 2865 846 2908 cupiditas

85 2911 271 2959 mttere
291 2920 390 2959 saepe
397 2908 564 2940 hominum
586 2914 720 2945 mentes,
741 2913 773 2940 et
790 2908 848 2940 ho-

254 2962 275 2984 a
303 2962 343 2984 ex
370 2952 410 2984 iis
433 2952 551 2995 pellere
576 2951 678 2983 soleat
703 2951 849 2988 consilia,

30 2999 42 3006 ⁴
87 2984 170 3031 aen
176 2994 278 3028 tubis
292 2999 416 3028 tautum
436 3001 470 3028 et
487 2994 668 3033 sententiis,
684 2994 772 3036 quod
791 3005 849 3026 sae-

883 1446 1012 1496 pissime
1030 1446 1165 1478 Horatio
1181 1446 1258 1479 fecit
1271 1446 1365 1483 alias,
1379 1446 1435 1478 sed
1450 1445 1546 1478 etiam
1566 1446 1638 1478 vivo

884 1491 980 1533 quasi
1001 1491 1144 1533 exemplo
1167 1490 1306 1532 quodam
1335 1471 1536 1521 nianifestam
1565 1489 1636 1521 red-

884 1534 982 1570 deret,
1012 1540 1117 1576 aptuS.
1150 1544 1244 1582 quem
1272 1533 1460 1565 intuendum
1487 1532 1638 1564 omnibus

885 1583 1083 1619 proponeret.
1100 1577 1187 1607 visus
1206 1577 1234 1608 ei
1254 1582 1302 1608 est
1319 1576 1406 1608 dives
1426 1574 1557 1617 quidam
1575 1575 1636 1607 foe-

886 1625 1010 1651 nerator
1040 1619 1191 1668 Alphius.
1235 1620 1269 1650 Is
1292 1620 1390 1661 igitur
1419 1619 1452 1650 in
1476 1618 1535 1650 hoc
1567 1628 1638 1649 car-

885 1662 971 1694 mine
995 1669 1100 1704 partes
1123 1662 1188 1703 agit
1210 1662 1358 1698 hominis,
1380 1662 1448 1704 qui,
1470 1668 1637 1710 postquam

887 1706 1020 1736 meliora
1052 1705 1195 1736 laudavit
1225 1705 1448 1753 probavitque,
1482 1703 1638 1735 deteriora

887 1748 1044 1795 sequitur.
1092 1748 1157 1779 Vix
1182 1748 1267 1778 enim
1293 1747 1435 1789 Alphius
1460 1747 1534 1778 vitae
1567 1757 1631 1778 rus

887 1790 959 1821 ticae
982 1790 1143 1822 felicitatis
1165 1790 1276 1821 laudes
1303 1790 1536 1828 decantaverat,
1562 1801 1636 1821 cum

887 1833 994 1864 statim
1030 1834 1070 1864 ad
1102 1834 1267 1875 pristinum
1305 1833 1436 1864 foenoris
1469 1833 1637 1865 exercendi

885 1876 1024 1907 studium
1054 1876 1178 1908 rediret.
1223 1877 1357 1908 Sublata
1382 1882 1489 1907 autem
1517 1876 1551 1906 in
1577 1875 1637 1908 hoc

884 1919 1024 1951 carmine
1047 1919 1160 1961 Alphii
1188 1929 1332 1961 persona,
1356 1924 1423 1950 tota
1445 1918 1543 1960 hujus
1566 1929 1635 1950 car-

885 1962 979 1993 minis
1003 1962 1140 2003 gravitas
1163 1962 1294 1993 tollitur.
1340 1962 1554 1993 Foeueratoris
1581 1964 1638 1993 Al-

883 2006 949 2044 phii
965 2005 1157 2037 mentionem
1179 2015 1304 2047 quoque
1328 2004 1406 2035 facit
1421 2003 1594 2036 Columell.
1616 2005 1638 2042 i,

885 2049 917 2084 7,
940 2049 974 2079 2.
1021 2049 1105 2080 Curn
1130 2048 1340 2083 nobilissima,
1364 2057 1460 2089 quam
1485 2047 1544 2078 hoc
1568 2058 1638 2079 car-

885 2101 957 2122 men
981 2091 1135 2126 continet‚
1159 2091 1231 2122 vitae
1255 2091 1384 2122 rusticae
1411 2090 1513 2122 deseri
1538 2091 1637 2127 tione.

886 2135 927 2165 cf.
950 2134 1006 2165 inf.
1031 2135 1099 2165 Sat.
1119 2133 1154 2169 ii,
1175 2135 1207 2170 6,
1227 2135 1269 2165 59
1291 2144 1365 2175 sqq.
1391 2133 1484 2174 Virg.
1536 2144 1584 2165 eo.
1605 2134 1640 2166 ii.

886 2179 962 2212 458,
980 2183 1012 2208 et
1031 2177 1111 2208 alios
1132 2176 1177 2207 ibi
1196 2187 1215 2207 a
1236 2177 1339 2208 Cerda
1362 2182 1392 2208 et
1417 2177 1543 2218 Heynio
1567 2177 1638 2208 lau-

884 2219 984 2251 datos.

931 2264 1025 2294 1—8.
1051 2264 1202 2306 Negotiis,
1219 2262 1252 2294 in
1267 2269 1392 2305 quaestu
1408 2263 1555 2295 faciendo
1570 2275 1637 2296 ver-

885 2306 1042 2342 santibus,
1061 2313 1093 2338 et
1115 2306 1247 2349 proinde
1270 2306 1366 2338 variis
1385 2307 1471 2338 curis
1494 2307 1638 2339 animum

884 2349 1064 2381 districtum
1081 2351 1277 2381 tenentibus.
1323 2351 1416 2381 Rura
1431 2358 1558 2387 exercet,
1573 2350 1638 2382 ele-

886 2392 1014 2434 gantius
1029 2403 1102 2435 pro,
1121 2399 1209 2430 arat;
1231 2394 1276 2424 sic
1289 2394 1381 2424 solum
1395 2404 1531 2425 exercere
1541 2405 1640 2434 presso

886 2437 941 2467 sub
955 2447 1070 2467 vomere
1090 2436 1175 2486 apud
1196 2436 1287 2478 Virg.
1310 2437 1392 2468 Geo.
1413 2435 1447 2472 ii.
1465 2438 1542 2468 356.
1587 2437 1641 2468 So-

889 2480 973 2510 lutus
987 2480 1212 2522 omnifoenore,
1225 2478 1304 2510 liber
1319 2480 1360 2510 ab
1376 2478 1462 2511 omui
1477 2480 1522 2511 rei
1537 2479 1640 2512 foene-

888 2521 955 2553 bris
970 2522 1088 2553 studio.
1131 2523 1236 2563 Neque
1246 2525 1400 2554 excitatur
1415 2524 1540 2555 classico
1555 2524 1640 2555 miles

886 2567 982 2600 truci,
1006 2569 1081 2597 cett.
1104 2565 1160 2614 qui
1184 2574 1287 2606 neque
1310 2566 1402 2597 miles
1423 2575 1442 2597 e
1464 2576 1577 2598 somno
1600 2566 1641 2598 ad

887 2618 1027 2656 pugn-am
1055 2609 1224 2646 excitatur,
1248 2619 1352 2650 neque
1378 2615 1534 2640 mercator
1562 2620 1642 2641 nau-

888 2650 980 2693 fragii
1003 2651 1181 2694 periculum
1203 2651 1400 2693 expavescit,
1424 2662 1526 2694 neque
1549 2653 1643 2684 rebus

890 2694 1067 2726 forensibus
1083 2704 1208 2743 operam
1224 2693 1290 2731 dat,
1308 2704 1412 2736 neque
1425 2695 1559 2727 molesta
1574 2695 1643 2735 ina,

888 2738 1003 2779 quib'us
1034 2737 1245 2785 potentiorum
1276 2738 1409 2779 gratiam
1442 2744 1475 2769 et
1502 2739 1643 2771 favorem

890 2780 950 2811 sibi
960 2780 1102 2821 colligat,
1116 2780 1183 2812 obit
1193 2780 1310 2812 officia.
1342 2781 1509 2812 Excitatur
1520 2783 1643 2814 classico

889 2825 986 2859 miles,
1000 2823 1137 2855 classica
1154 2823 1239 2854 enim
1255 2830 1354 2856 noctu
1371 2834 1513 2866 quoque,
1536 2825 1643 2857 subito

890 2867 934 2896 ab
964 2866 1108 2898 hostibus
1139 2866 1222 2898 facto
1251 2867 1384 2909 impetu,
1411 2868 1452 2898 ad
1477 2867 1597 2898 milites
1625 2879 1643 2900 e

894 2919 1005 2940 somno
1030 2909 1216 2941 excitandos
1241 2910 1460 2947 canebantur;
1488 2920 1552 2951 qua
1574 2911 1646 2951 qui-

894 2951 966 2983 dem
988 2963 1020 2984 re
1043 2953 1160 3001 passim
1186 2952 1309 2984 militiae
1331 2963 1417 2984 curae
1436 2958 1467 2984 et
1490 2952 1644 2984 molestie

894 2995 1054 3037 designari
1077 2995 1199 3027 solent:
1224 2995 1345 3027 Tibull.
1369 2995 1391 3032 i,
1416 2997 1442 3032 l,
1467 2997 1498 3032 4,
1525 2995 1645 3027 Martia
