1904 3314
671 168 896 212 LIBER
927 168 965 218 1,
996 169 1037 210 7.

1542 168 1626 209 457

116 278 174 321 25
204 277 379 326 Quodsi
397 291 465 319 me
486 274 605 318 noles
623 287 808 328 usquam
827 271 1069 322 discedere,
1089 270 1251 312 reddes

203 345 336 388 Forte
355 344 485 394 latus,
505 343 652 397 nigros
673 346 859 395 angusta
878 338 1023 380 fronte
1044 335 1248 392 capillos3

203 412 388 455 Reddes
408 409 535 453 dulce
554 409 698 463 loqui;
728 407 889 449 reddes
910 406 1053 448 ridere
1075 406 1299 455 decorum,
1321 411 1366 446 et

203 479 326 522 Inter
346 479 443 520 vina
461 477 608 532 fugam
629 475 801 516 Cinarae
821 487 1006 515 moerere
1025 480 1254 527 protervae.

204 547 337 590 Forte
357 561 439 602 per
459 550 688 599 angustam
708 542 850 584 tenuis
869 539 1064 583 nitedula
1085 540 1236 581 rimam

117 615 177 657 30
206 614 426 670 Repserat
445 612 491 654 in
510 625 727 654 cumeram
747 608 976 659 frumenti3
1009 614 1222 663 pastaque
1243 621 1397 648 rursus

207 682 279 725 Ire
299 681 414 724 foras
434 679 565 735 pleno
586 677 797 719 tendebat
818 689 1002 730 corpore
1024 674 1208 716 frustra:

208 749 292 792 Cui
310 746 495 790 mustela
514 744 682 801 procul,
705 745 752 786 Si
773 745 852 792 vis,
876 743 950 794 ait,
973 742 1170 799 effugere
1191 742 1332 793 istinc,

206 815 363 858 Macra
381 829 533 857 cavum
552 820 726 868 repetes
748 819 928 862 arctum,
952 826 1080 866 quem
1100 825 1245 852 macra
1267 809 1437 852 subisti.

207 883 306 926 Hac
326 897 410 938 ego
432 882 468 924 si
488 880 724 936 compellor
744 879 944 935 imagine,
965 885 1123 920 cun‘cta
1141 878 1342 934 resigno:

119 952 179 995 35
206 950 306 994 Nec
328 965 524 993 somnum
543 949 685 1005 plebis
705 948 852 998 laudo,
876 954 996 989 satur
1017 946 1212 998 altilium,
1234 961 1314 989 nec

210 1018 317 1061 Otia
337 1018 496 1060 divitiis
517 1017 718 1059 Arabum
737 1016 958 1058 liberrima
978 1021 1114 1056 muto.

211 1086 340 1142 Saepe
359 1085 654 1128 verecundum
673 1083 889 1134 laudasti3
920 1097 1087 1138 rexque
1107 1088 1322 1137 paterque

211 1153 392 1197 Audisti
411 1169 580 1204 coram;
612 1166 693 1194 nec
715 1152 849 1193 verbo
872 1152 1043 1206 parcius
1065 1151 1247 1192 absens:

95 1301 128 1334 h.
155 1310 184 1333 e.
210 1299 386 1333 secundum
415 1299 466 1331 vel
492 1299 588 1341 juxta
617 1297 746 1330 laudem
775 1307 841 1329 me-

95 1343 225 1385 rentis),
241 1348 278 1375 ut
297 1343 368 1374 laus
387 1343 512 1385 patroni
535 1341 576 1373 de
598 1351 647 1372 me
671 1342 752 1372 bene
778 1351 843 1371 me-

95 1385 193 1419 tentis
211 1385 364 1430 postulat,
383 1385 517 1426 dignum
540 1394 590 1415 me
612 1384 767 1426 praestabo
790 1393 843 1414 ac-

95 1429 198 1472 ceptis
228 1427 412 1468 beneficiis;
451 1428 527 1465 sive,
552 1437 612 1468 ego.
641 1436 768 1468 quoque
798 1435 843 1457 re-

97 1472 258 1514 spondebo
280 1470 373 1503 donis
394 1481 468 1513 quae
489 1471 530 1501 ab
551 1469 670 1511 insigni
694 1479 765 1501 meo
789 1479 844 1511 pa-

97 1519 190 1546 trono
203 1514 326 1557 accepi.

142 1557 198 1589 25.
225 1557 340 1592 Quodsi
361 1566 406 1587 me
429 1556 510 1587 noles
531 1566 655 1596 usquam
671 1555 845 1585 discedere:

100 1599 213 1642 quodsi
235 1599 358 1642 cupies,
380 1609 431 1630 me
458 1608 614 1639 nusquam
640 1607 659 1628 a
683 1602 713 1628 te
735 1596 846 1635 abire;

101 1642 156 1674 sed
173 1652 297 1685 semper
312 1641 369 1673 tibi
386 1641 500 1672 Romae
516 1642 625 1672 adesse
640 1645 672 1671 et
687 1639 778 1670 lateri
794 1644 848 1670 tuo

101 1685 275 1722 adherere,
290 1684 453 1728 pristinam
470 1682 608 1726 corporis
626 1682 804 1713 firmitatem
818 1687 850 1713 et

100 1727 272 1772 pristinum
290 1726 387 1759 animi
405 1727 542 1768 vigorem
566 1725 643 1756 mihi
666 1724 779 1757 reddas
794 1735 849 1756 ne-

101 1781 191 1804 cesse
207 1776 268 1802 est.

147 1815 203 1846 26.
220 1813 298 1845 Fore
312 1814 406 1845 latus.
441 1813 539 1843 Latus
553 1811 605 1842 vel
621 1812 718 1842 latera
734 1808 851 1852 passim

103 1857 145 1888 de
159 1855 299 1900 corporis
310 1855 528 1897 viribus,quia
539 1863 605 1885 tam
617 1853 729 1884 virium
745 1853 850 1889 robur,

103 1909 200 1942 quam
215 1909 323 1931 earum
339 1897 496 1934 defectus,
514 1896 550 1928 in
568 1897 720 1928 lateribus
742 1895 852 1937 praeci-

105 1952 168 1985 pue
182 1941 338 1981 sentitur;
357 1941 509 1972 Horatius
525 1939 632 1981 igitur,
649 1938 726 1981 quia
742 1948 851 1980 corpo-

106 1984 151 2016 ris
166 1984 247 2016 vires
259 1994 334 2016 eum
350 1984 484 2015 deficere
500 1988 675 2025 coeperant,
689 1980 775 2013 reddi
792 1980 852 2011 sibi

107 2032 198 2071 optat
209 2027 299 2070 farte
323 2028 416 2058 latus.
460 2027 577 2068 Nigrus
598 2031 729 2066 angusta
743 2023 855 2064 fronte

108 2071 254 2111 capillos:
277 2080 350 2111 ergo
373 2069 462 2111 niger
482 2069 557 2100 olim
578 2068 728 2109 capillus,
744 2066 855 2097 frontis

109 2118 254 2154 angustae
268 2111 374 2149 decor,
388 2111 523 2154 jamjam
540 2111 640 2152 coepit
653 2110 827 2142 albescere.

151 2156 206 2187 28.
237 2155 326 2187 Inter
350 2156 424 2186 vina
439 2156 558 2198 fugam
587 2156 708 2185 Cinam
735 2163 857 2184 moerere

107 2204 276 2239 protervae:
314 2196 452 2240 respexit
481 2196 633 2229 Horatius
665 2207 729 2227 rem
759 2205 856 2236 quam

110 2240 306 2283 ignoramus.
334 2241 476 2272 Fortasse
486 2239 603 2271 Cinara
613 2245 755 2279 proterva
767 2240 855 2278 (nos,

110 2284 296 2320 schelmisch,
331 2282 536 2325 schalkhast),
571 2292 645 2314 cum
683 2280 858 2322 aliquando

169 2331 184 2358 t
204 2325 400 2364 amatmiam,
418 2331 454 2358 ut
466 2325 600 2362 videtur,
621 2323 858 2356 altercationem

147 2369 247 2411 ginset
262 2369 439 2405 Horatium,
456 2369 516 2399 liae
532 2367 607 2409 fuga
623 2367 693 2409 ejus
716 2366 858 2398 animum

111 2411 295 2455 oppleverat
323 2421 468 2447 moerore,
499 2422 594 2453 quem
626 2411 680 2441 ille
710 2420 748 2441 ne
778 2409 860 2441 inter

112 2454 228 2498 pocula
244 2453 374 2496 quidem
389 2454 588 2486 dissimulare
605 2453 716 2495 potuit.
764 2453 860 2484 Cete-

113 2507 183 2530 mm
208 2498 338 2533 Cinara,
361 2502 399 2528 ut
420 2508 459 2529 ex
485 2496 545 2527 hoc
568 2496 640 2527 loco
663 2501 806 2538 apparet,
831 2500 862 2526 et

114 2551 187 2583 nup.
210 2539 277 2572 Od.
303 2539 348 2576 iv,
379 2541 408 2575 1,
434 2541 466 2575 3,
493 2540 525 2574 4,
557 2539 626 2570 Non
655 2550 733 2573 sum,
764 2539 862 2578 qualis

114 2594 198 2614 eram
213 2584 294 2615 bmroe
308 2583 370 2614 Sub
386 2594 480 2624 regno
491 2582 625 2618 Cinarae,
636 2581 679 2612 cs.
690 2581 748 2612 inf.
762 2581 863 2623 Epist.

115 2625 140 2663 i,
154 2626 205 2663 14,
217 2626 272 2664 33,
287 2636 352 2668 prae
368 2625 440 2656 aliis
455 2623 603 2656 omnibus
620 2624 736 2666 puellis
751 2624 863 2666 placu-

117 2668 181 2701 isse
195 2668 317 2700 videtur
332 2668 477 2703 Horatio.

159 2712 304 2743 29—39.
349 2711 440 2742 Forte
479 2721 535 2751 per
573 2715 749 2750 angustam,
790 2714 863 2740 cett.

118 2763 221 2786 nexus
242 2754 492 2786 sententiarum:
517 2753 594 2784 Non
610 2762 681 2783 sum
697 2751 791 2782 homo
807 2751 864 2793 qui

120 2796 206 2840 apud
228 2802 272 2833 te,
294 2797 470 2832 Maecenas,
495 2795 583 2837 pasci
604 2801 635 2826 et
659 2795 867 2838 pinguescere

121 2839 229 2879 volui;
252 2849 318 2871 non
339 2839 373 2870 in
395 2839 523 2870 domum
546 2844 645 2875 tuam,
665 2843 701 2869 ut
724 2836 868 2868 nitedula.

122 2881 159 2914 in
187 2892 349 2915 cumeram
385 2881 543 2917 frumenti,
574 2880 706 2923 irrepsi;
739 2890 812 2911 nam
842 2880 868 2910 si

122 2934 286 2968 comparor
314 2935 389 2957 cum
419 2925 561 2956 nitedula
589 2924 622 2955 in
652 2922 781 2960 fabulis,
813 2923 870 2964 qui

124 2967 216 3001 unice
229 2967 435 3011 spectaverint:
451 2967 523 3006 hoc,
540 2973 575 2999 ut
589 2966 675 3009 apud
692 2971 722 2998 te
738 2965 870 3009 pingue-

886 1307 1020 1333 scerem,
1037 1297 1143 1328 omnia
1157 1306 1174 1327 a
1191 1302 1221 1328 te
1237 1302 1370 1339 accepta
1391 1296 1520 1329 reddere
1541 1305 1634 1338 para-

887 1346 939 1370 tus
969 1351 1052 1371 sum.
1112 1340 1264 1371 Nitedula
1295 1346 1328 1371 et
1358 1341 1468 1378 nitela,
1496 1338 1636 1370 murium

888 1383 1057 1423 agrestium
1073 1392 1190 1423 genus:
1216 1382 1349 1413 formata
1360 1382 1430 1414 haec
1442 1392 1503 1413 vox
1512 1381 1637 1412 videtur

890 1435 909 1455 a
924 1427 1060 1461 nitendo,
1075 1427 1226 1463 enitendo,
1242 1425 1319 1466 quia
1340 1435 1446 1456 mures
1467 1424 1551 1456 saltu
1568 1423 1636 1455 eni-

891 1469 1043 1499 tunturin
1057 1468 1128 1499 loca
1141 1468 1323 1510 superiora:
1348 1473 1433 1505 sunt,
1445 1467 1500 1509 qui
1513 1471 1638 1509 putent,
1699 1480 1702 1491 ι

890 1512 1018 1542 nitelam
1061 1521 1117 1542 seu
1163 1512 1334 1542 nitedulam
1366 1520 1434 1542 esse
1472 1509 1639 1541 bestiolam

891 1564 986 1594 quarn
1016 1552 1122 1585 Graeci
1150 1553 1264 1585 dicunt
1292 1552 1548 1595 δενδροβὰτην;
1583 1552 1639 1583 sed

892 1596 1123 1638 δενδροβάτης
1138 1595 1215 1627 mihi
1231 1595 1355 1627 videtur
1370 1596 1476 1637 potius
1490 1605 1559 1627 esse
1575 1594 1638 1626 sci-

893 1649 969 1670 urus
986 1640 1058 1680 (das
1075 1638 1262 1679 Eichhorn)‚
1277 1638 1333 1680 qui
1354 1649 1418 1670 non
1434 1647 1540 1680 repere
1561 1637 1642 1669 solet

892 1682 926 1712 in
939 1693 1087 1712 cumeram
1097 1681 1273 1723 frumenti:
1297 1681 1336 1711 de
1348 1691 1482 1717 camera,
1495 1679 1560 1711 vid.
1570 1690 1642 1722 sup.

894 1725 935 1755 ad
952 1725 1018 1755 Sat.
1034 1723 1056 1760 i,
1077 1725 1104 1760 l,
1122 1725 1175 1755 53.
1219 1725 1283 1755 Pro
1297 1725 1438 1754 nitedula
1453 1732 1562 1753 omnes
1577 1722 1646 1754 fere

895 1766 989 1799 codd.
1003 1766 1155 1798 exhibent
1169 1767 1345 1806 vulpecula.
1391 1766 1453 1797 Sed
1468 1765 1540 1807 quis
1559 1764 1642 1796 hanc

895 1810 1063 1840 lectionem
1082 1819 1146 1840 non
1160 1810 1201 1840 ad
1215 1808 1414 1840 librariorum
1427 1807 1550 1839 somnia
1563 1807 1642 1839 refe-

895 1854 964 1883 rat?
1013 1852 1074 1884 Vel
1090 1851 1160 1893 quis
1178 1852 1347 1883 Horatium
1363 1861 1464 1892 usque
1485 1861 1523 1882 eo
1539 1860 1643 1882 rerum

895 1894 1087 1926 naturalium
1118 1894 1298 1943 imperitum
1323 1893 1421 1925 fuisse
1445 1893 1506 1924 sibi
1531 1892 1644 1934 fingat,

896 1944 931 1969 ut
946 1938 1111 1978 vulpeculoe
1134 1936 1255 1979 aliquid
1277 1936 1428 1968 tribueret
1441 1935 1528 1978 quod
1550 1936 1646 1977 plane

897 1981 966 2023 ejus
989 1986 1110 2011 naturae
1133 1981 1311 2022 repugnat?
1356 1978 1442 2010 Hinc
1466 1978 1644 2014 Bentleius‚

898 2023 954 2066 qui
969 2023 1087 2055 dextris
1103 2023 1208 2054 Musis
1230 2022 1404 2064 dextroque
1423 2021 1573 2064 Apolline
1596 2032 1645 2053 re-

896 2066 1002 2103 stituit
1016 2067 1169 2102 nitedula,
1186 2065 1247 2096 sibi
1263 2070 1436 2107 temperare
1452 2075 1514 2096 non
1531 2064 1646 2106 potuit,

900 2109 979 2152 quin
1002 2109 1034 2140 in
1056 2108 1124 2139 haec
1142 2108 1234 2140 verba
1250 2114 1446 2149 erumperet:
1474 2113 1495 2126 ‘¹
1512 2109 1647 2139 Vestram

890 2154 1001 2194 fidem,
1031 2152 1201 2187 Venatores,
1227 2151 1363 2186 Rustici,
1390 2151 1537 2192 physici!
1564 2150 1647 2181 Fru-

900 2202 999 2226 mento
1015 2197 1146 2226 vescitur
1160 2194 1321 2234 vulpecula
1332 2193 1365 2224 ?’'
1401 2195 1442 2224 Et
1459 2199 1564 2224 tamen
1578 2193 1648 2224 fue-

900 2243 974 2270 runt
988 2244 1094 2269 nostra
1106 2242 1213 2271 aetate,
1227 2236 1282 2278 qui
1297 2236 1490 2267 stultissimae
1505 2235 1650 2268 lectionis

901 2280 1111 2324 patrocinium
1126 2279 1342 2322 susciperent!

946 2325 999 2355 31.
1033 2324 1140 2359 Pleno,
1171 2322 1301 2364 impleto
1338 2321 1488 2353 frumenti
1531 2321 1649 2364 granis.

905 2367 1069 2403 Tendebat,
1078 2365 1302 2403 contendebat,
1313 2364 1544 2406 significantius
1554 2375 1650 2407 quam

903 2410 1057 2441 tentabat.

947 2453 1002 2483 34.
1027 2453 1093 2483 Hoc
1108 2463 1161 2494 ego
1183 2454 1209 2483 si
1231 2452 1390 2492 compellor
1410 2453 1553 2492 imagine,
1568 2450 1594 2481 si
1611 2449 1652 2481 ad

905 2505 954 2527 me
970 2495 1154 2526 transfertur
1169 2494 1238 2526 haec
1254 2494 1375 2530 fabula,
1393 2496 1484 2536 quasi
1499 2504 1557 2534 ego
1573 2503 1653 2535 quo-

907 2548 969 2580 que
991 2538 1050 2569 hoc
1074 2537 1220 2572 consilio,
1237 2543 1273 2568 ut
1290 2537 1474 2568 muneribus
1490 2547 1509 2567 a
1524 2542 1554 2567 te
1569 2535 1655 2567 acci-

907 2580 1032 2623 piendis
1055 2581 1183 2616 fruerer,
1202 2580 1236 2610 in
1259 2585 1358 2616 tuam,
1377 2581 1555 2616 Maecena,
1575 2578 1654 2610 ami-

907 2623 1016 2655 citiam
1039 2622 1242 2665 adrepserim,
1259 2629 1376 2654 cuncta
1390 2625 1520 2665 resigno,
1536 2621 1653 2653 reddo:

909 2677 980 2708 sup.
996 2666 1059 2697 Od.
1074 2665 1120 2704 iii,
1136 2667 1191 2704 29,
1208 2667 1260 2702 54,
1276 2668 1301 2697 si
1316 2668 1424 2697 celeres
1439 2667 1539 2707 quatit
1556 2666 1654 2707 (For-

909 2708 1005 2748 tuna)
1024 2709 1158 2744 Pennas,
1172 2711 1292 2751 resigno
1306 2721 1370 2750 qua:
1386 2711 1482 2740 dedit.

954 2753 1008 2788 35,
1019 2753 1072 2783 36.
1090 2751 1154 2783 Nec
1163 2763 1296 2782 somnum
1307 2753 1410 2792 plebis,
1418 2757 1491 2783 cett.
1521 2751 1655 2782 Sensum

911 2794 943 2826 hi
959 2794 1023 2826 duo
1035 2805 1144 2826 versus
1161 2794 1238 2825 mihi
1252 2795 1382 2826 sundere
1394 2794 1540 2825 videntur
1552 2793 1654 2823 hunc:

914 2837 1191 2876 Quemadmodum
1219 2844 1326 2869 autem
1349 2848 1407 2878 ego
1432 2847 1496 2868 non
1524 2836 1551 2866 is
1576 2845 1658 2870 sum,

912 2881 966 2923 qui
983 2886 1054 2923 post
1067 2891 1192 2912 coenam
1216 2880 1318 2923 plebis
1336 2890 1422 2911 more
1437 2889 1547 2910 somno
1562 2883 1594 2908 et
1609 2878 1657 2907 in-

913 2924 1000 2956 ertiae
1023 2923 1189 2966 indulgere
1211 2924 1350 2966 cupiam,
1374 2922 1419 2953 ita
1441 2921 1522 2952 illud
1546 2919 1658 2954 otium,

915 2967 970 2999 ubi
991 2966 1088 3000 libere
1104 2966 1182 2998 mihi
1197 2966 1300 2999 vivere
1321 2971 1354 2999 et
1375 2964 1488 2998 studiis
1510 2962 1587 2994 meis
1604 2972 1657 2993 va-
