1884 3288
626 230 851 274 LIBER
883 230 966 280 III,
997 231 1039 272 4.

406 338 588 380 Titanas
607 334 922 387 immanemque
942 338 1128 373 turmam

463 402 661 446 Fulmine
682 400 908 442 sustulerit
929 399 1111 449 caduco,

261 474 317 515 45
348 471 439 520 Qui
458 477 619 512 terram
642 469 838 518 inertem,
861 467 937 522 qui
957 481 1075 508 mare
1097 474 1311 522 temperat

347 540 607 588 ventosum,
629 545 674 579 et
695 537 844 586 urbes,
867 549 1091 591 regnaque
1114 535 1268 585 tristia,

406 607 636 660 Divosque
656 604 949 659 mortalesque
972 603 1125 644 turbas

462 675 652 730 Imperio
674 674 786 728 regit
807 687 920 714 unus
942 686 1083 727 aequo.

348 744 561 801 Magnum
581 743 654 784 illa
673 750 884 784 terrorem
906 739 1114 782 intulerat
1134 740 1163 782 J
1167 741 1237 782 ovi

261 815 319 857 50
348 813 511 856 Fidens
527 814 736 868 juventus
757 810 939 852 horrida
959 809 1165 859 brachiis,

406 881 671 936 Fratresque
694 879 925 921 tendentes
948 892 1086 933 opaco

467 948 623 991 Pelion
643 948 903 1003 imposuisse
926 946 1132 1002 Olympo.

351 1018 441 1060 Sed
463 1017 570 1073 quid
590 1016 840 1072 Typhoeus,
862 1022 907 1056 et
927 1014 1096 1056 validus
1121 1014 1296 1065 Mimas,

352 1086 447 1129 Aut
467 1086 572 1142 quid
594 1085 751 1127 minaci
772 1083 1052 1139 Porphyrion
1076 1090 1209 1134 statu,

263 1158 321 1199 55

409 1155 532 1203 Quid
553 1154 765 1203 Rhoetus,
788 1152 1037 1207 evulsisque
1061 1152 1226 1193 truncis

471 1222 725 1265 Enceladus
741 1221 959 1277 jaculator
980 1220 1141 1269 audax,

355 1294 522 1335 Contra
543 1299 768 1334 sonantem
790 1289 983 1331 Palladis
1006 1289 1148 1344 aegida

356 1362 546 1404 Possent
567 1367 744 1402 ruentes
762 1359 778 1400 ’ἒ

66 1497 229 1535 dicuntur,
251 1496 337 1540 quod
363 1496 409 1528 ibi
439 1495 562 1528 militiae
589 1494 702 1527 officiis
726 1492 818 1525 liberi

67 1540 212 1584 adeoque
238 1551 259 1572 a
281 1540 412 1584 publica
435 1539 527 1581 quasi
549 1540 622 1570 luce
649 1537 759 1569 remoti
785 1537 819 1568 in

65 1587 132 1616 otio
153 1584 406 1616 delitescebant:
431 1582 576 1614 similiter
599 1581 656 1613 inf.
679 1581 783 1624 Epist.
797 1580 819 1617 i,

70 1627 102 1665 l,
119 1629 152 1666 5,
167 1627 320 1670 gladiator
341 1627 419 1658 rude
442 1626 581 1656 donatus
602 1636 679 1666 agro
700 1626 822 1655 abditus

69 1670 166 1703 latere
183 1670 322 1710 dicitur;
345 1680 404 1701 nec
427 1668 576 1700 dissimili
591 1667 712 1699 ratione
734 1666 819 1708 apud

70 1713 259 1746 Ciceronem
285 1724 319 1756 p.
346 1712 444 1744 Arch.
472 1712 505 1748 6,
533 1713 633 1742 literis
659 1722 688 1742 se
714 1712 822 1741 abdere

69 1755 236 1793 dicuntur.
253 1757 320 1799 qui,
335 1755 495 1797 fugientes
509 1753 603 1796 quasi
621 1754 726 1785 lucem
742 1753 821 1795 pub-

69 1798 180 1838 licam,
209 1799 244 1831 in
273 1800 387 1831 umbra
414 1804 445 1830 et
474 1797 538 1829 otio
567 1796 668 1828 literis
699 1802 824 1827 tantum

71 1842 199 1886 tibique
213 1843 335 1874 vivunt.
361 1842 464 1872 Pieria
478 1847 586 1872 antro:
608 1850 702 1881 quem
717 1840 822 1870 Musae

72 1891 194 1921 amant.
219 1891 253 1918 et
276 1886 398 1917 astibus
425 1883 493 1916 suis
518 1883 678 1919 erudiunt,
706 1883 733 1913 is
760 1891 824 1913 una

74 1939 149 1961 cum
165 1929 206 1960 iis
218 1929 253 1960 in
268 1928 404 1960 amoenis
419 1926 595 1959 recessibus
607 1926 730 1968 (qualis
744 1924 826 1956 inter

73 1971 156 2004 alios
178 1972 285 2004 Musis
308 1971 369 2002 fuit
387 1971 420 2002 in
440 1976 530 2001 antro
545 1970 681 2011 quodam
698 1967 824 2004 Pieriae,

74 2014 193 2047 montis
212 2014 247 2046 in
273 2013 497 2051 Macedonia),
520 2011 636 2044 versari
660 2017 692 2043 et
715 2021 822 2042 earum

73 2057 223 2090 cantibus
241 2057 391 2090 delectari
410 2056 551 2098 fingitur.
602 2055 680 2086 Lene
701 2055 823 2085 consili-

73 2113 139 2137 um.
163 2101 330 2144 respicitur
352 2100 532 2136 clementia,
556 2109 621 2140 qua
643 2104 716 2141 post
741 2097 827 2129 bella

74 2143 181 2177 civilia
203 2143 349 2187 inprimis
370 2142 542 2186 prudenter
562 2144 744 2183 Augustum
769 2151 824 2182 po-

74 2187 206 2220 tentiam
227 2197 319 2219 suam
339 2192 531 2228 temperasse
551 2191 689 2217 constat.
736 2183 823 2214 Gau-

73 2233 164 2269 detis,
176 2230 252 2262 dum
269 2231 453 2270 Augustum
477 2227 631 2264 studiose,
648 2238 720 2269 quae
741 2226 826 2257 datis

15 2291 19 2294 ⁴
74 2274 107 2308 ei
119 2273 266 2310 consilia,
281 2271 411 2314 exsequi
426 2271 552 2303 videtis.

117 2318 260 2349 42-48.
294 2315 530 2348 Sententiarum
557 2324 659 2346 nexus
685 2319 735 2345 est
762 2312 825 2344 sere

67 2359 151 2398 hic:
175 2359 232 2403 qui
246 2370 266 2391 a
281 2358 389 2391 Musis
411 2357 511 2390 alieni
531 2363 620 2392 sunt,
635 2356 826 2388 insolentius

75 2412 112 2436 ne
129 2413 236 2446 gerere
257 2408 291 2435 et
309 2401 435 2433 mitiora
452 2400 589 2432 consilia
609 2410 756 2443 spernere
774 2410 824 2430 so-

66 2445 164 2483 „lentz
188 2446 268 2478 satis
282 2445 366 2478 enim
382 2450 509 2476 constat
520 2446 649 2485 (scimus
660 2442 715 2484 ut)
728 2453 824 2485 quam

0 2532 1 2535 Ἴ
66 2520 70 2526 ‚
75 2489 213 2534 graviter
225 2489 324 2533 impia
335 2488 488 2520 Titanum
510 2497 589 2518 ausa.
602 2487 689 2518 ultus
709 2486 751 2517 sit
765 2486 785 2518 J
790 2497 825 2517 u-

22 2541 26 2543 “
70 2559 71 2562 ,
101 2532 170 2569 ἀπ.
191 2538 267 2564 cett.
311 2532 509 2574 Comparant
530 2541 603 2562 eum
630 2530 662 2561 h.
686 2530 709 2560 l.
733 2529 828 2561 Pind.

6 2565 19 2581 χ
68 2607 73 2611 .
105 2575 174 2619 yth.
188 2575 256 2612 viii.
276 2576 317 2607 de
340 2574 446 2618 poenis
468 2585 543 2616 quae
564 2573 772 2605 temeritatem
796 2578 830 2604 et

7 2670 42 2703 a*

71 2619 280 2652 insolentiam
311 2623 474 2654 maneant,
503 2616 620 2659 pariter
651 2615 829 2658 Gigantum

66 2663 224 2706 ‚exemplo
240 2672 333 2694 usum
349 2674 358 2698 ;
380 2660 526 2709 inprimis
550 2665 656 2691 autem
675 2659 737 2690 huc
758 2669 828 2701 per·

70 2704 162 2739 >tinet
179 2705 276 2738 Pind.
298 2704 394 2747 Pytb.
418 2715 442 2741 1,
463 2705 516 2735 25.
562 2704 724 2739 Ceterum,
743 2701 831 2743 quod

4 2843 65 2883 {CR-³*

7 2771 31 2807 ,ἱ
60 2746 317 2794 32i11ustrissimus
342 2747 487 2790 Heynius
510 2746 544 2778 in
567 2747 645 2777 Not.
666 2745 707 2776 ad
730 2745 831 2788 Apol·

61 2788 183 2829 findor.
206 2802 240 2835 p.
263 2792 305 2823 67
325 2791 483 2826 observat,
499 2789 659 2831 geminam
682 2789 722 2820 de
741 2789 829 2820 Tita-

67 2844 160 2884 ,μω
172 2841 205 2868 et
219 2835 396 2876 Gigantum
412 2843 522 2876 pugna
541 2833 684 2864 fabulam
702 2831 831 2863 seriores

0 2877 228 2922 *Jeetnprimis
255 2884 366 2921 poetas
393 2877 435 2909 ob
462 2886 622 2917 magnam,
647 2885 720 2916 quae
750 2874 834 2907 inter

0 2916 54 2965 ²3⁴⁶
85 2925 252 2970 ptrnmque
288 2920 468 2956 intercedit.
505 2918 746 2950 similitudinem
788 2918 834 2950 ita

10 2960 42 2994 ’”’“τ
73 2968 167 3001 ‚mer
179 2974 215 2997 ιο
229 2963 425 3000 confudisse,
437 2969 474 2994 ut
489 2972 579 3005 paene
593 2962 627 2993 in
643 2971 741 2993 unam
756 2972 832 2993 con-

74 3004 207 3043 juret,
229 3007 262 3039 id
286 3007 320 3039 in
346 3006 511 3055 permixtis
534 3005 685 3036 Titanum
711 3005 833 3045 Gigan-

74 3053 221 3094 :tumque
241 3050 424 3084 nominibus
447 3049 499 3081 luc
514 3058 642 3090 quoque
661 3047 834 3080 tenendum

841 1358 957 1399 Hinc
979 1357 1132 1399 avidus
1157 1358 1278 1398 stetit

863 1499 923 1525 est.
967 1494 1090 1534 Impios,
1108 1493 1207 1537 impio
1222 1504 1303 1525 ausu
1321 1500 1432 1526 contra
1447 1493 1522 1526 deos
1538 1494 1617 1526 adeo

864 1544 1086 1579 assurgentes;
1110 1539 1281 1573 immanem,
1299 1537 1430 1569 immani
1451 1548 1619 1580 corporum

866 1581 948 1611 mole
965 1591 998 1612 se
1012 1581 1204 1622 jactantem;
1231 1583 1357 1617 caduco,
1369 1581 1548 1616 decidente,
1561 1580 1618 1612 de·

863 1624 964 1666 jecto,
982 1631 1015 1655 ut
1040 1634 1110 1666 sup.
1131 1624 1166 1662 ii,
1186 1626 1236 1660 13,
1256 1626 1291 1655 11
1312 1626 1433 1665 lignum
1456 1625 1619 1656 caducum.

865 1668 927 1698 Pro
942 1669 1069 1702 caduco,
1086 1674 1198 1708 praeter
1219 1678 1344 1698 omnem
1362 1667 1491 1709 quidem
1509 1677 1619 1699 neces-

865 1710 988 1741 sitatem
1013 1715 1046 1740 et
1071 1711 1100 1742 V
1104 1716 1160 1741 ett.
1184 1711 1280 1741 Libb.
1304 1711 1537 1745 auctoritatem,
1563 1710 1620 1741 sed

868 1752 1036 1784 admodum
1067 1753 1233 1794 ingeniose
1263 1760 1295 1784 et
1326 1753 1477 1795 praeclare
1508 1753 1548 1784 ad
1574 1753 1620 1785 rei

870 1795 1053 1836 imaginem,
1091 1796 1235 1827 tentabat
1272 1796 1451 1831 Bentleius,
1484 1807 1620 1834 corusco,

867 1845 1010 1881 proterve
1034 1845 1066 1870 et
1089 1838 1271 1871 indecenter
1295 1839 1355 1870 hoc
1379 1839 1507 1871 nomine
1530 1849 1549 1870 a
1572 1850 1620 1871 re-

868 1881 1007 1913 centiore
1030 1882 1168 1924 quodam
1193 1882 1319 1913 Horatii
1340 1882 1460 1914 editore
1484 1882 1621 1914 derisus.

869 1925 1014 1960 Inertem,
1026 1925 1058 1956 h.
1072 1936 1102 1957 e.
1118 1925 1310 1956 immobilem
1324 1938 1332 1964 ;
1357 1925 1502 1956 similiter
1517 1926 1621 1956 Hora-

870 1968 932 1999 tius
949 1974 1061 1999 terram
1079 1970 1202 1999 brutam
1216 1968 1297 1999 dixit
1313 1978 1386 2011 sup.
1403 1968 1425 2004 i,
1442 1970 1496 2005 34,
1514 1970 1548 2004 9,
1565 1968 1621 2000 ubi

868 2011 975 2042 confer
991 2016 1056 2042 not.
1084 2012 1195 2052 Regna
1211 2012 1483 2047 tristia‚'l'artara.
1509 2012 1621 2054 AEquo,

869 2054 938 2085 miti
951 2060 984 2085 et
995 2054 1096 2096 justo.

914 2099 1055 2129 49—64.
1080 2097 1235 2129 Terrorem
1249 2099 1420 2129 intulerat:
1437 2108 1509 2141 sup.
1521 2097 1555 2134 ii,
1571 2100 1622 2137 12,

871 2141 902 2177 7,
921 2142 1003 2172 unde
1019 2142 1193 2181 periculum
1213 2141 1348 2182 Fulgens
1369 2144 1551 2173 contremuit
1566 2144 1621 2173 do-

869 2196 934 2215 mus
964 2184 1095 2215 Saturni
1130 2187 1244 2216 veteris.
1292 2184 1444 2222 Horrida,
1470 2185 1550 2216 refer
1581 2185 1623 2217 ad

868 2233 1031 2258 externam
1049 2227 1225 2268 Gigantum
1245 2227 1396 2270 speciem,
1413 2227 1479 2260 sive
1497 2228 1537 2260 ad
1553 2239 1624 2270 pro-

870 2270 995 2312 digiosa
1023 2281 1131 2302 eorum
1166 2281 1308 2314 corpora,
1339 2271 1449 2302 multis
1484 2272 1624 2303 brachiis

869 2314 1049 2351 horrentia;
1072 2314 1258 2346 tribuuntur
1271 2314 1355 2346 enim
1372 2313 1411 2344 iis
1426 2314 1475 2346 vel
1495 2323 1624 2346 centum

870 2356 918 2388 vel
933 2357 1022 2388 mille
1037 2356 1117 2389 adeo
1132 2367 1246 2389 manus
1262 2357 1381 2398 (Ovid.
1397 2358 1484 2390 Fast.
1501 2369 1532 2395 v,
1549 2359 1625 2400 37),

870 2399 955 2431 unde
964 2399 1043 2432 dicti
1053 2406 1128 2432 sunt
1138 2401 1371 2442 πολυπὴχεες,
1382 2400 1627 2444 ἑκατόγχειρες.

871 2443 985 2475 Fidens
999 2445 1142 2480 brachiis,
1154 2450 1189 2476 ut
1205 2444 1291 2487 apud
1309 2445 1438 2476 Homer.
1458 2445 1552 2477 Iliad.
1567 2445 1624 2484 xii,

874 2488 948 2523 135,
981 2488 1128 2529 χείρεσσι
1162 2487 1379 2525 πεποιθότες.
1427 2488 1623 2530 Fratresque,

873 2530 958 2561 Otus
979 2536 1012 2562 et
1031 2530 1208 2573 Ephialtes,
1226 2531 1366 2569 Aloidae,
1381 2531 1448 2573 qui.
1465 2538 1501 2564 ut
1516 2532 1626 2573 Virgi-

873 2573 936 2604 lius
961 2584 1089 2616 quoque
1113 2575 1197 2606 Geo.
1221 2575 1244 2613 i,
1267 2575 1328 2606 281
1358 2580 1391 2605 et
1411 2575 1489 2610 282,
1513 2575 1553 2607 de
1577 2575 1627 2606 his

873 2619 1044 2657 conjuratis
1063 2618 1217 2654 frutribus
1240 2618 1338 2654 canit,
1358 2617 1416 2648 Ter
1434 2625 1508 2650 sunt
1523 2621 1626 2650 conati

872 2662 1022 2700 imponere
1045 2661 1130 2692 Pelio
1152 2662 1267 2700 Ossam,
1284 2661 1417 2697 Scilicet,
1433 2668 1524 2703 atque
1547 2663 1626 2694 Ossae

863 2702 1050 2744 frondosum
1078 2706 1228 2736 involvere
1258 2705 1447 2746 Olympum:
1471 2706 1516 2736 cf.
1546 2706 1628 2738 AEn.

874 2746 918 2783 vi,
934 2748 1009 2778 580.
1040 2746 1302 2779 Adnumerantur
1316 2753 1423 2780 autem
1440 2759 1527 2780 nunc
1543 2749 1627 2781 Otus

874 2796 907 2822 et
924 2789 1090 2832 Ephialtes
1110 2790 1318 2832 GigantibuS,
1334 2791 1419 2832 quod
1439 2791 1490 2822 his
1508 2791 1627 2823 similia

876 2833 977 2864 moliti
1011 2839 1099 2865 sunt.
1144 2835 1234 2866 luter
1267 2834 1425 2875 Gigantes
1459 2835 1628 2877 Ephialtes

876 2887 1005 2918 quoque
1020 2883 1151 2920 apparet
1164 2878 1250 2920 apud
1266 2877 1455 2920 Apollodor.
1472 2878 1494 2914 i,
1513 2880 1544 2914 6,
1562 2879 1597 2909 2.

921 2921 963 2951 53
987 2930 1059 2962 sqq.
1103 2922 1161 2952 Sed
1175 2923 1250 2962 quid
1267 2921 1427 2962 Typhoeus,
1444 2927 1518 2953 cett.
1564 2921 1627 2952 Sed

877 2973 917 2995 ne
933 2963 1114 3005 Gigantum
1129 2964 1259 3006 quidem
1280 2964 1465 2995 ferocissimi
1484 2964 1627 3006 Typhoe-

879 3017 927 3042 us,
939 3007 1072 3042 Mimas,
1085 3007 1297 3050 Porphyrion,
1310 3007 1464 3042 Rhoetus,
1478 3013 1510 3038 et
1522 3008 1626 3038 Ence-

878 3049 972 3081 ladus
984 3050 1046 3081 vim
1062 3057 1093 3082 et
1106 3051 1279 3094 potentiam
1295 3050 1461 3087 Minervae,
1474 3050 1631 3087 Vulcani,
