1884 3288
658 221 884 266 LIBER
916 221 954 273 Ι,
983 221 1055 263 32.

373 327 458 370 Dis
479 326 607 369 carus
628 325 761 381 ipsis3
793 324 958 379 quippe
979 330 1046 364 ter
1067 329 1112 364 et
1131 329 1290 378 quater

319 437 321 441 ,
377 396 508 438 Anno
529 395 723 436 revisens
745 407 896 448 aequor
917 391 1201 434 Atlanticum'

293 467 345 507 15
432 464 632 519 Impune.
695 461 774 503 Me
794 466 978 517 pascant
1000 458 1141 509 olivae,

489 530 567 572 Me
589 529 803 579 cichorea,
825 527 1033 583 levesque
1053 525 1219 568 malvae.

374 599 482 641 Frui
501 598 665 654 paratis
687 604 732 639 et
752 596 896 639 valido
916 596 1035 646 mihi,

375 667 533 718 Lame,
556 667 707 717 dones,
729 672 789 716 et,
811 679 983 721 precor,
1005 665 1178 720 integra

432 735 543 777 Cum
564 741 735 785 mente3
768 747 848 775 nec
871 740 1044 788 turpem
1067 740 1287 774 senectam

289 805 348 846 20
491 803 686 859 Degere,
707 817 788 846 nec
809 802 977 845 cithara
999 809 1231 844 carentem.

600 961 879 1005 CARMEN
917 961 1122 1004 XXXII.

682 1103 714 1134 A
729 1103 761 1134 D
803 1103 830 1135 1.
845 1103 876 1134 Y
893 1103 925 1134 R
939 1103 971 1134 A
986 1103 1039 1134 M.

321 1221 561 1263 Poscnmm
579 1221 688 1262 :-—si
709 1220 815 1276 quid
837 1221 962 1262 vacui
984 1220 1067 1262 sub
1089 1220 1242 1262 umbra

318 1289 526 1331 Lusimus
548 1295 707 1339 tecum,
730 1289 851 1343 quod
872 1296 916 1330 et
937 1288 1054 1330 hunc
1075 1289 1120 1329 in
1141 1303 1302 1330 annum

316 1357 463 1408 Vivat,
485 1366 530 1399 et
549 1357 872 1413 plures,—age,
895 1357 967 1398 dic
991 1356 1212 1406 Latinum,

725 1424 924 1476 Barbite‚
947 1439 1136 1475 carmen,

32 1527 39 1532 ¹
83 1532 147 1566 inf.
163 1533 278 1571 iii‚·16,
291 1534 347 1571 34,
359 1534 506 1575 amphora
522 1534 750 1576 Laestrygonia.
779 1533 842 1564 Ex-

82 1579 186 1615 siccet,
212 1578 244 1609 h.
272 1589 301 1610 e.
325 1577 457 1615 ebibat3
485 1578 543 1608 sic.
568 1577 630 1609 inf.
657 1578 679 1614 i,
705 1579 761 1613 35,
788 1578 843 1614 27,

84 1622 157 1652 cadi
171 1622 279 1653 siccati
294 1631 362 1664 pro,
372 1620 470 1663 epoti.
508 1621 656 1651 Culullis.
696 1621 844 1651 Catullus

86 1664 224 1707 proprie,
243 1670 280 1695 ut
295 1663 404 1695 Acron
421 1663 462 1695 ad
478 1663 511 1694 h.
527 1664 550 1694 l.
565 1663 669 1699 docet,
686 1663 771 1694 calix
788 1663 844 1694 fic-

85 1706 162 1744 tilis.
185 1717 250 1749 quo
274 1707 445 1738 Pontifices
468 1706 671 1748 virginesque
697 1707 844 1738 Vestales

86 1748 120 1781 in
138 1750 238 1782 sacris
253 1750 447 1788 utebantur3
465 1748 535 1791 jam
551 1749 590 1780 de
605 1749 723 1792 poculo
737 1758 843 1792 ‘capa-

86 1791 190 1826 ciore:
214 1795 362 1825 exsiccare
382 1795 452 1824 υίηα
474 1794 603 1824 catallis
618 1803 686 1835 pro,
703 1793 844 1824 culullos

85 1835 250 1868 exsiccare
262 1836 358 1868 vinis.
395 1837 567 1876 Reparata,
585 1846 641 1877 pro
659 1836 752 1867 verbo
767 1836 843 1867 sim-

86 1878 172 1922 plice
194 1886 320 1921 parata.
335 1879 369 1910 h.
384 1890 414 1911 e.
436 1885 533 1910 emta.
577 1881 657 1918 Syra
672 1890 779 1916 merce,
794 1878 843 1910 in-

86 1922 197 1965 tellige
213 1929 364 1958 aromata.
378 1928 543 1964 unguenta
558 1927 635 1953 cett.
651 1932 691 1953 ex
706 1922 800 1953 India
814 1928 846 1954 et

87 1965 209 1998 Arabia
227 1966 262 1997 in
285 1965 422 2008 Syriam,
438 1971 471 1997 et
486 1965 560 1996 inde
577 1965 715 1996 Romam
730 1966 843 2007 depor-

87 2012 176 2047 tata3
205 2015 360 2040 mercator
392 2019 518 2051 nempe.
554 2019 628 2040 cum
666 2014 846 2040 mercatura

89 2051 174 2094 apud
198 2058 320 2084 veteres
345 2051 379 2083 in
404 2051 564 2083 mercibus
588 2050 751 2094 praecipue
778 2062 847 2094 per-

87 2095 252 2127 mutandis
270 2097 360 2135 (nos,
382 2094 633 2135 Tausohhandet)
657 2101 845 2132 versaretur,

151 2138 237 2170 uniae
269 2138 340 2170 loco
376 2148 513 2170 mercem
552 2147 606 2179 pro
636 2137 710 2168 vino
746 2138 846 2170 dedit.

117 2187 237 2214 ortasse
253 2181 407 2213 Horatius
426 2191 500 2212 cum
519 2181 647 2212 delectu
662 2186 695 2212 et
717 2191 843 2213 accom-

88 2224 214 2257 modste
231 2225 271 2257 ad
288 2234 420 2261 merces„
436 2235 510 2266 quae
530 2230 760 2266 permutantur,
774 2225 843 2266 jam

88 2267 198 2312 posuit
211 2278 378 2308 repar-an,-
403 2278 475 2298 nam
492 2267 546 2309 qui
571 2278 627 2310 pro
645 2268 718 2298 data
735 2268 845 2311 aliqua

79 2320 194 2344 neree
220 2310 315 2343 aliam
344 2311 468 2354 recipit,
493 2311 629 2353 pretium
658 2311 774 2343 oblatae
800 2312 845 2344 rei

79 2360 221 2397 'accepta
247 2354 312 2386 alia
341 2354 484 2397 ejusdem
510 2353 602 2396 pretii
630 2365 662 2385 re
688 2354 842 2396 quodam-

78 2395 185 2430 -modo
205 2403 343 2438 reparat.
388 2397 447 2428 Dis
473 2407 565 2428 carus
591 2398 676 2438 ipsis,
703 2397 844 2440 ipsorum

19 2459 34 2480 ⁴„
89 2440 221 2473 deorum
259 2440 407 2484 praesidio
451 2446 547 2483 atque
584 2440 686 2472 tutela
725 2440 844 2473 fruens.

10 2487 42 2519 ἑ
89 2483 208 2526 AEquor
231 2485 427 2516 Atlanticum
457 2483 497 2514 ad
528 2483 675 2514 insanam
701 2491 845 2525 quaestus

16 2544 38 2567 μ,
89 2525 228 2560 finiendi
251 2527 460 2570 cupiditatem
486 2526 717 2569 designandam
740 2529 848 2570 posuit

7 2571 38 2612 ,ῥ’
89 2573 244 2614 tunquam
283 2569 540 2602 remotissimum.
588 2571 745 2602 cichorea.
792 2571 846 2602 Ci-

89 2613 229 2646 ehoreum
258 2614 450 2662 (aerxopei'oy
476 2612 544 2645 sive
568 2612 746 2656 κιχώριον)
778 2624 847 2653 nos,

92 2655 246 2689 Endivie:
271 2658 357 2695 leves,
381 2667 460 2700 quia
482 2656 590 2688 alvum
618 2656 848 2689 adstrictiorem

90 2699 218 2751 lenum
241 2709 318 2751 nam
331 2701 437 2731 malvae
453 2702 510 2740 (ut
531 2699 589 2732 inf.
603 2700 708 2742 Epod.
724 2701 757 2737 2,
773 2700 847 2743 57),

40 2832 42 2834 v
82 2744 566 2826 ‘nlss—wggomi'cissi‘ibrzZi-atis,
591 2785 624 2817 h.
649 2797 678 2818 e.
707 2785 748 2817 iis
774 2797 847 2829 quae

46 2839 47 2842 ¹
90 2827 171 2862 mihi
186 2829 256 2872 jam
270 2835 381 2872 parata
403 2835 491 2864 sunt,
508 2840 580 2871 quae
596 2840 654 2870 ego
677 2829 846 2872 possideo3

0 2866 38 2909 ff
84 2877 122 2904 *ot
139 2873 244 2904 valido
264 2874 352 2907 mihi,
368 2878 400 2904 et
421 2871 499 2903 mihi
524 2874 604 2904 bene
623 2872 765 2904 valenti:
790 2873 847 2904 inf.

84 2914 196 2958 «Epist.
219 2914 242 2952 i,
266 2917 319 2953 13,
344 2917 378 2952 3,
399 2916 434 2947 Si
457 2917 592 2951 validus,
615 2918 640 2947 si
667 2917 752 2947 lanas
776 2918 850 2948 erit.

94 2957 125 2991 Ο
190 2964 281 2991 rtune
295 2958 328 2990 in
343 2959 426 2990 hanc
442 2959 632 2990 sententiam
649 2959 702 2991 Cl.
715 2959 849 2991 Mitsch.

173 3000 188 3034 t
207 3001 315 3034 locum
335 3012 375 3034 ex
395 3002 570 3033 Menandri
592 3002 723 3034 Κόλακι
744 3003 850 3046 (apud

2 3032 56 3085 ’ᾖ
95 3043 218 3078 Athen.
227 3045 292 3084 xiv,
303 3046 360 3082 22,
373 3057 405 3089 p.
417 3044 514 3087 659),
527 3045 717 3088 Εὺχώμεθα
730 3044 849 3089 Ὀλυμ·

0 3071 76 3288 ᾖ

889 1532 1013 1572 πίαισι,
1025 1535 1123 1568 πᾶσι,
1140 1532 1447 1572 πάσαις-διδόναι
1460 1536 1647 1578 σωτηρίαν,

888 1577 1033 1619 ὑγίειαν,
1046 1577 1161 1619 ἀγαθὰ
1174 1579 1305 1613 πολλὰ,
1321 1581 1393 1610 τῶν
1405 1578 1520 1610 ὄντων
1534 1591 1567 1610 τε
1581 1582 1646 1612 νῦν

889 1620 1035 1663 ἀγαθῶν
1049 1620 1185 1660 ὄνησιν.
1227 1621 1322 1652 Latoe
1339 1621 1498 1664 (Λατῷε)
1514 1623 1646 1653 Latonae

888 1663 946 1700 fili,
964 1664 1108 1706 Apolloz
1133 1667 1255 1706 integra
1281 1664 1333 1696 Cl.
1354 1665 1486 1696 Mitsch.
1507 1665 1649 1708 explicat

888 1706 928 1738 de
954 1707 1061 1738 animo
1076 1707 1116 1738 ab
1132 1706 1218 1738 omni
1243 1707 1360 1739 scelere
1377 1718 1475 1750 puro;
1497 1708 1645 1750 equidem

889 1749 999 1781 malim
1025 1750 1137 1781 referre
1159 1750 1199 1781 ad
1224 1749 1379 1791 integrum
1401 1750 1518 1782 mentis
1539 1762 1646 1787 usum,

889 1792 956 1824 sive
980 1793 1095 1824 mentis
1117 1793 1299 1829 sanitatem,
1324 1794 1363 1824 ad
1387 1793 1468 1825 illud
1495 1794 1649 1826 Juvenal.

890 1846 921 1869 x.
941 1837 1018 1872 356,
1038 1838 1199 1867 Orundnm
1221 1843 1276 1872 est,
1292 1843 1328 1868 ut
1349 1838 1389 1867 sit
1413 1848 1494 1868 mens
1515 1849 1592 1868 sana
1612 1840 1647 1868 in

886 1890 1009 1920 corpore
1023 1891 1107 1911 sano.
1138 1880 1202 1910 Nec
1217 1886 1337 1920 turpem
1351 1886 1500 1911 senectam
1514 1881 1646 1922 Degere,

887 1933 942 1953 nec
955 1923 1077 1953 cithara
1093 1929 1258 1954 carentem.
1291 1923 1345 1954 Cl.
1361 1923 1496 1954 Mitsch.
1511 1924 1546 1954 in
1562 1923 1646 1955 hanc

888 1965 1078 1997 sententiam
1103 1965 1214 1996 attulit
1235 1966 1349 2008 Eurip.
1371 1966 1468 1997 Herc.
1486 1966 1562 1998 Fur.
1582 1968 1648 1998 676

889 2019 962 2051 sqq.
977 2014 1010 2040 et
1023 2019 1041 2040 e
1057 2007 1274 2050 Theognideis
1288 2020 1320 2040 v.
1337 2009 1400 2040 769
1417 2019 1490 2052 sqq.

1080 2094 1287 2126 CARMEN
1313 2095 1462 2126 XXXII.

934 2138 1063 2180 Lyram,
1095 2148 1171 2180 qua,
1209 2139 1250 2170 ab
1280 2138 1395 2170 Alcaeo
1425 2138 1487 2170 sibi
1519 2139 1648 2177 tradita,

888 2180 1037 2230 princeps
1054 2182 1272 2213 Romanorum
1292 2182 1436 2213 AEolium
1453 2193 1580 2214 carmen
1594 2186 1648 2226 (ut

888 2224 948 2256 inf.
973 2224 1114 2267 loquitur
1137 2224 1183 2261 iii,
1201 2226 1255 2262 30,
1277 2224 1336 2265 13)
1354 2224 1394 2256 ad
1415 2225 1516 2257 Italos
1538 2227 1649 2258 modos

888 2267 1062 2299 deduxerat
1079 2268 1241 2305 Horatius,
1257 2278 1322 2299 non
1344 2269 1413 2300 sine
1429 2269 1603 2312 voluptatis
1617 2276 1650 2302 et

889 2311 1011 2352 gloriae,
1036 2317 1100 2342 tam
1123 2310 1197 2346 sibi,
1223 2322 1321 2353 quam
1347 2311 1474 2348 Alcaeo,
1502 2323 1557 2356 per
1577 2324 1647 2344 eam

888 2360 998 2397 partae,
1026 2365 1123 2386 sensu
1156 2354 1342 2397 alloquitur,
1370 2355 1506 2398 ejusque
1537 2356 1649 2388 laudes

889 2397 1042 2440 peculiari
1065 2398 1126 2429 hoc
1150 2397 1291 2430 carmine
1312 2397 1464 2430 celebrat.
1510 2399 1649 2432 Videtur

889 2446 998 2472 autem
1013 2447 1106 2483 poeta
1127 2441 1326 2472 solemnibus
1341 2441 1433 2483 quasi
1448 2441 1482 2472 in
1500 2442 1560 2474 hoc
1577 2454 1647 2474 car-

889 2484 975 2516 mine
1001 2483 1107 2515 verbis
1135 2484 1235 2526 lyram
1266 2495 1357 2516 suam
1389 2485 1552 2517 allocutus
1579 2496 1650 2518 esse

891 2533 972 2562 tum,
988 2538 1061 2559 cum
1086 2527 1126 2559 ad
1143 2527 1296 2569 gravioris
1320 2529 1498 2570 argumenti
1520 2539 1649 2562 carmen

891 2570 1022 2612 aliquod
1036 2570 1293 2613 componendum
1310 2570 1540 2614 impelleretur.

939 2615 1036 2645 1-4.
1084 2614 1256 2651 Poscimur,
1282 2615 1315 2645 h.
1341 2625 1370 2646 e.
1398 2615 1439 2646 ad
1469 2616 1649 2648 canendum

893 2667 979 2688 nunc
1004 2667 1064 2699 ego
1083 2667 1198 2689 evocor
1218 2663 1250 2689 et
1264 2657 1431 2700 impellor:
1458 2664 1564 2690 utrum
1582 2660 1651 2690 Au·

892 2706 1006 2742 gustus
1035 2711 1076 2731 an
1102 2701 1269 2732 Maecenas
1298 2711 1339 2732 an
1369 2701 1491 2733 amicus
1517 2703 1649 2744 quidam

893 2750 1017 2787 poetam
1033 2743 1208 2786 impulerit,
1225 2744 1312 2775 haud
1328 2744 1454 2787 liquet;
1477 2746 1531 2777 sed
1552 2746 1651 2778 fuisse

893 2787 1046 2829 aliquem,
1066 2787 1121 2829 qui
1145 2787 1279 2818 Horatio
1304 2798 1369 2819 rem
1394 2788 1555 2831 quandam
1579 2800 1649 2821 cat·-

891 2830 977 2862 mine
1010 2830 1236 2862 celebrandam
1274 2837 1475 2874 proponeret,
1505 2843 1544 2863 ex
1574 2843 1651 2864 voce

891 2875 1043 2914 pose-imur
1073 2873 1151 2904 satis
1182 2874 1390 2917 probabiliter
1418 2875 1527 2916 colligi
1557 2886 1650 2918 posse

893 2916 1027 2948 videtur.
1087 2918 1174 2948 Nam
1211 2916 1237 2948 si
1271 2918 1425 2949 Horatius
1455 2925 1568 2960 sponte
1601 2918 1650 2949 vel

892 2959 995 3002 ipsius
1018 2960 1116 2991 animi
1138 2960 1259 3003 impetu
1276 2961 1316 2992 ad
1333 2962 1433 3003 lyram
1451 2961 1651 2992 tractandam

894 3004 1051 3046 impulsus
1086 3003 1209 3039 fuisset,
1242 3004 1294 3034 vix
1323 3007 1477 3046 poscimur
1510 3004 1653 3036 dixisset.

895 3047 1175 3084 Quemadmodum
1203 3053 1309 3079 autem
1333 3047 1485 3079 Horatius
1510 3047 1653 3079 Carmini
