1904 3314
311 194 395 235 390

821 190 1250 235 SATIRARUM

391 285 394 288 ’
421 292 534 334 Illud.
554 293 666 335 idem
686 293 729 334 in
748 293 945 348 rapidum
964 293 1135 342 flumen,
1151 295 1368 348 jaceretve
1390 292 1606 335 cloacam?

425 360 578 406 Quinti
597 359 822 414 progenies
844 358 960 409 Arri,
983 374 1060 414 par
1080 359 1221 400 nobile
1242 359 1433 409 fratrum,

422 425 630 480 Nequitia
650 433 693 467 et
713 426 836 480 nugis
858 440 1085 479 pravorum
1105 434 1148 466 et
1168 441 1308 466 amore
1329 425 1568 480 gemellum,

309 492 393 532 245
424 491 648 532 Luscinias
669 491 782 531 soliti
801 491 994 544 impenso
1014 493 1226 544 prandere
1246 499 1443 532 coemtas.

425 557 645 604 Quorsum
665 558 847 598 abeant?
882 556 984 597 Sani
1004 563 1051 597 ut
1072 564 1200 606 creta,
1223 572 1276 597 an
1297 559 1480 599 carbone
1501 558 1705 599 notandi?

422 623 659 664 AEdificare
681 637 815 671 casaS,
836 622 1034 676 plostello
1055 624 1289 677 adjungere
1310 639 1464 673 mures,

421 688 595 730 Ludere
615 704 694 743 par
714 691 861 743 impar,
883 690 1074 742 equitare
1095 689 1138 729 in
1160 690 1367 730 arundine
1387 690 1530 744 longa,

421 755 467 795 Si
488 770 613 808 quem
634 755 817 796 delectet
836 756 1076 804 barbatum,
1099 757 1279 796 amentia
1299 764 1454 797 verset.

307 821 392 861 250
421 821 468 862 Si
487 820 691 875 puerilius
712 821 779 861 his
800 822 907 862 ratio
928 835 1022 862 esse
1043 821 1208 862 evincet
1229 837 1383 873 amare,

421 886 518 928 Nec
539 887 771 940 quidquam
792 887 978 936 differre,
1001 894 1197 928 utrumne
1218 889 1261 928 in
1281 888 1470 942 pulvere,
1491 889 1639 930 trimus

422 952 561 999 Quale
581 953 713 1006 prius,
734 953 858 994 ludas
880 968 1004 1007 opus,
1028 968 1081 993 an
1101 955 1334 995 meretricis
1356 970 1497 999 amooe

422 1018 636 1059 Sollicitus
657 1019 799 1072 plores
817 1035 825 1060 :
858 1033 1017 1073 quaero,
1040 1019 1224 1059 faciasne
1246 1021 1363 1073 quod
1385 1020 1482 1061 olim

420 1084 618 1126 Mutatus
640 1084 876 1126 Polemon?
907 1100 1042 1139 ponas
1064 1086 1246 1139 insignia
1264 1088 1416 1136 morbi,

306 1151 390 1191 255
419 1151 650 1200 Fasciolas,
673 1151 846 1201 cubital,
869 1151 1032 1201 focalia,
1055 1158 1183 1205 potus
1206 1159 1252 1192 ut
1273 1151 1341 1193 ille

420 1218 592 1259 Dicitur
612 1234 666 1259 ex
686 1217 793 1260 collo
816 1217 958 1259 furtim
980 1218 1192 1272 carpsisse
1213 1233 1407 1268 coronas,

306 1337 427 1368 insania
447 1349 509 1379 qua
530 1339 708 1381 Cleopatra,
725 1344 760 1370 ut
779 1338 964 1374 ostenderet,
986 1338 1034 1368 in-

304 1386 427 1419 gentem
443 1381 585 1422 pecuniae
599 1391 751 1412 summam
766 1381 943 1412 brevissimo
958 1386 1034 1411 tem-

305 1421 388 1462 poris
403 1423 503 1463 spatio
519 1423 551 1453 in
573 1429 709 1454 ventrem
725 1423 845 1454 demitti
862 1433 961 1464 posse,
979 1422 1035 1452 im-

305 1463 404 1494 mensi
432 1464 522 1505 pretii
552 1465 759 1505 margaritam,
788 1470 876 1495 aceto
906 1465 1036 1494 dilutam

306 1505 356 1546 (h.
376 1516 404 1536 e.
425 1512 623 1541 maceratam,
645 1505 861 1547 liquefactam)
881 1506 1034 1537 sorbuisse

305 1547 429 1584 dicitur,
453 1548 517 1588 agit
538 1559 663 1589 quoque
684 1549 723 1580 de
745 1559 775 1579 re
797 1559 867 1588 quae
890 1549 929 1578 ad
952 1547 1034 1578 hunc

305 1589 408 1620 locum
424 1590 546 1620 Horatii
561 1596 679 1631 spectat
693 1602 699 1621 ε
727 1591 819 1620 Prius
835 1592 924 1630 (ante
943 1590 1034 1620 Cleo-

305 1630 443 1672 patram)
476 1634 508 1662 id
529 1633 652 1672 fecerat
681 1633 778 1663 Romae
810 1634 839 1662 in
875 1633 1036 1662 unionibus

305 1683 419 1714 magnoe
442 1676 600 1704 taxationis
625 1674 759 1709 Clodius,
783 1675 910 1714 tragoedi
933 1673 1036 1712 AEsopi

294 1715 399 1754 filius,
416 1716 539 1746 relictus
554 1717 590 1746 ab
609 1726 639 1746 eo
654 1719 685 1747 in
706 1718 812 1756 amplis
827 1717 929 1754 opibus
943 1716 1034 1751 heres,

304 1763 381 1786 —ut
403 1760 586 1796 experiretur
606 1760 639 1788 in
654 1759 756 1798 gloria
773 1758 882 1797 palati,
898 1759 969 1797 quid
987 1769 1032 1787 sa-

301 1805 406 1838 perent
418 1801 614 1840 margaritae;
637 1806 736 1840 alque,
750 1807 784 1830 ut
797 1802 871 1830 mire
884 1801 1035 1838 placuere,

306 1851 342 1870 ne
356 1843 433 1871 solus
448 1842 499 1872 hoc
513 1843 613 1878 sciret,
625 1843 757 1882 singulos
771 1844 893 1872 uniones
907 1844 1035 1872 convivis

305 1893 416 1922 quoque
429 1885 619 1914 absorbendos
630 1886 724 1915 dedit.
761 1884 910 1914 Metellae:
929 1884 1035 1914 Schol.

305 1924 395 1959 Aer„
422 1925 484 1954 Hic
514 1925 680 1966 (Clodius)
712 1926 852 1963 Metellae,
877 1936 940 1965 quae
968 1936 1034 1956 eum

304 1967 466 2005 deperibat,
489 1968 621 1997 ablatum
639 1969 777 1997 unionem
799 1974 827 1998 et
850 1975 931 1998 aceto
953 1969 1034 1998 dilu-

305 2015 370 2038 tum
390 2010 515 2039 sorbuit.
561 2010 712 2039 Metellum
742 2009 902 2040 mulierem
928 2009 1034 2040 admo-

304 2050 379 2080 dum
401 2050 528 2080 divitem
551 2050 654 2087 fuisse,
676 2061 714 2081 ex
737 2051 796 2081 hac
823 2051 891 2092 ipsa
917 2051 954 2082 de
980 2050 1035 2082 illa

303 2092 479 2122 narratione
494 2092 569 2122 satis
585 2098 724 2133 apparet.
760 2093 831 2128 Sed,
848 2103 918 2123 curn
931 2093 1036 2134 plures

305 2132 400 2175 hujus
422 2133 556 2164 nominis
571 2134 683 2164 fuerint
697 2133 843 2164 mulieres
859 2135 906 2164 vel
923 2139 1035 2165 matro-

304 2185 364 2213 nae,
390 2186 484 2217 quam
514 2176 704 2216 potissimum
731 2176 797 2216 jam
824 2175 1033 2216 designaverit

303 2224 405 2259 poeta,
429 2223 532 2248 manet
555 2218 586 2248 in
609 2218 765 2256 ambiguo.
809 2217 900 2253 Sunt,
921 2218 973 2258 qui
994 2218 1032 2249 de

305 2259 429 2290 Metella
446 2259 556 2300 (cujus
568 2259 683 2290 mentio
698 2259 729 2288 fit
745 2259 827 2300 apud
845 2259 914 2290 Cic.
932 2260 1032 2301 Epist.

304 2301 344 2332 ad
367 2301 465 2332 Attic.
492 2301 534 2338 xi,
555 2302 628 2341 23),
657 2301 832 2332 Dolabellae
857 2306 890 2332 et
921 2301 1032 2343 AEsopi

302 2343 425 2385 pellice,
440 2342 587 2383 cogitent.

343 2386 419 2416 240.
442 2386 574 2415 solidum
589 2397 596 2414 .·
620 2389 730 2420 totum,
742 2384 908 2425 integrum,
922 2394 983 2415 non
999 2385 1031 2415 in

301 2433 403 2469 partes
430 2427 581 2468 quasdam
610 2426 755 2461 divisum,
786 2427 841 2457 sed
870 2426 902 2456 in
933 2437 1031 2457 unum

302 2469 524 2511 conjunctum3
547 2479 619 2509 ergo
641 2468 790 2510 integram
807 2468 911 2499 decies
925 2475 1030 2499 cente-

303 2521 410 2542 norum
431 2510 563 2541 millium
584 2511 639 2542 HS
662 2520 814 2542 summam
834 2520 897 2541 uno
915 2510 1028 2542 haustu

301 2553 463 2584 absumsit.

343 2597 417 2626 241.
443 2595 503 2629 Qui
529 2597 650 2626 sanior:
681 2593 847 2635 quomodo,
876 2605 947 2626 curn
971 2594 1030 2626 hoc

299 2637 402 2669 decies
420 2637 552 2668 solidum
574 2638 761 2671 absorberet,
781 2638 885 2667 sanior
905 2636 975 2674 fuit,
993 2647 1029 2668 ac

300 2679 326 2710 si
354 2679 435 2710 idem
463 2679 496 2709 in
531 2679 672 2721 rapidum
707 2679 822 2709 flumen
851 2678 1030 2710 cloacamve

294 2722 436 2763 jaceret?

341 2765 418 2795 243.
443 2763 551 2798 Quinti
564 2764 718 2804 progenies
731 2762 825 2793 Arri:
848 2761 889 2792 cf.
906 2772 974 2804 sup.
990 2761 1030 2792 ad

298 2817 329 2837 ν.
346 2807 398 2836 86.

339 2849 415 2879 244.
440 2847 598 2888 Nequitia,
618 2845 759 2877 luxurie:
783 2847 885 2886 nugis,
901 2845 1027 2877 demen-

298 2891 351 2927 tia,
368 2889 565 2931 insipientia:
609 2889 757 2926 ernanum,
779 2887 984 2918 simillimum.

339 2933 413 2964 245.
437 2932 579 2972 Imperaw,
619 2952 626 2962 .
641 2930 900 2970 e.immense,sc.
918 2930 1026 2972 pretio.

1080 1338 1246 1373 Prandere,
1266 1338 1438 1375 comedere,
1460 1345 1496 1370 ut
1513 1339 1570 1371 inf.
1590 1340 1692 1383 Epist.
1716 1341 1738 1379 i,
1758 1343 1809 1380 17,

1081 1381 1131 1415 13,
1149 1382 1296 1419 prandere
1310 1382 1385 1413 olus.

1121 1422 1195 1452 246.
1229 1423 1375 1456 Quorsum
1399 1425 1529 1454 abeant?
1551 1433 1596 1455 sc.
1617 1426 1669 1456 isti
1685 1430 1810 1464 nepotes.

1080 1463 1153 1493 Sani
1183 1470 1217 1494 ut
1246 1471 1337 1500 creta,
1360 1470 1434 1495 cett.
1456 1471 1578 1496 cretane
1600 1471 1636 1496 ut
1656 1466 1739 1502 sani,
1767 1476 1808 1498 an

1077 1505 1212 1536 carbone
1233 1511 1269 1536 ut
1290 1506 1390 1536 insani
1420 1507 1547 1538 notandi
1569 1509 1664 1538 suns!
1691 1508 1810 1540 Fausta.

1077 1546 1159 1583 albo,
1176 1547 1313 1577 infausta
1329 1548 1416 1588 nigro
1431 1548 1533 1580 colore
1547 1554 1713 1589 notantur3
1734 1550 1808 1582 hinc

1079 1594 1153 1618 nota
1174 1589 1230 1619 illa
1254 1589 1379 1624 locutio,
1402 1589 1484 1621 diem
1504 1591 1640 1622 faustum
1661 1593 1740 1628 albo,
1758 1591 1808 1623 in-

1079 1629 1215 1661 faustum
1232 1633 1320 1671 nigro
1336 1633 1440 1671 lapillo
1456 1634 1616 1673 insignire.
1658 1634 1728 1665 Hoc
1740 1633 1808 1676 jam

1077 1671 1114 1701 ad
1146 1672 1288 1704 homines
1316 1678 1370 1704 aut
1399 1674 1489 1705 bonae
1521 1681 1575 1705 aut
1603 1675 1695 1706 malae
1725 1682 1807 1707 notae

1077 1714 1270 1746 transfertur.
1316 1715 1480 1747 Horatium
1505 1715 1644 1747 imitatus
1663 1723 1709 1748 est
1731 1718 1808 1749 Per-

1077 1755 1142 1785 sius
1163 1767 1192 1792 v,
1210 1758 1282 1792 108.
1302 1757 1431 1798 Quaeque
1443 1761 1587 1798 sequenda
1592 1759 1713 1800 forant,
1727 1771 1807 1800 ‹121ae-

1076 1808 1131 1837 que
1145 1800 1286 1829 evitanda
1304 1801 1442 1836 vicissim,
1458 1800 1474 1830 1
1479 1801 1521 1830 lla
1533 1802 1620 1840 prius
1634 1806 1727 1838 creta,
1742 1813 1808 1834 mos·

1078 1840 1136 1870 haec
1153 1842 1278 1871 carbone
1291 1843 1422 1872 notasti?

1120 1883 1195 1913 249.
1221 1885 1244 1913 A
1250 1886 1359 1914 mentia
1374 1889 1478 1919 verset,
1489 1893 1536 1915 sc.
1546 1883 1710 1916 barbatum
1722 1884 1806 1918 hunc

1077 1924 1211 1955 amentia
1227 1925 1330 1956 vexari
1344 1931 1376 1957 et
1389 1925 1498 1966 agitari
1511 1925 1610 1958 dicas.

1120 1967 1183 1996 250
1199 1977 1268 2008 sqq.
1293 1967 1458 1998 Stertinius
1472 1969 1583 1999 transit
1602 1967 1640 1999 ad
1653 1968 1806 2001 insaniam

1077 2017 1182 2038 eorum
1205 2010 1260 2050 qui
1283 2009 1411 2040 delicias
1436 2009 1556 2040 faciunt
1581 2010 1613 2041 in
1640 2008 1820 2044 amoribus(

1079 2049 1249 2087 Sententia,
1265 2061 1358 2091 quam
1375 2051 1504 2093 pulchre
1521 2052 1681 2084 exornavit
1693 2058 1725 2084 et
1739 2063 1806 2084 am-

1078 2092 1230 2135 plificavit
1261 2100 1362 2134 poeta,
1392 2099 1439 2125 est
1466 2094 1528 2125 sere
1561 2094 1652 2126 haec:
1675 2094 1708 2126 Si
1727 2095 1807 2127 ratio

1079 2135 1207 2169 evincit,
1221 2145 1272 2165 eos
1287 2135 1342 2176 qui
1357 2135 1515 2167 amoribus
1529 2135 1704 2177 indulgent,
1715 2136 1806 2169 ludo·

1075 2177 1179 2207 ludere
1195 2177 1373 2216 pueriliores
1387 2177 1425 2207 iis
1440 2178 1479 2208 de
1494 2177 1611 2218 quibus
1623 2178 1714 2209 modo
1726 2178 1805 2216 dixi,

1076 2227 1179 2248 nonne
1202 2218 1299 2248 satius
1321 2218 1414 2248 fuerit
1435 2219 1504 2249 illos
1526 2219 1640 2250 imitari
1662 2221 1806 2252 Polemo-

1077 2270 1159 2293 nem.
1174 2264 1216 2294 et,
1230 2264 1351 2290 mutato
1363 2259 1478 2295 animo,
1492 2261 1675 2301 prudentius
1686 2261 1805 2294 vivere‘i

1077 2302 1180 2332 Locus
1196 2301 1336 2342 inprimis
1348 2300 1384 2332 de
1399 2302 1483 2332 vario
1498 2306 1529 2332 et
1542 2303 1684 2334 mutabili
1698 2303 1803 2335 animo

1074 2354 1179 2374 eorum
1197 2342 1252 2383 qui
1273 2348 1390 2379 amant,
1406 2349 1586 2384 comparato
1600 2354 1673 2375 cum
1691 2355 1803 2387 puero-

1074 2396 1141 2416 rum
1158 2384 1364 2415 mutabilitate
1377 2390 1408 2415 et
1423 2385 1639 2423 inconstantia,
1651 2393 1698 2418 est
1711 2387 1804 2429 longe

1075 2426 1288 2458 suavissimus.
1331 2427 1452 2464 Amare,
1474 2427 1598 2458 amandi
1619 2428 1684 2461 sive
1705 2439 1803 2462 mere-

1075 2470 1167 2500 trices
1181 2468 1318 2500 sectandi
1332 2468 1482 2500 studium.

1114 2513 1188 2542 251.
1217 2511 1375 2547 Utrumne,
1398 2521 1453 2553 pro
1470 2510 1612 2553 simplice
1632 2518 1749 2549 utrum,
1766 2518 1804 2545 ut

1073 2563 1145 2595 sup.
1164 2553 1265 2594 Epod.
1287 2553 1316 2589 1,
1337 2553 1367 2588 7,
1387 2559 1418 2583 et
1439 2553 1494 2584 inf.
1512 2554 1579 2585 Sat.
1596 2553 1631 2590 ii,
1653 2555 1685 2590 6,
1701 2555 1754 2590 73.
1770 2561 1803 2586 et

1073 2595 1186 2637 passim
1207 2594 1294 2625 alibi.
1338 2594 1456 2626 Trimus
1481 2595 1577 2630 Quale
1592 2598 1688 2635 prius,
1706 2597 1802 2639 quale

1074 2637 1147 2668 olim
1163 2635 1263 2667 lusisti
1278 2636 1370 2667 trium
1385 2646 1535 2668 annorum
1551 2638 1711 2680 puerulus.

1116 2681 1191 2715 254,
1211 2680 1286 2709 255.
1322 2678 1464 2710 Mutatus
1501 2679 1662 2710 Polemon?
1695 2679 1801 2712 Schol.

1074 2721 1184 2762 Cruq..
1209 2721 1358 2756 Polemon,
1380 2722 1426 2751 vel
1450 2721 1579 2758 Polemo,
1591 2724 1717 2762 juvenis
1726 2722 1801 2763 suit

1073 2764 1260 2793 Atheniensis
1272 2764 1357 2802 perdi
1361 2768 1395 2793 tae
1409 2764 1546 2794 lusuriae.
1583 2763 1614 2794 Is
1623 2774 1691 2794 cum
1701 2765 1800 2795 ebrius

1073 2806 1222 2835 incederet
1237 2815 1291 2844 per
1307 2806 1422 2840 urbem,
1429 2805 1541 2846 fertur
1560 2807 1676 2837 audisse
1697 2806 1798 2837 Xeno-

1071 2849 1162 2878 cratis
1183 2857 1279 2878 vocem
1300 2848 1502 2885 disputanti35
1526 2848 1633 2878 deinde
1653 2849 1802 2879 introiisse

1071 2895 1228 2920 coronatus
1241 2894 1269 2918 et
1289 2894 1495 2929 unguentatus
1514 2891 1553 2920 ad
1574 2900 1641 2920 eum
1658 2891 1798 2922 deriden-

1070 2933 1153 2963 dum.
1176 2932 1266 2963 Senex
1272 2937 1370 2962 autem
1374 2933 1569 2972 perseveravit
1573 2955 1582 2970 ‚
1588 2937 1616 2963 et
1625 2934 1756 2964 invectus
1764 2933 1796 2963 in
