1884 3288
879 209 1277 281 CARMINUM

598 306 828 362 Regulum,
850 314 894 348 et
915 307 1115 359 Scauros,
1137 310 1372 365 animaeque
1393 326 1555 367 magnae

597 373 832 428 Prodigum
854 373 1064 425 Paullum,
1088 383 1317 430 superante
1340 377 1491 428 Poeno,

598 439 763 481 Gratus
782 440 937 494 insigni
957 441 1138 482 referam
1159 442 1357 492 Camena,

512 507 568 547 40

990 507 1332 562 Fabriciumque.

600 573 746 621 Hunc,
768 579 811 613 et
832 573 1027 614 incomtis
1049 573 1226 614 Curium
1247 574 1424 628 capillis,

597 639 758 680 Utilem
778 639 891 680 bello
913 638 1021 688 tulit,
1044 646 1087 680 et
1109 639 1344 690 Camillum,

597 706 720 746 Saeva
740 713 971 760 paupertas
993 713 1036 746 et
1056 706 1194 746 avitus
1216 713 1318 760 apto

993 772 1102 812 Cum
1122 771 1208 813 lare
1229 773 1403 814 fundus.

508 838 565 878 45
596 838 776 886 Crescit,
799 837 967 879 occulto
988 837 1104 878 velut
1125 839 1254 879 arbor
1274 854 1378 888 aevo,

595 904 726 944 Fama
747 904 970 945 Marcelli:
1002 904 1128 944 micat
1148 905 1257 946 inter
1279 921 1422 947 omnes

311 1019 405 1050 simul
421 1030 601 1060 magnorum
617 1019 753 1050 virorum
771 1019 938 1050 virtutibus
961 1030 1047 1050 com-

311 1062 503 1102 ponendum,
513 1061 711 1103 suppeditare
721 1061 871 1102 potuisset
881 1061 1048 1092 materiem.

315 1104 409 1134 Hanc
430 1110 534 1134 autem
550 1114 652 1134 rerum
673 1103 906 1134 conversionem
923 1114 970 1134 res
993 1114 1048 1134 ex·

313 1145 372 1175 isse
396 1151 533 1186 poetam,
558 1145 718 1186 probabile
739 1145 773 1175 fit
794 1145 877 1180 inde,
898 1115 992 1186 quod,
1008 1145 1048 1175 ad

311 1187 405 1218 aliam
419 1187 524 1218 statim
536 1187 688 1227 insignem
701 1197 800 1217 rerum
813 1187 1047 1217 conversionem

312 1229 434 1266 transit,
449 1240 541 1270 quam
564 1239 618 1271 per
634 1229 728 1258 nobile
747 1229 868 1259 Catonis
882 1230 973 1259 letum
993 1230 1047 1260 de-

312 1271 437 1312 signat:
466 1273 562 1302 nobile
589 1271 669 1301 illud
697 1269 820 1306 dicitur,
843 1271 927 1311 quod
957 1271 1046 1307 Cato,

311 1323 383 1343 cum
400 1313 488 1348 mori,
504 1323 597 1354 quam
615 1312 733 1344 Caesari
754 1323 787 1343 se
801 1312 912 1343 dedere
927 1313 1047 1348 mallet,

311 1354 389 1396 ipse,
403 1365 441 1386 ne
457 1355 489 1385 in
505 1355 574 1396 ejus
590 1359 774 1396 potestatem
789 1355 918 1390 veniret,
933 1354 1048 1392 Uticae,

311 1397 395 1428 unde
414 1398 560 1428 Uticensis
573 1397 675 1427 dictus
694 1402 752 1433 est,
766 1407 894 1427 manum
917 1397 977 1426 sibi
1000 1396 1047 1426 in-

313 1439 405 1469 tulit:
429 1439 469 1469 cf.
484 1439 554 1470 Cic.
567 1440 659 1470 Offic.
674 1438 695 1474 i,
709 1440 762 1468 31.
795 1439 880 1469 Hine
895 1438 962 1480 ipse
976 1439 1047 1469 Cae-

313 1491 365 1511 sar
379 1481 493 1511 dixisse
508 1481 613 1516 fertur,
633 1482 756 1511 Invideo
772 1483 860 1510 morti
876 1487 944 1514 tuae,
963 1481 1048 1510 Cato.

313 1524 426 1564 Itaque
449 1523 516 1554 haec
532 1523 700 1554 honorifica
715 1523 795 1553 inter
812 1520 892 1553 viros
913 1522 1050 1554 illustres

314 1565 447 1595 Catonis
467 1565 717 1596 commemoratio
733 1564 783 1595 vix
801 1565 980 1604 Augustum
997 1567 1050 1606 (ut

311 1607 511 1648 opinabatur,
522 1613 553 1637 et
563 1618 600 1638 ex
617 1607 674 1637 hac
687 1606 833 1647 opinione
850 1607 933 1636 hunc
946 1607 1050 1637 locum

311 1648 462 1689 corrigere
474 1650 613 1679 tentabat
630 1648 810 1687 Bentleius)
824 1648 978 1679 offendere
994 1659 1049 1690 po-

313 1696 409 1726 terat;
428 1690 506 1720 alias
515 1690 666 1731 Virgilius
676 1701 801 1731 quoque
813 1691 889 1720 AEn.
901 1690 964 1726 viii,
975 1692 1049 1728 670,

313 1742 351 1763 ne
366 1732 536 1763 offenderet
551 1733 741 1773 Augustum,
759 1732 856 1773 hujus
872 1733 977 1773 magni
993 1733 1049 1764 viri

313 1774 405 1805 laude
421 1774 632 1805 abstinuisset.

357 1818 410 1851 37,
427 1819 478 1848 38.
504 1817 669 1857 Regulum.
694 1816 894 1857 Exemplum,
910 1816 993 1856 quod
1010 1816 1048 1847 de

313 1868 436 1889 summo
451 1859 558 1899 patriae
573 1869 675 1889 amore
691 1860 821 1889 Marcus
838 1858 968 1888 Attilius
985 1859 1050 1889 Re-

314 1901 406 1941 gulus
415 1901 524 1934 edidit,
535 1900 779 1931 illustrissimum
790 1900 888 1930 fusius
902 1901 1050 1931 Horatius

313 1949 435 1973 enarrat
450 1943 506 1974 inf.
523 1942 567 1977 iii,
584 1946 617 1973 5.
646 1944 783 1972 Scauros.
815 1942 902 1972 Gens
919 1943 1049 1972 Scauro-

315 1995 382 2015 rum
404 1985 518 2026 plures,
535 1984 590 2025 qui
610 1984 730 2025 egregie
753 1983 791 2014 de
808 1984 968 2025 republica
984 1995 1046 2015 me-

313 2033 453 2062 ruerunt,
475 2027 621 2068 protulit:
647 2037 709 2067 prae
731 2025 841 2056 ceteris
862 2026 979 2056 eminet
1000 2028 1051 2057 Μ.

316 2069 468 2099 AEmilius
505 2070 653 2102 Scaurus,
685 2067 730 2097 vir
766 2067 989 2108 amplissimus,
1019 2074 1050 2099 et

313 2111 457 2152 princeps
479 2116 605 2141 senatus
622 2110 802 2151 (dicebatur
816 2109 860 2139 ita
874 2110 995 2151 proprie
1010 2109 1047 2147 is,

312 2163 406 2193 quem
434 2163 544 2183 censor
565 2158 707 2183 senatum
730 2161 894 2182 recensens
916 2151 1048 2192 primum

311 2195 509 2235 legerat,vid.
519 2195 709 2234 Wesseling.
719 2194 881 2229 Observ.i,
894 2195 948 2232 8);
962 2194 1047 2235 ejus-

312 2247 374 2277 que
397 2237 481 2267 filius
500 2238 550 2267 M.
571 2238 716 2273 Scaurus,
733 2235 889 2266 aedilitatis
904 2236 1046 2276 magnifi-

313 2278 420 2310 centia
435 2279 557 2310 clarus:
582 2279 647 2309 vid.
660 2278 747 2308 Plin.
765 2279 807 2308 H.
820 2279 863 2308 N.
879 2279 984 2312 xxxvi,
997 2279 1047 2309 15.

315 2322 475 2352 Paullum.
521 2322 559 2352 L.
582 2320 732 2351 AEmilius
757 2319 900 2355 Paullus,
923 2323 1046 2356 consul,

310 2374 385 2395 cum
402 2363 434 2393 iu
446 2362 571 2405 proelio,
582 2362 742 2397 Varronis,
758 2362 884 2392 alterius
898 2363 1049 2401 consulis,

312 2405 484 2436 temeritate
499 2405 540 2435 ad
557 2406 684 2436 Cannas
699 2403 877 2440 commisso,
894 2403 1048 2444 insignem

312 2447 435 2478 cladem
451 2452 595 2488 expertus
608 2452 690 2478 esset
704 2445 858 2478 exercitus
874 2446 1048 2485 Romanus,

312 2499 351 2521 ne
363 2494 460 2521 tantae
475 2489 654 2530 ignominiae
671 2494 823 2529 superstes
837 2493 928 2524 esset,
940 2495 1049 2530 sponte

311 2542 346 2563 se
375 2531 595 2563 trucidandum
628 2530 771 2562 hostibus
806 2530 929 2561 obtulit.
978 2531 1046 2563 Liv.

314 2574 390 2610 xxii,
417 2574 478 2611 493
503 2573 585 2604 Flor.
609 2573 643 2609 ii,
667 2574 699 2608 6,
725 2574 784 2612 163
807 2572 881 2603 hinc
904 2575 1049 2614 prodigus

313 2626 428 2658 vnagnae
455 2617 561 2646 animae
586 2614 712 2650 dicitur,
740 2615 772 2645 h.
801 2624 830 2645 e.
854 2615 963 2650 vitam,
993 2626 1048 2656 pro

311 2658 413 2701 patria
423 2657 652 2699 deponendam,
665 2667 778 2695 magno
792 2656 896 2687 animo
909 2662 1046 2688 contem-

312 2710 411 2740 nens3
437 2699 502 2730 sive
523 2699 630 2737 vitam,
656 2699 752 2730 tantis
775 2698 894 2730 meritis
923 2699 1048 2741 conspi-

309 2753 415 2779 cuam,
445 2741 644 2784 prodigorum
678 2751 773 2777 more,
804 2746 955 2782 tanquam
985 2752 1048 2772 rem

311 2785 419 2820 vilem,
447 2783 650 2826 profundens.
691 2783 934 2824 Exquisitiorem
962 2783 1049 2814 locu-

313 2827 428 2859 tionem
439 2828 583 2867 prodigus
593 2828 699 2856 anima:
710 2825 815 2867 plures
831 2825 941 2855 imitati
953 2831 1026 2856 sunt
1038 2838 1045 2856 z

313 2869 355 2900 cf.
371 2869 533 2900 Drakenb.
548 2869 587 2899 ad
613 2867 671 2898 Sil.
693 2867 765 2898 Ital.
788 2867 810 2904 i,
825 2868 910 2905 2253
933 2867 986 2898 ubi
1009 2867 1049 2899 de

312 2911 465 2942 militibus
481 2910 642 2952 Hispanis,
656 2910 790 2950 Prodiga
801 2920 875 2951 gens
889 2911 1006 2945 antmae,
1019 2917 1047 2941 et

309 2963 470 2995 properare
473 2952 634 2994 facillima
647 2958 780 2983 mortem.
822 2951 970 2983 Similiter
984 2952 1046 2983 sere

1093 1019 1163 1050 Cic.
1178 1018 1218 1050 de
1232 1019 1296 1050 Off.
1310 1019 1332 1054 i,
1348 1020 1391 1049 24
1406 1029 1414 1056 ;
1438 1021 1530 1050 vitam
1542 1017 1725 1059 profundere
1737 1029 1746 1047 .·
1770 1019 1825 1049 Ιη-

1092 1063 1172 1091 venti
1205 1067 1305 1091 autem
1339 1061 1428 1091 multi
1457 1067 1540 1096 suut,
1569 1062 1621 1100 qui
1653 1071 1714 1091 non
1742 1062 1825 1090 modo

1090 1105 1259 1141 pecuniam.
1280 1104 1329 1132 sed
1347 1105 1439 1132 vitam
1458 1104 1548 1133 etiam
1569 1101 1753 1144 profundere
1769 1113 1826 1142 pro

1089 1146 1192 1182 putria
1205 1146 1308 1183 parati
1323 1150 1428 1175 essent.

1133 1187 1186 1220 39,
1210 1187 1264 1216 40.
1289 1186 1408 1227 Insigni
1430 1186 1571 1222 Camena,
1591 1185 1729 1216 carmine
1750 1186 1825 1216 sub-

1092 1226 1169 1262 limi,
1184 1233 1326 1259 versante
1347 1238 1416 1259 nem
1482 1227 1514 1259 iu
1537 1227 1732 1259 celebrandis
1744 1227 1824 1258 viro-

1091 1279 1160 1299 rum
1203 1269 1375 1310 insignium
1432 1269 1576 1300 audibus.
1638 1269 1826 1302 Fabricium.

1093 1311 1131 1341 C.
1148 1311 1309 1342 Fabricius
1327 1311 1494 1348 Luscinus,
1510 1311 1557 1342 vir
1575 1310 1825 1348 honestissimus,

1092 1362 1194 1394 neque
1228 1354 1349 1394 legatus
1382 1353 1504 1394 magnis
1540 1363 1559 1383 a
1594 1353 1723 1394 Pyrrho,
1754 1363 1826 1394 rege

1092 1395 1302 1436 Epirotarum,
1335 1395 1376 1426 ad
1405 1405 1498 1436 quem
1533 1395 1574 1426 de
1605 1395 1826 1436 recuperandis

1091 1437 1225 1478 captivis
1249 1438 1360 1468 missus
1383 1437 1495 1473 fuerat,
1510 1436 1623 1468 oblatis
1644 1437 1826 1468 muneribus

1091 1478 1130 1508 ad
1146 1479 1316 1521 perfidiam,
1333 1490 1434 1521 neque
1453 1479 1566 1510 deinde
1580 1479 1702 1516 consul,
1717 1483 1827 1510 contra

1093 1521 1246 1562 Pyrrhum
1267 1522 1383 1552 bellum
1406 1531 1527 1562 gerens,
1543 1530 1562 1551 a
1598 1521 1730 1552 roditore
1748 1531 1825 1562 quo-

1092 1563 1175 1598 dam,
1203 1564 1257 1605 qui
1285 1563 1439 1604 Pyrrhum
1465 1573 1568 1594 merce
1590 1573 1608 1594 e
1637 1569 1766 1607 accepta
1792 1573 1827 1595 se

1092 1605 1327 1636 interfecturum
1344 1615 1412 1636 esse
1425 1605 1618 1647 promiserat,
1632 1605 1672 1635 ad
1686 1604 1827 1636 fraudem

1094 1647 1198 1688 pellici
1223 1647 1345 1688 potuit3
1370 1647 1442 1678 hinc
1464 1646 1530 1688 ipse
1548 1646 1699 1688 Pyrrhus,
1715 1647 1823 1678 Fabri-

1092 1691 1155 1719 cius
1184 1689 1338 1730 difficilius
1368 1693 1405 1719 ab
1433 1690 1592 1724 honestate,
1619 1700 1709 1730 quam
1737 1690 1779 1720 sol
1807 1701 1827 1719 α

1092 1741 1182 1761 cursu
1195 1743 1246 1761 suo
1257 1732 1354 1762 averti
1367 1738 1471 1770 potest,
1485 1730 1600 1762 dixisse
1610 1730 1742 1763 traditur
1755 1741 1762 1760 :
1786 1731 1828 1762 cf.

1094 1773 1161 1803 Cic.
1180 1773 1245 1804 Off.
1262 1773 1307 1809 iii,
1324 1774 1365 1803 22
1380 1785 1388 1811 ;
1411 1773 1485 1804 Val.
1500 1774 1590 1804 Max.
1605 1773 1649 1808 iv,
1665 1774 1698 1804 3.

1135 1817 1273 1846 41—44.
1299 1815 1399 1852 Hunc,
1412 1822 1440 1846 et
1456 1820 1529 1846 cett.
1545 1825 1673 1846 sensus:
1697 1814 1748 1846 hic
1765 1815 1824 1846 Fa-

1092 1857 1222 1893 bricius,
1245 1864 1276 1888 et
1299 1857 1426 1893 Curius,
1447 1857 1494 1887 vir
1514 1857 1652 1899 antiquis
1674 1857 1826 1894 moribus,

1093 1905 1186 1939 atque
1221 1899 1386 1936 Camillus,
1417 1899 1560 1947 quamvis
1595 1899 1636 1930 ad
1670 1898 1825 1930 duriorem

1093 1947 1202 1971 sortem
1221 1941 1286 1971 nati
1308 1941 1351 1971 nil
1374 1941 1432 1972 nist
1451 1941 1599 1982 exiguum
1622 1951 1695 1972 curn
1713 1941 1827 1982 exigua

1092 1983 1183 2013 domo
1204 1983 1334 2013 fundum
1352 1993 1370 2012 a
1386 1983 1555 2023 majoribus
1576 1988 1738 2025 acceptum
1754 1993 1826 2024 pos-

1092 2024 1245 2059 sidebant,
1259 2025 1316 2055 viri
1336 2030 1440 2055 tamen
1462 2025 1554 2056 fortes
1573 2030 1606 2056 et
1622 2025 1666 2056 rei
1685 2024 1828 2056 militaris

1093 2066 1269 2107 peritissimi
1287 2073 1460 2098 evaserunt.
1505 2068 1647 2098 Cin-inm.
1689 2067 1739 2098 De
1759 2068 1825 2098 Cu-

1093 2108 1138 2139 rio
1166 2110 1315 2145 Dentato,
1340 2119 1433 2149 quem
1462 2109 1637 2139 Samnitum
1663 2107 1761 2149 legati
1788 2108 1827 2140 de

1092 2161 1169 2191 pace
1190 2161 1261 2181 cum
1277 2161 1314 2181 eo
1336 2151 1446 2188 acturi,
1461 2151 1564 2191 ligneo
1589 2160 1716 2182 scamno
1733 2149 1827 2191 juxta

1091 2193 1196 2223 socutn
1218 2193 1375 2224 sedentem
1398 2200 1430 2224 et
1446 2192 1536 2223 tostis
1551 2192 1634 2234 rapis
1649 2197 1825 2223 vescentem

1090 2234 1247 2266 invenisse
1269 2235 1437 2266 dicuntur:
1461 2235 1503 2265 cf.
1520 2235 1595 2267 val.
1614 2235 1707 2265 Max.
1725 2233 1768 2270 iv,
1790 2235 1825 2266 3.

1090 2277 1232 2308 Incomtis
1245 2277 1382 2316 capillis.-
1407 2276 1523 2308 Curius
1537 2276 1621 2308 enim
1635 2285 1700 2307 non
1711 2284 1825 2308 venus-

1089 2323 1189 2350 torum
1225 2325 1256 2350 et
1292 2319 1516 2360 elegantiorum
1550 2317 1711 2350 hominurn
1742 2327 1828 2350 more

1091 2361 1234 2392 comebat
1247 2361 1379 2403 capillos
1393 2373 1401 2399 ;
1425 2361 1490 2398 sed,
1504 2365 1540 2392 ut
1553 2359 1653 2393 solent
1667 2359 1724 2392 viri
1738 2369 1826 2392 seve-

1091 2403 1196 2439 riores,
1211 2409 1373 2434 externum
1394 2403 1531 2445 corporis
1551 2402 1672 2434 cultum
1687 2401 1825 2444 neglige·

1091 2445 1158 2476 bat.
1203 2445 1352 2476 Similiter
1386 2446 1478 2481 Cato,
1513 2445 1677 2486 antiquum
1708 2454 1826 2476 morem

1092 2497 1229 2523 servans,
1246 2488 1329 2518 haud
1344 2497 1377 2518 se
1391 2486 1512 2519 tonderi
1526 2496 1638 2529 passus
1651 2491 1720 2524 est3
1742 2486 1827 2518 unde

1092 2529 1145 2560 ille
1159 2531 1294 2560 intonsus
1308 2529 1365 2560 inf.
1381 2529 1415 2565 ii,
1430 2531 1479 2565 15,
1493 2531 1542 2560 11.
1572 2529 1746 2560 Camillum.
1773 2529 1826 2560 De

1091 2572 1204 2602 Marco
1219 2571 1312 2602 Furio
1327 2571 1472 2608 Camillo,
1482 2571 1646 2603 liberatore
1660 2570 1717 2601 illo
1727 2570 1826 2607 urbis,

1092 2623 1110 2644 a
1126 2613 1229 2645 Gallis
1243 2619 1356 2656 captae,
1369 2613 1411 2645 cf.
1427 2613 1497 2644 Liv.
1509 2623 1540 2650 v,
1553 2613 1595 2644 46
1609 2622 1680 2654 sqq.
1692 2617 1724 2643 et
1741 2612 1827 2646 Flor.

1091 2655 1114 2691 i,
1138 2657 1188 2686 13.
1230 2657 1311 2687 Saeva
1335 2661 1508 2696 paupertas.
1551 2655 1634 2686 Cum
1658 2659 1826 2696 paupertas

1092 2697 1150 2729 hoc
1179 2708 1304 2740 quoque
1334 2698 1405 2729 loco
1432 2697 1554 2728 dicatur
1580 2695 1621 2727 de
1648 2695 1827 2728 conditione

1089 2750 1207 2776 eorum,
1224 2740 1290 2781 qui,
1305 2745 1458 2781 quantum
1477 2737 1518 2770 ad
1531 2737 1627 2770 vitam
1648 2742 1826 2770 sustentan-

1090 2782 1162 2813 dam
1176 2792 1255 2824 opus
1269 2787 1328 2819 est,
1344 2782 1480 2820 habent;
1504 2779 1588 2811 haud
1604 2779 1698 2811 nimis
1713 2790 1827 2821 urgen-

1091 2823 1166 2855 dum
1194 2830 1242 2855 est
1267 2824 1425 2866 epitheton
1450 2833 1536 2860 seva,
1559 2823 1646 2863 quod
1669 2822 1828 2864 praecipue

1091 2866 1284 2898 referendum
1297 2865 1417 2897 videtur
1429 2865 1469 2896 ad
1479 2865 1588 2896 duram
1597 2863 1684 2895 illam
1695 2873 1826 2895 saevam-

1091 2919 1153 2949 que
1174 2908 1266 2950 quasi
1288 2912 1414 2943 nortem,
1459 2916 1500 2938 ua
1520 2906 1615 2947 vulgo
1635 2906 1827 2955 pauperibus

1090 2950 1260 2982 beatiorum
1281 2949 1419 2992 potentia
1475 2948 1598 2990 pressis,
1613 2958 1666 2980 via
1680 2949 1720 2980 ad
1733 2947 1827 2980 meri-
