1904 3314
657 185 882 228 LIBER
912 186 975 236 11,
1005 188 1048 229 2.

1535 189 1614 229 521

194 295 445 352 Insequeris
467 301 610 336 tamen
630 291 747 332 hunc
767 293 812 332 et
831 289 906 332 lite
928 291 1108 331 moraris
1130 291 1308 346 iniqua?

107 363 166 405 20
196 363 304 405 Dixi
325 378 392 405 me
413 362 585 418 pigrum
605 358 902 414 proficiscenti
922 358 1014 407 tibi,
1038 357 1131 398 dixi

192 431 378 473 Talibus
399 429 549 472 officiis
570 441 708 481 prope
729 440 952 475 mancum3
983 439 1038 466 ne
1059 439 1155 465 mea
1176 439 1316 466 saevus

193 498 408 554 Jurgares
428 497 482 538 ad
504 502 547 536 te
568 494 688 548 quod
708 492 894 547 epistola
914 491 1031 534 nulla
1052 492 1234 533 veniret.

196 566 317 614 Quid
341 573 430 606 tum
451 561 632 618 profeci,
653 574 821 602 mecum
842 559 1045 601 facientia
1061 559 1162 614 jura

194 634 243 675 Si
263 641 406 675 tamen
426 636 613 671 attentas
629 630 645 669 ?

705 627 917 675 Quereris
940 642 1072 682 super
1093 627 1177 668 hoc
1198 627 1341 677 etiam,
1363 628 1482 682 quod

105 703 169 745 25
194 700 466 754 Exspectata
486 697 566 738 tibi
584 711 671 737 non
692 696 859 737 mittam
880 696 1070 737 carmina
1090 695 1292 737 mendax.

196 766 371 810 Luculli
391 764 511 807 miles
533 763 715 806 collecta
735 763 890 805 viatica
911 762 1055 804 multis

192 834 435 884 AErumnis,
456 833 596 874 lassus
619 831 723 873 dum
744 838 877 872 noctu
899 831 1055 880 stertit,
1078 830 1134 871 ad
1155 845 1296 872 assem

194 901 455 948 Perdiderat
473 917 483 950 3
514 907 615 955 post
636 899 720 941 hoc
741 897 973 940 vehemens
995 897 1141 952 lupuS‚
1164 905 1209 939 et
1231 898 1313 940 sibi
1333 906 1378 940 et
1397 897 1516 939 hosti

194 970 338 1012 Iratus
359 969 538 1024 pariter,
554 967 718 1023 jejunis
741 966 946 1007 dentibus
968 980 1082 1016 acer,

105 1039 164 1081 30
195 1037 455 1080 Praesidium
475 1035 621 1091 regale
641 1034 738 1076 loco
759 1034 933 1089 dejecit,
957 1042 1004 1075 ut
1026 1034 1162 1083 aiunt,

194 1105 369 1147 Summe
389 1105 555 1146 munito
576 1110 620 1144 et
641 1101 872 1144 multarum
894 1101 1028 1143 divite
1050 1115 1207 1143 rerum.

195 1172 350 1215 Clarus
372 1173 430 1214 ob
450 1171 495 1213 id
517 1171 678 1212 factum
699 1170 823 1211 donis
846 1176 1025 1210 ornatur
1046 1168 1241 1210 honestis
1259 1186 1269 1219 3

195 1239 372 1295 Accipit
393 1247 436 1281 et
456 1239 524 1280 bis
547 1238 660 1279 dena
681 1251 814 1292 super
836 1237 1037 1278 sestertia
1057 1235 1290 1278 nummum.

194 1307 327 1350 Forte
350 1307 432 1348 sub
453 1306 537 1348 hoc
558 1313 729 1360 tempus
751 1303 975 1346 castellum
996 1311 1192 1346 evertere
1214 1313 1379 1359 praetor

79 1442 173 1474 volen
213 1452 254 1474 ue
267 1442 373 1475 emisti
388 1452 522 1485 puerum
537 1442 699 1473 vitiosum.
740 1442 828 1473 Num

79 1490 115 1517 tu
131 1485 200 1517 nihi
213 1485 341 1517 ominus
355 1495 544 1526 mangonem
564 1485 596 1516 iu
610 1484 665 1526 jus
680 1484 830 1515 vocabis!

81 1529 147 1560 Par
161 1528 241 1560 ratio
257 1533 308 1560 est
326 1527 405 1559 mihi
426 1534 552 1566 tecum3
574 1538 634 1569 ego
656 1527 714 1558 tibi
737 1527 831 1570 profi-

82 1571 217 1603 ciscenti
237 1576 343 1614 aperte
357 1570 437 1606 dixi.
451 1580 502 1602 me
518 1580 586 1602 esse
608 1571 729 1601 lentum
746 1571 831 1612 epis-

81 1614 219 1645 tolarum
251 1614 435 1657 scriptorem
452 1625 462 1652 ;
493 1618 526 1644 et
555 1619 591 1644 tu
623 1612 832 1644 nihilominus

81 1666 210 1688 mecum
232 1657 272 1689 de
294 1667 345 1692 eo,
363 1656 450 1699 quod
468 1655 526 1687 tibi
548 1666 611 1687 non
633 1655 758 1698 scripsi,
776 1666 832 1686 ex-

82 1699 246 1741 postulas?
294 1699 394 1731 Poenae
415 1710 548 1734 securus,
564 1699 666 1730 omnis
685 1709 770 1730 curae
793 1698 832 1730 de

82 1741 261 1774 commissae
278 1741 398 1774 fraudis
413 1752 511 1785 poena
521 1752 652 1784 expers;
677 1751 746 1776 nos,
759 1742 833 1772 ohne

83 1785 147 1816 aue
180 1785 356 1826 Besorgniss
393 1787 477 1816 einer
520 1784 834 1816 Verantwortlichkeit

28 1865 38 1874 f
81 1837 184 1870 wegen
207 1829 300 1860 dieses
320 1827 482 1876 νοτ-λαιός..
530 1828 623 1863 Dicta
642 1828 698 1857 tibi
717 1833 760 1857 est
776 1828 832 1862 lew,

85 1869 244 1919 proposita
262 1870 319 1902 tibi
339 1876 388 1902 est
409 1869 556 1902 emtionis
580 1869 732 1906 conditio,
749 1869 834 1910 fugae

82 1912 217 1961 scilicet,
249 1923 346 1956 quam
377 1912 498 1945 venalis
530 1917 719 1949 tentaverat,
752 1912 835 1944 indi-

84 1965 183 1987 cium.

133 1999 187 2032 19.
218 1999 291 2030 Lite
314 2000 442 2030 moraris
466 1999 596 2039 iniqua?
643 1997 785 2029 Breviter
806 2003 839 2029 et

86 2041 249 2083 eleganter
270 2052 339 2084 pro,
363 2039 572 2072 nihilominus
595 2047 709 2083 praeter
729 2040 785 2082 jus
808 2046 840 2072 et

87 2084 268 2126 aequitatem
287 2083 376 2116 litem
390 2083 430 2114 de
452 2083 603 2115 sol‘venda
618 2083 754 2125 pecunia
770 2093 838 2114 mo-

87 2127 192 2158 vendo
215 2132 249 2158 et
271 2127 318 2158 sic
340 2135 443 2157 moras
467 2127 623 2158 nectendo
646 2136 718 2157 eum
744 2136 838 2157 vexas

87 2168 184 2211 eique
198 2169 329 2201 facessis
345 2179 385 2200 ne
407 2167 507 2200 otium
520 2170 532 2199 Ί.

131 2213 186 2243 21.
211 2212 337 2243 Talibus
350 2180 457 2254 «ficiis
472 2223 561 2252 prope
576 2223 716 2242 mancum
728 2224 736 2240 .-
758 2211 836 2248 dixi,

88 2265 141 2286 me
164 2265 235 2287 esse
251 2254 409 2287 hominem
426 2254 576 2286 manibus
592 2254 684 2296 quasi
708 2254 749 2285 ad
763 2254 837 2286 obe-

88 2297 177 2329 unda
198 2298 276 2329 talia
298 2297 402 2330 officia
418 2298 476 2338 (ad
498 2296 680 2328 scribendas
696 2297 837 2335 litteras)

88 2340 293 2372 destitutum.
318 2340 556 2373 Obversabatur
565 2341 696 2372 fortasse
706 2340 839 2372 Horatio

90 2382 182 2415 loeus
198 2383 308 2415 Plauti
321 2383 355 2415 in
371 2384 506 2414 Mercat.
520 2382 568 2418 iii,
584 2384 617 2418 4,
630 2384 684 2420 45,
698 2385 738 2414 ad
751 2395 838 2414 man-

91 2426 168 2458 data
190 2427 332 2465 claudus,
349 2437 456 2461 coecus,
473 2432 587 2462 mutus,
604 2437 740 2461 mancus,
754 2428 836 2457 debi-

92 2469 142 2501 tia.
181 2468 230 2500 Νι
243 2480 322 2505 mea,
338 2474 413 2501 cett.
424 2469 545 2511 junge:
569 2480 607 2500 πε
620 2471 838 2510 soevusjurga-

91 2522 151 2550 res,
165 2513 244 2554 quod
263 2513 354 2543 nulla
370 2522 433 2542 mea
454 2512 578 2552 epistola
602 2513 642 2542 ad
664 2519 692 2542 te
710 2514 839 2544 veniret.

91 2555 206 2592 Saevus.
222 2553 271 2586 ira
285 2554 431 2589 saeviens,
449 2553 482 2585 h.
497 2564 527 2584 e.
546 2553 678 2585 nimium
693 2553 842 2586 irascens.

134 2598 190 2629 22.
221 2599 270 2629 Aa
294 2603 322 2628 te
344 2598 422 2638 quod
446 2597 571 2637 epistola
597 2598 686 2628 nulla
709 2599 840 2635 veniret,

93 2639 178 2682 quod
201 2640 324 2672 nullam
351 2649 368 2671 a
394 2649 445 2671 me
471 2638 631 2681 acciperes
653 2639 839 2681 epistolam:

92 2681 236 2726 epistola
252 2693 326 2726 qun
349 2682 564 2725 accipiuntur,
582 2681 710 2724 saepius,
731 2682 842 2724 praeci-

93 2735 157 2768 pue
170 2725 256 2768 apud
273 2725 438 2761 Ovidium,
455 2727 559 2756 venire
574 2724 734 2756 dicuntur.
768 2725 843 2762 Pro,

94 2770 213 2800 mirer
242 2768 276 2800 in
301 2767 494 2810 quibusdam
521 2767 595 2799 edd.
622 2773 699 2799 vett.
726 2767 844 2810 legitur

93 2812 221 2850 rodini,
247 2811 334 2853 quod
359 2810 503 2842 defendit
529 2811 702 2848 Gesnermz,
726 2817 764 2841 ut
791 2810 843 2847 sit,

95 2853 181 2896 qnod
197 2853 279 2886 nibil
301 2853 342 2885 ad
359 2853 488 2885 missam
511 2862 531 2884 a
551 2859 581 2885 te
604 2852 772 2895 epistolam
796 2864 843 2885 re-

95 2897 295 2940 sponderem.
328 2896 391 2928 Sed
406 2896 541 2940 primum
556 2895 699 2939 epistolae
716 2906 735 2926 a
753 2896 845 2928 Floro

97 2939 138 2971 ad
154 2939 322 2971 Horatium
339 2938 456 2977 missae,
471 2939 510 2970 ad
528 2949 625 2980 quam
647 2938 700 2970 hic
719 2949 782 2970 non
797 2949 844 2971 re·

98 2981 271 3025 sponderit,
285 2982 376 3015 nulla
393 2982 478 3015 facta
498 2988 547 3014 est
568 2981 686 3014 mentio
697 2993 708 3022 5
730 2981 846 3016 deinde

873 1453 911 1474 ea
926 1447 1050 1474 tantum
1066 1442 1199 1484 epistola
1222 1442 1287 1474 dici
1308 1447 1411 1484 potest
1423 1444 1536 1478 redire,
1551 1453 1624 1484 quae

874 1485 907 1516 in
924 1485 1042 1520 locum.
1059 1485 1146 1516 unde
1161 1485 1258 1516 missa
1273 1491 1332 1523 est,
1349 1485 1440 1516 redit.

918 1529 973 1562 23,
994 1529 1048 1559 24.
1074 1529 1159 1563 Quid
1180 1529 1323 1559 tum—Si
1346 1536 1445 1559 tamen
1467 1530 1624 1559 attentas?

878 1571 966 1608 Quid
982 1571 1058 1602 mihi
1082 1570 1198 1613 profuit
1217 1571 1316 1603 libera
1338 1571 1473 1613 pigritiae
1492 1581 1570 1602 meae
1591 1570 1626 1602 in

875 1613 1049 1644 scribendis
1063 1613 1175 1645 litteris
1190 1613 1354 1656 professio,
1365 1614 1391 1645 si
1405 1613 1625 1649 nihilominus,

876 1655 916 1687 de
940 1655 979 1687 iis
994 1667 1068 1698 quae
1087 1661 1191 1687 tecu'm
1216 1657 1369 1698 depactus
1394 1667 1476 1691 sum,
1494 1666 1544 1688 me
1567 1656 1628 1687 im-

876 1701 1024 1741 pugnas'!
1068 1701 1166 1739 Super·
1181 1700 1246 1734 hoc,
1263 1704 1375 1740 praeter
1390 1699 1462 1736 hoc,
1478 1698 1618 1741 insuper.

920 1742 975 1773 25.
999 1742 1146 1777 Mendax,
1161 1740 1392 1783 significantius
1407 1752 1474 1783 pro,
1489 1751 1560 1782 ego.

920 1785 975 1820 26,
990 1785 1046 1815 27.
1075 1785 1204 1823 Vinum,
1223 1784 1309 1815 bona
1330 1784 1448 1825 quibus
1467 1790 1627 1816 sustenta-

878 1832 928 1857 tus
943 1827 1074 1868 reliquae
1091 1827 1166 1858 vitae
1181 1827 1318 1869 spatium
1333 1827 1523 1858 decurreret.
1556 1828 1627 1858 Col-

879 1871 968 1905 lecta‚
985 1875 1050 1901 tam
1065 1880 1105 1901 ex
1126 1869 1267 1912 acceptis
1290 1869 1456 1912 stipendiis
1470 1879 1567 1911 quam
1588 1881 1628 1901 ex

902 1913 987 1944 raeda
1010 1913 1104 1944 facta.
1154 1913 1263 1944 Multis
1281 1913 1452 1949 AEmmnis‚
1473 1922 1546 1953 quae
1569 1912 1628 1944 mi-

878 1924 927 1986 iiii
951 1955 984 1986 in
1003 1955 1088 1987 bello
1103 1954 1306 1987 exantlandae
1329 1960 1415 1986 sunt.
1460 1957 1509 1986 Ad
1524 1967 1628 1993 assem,

879 1998 986 2030 omnia
1011 2008 1048 2029 ac
1072 1998 1200 2039 singula
1215 2010 1223 2037 ;
1248 1997 1294 2029 uti
1308 2009 1406 2030 omnes
1420 1999 1460 2028 ad
1475 2009 1572 2029 unum
1589 1999 1630 2030 de

881 2041 1030 2073 omnibus
1045 2051 1082 2072 ac
1097 2040 1242 2083 singulis.

925 2085 979 2116 28.
1005 2085 1075 2115 Post
1093 2085 1157 2120 hoc,
1175 2089 1246 2126 post
1264 2083 1386 2126 perdita
1401 2083 1527 2115 viatica.
1575 2085 1631 2115 Ve-

883 2128 1000 2158 hemens
1017 2129 1108 2167 lupus
1123 2126 1187 2167 (ὡς
1209 2125 1343 2165 λύκος),
1358 2127 1448 2163 velut
1465 2126 1558 2169 lupus
1574 2138 1630 2158 ve-

882 2169 1074 2201 hementiore
1105 2169 1152 2200 ira
1180 2170 1339 2211 percitus;
1365 2172 1449 2200 cauis
1479 2171 1631 2201 vehemens

883 2212 966 2253 apud
980 2211 1108 2244 Phaedr.
1123 2211 1158 2247 ii,
1172 2213 1203 2247 3.
1217 2214 1247 2243 l.
1276 2213 1327 2244 De
1339 2213 1454 2244 omissa
1467 2223 1632 2255 compara-

883 2255 979 2286 tionis
996 2254 1151 2298 particula
1165 2254 1228 2286 vid.
1244 2265 1313 2297 sup.
1329 2255 1368 2286 ad
1388 2265 1418 2286 v.
1435 2256 1468 2287 8.

926 2298 979 2329 29.
1001 2299 1124 2339 Jejunis
1138 2299 1277 2329 dentibus
1293 2309 1381 2329 acer.-
1398 2298 1466 2340 jam
1482 2297 1633 2330 dentibus

883 2340 1042 2378 tribuitur,
1058 2341 1143 2382 quod
1161 2342 1284 2384 proprie
1325 2341 1440 2373 ertinet
1456 2341 1496 2372 ad
1515 2348 1632 2372 stoma-

884 2383 1003 2422 chum3
1028 2383 1171 2426 apposite
1190 2390 1295 2416 autem
1336 2394 1381 2415 aec
1399 2384 1438 2415 ad
1454 2384 1566 2426 lupum
1584 2395 1632 2416 ve-

883 2428 1057 2464 hementem,
1072 2437 1167 2468 quem
1183 2427 1283 2458 fames
1304 2427 1448 2470 inprimis
1462 2438 1566 2459 acrem
1583 2434 1633 2459 at-

883 2480 946 2512 que
960 2469 1181 2502 vehementem
1197 2470 1312 2501 reddit.

929 2514 984 2544 30.
1010 2513 1138 2554 Regale,
1155 2512 1237 2553 regis
1252 2512 1463 2544 Mithridatis.
1508 2514 1598 2549 Loco,
1614 2524 1632 2545 e

885 2556 957 2587 loco
994 2555 1128 2591 munito,
1161 2566 1255 2597 quem
1292 2555 1460 2588 defendere
1496 2556 1635 2588 debebat

885 2598 1088 2640 praesidium:
1108 2604 1177 2629 erat
1191 2604 1297 2630 autem
1316 2599 1545 2640 Tigranocerta.
1570 2600 1631 2630 De-

875 2643 968 2681 jecit,
981 2640 1122 2682 depulit:
1141 2642 1270 2682 deficere
1283 2648 1333 2673 est
1344 2642 1472 2673 verbum
1490 2642 1532 2674 rei
1549 2641 1634 2672 mili-

887 2682 982 2721 taris;
1003 2686 1271 2726 propugnaculum
1297 2687 1426 2725 dejicere
1452 2685 1539 2727 apud
1565 2685 1635 2716 Cic.

891 2727 983 2758 Verr'.
1009 2725 1055 2762 iii,
1075 2728 1133 2765 163
1158 2727 1229 2758 Liv.
1251 2727 1295 2763 iv,
1317 2728 1371 2763 53,
1392 2730 1516 2768 dejectis
1530 2730 1582 2769 qui
1602 2730 1636 2758 ιἰι

885 2771 1026 2808 praesidio
1039 2776 1127 2800 eram
1140 2781 1148 2799 .·
1173 2770 1266 2812 plura
1281 2771 1428 2813 exempla
1448 2770 1535 2802 dedit
1551 2771 1636 2801 Dra-

886 2812 982 2843 kenb.
997 2811 1038 2842 ad
1055 2812 1127 2843 Liv.
1144 2812 1222 2848 xxii,
1237 2814 1292 2849 24,
1312 2814 1328 2853 §
1346 2815 1377 2844 7.

932 2856 986 2886 31.
1008 2855 1139 2891 Summe,
1161 2866 1371 2898 summopere,
1392 2866 1517 2886 summa
1540 2865 1634 2886 cura:

889 2896 994 2928 locum
1007 2897 1098 2929 illum
1114 2899 1363 2940 Tigranocertam
1377 2898 1486 2934 fuisse,
1499 2908 1517 2929 e
1531 2897 1637 2929 Dione

889 2942 1056 2983 probatum
1072 2940 1130 2972 ivit
1143 2942 1317 2983 Cruquius.
1350 2941 1524 2972 Multarum
1541 2942 1637 2971 divite.

890 2995 1005 3022 rerum,
1020 2981 1206 3016 abundante
1225 2985 1395 3016 multarum
1412 2994 1513 3015 rerum
1535 2982 1640 3025 copia.
