1884 3288
856 215 1286 258 SATIRARUM

499 317 592 367 Ille,
614 317 724 359 datis
745 317 925 358 vadibus
944 317 1017 370 qui
1036 330 1135 356 rure
1155 320 1371 356 extractus
1392 313 1436 353 in
1455 314 1604 354 urbem
1623 320 1703 363 est,

499 383 623 425 Solos
645 382 787 424 felices
808 383 994 424 viventes
1014 381 1165 423 clamat
1185 382 1226 421 in
1249 382 1369 421 urbe.

500 449 656 491 Cetera
675 450 730 490 de
750 463 906 503 genere
927 449 1023 498 hoc,
1045 449 1153 489 adeo
1175 454 1273 489 sunt
1293 446 1439 494 multa,
1459 445 1680 500 loquacem

500 515 730 556 Delassare
750 515 891 556 valent
912 514 1104 555 Fabium.
1163 513 1234 554 Ne
1256 520 1297 554 te
1318 527 1473 561 morer,
1495 513 1610 560 audi,

421 582 471 622 15

502 581 602 629 Quo
623 595 712 622 rem
731 581 954 621 deducam.
1015 580 1062 620 Si
1082 580 1176 633 quis
1198 579 1335 628 Deus,
1360 579 1430 619 En
1450 593 1545 632 eg0,
1567 578 1682 619 dicat

501 647 530 688 J
533 662 598 688 am
618 647 769 688 faciam
788 647 904 701 quod
926 645 1073 686 vultis:

1105 646 1189 686 eris
1211 653 1272 694 tu,
1295 646 1368 699 qui
1388 645 1515 686 modo
1534 643 1668 692 miles,

503 713 745 754 Mercator:
777 720 825 753 tu
845 711 1064 753 consultus
1085 712 1211 752 modo
1232 712 1439 752 rusticus:
1470 710 1570 751 hinc
1588 723 1678 758 voe,

503 778 597 820 Vos
617 779 715 819 hinc
736 778 908 818 mutatis
929 777 1136 818 discedite
1156 778 1351 830 partibus
1368 792 1377 816 ι
1409 777 1488 824 eia,

505 844 623 892 Quid
646 845 798 884 statis?
858 843 1023 884 Nolint.

419 911 474 951 20

1085 842 1221 895 Atqui
1236 842 1336 882 licet
1356 855 1449 881 esse
1469 840 1621 880 beatis.

504 910 624 956 Quid
645 924 785 950 causae
806 916 885 958 est,
907 908 1058 949 merito
1079 909 1181 961 quin
1201 907 1281 947 illis
1302 906 1474 960 Jupiter
1493 906 1637 946 ambas

504 976 645 1017 Iratus
665 977 822 1016 buccas
844 974 977 1021 inflet,
1001 988 1140 1027 neque
1162 987 1207 1013 se
1228 973 1320 1013 fore
1340 971 1521 1026 posthac

505 1042 616 1083 Tam
637 1041 800 1082 facilem
821 1041 950 1088 dicat,
972 1040 1079 1079 votis
1101 1046 1148 1078 ut
1167 1039 1359 1091 praebeat
1379 1039 1554 1078 aurem?

508 1107 741 1155 Praeterea,
763 1121 815 1146 ne
838 1106 911 1154 sic,
934 1112 981 1145 ut
1002 1106 1075 1158 qui
1090 1103 1312 1158 jocularia,
1334 1103 1477 1144 ridens

505 1173 772 1220 Percurram,
795 1185 1050 1225 quamquam
1069 1171 1278 1211 ridentem
1299 1169 1441 1210 dicere
1467 1183 1614 1210 verum

420 1239 474 1279 25

506 1238 625 1285 Quid
646 1239 791 1278 vetat?
823 1243 870 1277 ut
889 1237 1034 1291 pueris
1054 1236 1149 1277 olim
1171 1236 1275 1276 dant
1295 1235 1485 1276 crustula
1503 1235 1651 1277 blandi

506 1305 735 1353 Doctores,
758 1302 966 1344 elementa
986 1301 1115 1342 velint
1136 1309 1183 1342 ut
1205 1302 1369 1342 discere
1389 1302 1547 1355 prima3

507 1369 596 1410 Sed
618 1377 758 1409 tamen
778 1375 918 1409 amoto
938 1382 1177 1421 quaeramus
1200 1367 1310 1408 seria
1328 1367 1444 1408 ludo.

506 1434 596 1485 Ille,
619 1449 790 1489 gravem
811 1434 919 1475 duro
940 1441 1097 1474 terram
1117 1434 1191 1487 qui
1211 1433 1338 1474 vertit
1358 1439 1513 1483 aratro,

382 1554 431 1583 11.
454 1553 511 1583 Ille
527 1553 715 1594 (consultor,
730 1552 845 1591 cliens>
869 1553 994 1583 vadibus
1009 1553 1064 1582 da-

338 1596 377 1624 tis
391 1597 453 1634 qui,
469 1599 544 1625 cett.
559 1605 652 1635 quem
669 1604 772 1625 causae
795 1595 935 1625 dicendae
960 1603 1064 1624 neces-

335 1636 410 1666 sitas
434 1635 540 1676 adegit
567 1635 717 1676 proficisci
743 1635 777 1665 in
809 1636 927 1670 urbem,
963 1640 999 1665 ut
1023 1634 1066 1664 ibi

337 1682 502 1718 patronum
516 1677 680 1714 consulat;
702 1678 782 1707 datis
796 1679 920 1707 vadibus
931 1687 984 1717 pro
999 1677 1067 1706 vul-

338 1719 417 1758 gari,
433 1718 465 1748 in
478 1718 634 1758 judicium
651 1724 798 1759 vocatusj
821 1718 847 1748 is
861 1719 955 1755 enim,
974 1728 1067 1758 quem

340 1759 512 1790 vadabatur
536 1766 711 1794 accusator,
735 1760 867 1790 debebat
916 1759 1068 1790 remittere

340 1801 564 1838 vadimonium,
589 1801 620 1831 h.
636 1812 664 1832 e.
691 1803 776 1832 vades
799 1802 883 1842 (obsi
908 1811 952 1838 es,
975 1811 1067 1842 spon-

338 1843 438 1881 sores)
453 1845 536 1878 dare,
553 1843 607 1884 qui
625 1843 817 1884 praesentiam
834 1843 866 1873 in
887 1843 941 1884 jus
967 1842 1068 1873 vocati

341 1894 399 1915 sua
411 1885 471 1915 fide
484 1890 516 1915 et
529 1895 585 1914 suo
607 1884 746 1926 periculo
764 1891 962 1926 praestarent:
983 1886 1069 1915 vades

341 1935 403 1956 non
426 1926 460 1956 iu
482 1926 593 1968 capitis
615 1932 732 1956 tantum
755 1927 869 1961 causis,
892 1927 957 1960 sed,
981 1937 1070 1966 aeque

343 1977 380 1998 ac
394 1970 516 2007 praedes,
538 1967 569 1996 in
593 1967 694 1997 causis
714 1978 837 2008 quoque
863 1967 999 2009 privatis,
1025 1968 1071 1998 uti

341 2009 400 2039 hoc
423 2009 492 2039 loco
506 2020 512 2038 2
536 2008 600 2039 vid.
616 2009 738 2039 Ernest.
753 2009 786 2039 in
809 2010 899 2040 Clav.
916 2009 986 2040 Cic.
1000 2020 1025 2039 s.
1041 2020 1070 2040 v.

345 2050 413 2081 Vas.

386 2093 437 2122 13.
462 2092 567 2122 Cetera
592 2094 627 2122 de
648 2103 757 2139 genere
791 2094 853 2129 hoe,
883 2092 1071 2134 principium

340 2143 446 2165 versus
462 2133 639 2164 Lucretiani
654 2145 696 2168 ιν,
714 2135 787 2164 594.

387 2177 437 2206 14.
477 2175 622 2205 Fabium.-
655 2174 836 2215 quicunque
863 2175 988 2204 demum
1018 2175 1071 2206 ille

341 2217 445 2252 fuerit,
475 2216 540 2247 sive
577 2216 789 2258 philosophus,
817 2215 881 2246 sive
915 2216 1070 2256 juriscon-

343 2259 453 2294 sultus,
480 2264 571 2300 poeta
593 2258 660 2299 jam
683 2269 754 2288 eum
781 2263 815 2288 ut
839 2257 995 2288 bominem
1026 2259 1070 2289 lo-

343 2310 474 2342 quacem
490 2299 589 2338 ride23
612 2299 692 2330 idem
707 2300 832 2330 fortasse
855 2298 926 2334 fuit,
950 2299 988 2330 de
1010 2310 1072 2340 quo

344 2343 404 2373 sub
431 2342 485 2372 fin.
511 2343 578 2372 Sat.
607 2351 655 2381 sq.
687 2341 780 2371 Fabio
806 2342 850 2371 vel
870 2343 980 2380 judice
1004 2344 1070 2372 vin·

343 2394 420 2415 cam.
465 2383 512 2414 Ne
528 2390 555 2413 te
569 2394 676 2418 morer.
692 2388 765 2413 cett.
781 2393 819 2413 ne
833 2388 862 2412 te
884 2382 1002 2413 diutius
1016 2383 1070 2414 de-

345 2426 474 2460 tineam,
507 2424 592 2459 audi,
624 2434 686 2465 quo
718 2425 855 2459 tendam,
888 2435 998 2466 nempe
1033 2425 1072 2455 ad

343 2466 581 2498 describendum
609 2465 780 2500 hominum,
808 2476 969 2506 nunquam
992 2473 1072 2498 sorte

345 2519 403 2540 sua
415 2514 642 2542 contentorum,
655 2507 827 2547 ingenium.

390 2551 439 2582 16.
461 2550 532 2580 Jam
548 2550 680 2592 faciam,
699 2560 743 2580 sc.
766 2559 804 2580 ex
827 2548 916 2580 vobis
939 2548 972 2579 id
997 2552 1073 2590 quod

344 2603 409 2624 esse
423 2593 526 2623 vultis.

390 2635 440 2665 18.
463 2634 594 2664 Mutatis
613 2634 761 2672 partibus,
790 2642 836 2663 sc.
867 2642 946 2673 quas
972 2633 1073 2664 adhuc

345 2675 379 2707 in
395 2676 459 2707 vita
482 2674 596 2715 egistis,
623 2685 676 2716 pro
700 2674 834 2716 vulgari,
859 2679 978 2705 mutata
1004 2675 1075 2706 vitae

346 2717 535 2749 conditione.

392 2761 441 2791 19.
466 2758 584 2794 Nolim,
609 2756 753 2797 equidem
780 2757 969 2799 praetulerim
1000 2757 1075 2788 alte-

346 2811 412 2832 ram
438 2799 613 2835 lectionem,
637 2799 766 2829 Nolunt.
813 2798 921 2829 Oratio
943 2799 1078 2830 cohaeret

346 2843 390 2874 sic
404 2855 411 2873 :
434 2842 460 2873 si
475 2841 546 2883 quis
561 2841 639 2871 deus
652 2839 692 2870 ad
712 2839 863 2876 homines,
879 2840 933 2882 qui
955 2840 1076 2871 diversa

347 2890 513 2926 sequentes
537 2882 678 2919 laudant,
699 2882 795 2917 dicat,
821 2882 985 2918 Accedite,
1017 2893 1075 2923 ego

348 2926 453 2958 statim
467 2935 522 2956 vos
537 2924 664 2956 mutabo
678 2923 710 2954 in
731 2934 784 2955 eos
806 2923 839 2955 in
862 2934 942 2965 quos
964 2924 1075 2956 mutari

1109 1550 1244 1591 cupitis;
1275 1555 1419 1592 expectat
1443 1548 1601 1597 paulisper
1623 1549 1712 1586 deus,
1737 1550 1792 1583 sed
1812 1551 1835 1582 ii

1110 1592 1258 1623 accedere
1286 1598 1319 1622 et
1346 1597 1462 1622 mutari·
1487 1593 1614 1622 notum.-
1649 1599 1756 1623 notum
1789 1599 1837 1624 est

1110 1633 1190 1663 illud
1219 1633 1389 1669 Ciceronis,
1420 1639 1509 1668 tacet,
1538 1636 1692 1665 consentit.
1749 1635 1836 1666 Licet

1111 1686 1167 1706 esse
1183 1677 1284 1710 beatis,
1309 1676 1419 1706 Graece
1441 1685 1507 1716 pro,
1522 1674 1597 1706 licet
1617 1674 1654 1706 iis
1674 1685 1741 1707 esse
1762 1677 1836 1707 bea-

1109 1722 1177 1754 tos;
1201 1717 1245 1747 sic
1264 1718 1330 1748 Sat.
1345 1718 1366 1754 i,
1381 1718 1414 1752 2,
1435 1719 1488 1753 51,
1503 1719 1644 1757 munifico
1665 1729 1722 1749 esse
1745 1719 1836 1756 licet,-

1111 1759 1179 1788 Sat.
1195 1759 1218 1793 i,
1235 1761 1265 1794 4,
1287 1760 1341 1794 39,
1361 1761 1492 1789 dederim
1517 1761 1621 1799 quibus
1643 1770 1700 1790 esse
1723 1763 1835 1799 poetis,-

1112 1801 1177 1830 Sat.
1199 1799 1222 1836 i,
1237 1801 1268 1835 6,
1289 1801 1342 1835 25,
1358 1802 1490 1840 fierique
1514 1802 1655 1838 tribuno,·
1681 1801 1783 1843 Epist.
1798 1802 1838 1833 ad

1113 1841 1179 1872 Pis.
1191 1842 1237 1876 iii.
1254 1843 1329 1876 372,
1344 1844 1539 1872 mediocribus
1551 1852 1608 1873 este
1619 1845 1722 1883 poetis.

1155 1885 1208 1921 20,
1225 1885 1276 1914 21.
1303 1884 1385 1918 Quid
1410 1894 1503 1915 causae
1526 1890 1580 1918 est.
1605 1886 1689 1925 quin,
1714 1885 1838 1927 quidni,

1115 1935 1216 1956 nonne
1240 1925 1334 1966 igitur
1354 1925 1462 1956 merito
1483 1925 1606 1966 Jupiter
1621 1928 1694 1962 iuis,
1708 1926 1739 1958 h.
1753 1937 1784 1958 e.
1799 1928 1839 1958 ob

1114 1966 1249 2004 iliorum,
1266 1967 1356 1998 modo
1371 1966 1489 2008 aliquid
1509 1967 1732 2008 appetentium,
1747 1969 1840 2000 modo

1111 2007 1192 2039 idem
1220 2008 1442 2046 recusantium,
1466 2008 1718 2045 inconstantiam,
1741 2013 1842 2042 ambus

1113 2050 1217 2080 Iratus
1232 2052 1338 2081 buccas
1351 2051 1446 2091 inflet.
1491 2050 1555 2087 Qui
1569 2051 1615 2081 ira
1625 2053 1840 2090 exardescunt,

1114 2092 1230 2122 buccas
1251 2092 1357 2122 inflare
1387 2092 1507 2129 solent;
1540 2093 1721 2134 exprimitur
1748 2093 1841 2135 igitur

1115 2133 1172 2163 hac
1190 2134 1344 2164 locutione
1359 2133 1460 2175 imago
1474 2134 1647 2166 irascentis.

1155 2175 1208 2205 23.
1253 2176 1415 2210 Praeterea,
1451 2186 1487 2206 ne
1517 2181 1590 2207 cett.
1622 2183 1770 2214 ceterum,
1801 2189 1841 2210 ne

1113 2226 1197 2246 more
1222 2226 1340 2252 eorum,
1362 2217 1418 2257 qui
1440 2227 1487 2247 res
1511 2217 1648 2248 ludicras
1666 2224 1697 2249 et
1715 2219 1842 2260 jocosas

1114 2257 1242 2287 ridendo
1259 2263 1449 2298 percurrunt,
1465 2268 1522 2298 ego
1537 2269 1661 2300 quoque
1677 2259 1758 2292 hanc
1776 2272 1841 2293 rem

1114 2299 1224 2329 seriam
1239 2299 1341 2330 ridens
1356 2310 1544 2341 percurram.

1156 2341 1209 2372 25.
1245 2342 1337 2376 Olim,
1364 2341 1395 2371 in
1421 2342 1702 2383 comparationibus
1726 2345 1842 2386 passim

1114 2381 1153 2413 de
1177 2383 1269 2413 rebus
1297 2393 1367 2424 quae
1393 2383 1484 2414 factae
1517 2389 1600 2422 sunt,
1627 2390 1658 2415 et
1681 2395 1771 2427 porro
1798 2387 1844 2418 ita

1115 2423 1179 2454 fieri
1211 2424 1332 2462 solent;
1374 2435 1617 2466 nonuunquam:
1661 2437 1729 2463 nos,
1757 2435 1843 2466 eima,

1115 2467 1298 2496 manchmat:
1320 2466 1378 2496 inf.
1404 2466 1507 2508 Epist.
1530 2469 1553 2503 i,
1577 2469 1628 2503 lo,
1654 2469 1708 2505 42,
1723 2476 1760 2500 ut
1779 2472 1843 2501 eal-

1115 2518 1182 2537 ceus
1204 2509 1295 2544 oli1n;
1322 2508 1411 2548 Virg.
1435 2509 1512 2540 AEn.
1531 2509 1594 2547 viii,
1614 2510 1674 2540 391
1699 2521 1748 2552 sq.
1774 2511 1843 2542 Non

1114 2560 1196 2579 secus
1207 2557 1295 2589 utque
1305 2551 1387 2585 olim,
1400 2552 1515 2580 tonitru
1524 2562 1612 2591 quum
1622 2559 1714 2591 rupta
1723 2564 1843 2584 corusco

1117 2591 1211 2631 Ignea
1221 2593 1298 2621 rima
1307 2594 1419 2622 micans
1429 2595 1582 2631 percurrit
1597 2594 1709 2624 lumine
1725 2596 1844 2627 nimbos.

1159 2633 1212 2663 27.
1234 2634 1290 2664 Sed
1309 2641 1424 2664 tamen:
1447 2633 1496 2664 hae
1519 2634 1692 2675 particuiae,
1714 2641 1748 2666 ut
1768 2635 1841 2667 sirn-

1118 2674 1252 2715 pliciter,
1280 2676 1328 2705 sed
1358 2677 1467 2715 igitur,
1493 2676 1648 2716 eleganter
1675 2683 1743 2718 post
1775 2678 1842 2709 lon-

1119 2715 1235 2755 giorem
1251 2717 1445 2756 parenthesin
1459 2716 1662 2759 interruptam
1675 2719 1844 2751 orationem

1119 2757 1298 2799 excipiunt3
1342 2757 1483 2800 exempla
1519 2758 1726 2790 Ciceroniana
1759 2761 1845 2792 dedit

1121 2800 1244 2830 Ernesti
1269 2799 1302 2829 in
1326 2800 1414 2831 Clav.
1440 2799 1510 2831 Cic.
1532 2810 1558 2831 e.
1581 2811 1611 2831 v.
1634 2801 1701 2832 Sed.
1735 2802 1844 2834 Oratio

1117 2841 1176 2871 sibi
1192 2841 1356 2882 respondet
1369 2841 1432 2873 sic:
1456 2846 1604 2878 ceterum,
1627 2851 1667 2874 ne
1686 2842 1845 2875 videamur

1117 2883 1250 2914 ridicula
1275 2888 1406 2930 tractare
1429 2883 1522 2921 velle,
1540 2889 1643 2916 amoto
1665 2883 1738 2916 ludo
1757 2895 1844 2927 qum-

1118 2934 1220 2956 ramus
1235 2933 1327 2957 seria.
