1904 3314
325 189 410 230 504

807 189 1066 232 EPISTO
1083 188 1335 231 LARUM

443 289 650 331 Venimus
672 290 726 331 ad
749 304 950 331 summam
970 290 1178 339 fortunae3
1208 288 1435 342 pingimus,
1457 294 1585 341 atque

443 354 683 404 Psallimus,
705 362 748 395 et
767 355 976 396 luctamur
995 355 1172 397 Achivis
1193 355 1359 396 doctius
1381 355 1534 395 unctis.

446 421 493 462 Si
511 420 684 462 meliora
704 421 811 471 dies,
833 429 880 462 ut
901 422 1009 471 vina,
1030 428 1227 476 poemata
1244 421 1403 469 reddit,

359 487 414 529 35
445 488 565 529 Scire
585 486 724 537 velim,
745 489 930 542 pretium
950 489 1107 529 chartis
1128 494 1284 543 quotus
1305 492 1477 541 arroget
1496 499 1657 527 annus:

445 554 638 608 Scriptor
658 554 812 595 abhinc
834 569 965 595 annos
988 562 1157 595 centum
1177 555 1250 608 qui
1271 554 1444 602 decidit,
1464 553 1576 593 inter

445 620 669 661 Perfectos
690 627 945 674 veteresque
966 620 1117 661 referri
1137 621 1298 661 debet?
1329 635 1383 660 an
1401 620 1512 660 inter

445 686 567 728 Viles
588 694 717 741 atque
738 689 900 728 novos?
931 687 1133 728 excludat
1148 687 1292 741 jurgia
1311 685 1424 727 finis.

447 752 530 794 Est
551 761 673 794 vetus
696 760 823 807 atque
845 754 1024 807 probuS,
1045 760 1214 794 centum
1234 753 1307 806 qui
1326 751 1495 806 perficit
1513 764 1659 791 annos.

359 819 416 860 40
446 819 563 866 Quid
581 821 597 860 ’ἒ
629 820 702 873 qui
723 819 905 873 deperiit
925 820 1060 859 minor
1079 834 1166 860 uno
1186 833 1329 859 mense
1349 818 1415 858 vel
1435 832 1562 866 anno,

445 885 565 927 Inter
585 901 693 940 quos
713 886 964 927 referendus
985 886 1092 926 erit?
1124 892 1342 926 veteresne
1362 886 1539 938 poetas?

446 950 520 993 An
541 967 650 1006 quos
672 960 716 994 et
736 967 928 1006 praesens
949 959 992 992 et
1011 958 1185 1005 postera
1203 957 1379 1004 respuat
1399 951 1531 990 aetas‘?

447 1018 536 1060 Iste
558 1020 730 1073 quidem
750 1026 916 1060 veteres
938 1019 1047 1058 inter
1068 1024 1252 1071 ponetur
1271 1016 1466 1063 honeste,

446 1085 535 1131 Qui
557 1085 622 1126 vel
643 1099 787 1126 mense
807 1084 928 1125 brevi
948 1082 1015 1124 vel
1035 1089 1126 1123 toto
1147 1090 1213 1123 est
1228 1083 1373 1135 junior
1393 1094 1516 1122 anno.

359 1149 415 1190 45
445 1149 559 1191 Utor
578 1151 802 1205 permisso,
825 1150 1060 1202 caudaeque
1080 1147 1190 1202 pilos
1212 1155 1258 1188 ut
1278 1148 1460 1201 equinae,

334 1245 480 1284 nucleo),
496 1246 539 1276 nil
561 1245 628 1276 duri
645 1252 732 1277 extra
752 1246 784 1277 in
802 1255 882 1277 nuce
901 1245 953 1287 (in
975 1245 1064 1276 nucis

333 1288 511 1329 putamine)
526 1299 534 1326 3
565 1288 648 1329 quod
679 1289 734 1330 qui
764 1289 942 1326 contendat,
971 1298 1063 1318 sensu

332 1330 490 1360 communi
506 1336 600 1361 caret.

375 1373 515 1403 32—35.
544 1372 690 1402 Horatius
717 1372 876 1403 Romanos
898 1371 994 1402 stulte
1010 1381 1060 1401 ar-

334 1412 412 1444 tium
427 1413 601 1450 scientiam,
619 1419 767 1454 tanquam
784 1423 802 1443 a
825 1413 976 1450 veteribus
997 1414 1062 1443 Ro-

334 1455 435 1486 manis
458 1456 614 1491 traditam,
636 1455 791 1496 jactantes
813 1455 954 1486 inducit:
979 1466 1063 1486 sum-

335 1507 430 1533 mam,
458 1508 513 1528 vos
537 1497 651 1534 dicitis,
677 1509 749 1538 quae
775 1497 864 1528 nobis
889 1497 1067 1538 contingere

335 1544 465 1581 poterat.
507 1539 727 1581 perfectionem
770 1539 903 1570 assecuti
940 1549 1068 1576 sumus;

335 1580 505 1622 pingendo,
526 1581 699 1622 psallendo,
721 1586 753 1612 et
771 1580 921 1612 luctando
938 1591 1064 1623 supera-

334 1633 406 1653 mus
428 1622 574 1654 Graecos!
608 1623 734 1654 Unctis.-
756 1622 903 1653 luctaturi
926 1623 1010 1653 enim
1034 1623 1067 1652 in

336 1664 482 1706 palaestra
504 1665 550 1696 vel
573 1664 605 1694 in
630 1665 750 1706 Campo
768 1664 885 1695 Martio
903 1664 972 1695 oleo
991 1664 1069 1705 ungi

336 1706 492 1737 solebant.

378 1749 433 1779 35.
467 1749 600 1783 chartis,
625 1747 829 1784 carminibus,
857 1758 927 1789 quae
955 1747 1070 1789 scripta

337 1796 411 1821 sunt
435 1789 468 1820 in
497 1790 611 1821 tabulis
638 1790 831 1821 chartaceis:
863 1790 919 1822 inf.
947 1789 979 1820 in
1009 1790 1067 1820 hac

337 1831 440 1873 Epist.
469 1843 500 1863 v.
534 1833 605 1867 161,
637 1833 747 1863 Graecae
775 1834 897 1869 chartae,
930 1832 1069 1862 carmina

338 1874 470 1911 Graeca3
487 1874 569 1915 apud
581 1874 698 1904 Catull.
710 1874 808 1910 lxviii,
820 1875 983 1912 46,charta
991 1885 1067 1904 anus

336 1916 454 1955 aliquid
473 1917 564 1955 loqui,
589 1915 621 1945 h.
641 1927 670 1946 e.
691 1917 830 1947 carmina
850 1927 922 1957 quae
942 1917 1066 1956 longam

337 1962 457 1987 aetatem
474 1957 623 1994 tulerunt,
640 1957 759 1999 aliquid
773 1968 894 1989 narrare
911 1958 1068 1989 dicuntur.

339 1999 476 2029 Pretium
497 2006 628 2040 arroget,
647 2000 807 2031 vetustatis
828 2000 961 2041 pretium
980 2000 1067 2030 attri-

339 2041 426 2076 buat,
444 2041 593 2071 vindicet.

381 2083 435 2113 36.
480 2083 613 2116 Decidit,
639 2088 779 2113 mortuus
802 2089 868 2113 est:
895 2083 1069 2120 morientes,

338 2129 371 2155 ut
383 2124 512 2155 flaccida
521 2124 594 2154 folia
603 2125 743 2155 arborum
750 2149 757 2161 ‚
766 2127 899 2155 decidere
909 2125 1055 2156 dicuntur
1064 2138 1072 2164 3

340 2166 387 2196 vel
422 2166 606 2207 simpliciter
640 2167 679 2196 ad
720 2168 830 2197 decidit
869 2167 990 2208 supple,
1031 2167 1071 2197 ad

339 2218 444 2238 orcum
460 2220 466 2238 ι
491 2219 560 2250 sup.
578 2208 640 2239 Od.
657 2207 699 2243 iv,
716 2210 746 2243 7,
767 2210 817 2241 14.
839 2209 908 2244 Nos,
925 2210 976 2238 ‘ubi
990 2211 1069 2239 deci-

339 2251 451 2284 dimus,
469 2251 535 2284 Quo
548 2253 616 2290 pius
631 2251 751 2285 AEneas,
767 2255 840 2280 cett.

382 2293 435 2322 38.
451 2291 822 2334 Excludatjurgiafiuis:
845 2291 990 2322 definitus
1005 2292 1069 2323 sive

339 2334 530 2376 praestitutus
545 2343 707 2369 annorum,
724 2334 839 2375 quibus
852 2339 988 2364 vetustas
1003 2335 1068 2365 effi-

338 2376 429 2413 citur,
444 2386 592 2406 numerus
611 2376 701 2407 tollat
724 2381 756 2407 et
776 2382 929 2407 removeat
946 2386 1068 2407 omnem

339 2417 377 2448 de
393 2418 450 2449 hac
465 2428 496 2448 re
514 2417 598 2448 litem
615 2423 708 2458 atque
722 2417 972 2450 controversiam.

380 2460 435 2490 39.
483 2459 607 2495 Probus,
637 2459 720 2490 idem
756 2460 810 2501 qui
841 2460 933 2490 modo
962 2471 992 2490 v.
1027 2461 1067 2491 37

341 2500 442 2532 dictus
456 2506 502 2532 est
517 2502 677 2543 perfectus.

383 2544 436 2574 40.
461 2543 575 2580 Minor,
592 2553 637 2574 sc.
655 2548 749 2582 natu;
769 2543 887 2584 junior.

383 2586 434 2615 42.
459 2587 520 2622 An,
540 2596 584 2616 sc.
606 2585 687 2616 inter
705 2596 758 2616 eos
778 2596 868 2626 quos,
887 2590 961 2616 cett.
1007 2587 1068 2616 Pro

339 2627 460 2667 vulgari
475 2634 603 2667 respuet,
620 2627 691 2658 dedi
706 2638 779 2658 cum
800 2627 944 2658 Bentleio
957 2632 990 2658 et
1005 2628 1068 2659 Fea

341 2676 472 2709 respuat,
485 2669 728 2710 suffragantibus
740 2670 883 2700 omnibus
895 2670 956 2700 fere
970 2669 1071 2701 Codd.

383 2713 435 2741 43.
460 2711 601 2749 Honeste,
617 2722 678 2742 non
694 2711 856 2748 immerito,
872 2717 965 2742 recte.

381 2754 519 2784 45—49.
547 2754 622 2784 Utor
635 2756 783 2791 permisso,
799 2759 872 2784 cett.
894 2759 964 2784 utor
981 2753 1073 2784 venia

338 2794 468 2825 ulterius
485 2795 669 2836 quaerendi;
693 2802 735 2831 et,
754 2795 835 2826 sicut
855 2805 953 2826 unum
974 2795 1074 2837 pilum

337 2842 405 2878 post
419 2837 550 2868 alterum
565 2848 603 2869 ex
622 2837 724 2869 cauda
745 2837 871 2879 equina,
891 2837 934 2868 ita
951 2838 990 2869 de
1012 2849 1070 2869 nu—

336 2889 419 2910 mero
431 2889 594 2916 annorum,
608 2879 721 2921 quibus
735 2884 871 2911 vetustas
884 2879 1069 2921 scriptorum

335 2921 551 2959 constituatur,
562 2922 712 2964 pauiatim
730 2922 810 2953 vello
822 2927 852 2953 et
865 2922 955 2953 demo
969 2933 1068 2954 unum

1107 1254 1269 1276 numerum
1292 1249 1361 1286 post
1385 1244 1529 1281 alterum,
1553 1241 1661 1284 (dum)
1683 1241 1781 1274 donee
1808 1242 1836 1273 is

1109 1287 1191 1328 (Qui
1225 1287 1303 1316 redit
1333 1287 1373 1316 ad
1397 1286 1529 1327 fastos),
1563 1284 1619 1327 qui
1655 1285 1836 1327 scriptorum

1108 1329 1320 1375 praestantiam
1343 1338 1471 1358 numero
1491 1327 1610 1358 dierum
1633 1332 1665 1358 et
1685 1336 1836 1358 annorum

1106 1381 1138 1400 1n
1165 1370 1250 1400 fastis
1275 1370 1466 1411 signatorum
1487 1369 1632 1404 aestimat,
1651 1374 1684 1400 et
1707 1368 1753 1399 nil
1778 1368 1837 1399 nisi

1107 1412 1221 1454 scripta
1229 1412 1295 1453 jam
1305 1411 1359 1442 diu
1367 1418 1553 1443 mortuorum
1562 1410 1702 1446 miratur,
1711 1411 1837 1452 (cadat)

1107 1453 1210 1485 victus
1233 1454 1380 1485 concidat
1401 1453 1519 1484 ratione
1543 1451 1712 1484 corruentis
1736 1453 1838 1484 acervi

1109 1496 1225 1533 elusus,
1253 1496 1286 1527 h.
1313 1506 1342 1526 e.
1367 1496 1466 1526 donee
1499 1494 1541 1530 ei,
1571 1494 1687 1526 ratione
1717 1494 1838 1526 numeri

1110 1537 1223 1568 sensim
1247 1537 1426 1578 sensimque
1455 1535 1567 1567 minuti
1588 1536 1731 1578 decepto,
1754 1546 1840 1578 aqua

1108 1580 1234 1610 haereat.
1280 1580 1387 1610 Habes
1409 1578 1460 1610 hie
1482 1578 1640 1619 egregium
1660 1578 1837 1626 exemplum

1111 1622 1226 1656 Sor-itae,
1251 1632 1343 1663 quem
1373 1621 1483 1653 Cicero
1516 1621 1574 1661 (de
1598 1619 1708 1651 Divin.
1737 1619 1772 1656 ir,
1798 1620 1837 1660 4)

1112 1663 1838 1705 Latineappellatargumentationemacervalem,

1112 1715 1131 1736 a
1148 1705 1260 1736 Graeca
1277 1716 1352 1737 voce
1372 1706 1486 1744 σωρὸς,
1500 1715 1634 1736 acervus.
1678 1705 1838 1742 Quemad-

1112 1747 1236 1777 modum
1253 1747 1372 1779 scilicet
1382 1757 1522 1782 acervus,
1534 1757 1563 1777 v.
1579 1757 1609 1778 c.
1623 1745 1729 1782 tritici,
1743 1756 1760 1778 e
1775 1757 1838 1788 quo

1111 1795 1258 1831 perpetuo
1272 1800 1368 1820 unum
1382 1799 1512 1830 granum
1527 1793 1595 1830 post
1613 1788 1742 1819 alterum
1755 1789 1840 1820 tolli-

1112 1837 1172 1867 tur,
1188 1831 1311 1862 tandem
1326 1831 1458 1867 corruit;
1481 1830 1525 1861 ita
1538 1840 1668 1870 magnus
1682 1840 1840 1869 numeruS,

1110 1883 1127 1904 e
1147 1883 1208 1914 quo
1227 1884 1325 1904 unum
1345 1879 1413 1915 post
1433 1872 1563 1903 alterum
1586 1871 1697 1908 demis,
1717 1871 1762 1903 ita
1779 1872 1838 1902 mi..

1088 1940 1094 1942 ,
1111 1916 1228 1950 nuitur,
1246 1922 1293 1951 ut,
1317 1915 1371 1946 ubi
1395 1915 1448 1946 ille
1470 1924 1600 1955 magnus
1620 1923 1687 1946 esse
1707 1913 1839 1952 desinat,

1112 1967 1243 1988 sseSCleS·

1154 2000 1206 2030 47.
1231 2000 1341 2034 Cedat,
1361 2009 1431 2029 cum
1453 2007 1565 2029 acervo
1584 1997 1740 2032 concidat.
1756 1997 1789 2028 h.
1810 2008 1840 2030 e.

1112 2051 1146 2072 se
1160 2041 1199 2071 ad
1214 2041 1325 2072 incitas
1336 2040 1494 2071 redactum
1509 2049 1576 2071 esse
1590 2039 1756 2081 intelligat.

1156 2085 1206 2114 49.
1253 2083 1321 2113 Nisi
1351 2084 1427 2123 quod
1454 2083 1590 2113 Libitina
1618 2084 1758 2117 sacravit,
1783 2080 1840 2112 nisi

1113 2126 1196 2166 quod
1226 2125 1299 2155 olim
1329 2125 1516 2166 scripserunt
1542 2123 1688 2155 Libitinae
1715 2124 1841 2159 sacrati,

1114 2166 1146 2197 h.
1160 2178 1187 2198 e.
1201 2166 1325 2208 sepultii
1341 2167 1391 2197 De
1407 2167 1546 2197 Libitina
1561 2165 1623 2196 vid.
1637 2176 1708 2208 sup.
1720 2166 1760 2197 ad
1775 2165 1841 2197 Od.

1114 2208 1159 2242 iii,
1177 2210 1229 2244 30,
1247 2210 1278 2243 7,
1293 2214 1325 2239 et
1340 2209 1378 2239 ad
1394 2209 1459 2238 Sat.
1476 2208 1509 2242 ii,
1527 2209 1559 2240 6.
1581 2209 1630 2239 19.

1153 2251 1195 2280 50
1220 2261 1288 2291 sqq.
1315 2251 1387 2281 Jam
1419 2249 1566 2280 Horatius
1590 2249 1677 2280 affert
1703 2254 1841 2281 veterum

1111 2298 1271 2333 poetarum
1286 2291 1556 2326 ceiebratissimos,
1570 2291 1720 2326 Ennium,
1734 2291 1840 2322 Νωνί-

1112 2344 1175 2369 um,
1200 2338 1274 2364 cett.
1298 2334 1435 2375 profecto
1459 2343 1533 2369 non,
1557 2338 1593 2363 ut
1637 2333 1718 2364 lures
1740 2333 1841 2364 Inter-

1110 2381 1211 2416 pretes
1227 2376 1432 2410 contendunt,
1448 2381 1484 2406 ut
1499 2384 1606 2406 manes
1615 2375 1740 2407 illorum
1753 2375 1842 2406 velli-

1111 2423 1170 2452 cet,
1185 2423 1216 2448 et
1230 2418 1268 2448 de
1284 2418 1393 2459 pretio,
1410 2416 1494 2458 quod
1509 2416 1548 2447 iis
1567 2416 1767 2454 tribuebatur,
1785 2417 1842 2448 ali-

1111 2459 1187 2500 quid
1201 2460 1355 2494 detrahat,
1371 2459 1426 2490 sed
1441 2464 1474 2490 ut
1489 2459 1644 2494 ostendat,
1658 2470 1746 2500 quam
1756 2470 1841 2491 sane·

1113 2509 1177 2532 tum
1198 2504 1236 2532 sit
1258 2503 1308 2544 (v.
1328 2502 1388 2539 54)
1404 2507 1485 2532 vetus
1506 2511 1588 2532 omne
1605 2511 1716 2541 poema.
1758 2502 1843 2532 Lau-

1113 2544 1167 2574 dat
1191 2545 1275 2585 quod
1298 2542 1491 2574 laudandum
1516 2548 1573 2579 est,
1593 2549 1626 2574 et
1648 2541 1844 2585 reprehendit

1112 2585 1194 2627 quod
1211 2586 1242 2616 in
1262 2586 1528 2627 reprehensionem
1542 2584 1697 2616 incurrere
1711 2584 1843 2618 videtur.

1112 2627 1196 2659 Hinc
1210 2638 1239 2658 v.
1256 2630 1309 2663 63,
1324 2628 1481 2659 Interdum
1491 2627 1600 2668 vulgus
1613 2633 1728 2658 rectum
1743 2629 1820 2658 videt
1829 2639 1841 2665 ‚-

1115 2677 1156 2701 est
1171 2671 1222 2701 ubi
1235 2676 1348 2710 peccat.
1392 2670 1426 2701 Si
1442 2669 1589 2702 Horatius
1607 2668 1704 2700 Ennii
1717 2668 1842 2700 laudem

1115 2711 1298 2743 imminuere
1319 2711 1478 2748 voluisset,
1499 2711 1606 2742 leviter
1626 2716 1708 2742 certe
1725 2717 1842 2743 cetero-

1116 2765 1183 2785 rum
1217 2764 1353 2796 quoque,
1389 2754 1443 2795 qui
1475 2758 1657 2794 sequuntur,
1693 2753 1844 2795 tetigisset

1117 2796 1205 2828 vitia.
1250 2797 1287 2828 In
1309 2806 1345 2827 eo
1366 2801 1488 2827 tantum
1509 2795 1648 2826 homiues
1668 2804 1768 2827 errare
1788 2795 1844 2831 ait,

1113 2838 1196 2879 quod
1212 2838 1255 2869 ita
1269 2838 1421 2870 mirentur
1434 2843 1552 2870 veteres
1567 2837 1614 2879 (v.
1627 2835 1699 2876 65),
1712 2842 1748 2868 ut
1763 2837 1843 2868 nihil

1114 2881 1151 2911 iis
1167 2881 1351 2916 anteferant,
1369 2879 1448 2910 nihil
1462 2879 1502 2910 iis
1515 2883 1704 2921 comparent.

1156 2924 1211 2955 50.
1239 2924 1372 2963 Sapiens,
1396 2921 1520 2958 doctus,
1547 2921 1710 2959 eruditu-53
1733 2919 1840 2952 eodem
