1884 3288
512 903 568 942 30

684 204 983 247 CARMEN
1022 207 1440 250 SAECULARE.

598 307 753 348 Certus
773 307 966 348 undenos
988 308 1129 350 decies
1149 323 1228 362 per
1249 323 1382 349 annos

600 374 732 415 Orbis
755 381 800 414 ut
821 381 971 415 cantus
992 374 1233 429 referatque
1254 374 1395 424 ludos,

596 440 687 481 Ter
707 441 776 480 die
797 439 925 489 claro,
947 440 1160 493 totiesque
1181 447 1304 494 grata

931 506 1075 547 Nocte
1097 506 1356 560 frequentes.

596 571 791 626 Vosque,
814 586 985 612 veraces
1008 573 1229 621 cecinisse,
1253 573 1417 620 Parcae,

598 638 730 685 Quod
751 637 882 678 semel
901 638 1062 678 dictum
1083 646 1162 688 est,
1186 638 1436 692 stabilisque
1457 652 1600 679 rerum

597 704 826 745 Terminus
849 710 1000 752 servat,
1022 704 1136 744 bona
1150 705 1239 758 jam
1258 705 1443 758 peractis

934 769 962 809 J
966 770 1110 822 ungite
1133 769 1232 810 fata.

597 836 766 877 Fertilis
788 836 957 890 frugum
978 837 1232 889 pecorisque
1253 835 1404 876 Tellus

598 902 753 955 Spicea
773 902 905 942 donet
926 901 1127 941 Cererem
1147 915 1303 942 corona
1320 918 1328 941 :

597 968 806 1008 Nutriant
828 967 935 1008 fetes
955 974 998 1007 et
1018 981 1153 1020 aquae,
1178 966 1370 1008 salubres

934 1032 995 1073 Et
1015 1032 1136 1073 Jovis
1157 1047 1286 1073 aurae.

600 1100 784 1140 Condito
804 1100 915 1140 mitis
935 1098 1213 1152 placidusque
1234 1099 1319 1139 telo

597 1160 822 1219 Supplices
843 1165 945 1206 audi
965 1178 1135 1218 puerOS‚
1159 1163 1342 1218 Apollo:

596 1231 795 1272 Siderum
816 1231 963 1284 regina
981 1230 1182 1279 bicornis,
1204 1230 1319 1279 audi,

936 1296 1074 1345 Luna,
1097 1295 1274 1349 puellas.

597 1365 737 1405 Roma
757 1364 792 1404 si
812 1370 999 1404 vestrum
1019 1369 1084 1402 est
1106 1376 1229 1415 opus,
1252 1361 1427 1416 Iliaeque

597 1430 723 1471 Litus
743 1430 977 1470 Etruscum
999 1434 1176 1485 tenuere
1199 1435 1362 1476 turmae,

598 1495 729 1536 Jussa
749 1509 849 1548 pars
871 1501 1034 1534 mutare
1057 1493 1192 1534 Lares
1214 1501 1258 1534 et
1278 1494 1428 1534 urbem

512 1562 568 1601 40

936 1559 1106 1613 Sospite
1128 1573 1255 1599 eursu
1273 1577 1282 1608 ;

600 1626 681 1667 Cui
700 1640 777 1680 per
798 1627 1016 1667 ardentem
1037 1625 1126 1665 sine
1147 1624 1298 1666 fraude
1318 1624 1495 1679 Trojam

313 1769 445 1798 ‘undenos
480 1770 586 1804 decies,
622 1773 695 1799 cett.
730 1778 837 1799 sensus
855 1779 862 1798 t
908 1773 944 1798 ut
978 1771 1047 1808 post

314 1815 440 1839 centum
452 1816 483 1840 et
494 1810 600 1841 decem
612 1820 710 1841 annos
721 1810 849 1841 redeant
863 1808 930 1839 ludi
946 1819 1045 1839 saecu-

314 1851 407 1887 lares,
424 1862 478 1892 per
493 1859 554 1882 tres
569 1852 635 1883 dies
649 1858 681 1883 et
695 1858 805 1882 noctes
822 1861 935 1890 magna
948 1851 1047 1881 homi·

315 1902 389 1922 num
407 1893 580 1934 frequentia
597 1894 785 1925 celebrandi.
830 1894 936 1923 Certus
959 1894 1046 1927 orbis,

315 1934 353 1964 de
366 1940 512 1976 tempore,
528 1936 611 1975 quod
629 1936 714 1966 ⁴intra
729 1941 847 1966 certum
862 1935 909 1965 vel
927 1934 1046 1964 dierum

316 1975 366 2006 vel
395 1979 548 2007 mensium
579 1977 627 2007 vel
657 1987 808 2006 annorum
845 1977 981 2017 spatium
1017 1982 1049 2007 et

315 2027 479 2047 numerum
495 2018 768 2049 circumvolvitur:
799 2018 889 2058 Virg.
913 2019 992 2048 AEn.
1016 2029 1046 2052 v,

315 2059 368 2094 46,
400 2061 530 2091 Annuus
561 2062 669 2091 exactis
703 2060 866 2099 completur
902 2062 1048 2090 mensibus

315 2101 413 2130 orbis.-
448 2101 513 2142 jam
542 2103 581 2132 de
611 2107 721 2132 exacto
749 2108 779 2131 et
807 2101 1044 2137 circumvoluto‚

315 2142 400 2182 quod
418 2142 450 2172 in
467 2143 554 2173 libris
572 2142 734 2184 Sibyllinis
755 2142 962 2183 praestitutum
977 2142 1046 2179 suit,

315 2190 473 2224 tempore3
502 2187 636 2215 undenos
666 2186 759 2214 decies
787 2195 839 2223 per
862 2195 964 2220 annos,
995 2184 1046 2214 hic

315 2225 382 2266 ipse
410 2236 451 2255 cx
484 2236 633 2256 annorum
666 2235 812 2256 numerus
847 2225 879 2255 in
908 2225 1048 2255 versibus

317 2267 480 2309 Sibyllinis
497 2267 726 2309 praescribitur:
752 2273 857 2297 camus
878 2267 1048 2307 referatque

317 2310 412 2347 ludos,
431 2309 512 2339 ludis
536 2309 740 2340 saecularibus
761 2309 799 2339 de
817 2308 936 2349 integro
957 2308 1046 2338 insti-

314 2350 391 2381 tutis
417 2351 565 2392 hymnum
592 2351 625 2381 in
655 2350 834 2391 Apollinem
857 2358 888 2380 et
910 2350 1046 2380 Dianam

314 2402 479 2433 puerorum
506 2393 743 2434 puellarumque
772 2392 901 2423 chorum
930 2391 1046 2422 decan-

314 2440 380 2465 tare
391 2435 510 2476 jubeat.
555 2434 613 2465 Ter
632 2437 679 2465 die
699 2436 781 2464 claro
800 2437 949 2474 totiesque,
970 2439 1045 2464 cett.

313 2482 376 2507 tres
389 2477 471 2507 enim
487 2476 555 2507 dies
570 2482 601 2506 et
615 2476 742 2506 totidem
759 2482 865 2506 noctes
881 2475 993 2517 pariter
1007 2485 1046 2506 ex

314 2516 461 2549 librorum
475 2517 696 2559 Sibyllinorum
711 2517 890 2559 praescripto
902 2517 1045 2548 ludorum

313 2560 510 2591 secularium
532 2559 733 2590 celebrationi
751 2559 849 2589 dicari
871 2559 1046 2598 debebant;

302 2602 491 2642 frequentes,
519 2601 693 2642 frequenter
718 2601 931 2632 celebrandos.
978 2602 1043 2631 Vos-

312 2654 380 2683 que,
397 2654 511 2673 veraces
526 2645 674 2678 cecinisse,
692 2644 808 2678 Parcae.
821 2649 896 2673 cett,
912 2652 1021 2673 sensus
1035 2655 1042 2672 :

313 2691 345 2715 et
359 2695 423 2719 vos,
439 2695 458 2716 ο
476 2687 593 2719 Parcae.
610 2695 680 2725 quae
695 2684 797 2715 veraci
812 2694 862 2714 ore
877 2684 1044 2725 praedicitis

312 2726 344 2757 id
367 2727 448 2769 quod
472 2727 566 2757 semel
589 2727 789 2757 constitutum
812 2732 871 2760 est,
890 2732 921 2756 et
943 2731 1045 2756 certus

310 2778 414 2799 rerum
443 2775 573 2799 eventus
602 2768 763 2798 confirmat
791 2767 842 2809 (h.
872 2777 902 2798 e.
931 2768 1044 2798 immu-

310 2810 405 2842 tabile
419 2809 497 2849 est).
514 2811 608 2851 agite,
628 2809 700 2839 loeta
723 2809 856 2850 peractis
878 2809 1044 2841 succedere

305 2851 415 2893 jubete
431 2858 589 2894 tempora:
613 2862 728 2882 veraces
749 2853 899 2885 cecinisse,
919 2851 1042 2889 Graece,

1090 1765 1185 1798 semel
1207 1768 1410 1798 constitutum
1432 1771 1500 1804 θείς
1529 1765 1574 1798 sic
1596 1766 1708 1803 omnis,
1730 1772 1819 1810 puto,

1090 1819 1151 1848 qua
1174 1809 1204 1839 in
1229 1809 1287 1840 hoc
1316 1809 1385 1840 loco
1413 1807 1606 1849 expediendo
1633 1819 1666 1840 se
1690 1808 1821 1851 impedi-

1090 1858 1200 1882 verunt
1220 1850 1412 1893 interpretes,
1435 1856 1551 1881 remota
1571 1856 1620 1881 est
1634 1850 1823 1891 difficultas3

1091 1893 1210 1923 scilicet
1223 1895 1337 1923 dictum
1356 1893 1423 1934 jam
1446 1902 1506 1923 non
1529 1898 1587 1927 est,
1610 1903 1662 1924 ore
1683 1903 1821 1934 pronun·

1091 1934 1206 1965 ciatum
1224 1945 1241 1965 a
1259 1935 1375 1970 Parcis,
1398 1934 1462 1972 sed,
1485 1934 1699 1970 constitutum,
1744 1936 1821 1966 τεθ-

1091 1976 1203 2012 nitum,
1228 1977 1446 2018 praestitutum,
1469 1986 1515 2006 sc.
1539 1985 1559 2006 a
1580 1976 1655 2007 fato.
1726 1979 1823 2008 ermis

1080 2019 1230 2060 frugum,
1255 2024 1327 2049 cett.
1354 2018 1474 2048 Telluri
1502 2028 1628 2059 quoque
1651 2019 1821 2050 secundum

1091 2069 1198 2090 versus
1228 2060 1399 2100 Sibyllinos
1421 2059 1547 2090 divinus
1571 2060 1604 2090 in
1627 2060 1822 2093 celebrandis

1091 2101 1174 2132 ludis
1189 2102 1391 2133 saecularibus
1405 2101 1502 2132 honor
1517 2101 1656 2142 praestari
1667 2101 1820 2142 debebat;

1089 2142 1162 2173 hinc
1189 2143 1302 2174 chorus
1328 2143 1478 2174 Tellurem
1502 2149 1538 2173 ut
1561 2142 1652 2174 deam
1674 2153 1715 2185 ap
1755 2144 1822 2183 llat,

1090 2184 1183 2225 cujus
1220 2185 1409 2225 benignitate
1449 2184 1589 2215 homines
1626 2154 1822 2227 pecuniaque

1091 2226 1237 2263 alantur3
1265 2226 1346 2256 inest
1374 2231 1478 2256 autem
1509 2226 1558 2256 his
1587 2227 1731 2267 precibus
1759 2228 1823 2260 fere

1091 2266 1170 2298 hoc:
1212 2269 1368 2308 gaudeant
1412 2267 1550 2298 Romani
1584 2274 1647 2298 tam
1683 2270 1821 2300 secunda

1091 2318 1232 2348 agrorum
1269 2309 1437 2344 fertilitate,
1471 2319 1565 2350 quam
1594 2310 1723 2351 pecudis
1749 2322 1820 2352 pro-

1090 2356 1184 2381 ventu
1213 2350 1397 2390 largissimo.
1438 2351 1542 2390 Spicea
1567 2352 1656 2382 donet
1685 2353 1820 2384 Cererem

1090 2403 1213 2422 corona.-
1234 2392 1413 2423 notissimus
1428 2391 1460 2422 in
1475 2393 1557 2427 hanc
1573 2393 1758 2425 senteutiam
1773 2401 1822 2426 est

1091 2433 1178 2464 locus
1193 2435 1312 2464 Tibull.
1330 2434 1352 2470 i,
1372 2435 1402 2469 1,
1421 2435 1471 2470 15,
1489 2435 1583 2465 Flava
1601 2435 1698 2474 Ceres,
1712 2437 1766 2467 tien·
1779 2439 1820 2468 sit

1091 2483 1187 2506 nostro
1214 2478 1249 2506 de
1272 2486 1344 2506 rure
1365 2487 1473 2506 corona
1495 2476 1612 2516 Spicea.
1633 2488 1695 2518 quae
1717 2480 1820 2518 templi

1086 2519 1214 2556 pendeat
1227 2518 1396 2565 antesin-es.
1428 2518 1679 2558 Fet11s,agrorum
1693 2519 1797 2561 fruges
1809 2532 1817 2551 :

1091 2559 1161 2590 Cic.
1179 2561 1269 2590 Orat.
1285 2560 1319 2594 ii,
1341 2560 1395 2594 30,
1415 2571 1470 2600 quo
1491 2562 1623 2591 meliores
1643 2571 1717 2601 ager
1727 2565 1817 2603 jetus

1086 2603 1177 2640 possit
1199 2608 1227 2632 et
1246 2604 1424 2642 grandiores
1443 2603 1538 2632 edere.
1581 2602 1732 2637 salubres.
1753 2609 1818 2635 tam

1088 2643 1127 2672 ad
1144 2654 1225 2683 aque
1241 2654 1334 2684 quam
1351 2642 1391 2674 ad
1403 2655 1485 2674 auree
1496 2643 1600 2674 referri
1615 2649 1725 2685 potest·

1130 2685 1268 2715 33—48.
1295 2687 1423 2716 Condito
1437 2687 1518 2716 mitis
1530 2687 1724 2727 placidusque
1738 2688 1795 2717 telo
1807 2699 1816 2717 .-

1087 2726 1210 2766 sagittis
1225 2727 1370 2762 conditis,
1386 2726 1450 2757 sive
1465 2737 1539 2758 arcu
1555 2727 1691 2764 remisso,
1701 2727 1818 2760 incedit

1088 2768 1205 2810 Apollo
1231 2768 1314 2798 mitis
1337 2775 1369 2799 et
1391 2769 1546 2811 placidus,
1570 2768 1690 2808 sagittis
1712 2777 1816 2801 autem

1086 2811 1224 2850 promtis,
1235 2810 1300 2841 sive
1312 2821 1385 2841 arcu
1402 2810 1538 2841 adducto
1551 2816 1583 2841 et
1597 2816 1694 2846 tento.
1710 2811 1816 2844 minax

1086 2857 1118 2882 et
1141 2851 1258 2883 iratus:
1289 2852 1331 2883 cf.
1357 2861 1427 2894 sup.
1450 2853 1490 2882 ad
1509 2851 1542 2887 ii,
1565 2853 1615 2887 10,
1634 2853 1688 2884 20.
1730 2855 1815 2886 Audi

310 2904 382 2935 quae
401 2893 468 2925 de'ae
487 2901 560 2928 esus
580 2903 703 2925 veraces
723 2892 755 2923 in
779 2893 932 2928 canendo,
958 2893 990 2923 h.
1013 2903 1042 2924 e.
1083 2895 1306 2932 pueros—audi
1316 2895 1444 2934 puellas,
1454 2903 1616 2941 puerorum
1628 2893 1712 2926 enim
1723 2895 1814 2937 puel—

309 2935 507 2977 praedicendo
520 2946 558 2970 eo
572 2937 648 2978 quod
661 2936 746 2967 semel
757 2935 871 2966 dictum
886 2941 940 2972 est,
957 2935 1040 2976 quod
1084 2935 1248 2978 latumque
1263 2935 1390 2967 chorum
1401 2935 1539 2967 vicissim
1553 2935 1587 2968 in
1602 2935 1661 2968 hoc
1675 2937 1813 2970 carmine
