1884 3288
321 220 404 261 268

924 223 1223 267 EPODON

462 321 518 361 35
547 319 644 371 Vel,
665 323 783 375 quod
803 322 1005 364 fluentem
1024 339 1224 366 nauseam
1243 333 1452 376 coerceat,

717 388 875 430 Metire
896 390 1018 431 nobis
1039 390 1285 433 Caecubum.

549 452 705 495 Curam
723 461 966 510 metumque
988 456 1171 498 Caesaris
1191 472 1333 499 rerum
1347 459 1469 512 juvat

717 520 848 562 Dulci
870 521 1004 575 Lyaeo
1028 522 1205 563 solvere.

897 710 1169 751 CARMEN
1202 711 1258 752 X.

664 859 734 890 IN
793 860 1104 891 MAEV01UM
1160 861 1483 893 POETAM.

547 971 685 1012 MALA
708 972 847 1013 soluta
868 974 984 1014 navis
1006 974 1094 1015 exit
1114 974 1228 1023 alite,

717 1038 879 1080 Ferens
902 1039 1082 1081 olentem
1105 1040 1322 1081 Maevium.

550 1103 612 1144 Ut
631 1103 814 1145 horridis
836 1113 1063 1159 utrumque
1084 1107 1284 1147 verberes
1304 1105 1431 1156 latus,

714 1170 892 1221 Auster,
915 1179 1138 1221 memento,
1159 1172 1377 1213 fluctibus.

491 1237 517 1276 5
548 1235 687 1290 Niger
707 1237 910 1278 rudentes
934 1238 1093 1287 Eurus,
1116 1238 1284 1279 inverso
1305 1238 1421 1288 mari,

717 1303 982 1357 Fractosque
1002 1318 1142 1344 remos
1164 1300 1361 1353 differat3

547 1367 748 1422 Insurgat
769 1367 943 1423 Aquilo,
965 1377 1149 1422 quantus
1171 1369 1264 1411 altis
1286 1369 1501 1411 montibus

720 1435 899 1490 Frangit
920 1442 1148 1476 trementes
1169 1435 1285 1476 ilices
1302 1453 1312 1486 ;

322 1525 453 1564 scyphos.
469 1529 545 1556 cett.
591 1525 664 1556 Jam
679 1525 795 1556 laetitiae
817 1535 910 1555 sensu
934 1523 976 1555 ita
997 1524 1055 1554 im-

325 1566 452 1606 pellitur
473 1573 505 1598 et
526 1567 727 1598 confunditur
750 1572 853 1608 poeta,
871 1572 905 1597 ut
923 1565 989 1606 jam
1009 1566 1055 1596 in-

325 1613 437 1638 teresse
461 1609 521 1639 sibi
544 1609 687 1639 videatur
711 1607 839 1638 indictae
867 1609 950 1649 apud
976 1609 1057 1638 Mae-

325 1655 464 1680 cenatem
494 1649 735 1691 computationi:
766 1650 807 1680 cf.
835 1659 906 1691 sup.
934 1648 980 1683 iii,
1011 1650 1058 1685 19,

324 1692 356 1721 9.
404 1692 489 1725 Quod
506 1693 655 1733 fluentem
683 1702 822 1722 nauseam
845 1697 987 1726 coemeat,
1011 1691 1056 1721 al-

323 1743 398 1763 vum
428 1733 574 1764 fluentem
604 1734 787 1773 adstringat.
844 1733 926 1764 Hinc
960 1733 1057 1764 Athe-

326 1784 414 1805 naeus
445 1774 550 1806 vinum
584 1776 755 1806 Caecubum
783 1781 873 1806 vocat
906 1775 1058 1806 εὔτονον.

326 1817 449 1852 Metire,
476 1828 527 1859 per
555 1817 698 1859 cyathos:
724 1817 786 1849 vid.
809 1817 849 1847 ad
873 1816 918 1852 iii,
946 1819 977 1851 8,
1008 1819 1058 1847 13.

327 1859 484 1899 Metasque
521 1861 645 1890 Caesaris
671 1871 784 1896 rerum,
816 1859 1057 1890 sollicitudinem

324 1900 363 1930 de
386 1910 499 1935 rerum,
523 1902 639 1942 quibus
664 1901 806 1942 gerendis
829 1911 901 1932 cum
926 1901 1059 1933 maxime

327 1943 434 1973 Caesar
446 1953 571 1984 operam
587 1945 651 1980 dat,
665 1949 788 1974 eventu.

561 2026 758 2058 CARMEN
783 2028 825 2057 X.

369 2066 487 2098 Maevio
512 2068 671 2102 Horatius,
697 2069 813 2099 homiui
839 2068 897 2100 sibi
919 2068 1057 2100 infestis-

327 2108 416 2146 simo,
433 2109 505 2139 navi
523 2119 605 2140 nunc
628 2109 686 2140 iter
701 2110 731 2140 in
749 2111 905 2142 Graeciam
926 2111 1056 2147 facturo,

326 2150 523 2191 naufragium
556 2151 752 2192 imprecatur.
797 2152 929 2192 Rogatis
962 2151 1058 2192 igitur

325 2194 438 2228 ventis,
459 2198 494 2223 ut
515 2198 632 2223 tantam
657 2193 687 2223 in
713 2193 790 2224 mari
813 2194 902 2224 Ionio
928 2201 1059 2235 tempes-

327 2240 422 2265 tatem
450 2235 619 2270 concitent,
642 2240 792 2276 quautam
816 2235 889 2266 olim
914 2235 1059 2266 Minerva

327 2276 361 2307 in
387 2276 519 2318 Ajacem
547 2277 718 2308 concitasse
742 2277 866 2312 dicitur,
893 2287 938 2311 se,
963 2277 1059 2308 fracta

326 2319 436 2349 Maevii
462 2329 551 2354 nave,
575 2318 695 2349 hircum
719 2324 751 2350 et
775 2329 886 2359 agnam
910 2320 1057 2360 Tempes-

327 2359 444 2391 tatibus
464 2360 694 2391 immolaturum
711 2371 778 2391 esse
801 2361 942 2402 spondet.
986 2362 1058 2391 Ma-

328 2403 393 2432 lum
422 2409 543 2444 poetam
572 2403 723 2433 Maevium
753 2403 848 2434 fuisse
873 2413 911 2434 ex
937 2402 1061 2443 Virgilii

330 2444 403 2475 Ecl.
442 2444 488 2480 iii,
526 2446 579 2480 90,
618 2444 679 2479 Qui
719 2445 847 2475 Bavium
889 2456 946 2474 non
985 2447 1059 2481 odit,

327 2493 406 2517 amet
430 2492 482 2516 tua
509 2488 655 2523 carmina,
676 2487 776 2523 Maevi,
798 2487 874 2517 satis
892 2492 974 2517 certo
994 2487 1058 2517 col-

327 2527 384 2570 ligi
413 2538 503 2570 posse
532 2528 662 2559 videtur.
708 2529 828 2565 Quodsi
857 2529 989 2560 eundem
1021 2539 1060 2560 ex

326 2571 477 2601 malorum
501 2576 658 2612 poetarum
677 2581 759 2602 more
782 2570 971 2612 petulantius
995 2571 1060 2602 Ho-

324 2613 404 2644 -rmio
425 2613 591 2644 insultasse
614 2618 743 2649 statuas,
763 2622 870 2647 causa,
894 2623 949 2644 cur
970 2613 1061 2644 Vati-

327 2654 422 2686 niano
451 2655 541 2696 quasi
569 2660 660 2696 poeta
687 2655 780 2686 istum
810 2660 991 2696 persecutus
1020 2655 1062 2687 sit

328 2696 410 2732 odio,
442 2697 533 2727 facile
568 2703 705 2738 apparet.
751 2698 895 2728 Ceterum
929 2698 956 2727 si
990 2697 1060 2738 quis

329 2738 425 2770 animi
448 2749 543 2770 causa
559 2738 617 2770 hoc
640 2749 764 2770 carmen
786 2749 858 2770 cum
882 2739 951 2770 libri
972 2739 1061 2779 primi

328 2780 466 2812 carmine
495 2781 584 2812 tertio
609 2781 845 2822 comparaverit,
875 2781 929 2811 ubi
962 2782 1060 2812 Hora-

328 2822 390 2853 tius
411 2822 545 2863 Virgilio
569 2823 711 2853 Athenas
734 2822 915 2864 navigaturo
941 2823 1061 2854 felicem

330 2865 556 2905 navigationem
593 2870 787 2907 apprecatur,
824 2865 961 2895 diversos
997 2870 1058 2896 tam

328 2906 371 2948 pii
396 2907 507 2938 amoris
529 2917 621 2948 quarn
646 2907 750 2947 magni
777 2907 838 2938 odii
866 2917 975 2937 sensus
997 2916 1058 2940 non

329 2949 395 2981 sine
412 2949 569 2992 voluptate
583 2959 741 2991 expressos
757 2949 992 2982 animadvertet.

1144 1525 1237 1553 1—4.
1282 1523 1370 1553 Mala
1394 1523 1478 1560 alite,
1500 1521 1636 1553 infausto
1658 1521 1772 1558 omine.
1795 1529 1833 1555 ut

1101 1575 1172 1606 sup.
1195 1565 1217 1599 i,
1241 1566 1290 1600 15,
1316 1566 1347 1600 5,
1371 1565 1452 1594 mala
1473 1565 1534 1595 avi.
1580 1565 1725 1601 (Mentem,
1746 1565 1832 1605 gravi

1101 1607 1194 1637 odore
1215 1605 1452 1643 detestabilem3
1473 1607 1577 1646 gravia
1595 1615 1706 1648 nempe
1718 1607 1831 1643 hircus,

1103 1654 1137 1678 ut
1161 1648 1217 1679 inf.
1242 1648 1344 1690 Epod.
1367 1649 1416 1683 12.
1437 1649 1456 1678 5
1477 1647 1602 1684 dicitur,
1621 1647 1654 1678 in
1676 1647 1746 1689 ejus
1769 1649 1833 1680 hir-

1101 1693 1175 1720 sutis
1194 1691 1251 1720 alis
1273 1691 1406 1720 cubuisse
1419 1688 1563 1720 videtur:
1587 1689 1630 1721 cf.
1652 1689 1692 1720 ad
1713 1689 1834 1722 Catuli.

1101 1731 1177 1768 lxix,
1193 1733 1235 1770 6;
1258 1731 1318 1762 nisi
1333 1731 1402 1772 quis
1421 1731 1487 1773 jam
1507 1732 1630 1762 olentem
1653 1731 1834 1773 simpliciter

1101 1784 1168 1815 pro,
1181 1773 1394 1805 detestabilem
1410 1772 1567 1815 explicare
1579 1772 1680 1804 malit.
1705 1773 1832 1804 Utrum-

1101 1827 1157 1856 que
1178 1818 1269 1851 lutus,
1288 1826 1333 1846 sc.
1354 1815 1453 1846 navis.
1497 1815 1652 1850 Horridis,
1665 1815 1769 1853 saevis,
1785 1821 1833 1847 tu·

1101 1857 1205 1889 midis.
1250 1859 1370 1893 Auster,
1389 1858 1504 1893 Eurus,
1519 1858 1640 1897 Aquilo,
1659 1857 1780 1889 scilicet
1821 1862 1833 1889 t

1101 1909 1137 1930 eo
1169 1899 1288 1940 gravior
1320 1899 1493 1930 concitetur
1520 1903 1697 1941 tempestas,
1726 1899 1798 1941 plur
1817 1909 1832 1930 s

1101 1948 1221 1979 ventos,
1237 1941 1290 1982 qui
1314 1941 1407 1972 simul
1423 1946 1516 1972 ruant
1529 1946 1560 1972 et
1578 1945 1685 1972 contra
1705 1951 1739 1972 se
1752 1951 1831 1983 pug-

1103 1990 1190 2019 nent,
1208 1989 1365 2026 poetarum
1381 1993 1465 2015 more
1487 1983 1521 2014 in
1541 1988 1642 2025 partes
1655 1988 1766 2014 vocat:
1790 1983 1833 2015 cf.

1104 2026 1192 2067 Virg.
1210 2027 1288 2057 AEn.
1303 2025 1324 2060 i,
1339 2027 1394 2056 85.

1145 2069 1263 2099 5—14.
1292 2068 1399 2110 Niger,
1422 2067 1538 2098 coelum
1560 2066 1684 2107 nigrum
1704 2067 1833 2098 reddens

1101 2115 1132 2140 et
1147 2111 1338 2149 obscurans;
1363 2115 1396 2140 ut
1409 2120 1478 2151 sup.
1494 2108 1518 2144 i,
1535 2110 1567 2146 5,
1583 2110 1614 2144 7,
1632 2111 1715 2150 nigri
1728 2110 1831 2146 venti,·

1101 2156 1208 2182 contra
1226 2152 1320 2182 Notus
1341 2153 1425 2182 albus
1443 2161 1514 2192 sup.
1534 2150 1557 2186 i,
1580 2151 1611 2187 7,
1635 2152 1684 2187 15,
1702 2155 1734 2182 et
1751 2153 1832 2182 venti

1101 2195 1224 2223 candidi
1247 2193 1293 2231 iii,
1310 2194 1341 2227 7,
1361 2194 1390 2223 l.
1435 2193 1555 2223 Inversa
1569 2194 1657 2228 mari,
1679 2202 1752 2223 cum
1767 2195 1834 2223 imis

1101 2236 1197 2270 vadis,
1229 2241 1264 2265 ut
1297 2234 1385 2275 Virg.
1415 2235 1494 2264 AEn.
1529 2233 1551 2270 i,
1587 2235 1647 2265 126
1682 2233 1832 2276 loquitur,

1101 2282 1206 2317 stagna
1238 2275 1470 2318 refunduntur:
1500 2276 1550 2307 Cl.
1583 2276 1715 2307 Mitsch.
1746 2286 1831 2308 com-

1101 2323 1188 2359 parat
1218 2318 1357 2364 Philipp.
1384 2317 1526 2348 Thessal.
1556 2317 1612 2354 xii,
1640 2319 1672 2354 2,
1703 2317 1836 2349 Anthol.

1104 2359 1207 2391 Graec.
1235 2361 1274 2391 T.
1306 2360 1338 2397 ii,
1366 2371 1396 2401 p.
1425 2361 1496 2390 198.
1537 2360 1686 2400 Insurgat
1711 2361 1832 2400 Aquilo,

1102 2409 1244 2442 quantus,
1269 2402 1362 2432 irruat
1390 2401 1510 2442 Aquilo
1539 2406 1656 2437 tantus,
1708 2406 1834 2438 uentus,

1104 2443 1136 2474 h.
1150 2454 1179 2475 e.
1196 2450 1282 2474 tanto
1298 2444 1427 2485 impetu,
1441 2449 1560 2484 quanto
1576 2448 1649 2475 cett.
1719 2453 1834 2474 remen·

1104 2492 1144 2516 tes
1163 2487 1256 2522 ilices,
1273 2486 1405 2516 tremulo
1423 2491 1509 2516 motu
1533 2484 1596 2516 huc
1619 2484 1697 2518 illuc
1721 2490 1835 2516 nutan-

1104 2533 1161 2562 tes,
1176 2534 1336 2559 ventorum
1360 2528 1476 2569 impetu
1497 2527 1780 2564 contremiscentes,
1798 2532 1835 2559 ut

1103 2580 1174 2611 sup.
1202 2570 1246 2607 iii,
1271 2570 1324 2607 27,
1348 2571 1402 2606 23,
1428 2571 1500 2610 ripoe
1528 2571 1644 2600 verbere
1668 2575 1836 2602 trementes.

1104 2612 1166 2642 Pro
1191 2613 1324 2652 Frangit
1349 2622 1387 2642 ex
1413 2610 1592 2652 conjectura
1614 2610 1834 2642 Wakefieldius

1103 2653 1134 2684 in
1167 2659 1284 2684 textum
1314 2653 1442 2695 recepit,
1472 2653 1620 2695 Plangit:
1647 2653 1834 2688 “Statim,’'

1103 2696 1214 2736 inquit,
1234 2699 1254 2713 ¹‘
1266 2699 1463 2737 praecesserat
1477 2705 1535 2726 vox
1546 2694 1678 2737 frustm,
1693 2700 1724 2726 et
1739 2704 1832 2736 quor-

1105 2748 1186 2774 sum,
1203 2738 1302 2774 sodes,
1319 2744 1453 2772 tremere,
1471 2737 1496 2767 si
1527 2736 1733 2778 rangantur.”
1771 2736 1833 2768 Sed

1104 2790 1142 2811 ex
1158 2791 1224 2811 meo
1247 2790 1340 2810 sensu
1350 2779 1481 2820 frangit
1516 2788 1573 2810 ene
1589 2778 1752 2820 respondet
1765 2778 1834 2809 voci

1094 2823 1228 2864 fluctos,
1243 2827 1274 2853 et
1289 2822 1388 2852 multo
1402 2821 1456 2852 illo
1469 2820 1594 2862 gravius
1607 2825 1654 2851 est
1663 2831 1673 2860 ς
1695 2820 1832 2862 utfran-

1100 2867 1150 2906 git
1169 2864 1251 2895 enim
1268 2863 1386 2905 Aquilo
1407 2862 1507 2898 ilices,
1523 2862 1568 2894 ita
1579 2861 1734 2904 frangere
1755 2873 1832 2904 quo-

1103 2917 1164 2948 que
1188 2907 1282 2937 debet
1303 2904 1630 2946 remansi-unguntur
1655 2909 1756 2935 autern
1784 2903 1833 2934 ili-

1102 2959 1169 2986 ces,
1186 2948 1260 2980 dum
1285 2953 1426 2979 tremunt.
1468 2947 1558 2978 Sidus
1579 2948 1720 2984 amicum,
1742 2945 1833 2978 intel-
