1884 3288
642 227 867 270 LIBER
898 227 958 278 Π,
989 228 1029 269 7.

1547 229 1604 269 89

22 450 38 495 :l
625 452 902 495 CARMEN
934 453 1040 496 V11.
1099 515 1101 518 ᾖ

594 603 671 634 AD
714 603 1073 635 POMPEIUM.

349 721 392 762 O
415 734 534 762 sAEPE
555 735 722 763 mecum
743 729 916 775 tempus
938 721 982 762 in
1004 720 1200 763 ultimum

351 790 571 840 Deducte,
594 790 736 831 Bruto
757 789 919 831 militiae
941 790 1069 839 duce,

409 857 521 906 Quis
543 864 585 899 te
608 857 835 900 redonavit
857 857 1075 904 Quiritem

462 923 547 966 Dis
568 925 719 981 patriis
741 924 939 979 Italoque
961 923 1091 974 coelo,

290 993 318 1034 5
349 992 546 1048 Pompei,
569 1001 763 1035 meorum
783 993 920 1048 prime
943 992 1188 1034 sodalium?

351 1059 462 1102 Cum
483 1075 570 1114 quo
591 1067 832 1102 morantem
855 1075 972 1115 saepe
995 1059 1109 1101 diem
1130 1074 1250 1101 mero

406 1127 552 1182 Fregi‚
574 1135 808 1170 coronatus
829 1128 1018 1169 nitentes

463 1194 746 1237 Malobathro
770 1195 897 1250 Syrio
920 1194 1114 1250 capillos.

349 1261 519 1304 Tecum
542 1262 771 1318 Philippos
793 1271 838 1304 et
858 1263 1043 1304 celerem
1064 1262 1214 1318 fugam

267 1331 319 1372 10
349 1330 492 1380 Sensi,
516 1330 666 1372 relicta
687 1346 774 1372 non
795 1332 908 1372 bene
929 1329 1152 1385 parmula;

60 1463 178 1507 fialam.
195 1463 356 1507 impellere
369 1464 498 1496 omniuo
515 1475 572 1497 nos
593 1464 708 1496 debent
725 1469 759 1496 ut
774 1474 811 1495 eo

61 1505 268 1547 meduan&
296 1507 424 1550 gravius
459 1508 555 1550 igitur
589 1518 644 1550 pro
676 1506 811 1550 vul-garI,

61 1554 189 1587 vocant,
211 1549 360 1582 invitant.
409 1551 565 1582 Calentem
575 1551 741 1623 ffavillam,
764 1549 811 1581 ci-

0 1626 6 1634 ,
62 1601 155 1633 neres
189 1593 319 1625 cremati
354 1593 493 1636 corporis
531 1593 636 1625 adme
675 1592 810 1635 tepidos.

60 1632 179 1667 Debita
207 1637 346 1673 lacrima,
374 1647 437 1667 non
464 1636 645 1677 unguentis,
669 1642 706 1667 ut
733 1636 812 1666 alias

63 1686 133 1709 mos
146 1677 266 1710 ferebat
280 1679 363 1719 (vid.
377 1678 497 1710 Tibull.
514 1679 535 1717 i,
549 1680 581 1715 3,
598 1677 636 1719 7)
649 1690 657 1717 ;
681 1679 736 1710 sed
752 1678 814 1720 piis

62 1719 158 1752 t'mici
173 1720 313 1763 lacrimis
335 1721 458 1753 cineres
480 1731 553 1752 suos
576 1721 679 1764 spargi
703 1721 813 1763 cupit;

63 1765 141 1795 vatis
175 1766 280 1801 amici,
316 1764 548 1806 significantius
586 1775 641 1806 pro
680 1763 812 1804 vulgari,

64 1815 181 1837 meam.
210 1806 266 1839 cl.
281 1806 416 1838 Mitsch.
433 1813 591 1849 comparat
609 1807 711 1838 Inscr.
727 1807 812 1848 apud

65 1847 205 1880 Fabrett.
230 1860 263 1891 p.
293 1851 347 1887 64,
376 1855 409 1881 et
433 1850 558 1880 Flettw.
590 1860 621 1891 p.
651 1850 726 1884 320,
757 1848 814 1879 sed

63 1889 176 1923 vitiose
204 1892 367 1934 scriptam.
411 1892 620 1923 Emendatius
646 1891 706 1922 hoc
737 1891 812 1934 Epi-

63 1943 206 1976 gramma
219 1934 365 1966 exhibuit
374 1935 505 1967 Jacobs.
519 1936 552 1966 in
563 1934 696 1965 Anthol.
705 1935 811 1966 Graec.

66 1987 191 2013 Dccxv.
207 1978 240 2013 6,
257 1978 290 2014 7,
305 1978 344 2008 T.
367 1977 411 2014 iv,
434 1989 466 2020 p.
490 1978 567 2012 273,
585 1977 650 2008 sic:
678 1976 812 2019 Μέμνεο

64 2019 129 2062 κήν
156 2020 253 2058 ζωοῖς
282 2020 295 2052 ἐ
323 2019 408 2056 ἑθεν,
436 2020 492 2052 καὶ
520 2019 670 2052 πολλάκι
694 2019 812 2061 τύμβῳ

65 2064 217 2096 Σπεῑσον
239 2062 292 2095 ἀπ’
331 2062 516 2106 βλεφάρων
538 2062 644 2106 δάκρυ
665 2061 811 2104 ἀποιχο-

9 2111 11 2114 <
65 2103 163 2148 μένῃ.

282 2191 487 2224 CARMEN
512 2191 595 2223 VII.

75 2231 81 2271 ζ
110 2233 184 2272 Quo
198 2233 322 2275 gravior
336 2234 399 2266 fuit
417 2233 612 2270 sollicitudo,
627 2241 692 2274 qua
707 2232 811 2263 Hora-

52 2273 130 2321 ‘jun
142 2275 183 2308 de
197 2277 352 2326 Pompeio
367 2277 428 2308 sibi
445 2275 650 2311 amicissimo,
669 2275 724 2316 qui
741 2280 812 2318 post

65 2317 214 2394 ffioeuum
229 2319 436 2363 Philippense
450 2318 541 2351 novis
554 2319 630 2350 belli
643 2323 813 2360 tempesta-

12 2362 15 2363 ’
52 2362 152 2406 «(1ᾳῦ
178 2372 212 2395 se
232 2373 270 2394 ex
313 2368 431 2399 suerat,
454 2363 655 2404 perturbatus
681 2360 752 2398 fuit,
775 2371 814 2392 eo

7 2418 26 2447 η’
43 2418 46 2419 ’
62 2403 168 2447 major
190 2404 250 2436 suit
289 2404 398 2440 aetitia,
425 2415 488 2447 qua
510 2403 564 2436 ille
591 2405 631 2436 de
655 2403 814 2446 insperato

6 2445 332 2494 'stxff'rmisodalium
354 2447 456 2480 reditu
478 2447 624 2490 perfusus
644 2452 703 2478 est.
748 2446 813 2477 Cui

0 2491 66 2540 ζμ
97 2483 123 2496 “”
153 2500 195 2525 rm
225 2496 319 2534 poeta.
348 2501 433 2522 nunc
464 2490 597 2522 liberius
629 2488 813 2520 indulturus

10 2525 28 2548 ’ζ’
73 2535 76 2538 ’
167 2532 293 2571 testum,
308 2538 373 2565 tam
395 2533 506 2569 sacris,
523 2543 604 2574 quas
621 2533 640 2564 J
645 2532 696 2563 ovi
714 2533 810 2562 Pom-

61 2574 159 2608 'm
178 2581 316 2612 voverat,
339 2577 455 2620 epulis,
479 2585 574 2618 quam
602 2574 695 2606 hilari
745 2579 813 2605 ota-

69 2634 147 2659 „22
178 2618 411 2656 celebrandum,
438 2619 498 2650 hoc
524 2618 664 2650 carmine
687 2617 719 2648 in
745 2617 813 2649 icit.

70 2685 73 2687 -
98 2659 126 2685 ἶ
142 2657 305 2704 'Pompeio
333 2661 493 2704 Grospho,
519 2660 626 2703 equite
654 2661 813 2696 Romano,

85 2704 137 2751 [fv
149 2703 215 2749 peii
235 2705 362 2747 Magni.
379 2711 416 2736 ut
430 2704 563 2741 videtur,
581 2703 705 2739 liberto,
726 2701 813 2744 copi-

76 2753 88 2779 .“
105 2782 110 2787 ‚
145 2745 210 2789 ogit
230 2747 270 2780 ad
296 2747 329 2780 h.
356 2747 378 2779 l.
406 2746 620 2779 Sanadonius.
664 2745 816 2777 Similiter

73 2805 74 2808 =
127 2785 284 2822 lotitiam
295 2800 384 2823 suam
397 2789 437 2822 de
452 2790 537 2822 felici
554 2789 649 2821 Plotii
665 2787 814 2820 Numidae

68 2867 74 2870 ,
146 2866 150 2867 ⁷
185 2842 224 2867 ex
247 2833 338 2866 ressit
352 2833 501 2866 Horatius
516 2843 588 2875 sup.
603 2832 627 2868 i,
644 2832 698 2864 36.

66 2878 78 2911 'J
90 2889 100 2909 ,ε
120 2884 121 2889 ’
135 2843 354 2917 *--5..g'empm
366 2878 398 2908 in
412 2877 566 2912 ultimum,
578 2875 646 2910 ubi,
657 2880 693 2905 ut
704 2874 817 2905 Livius

76 2951 87 2957 .
127 2917 176 2954 89
194 2914 348 2962 loquitur,
365 2921 406 2951 ad
427 2920 570 2950 ultimum
594 2918 725 2958 periculi
746 2928 816 2948 ven·

106 2957 228 3003 ⁴24⁵&-
284 2962 468 2998 Redonavit,
503 2961 696 2993 redonantur
731 2959 817 2991 enirn

96 3046 100 3049 ἢ
125 3005 137 3041 s
157 3001 180 3041 ',
191 3013 271 3048 quos
277 3003 345 3047 jam
357 3005 496 3048 perditos
508 3004 709 3048 putabamus.
741 3003 818 3038 Qui-

53 3050 61 3064 Α
88 3050 103 3057 ,.
329 3047 336 3052 .

854 1466 956 1500 ritem,
987 1464 1102 1500 omnis,
1133 1475 1195 1507 quo
1225 1470 1299 1496 ante
1326 1465 1404 1498 civis
1435 1466 1606 1498 Romanus

857 1507 1029 1548 gaudebas,
1042 1507 1125 1549 juris
1140 1508 1179 1539 de
1200 1507 1322 1549 integro
1340 1509 1525 1552 participem
1539 1521 1548 1548 ;
1572 1510 1606 1541 in

853 1550 908 1592 jus
926 1550 1098 1588 Quiritium
1114 1549 1307 1582 restitutum.

897 1594 995 1625 6—8.
1043 1594 1120 1624 Cum
1146 1605 1204 1634 qua
1234 1600 1396 1625 morantem
1423 1605 1497 1635 saepe
1526 1597 1608 1627 diem

854 1647 934 1666 mero
956 1636 1061 1677 Fregi,
1085 1642 1162 1667 cett.
1187 1646 1260 1667 cum
1285 1647 1350 1679 quo
1374 1647 1458 1679 saepe
1482 1645 1608 1680 tempus

857 1677 954 1709 fefelli
983 1679 1016 1710 in
1046 1678 1354 1720 compotationibus;
1387 1689 1441 1721 pro
1469 1680 1606 1721 vulgari,

858 1726 983 1763 tempus
1010 1721 1090 1751 inter
1114 1721 1188 1752 vina
1214 1721 1336 1759 fallere,
1362 1721 1490 1762 gravius
1513 1723 1607 1760 dixit,

856 1770 1022 1794 morantem
1042 1765 1120 1794 diem
1142 1775 1221 1794 mero
1234 1764 1403 1805 frangere,
1419 1765 1451 1795 h.
1468 1775 1496 1796 e.
1520 1776 1609 1797 com-

857 1805 1011 1847 potationi
1038 1805 1230 1847 indulgendo
1260 1807 1380 1837 tardius
1407 1807 1512 1839 euntis
1542 1808 1607 1840 diei

858 1859 959 1879 moras
997 1848 1134 1880 vincere.
1179 1849 1242 1880 Sed
1272 1849 1326 1880 Cl.
1359 1848 1494 1881 Mitsch.
1525 1852 1606 1883 diem

858 1902 938 1922 mero
956 1891 1112 1934 frangere
1140 1892 1235 1933 paulo
1264 1890 1415 1922 subtilius
1444 1892 1604 1934 explicat:

855 1939 976 1975 partem
1010 1934 1050 1964 de
1079 1933 1131 1965 die
1161 1934 1310 1974 gravibus
1339 1940 1372 1965 et
1399 1934 1488 1965 seriis
1511 1936 1609 1968 rebus

856 1976 1046 2007 destinatam
1066 1975 1203 2011 demere,
1218 1976 1420 2018 demtamque
1442 1984 1607 2019 compota-

857 2017 1031 2050 tioni-dare
1045 2030 1053 2057 ;
1075 2018 1240 2050 decurtare
1255 2018 1318 2050 diei
1337 2018 1487 2061 spatium,
1504 2021 1607 2052 nocti-

855 2071 918 2102 que
940 2060 1022 2092 illud
1039 2061 1190 2102 adjicere,
1206 2061 1291 2102 quod
1312 2061 1347 2092 fit
1371 2062 1607 2110 compotatione

855 2103 1076 2146 tempestivius·
1093 2103 1259 2143 instituta3
1281 2110 1318 2135 ut
1346 2114 1418 2146 sup.
1446 2114 1468 2142 1,
1495 2105 1525 2142 1,
1551 2107 1606 2145 20,

853 2153 971 2185 partem
989 2148 1026 2177 de
1039 2148 1089 2178 die
1110 2147 1204 2178 solido
1224 2148 1351 2177 demere.
1398 2147 1605 2186 Malolmthro,

857 2194 1020 2230 unguento
1050 2199 1068 2221 e
1099 2188 1289 2220 malobathri
1317 2188 1404 2220 foliis
1432 2200 1602 2232 expresso:

855 2233 1079 2263 malobathrum
1103 2231 1229 2274 proprie
1258 2231 1361 2263 frutex
1385 2231 1545 2269 odoratus,
1572 2234 1606 2266 in

857 2274 959 2305 Indiae
983 2274 1154 2316 paludibus
1176 2284 1322 2313 nascens,
1346 2285 1384 2306 ex
1411 2274 1505 2316 cujus
1530 2276 1608 2308 folio

855 2317 1026 2348 convoluto
1047 2317 1275 2348 conficiebatur
1293 2323 1491 2358 unguentum
1515 2319 1607 2351 nobi.

853 2359 1022 2396 lissimum,
1052 2359 1138 2402 quod
1173 2367 1206 2391 et
1236 2360 1343 2402 ipsum
1372 2361 1610 2401 malobathrum,

857 2403 980 2434 Latinis
999 2403 1154 2445 foliatum
1179 2403 1298 2443 (Mart.
1326 2402 1369 2441 xi,
1395 2403 1457 2444 28>
1483 2403 1605 2436 dictum

856 2451 926 2476 est:
950 2445 1017 2477 vid.
1035 2445 1123 2476 Plin.
1148 2445 1203 2480 xii,
1219 2446 1273 2483 26,
1290 2444 1357 2483 xiii,
1378 2447 1406 2477 l.
1449 2447 1550 2487 Syrio,
1565 2459 1605 2479 ex

857 2488 951 2519 India
974 2488 1007 2519 in
1032 2488 1169 2530 Syriam,
1186 2493 1219 2520 et
1239 2487 1314 2520 inde
1339 2499 1357 2519 a
1378 2490 1607 2522 mercatoribus

857 2531 994 2562 Romam
1019 2532 1208 2573 deportato;
1231 2530 1291 2562 fuit
1311 2530 1419 2573 igitur,
1437 2537 1471 2563 ut
1492 2543 1563 2575 sup.
1584 2532 1606 2570 i,

856 2575 910 2611 31,
930 2575 968 2604 12
984 2573 1160 2610 dicebatur,
1174 2585 1255 2604 merx
1270 2573 1362 2614 Syra.

899 2618 1021 2648 9—12.
1046 2617 1153 2648 Tecum
1177 2617 1335 2656 Philippos
1355 2624 1384 2648 et
1405 2618 1528 2649 celerem
1542 2618 1606 2660 fu-

857 2671 928 2701 gam
954 2659 1061 2691 Sensi.-
1085 2659 1182 2701 quale
1208 2659 1304 2690 fuerit
1333 2658 1415 2690 illud
1445 2671 1607 2692 summum

856 2701 929 2733 vitae
945 2701 1128 2738 discrimen,
1139 2702 1224 2744 quod
1240 2712 1274 2733 se
1286 2712 1351 2733 una
1366 2713 1440 2733 cum
1453 2703 1607 2745 Pompeio

858 2742 993 2777 subiisse
1017 2755 1108 2776 versu
1136 2745 1236 2787 primo
1266 2745 1322 2782 ait,
1349 2745 1498 2777 disertius
1522 2757 1607 2777 nuuc

858 2794 952 2830 poeta
985 2788 1138 2819 declarat.
1183 2788 1341 2829 Expertus
1374 2799 1458 2824 sum,
1489 2788 1608 2830 inquit,

858 2841 923 2862 una
945 2835 1050 2862 tecum
1076 2830 1238 2862 infelicem
1262 2829 1348 2861 illam
1374 2831 1414 2862 ad
1440 2831 1609 2873 Philippos

860 2873 1080 2914 (Macedoniae
1106 2873 1236 2913 urbem)
1261 2883 1412 2915 pugnam.
1438 2873 1506 2909 ubi,
1535 2884 1608 2905 cum

861 2916 981 2947 fortiter
1006 2921 1184 2958 pugnantes
1208 2926 1272 2947 non
1295 2915 1432 2958 amplius
1455 2915 1610 2947 sustinere

861 2964 990 3002 possent
1009 2959 1074 2989 vim
1096 2958 1247 2996 hostium,
1269 2963 1302 2990 et
1316 2959 1421 2990 vultus
1444 2958 1476 2988 in
1495 2963 1609 2989 terram

862 3007 1087 3044 prostratorum
1124 3001 1226 3032 minas
1260 3000 1363 3032 adhuc
1396 3007 1427 3033 et
1462 3001 1539 3032 iram
1574 2999 1608 3032 in
