1904 3314
342 194 426 233 566

660 191 1019 234 EPISTOLA
1059 191 1154 233 AD
1195 190 1520 232 PISONES.

458 298 637 339 Derisor
658 313 758 340 vero
778 298 874 352 plus
894 298 1115 340 laudatore
1135 305 1342 340 movetur.

458 363 606 418 Reges
629 365 829 406 dicuntur
848 363 991 405 multis
1012 378 1165 419 urgere
1186 363 1367 413 culullis‚

345 429 429 470 435
459 429 520 471 Et
541 437 741 485 torquere
761 445 892 480 mero,
914 445 1040 484 quem
1059 431 1331 484 perspexisse
1351 428 1548 470 laborant

460 495 533 537 An
556 497 609 537 sit
630 497 811 538 amicitia
832 497 1000 551 dignus.

1062 496 1108 536 Si
1129 497 1314 537 carmina
1334 496 1507 544 condes,

461 562 693 617 Nunquam
714 570 756 604 te
775 563 921 604 fallant
942 563 1067 603 animi
1084 563 1164 603 sub
1187 561 1311 616 vulpe
1330 560 1526 602 latentes.

442 628 672 675 ‚Quintilio
693 630 729 670 si
749 629 850 684 quid
874 630 1089 678 recitares,
1113 629 1304 683 Corrige,
1327 628 1467 676 sodes,

462 693 574 743 Hoc,
596 695 751 744 aiebat,
772 701 815 735 et
834 694 940 744 hoc;
971 693 1120 735 melius
1142 701 1184 735 te
1206 709 1333 748 posse
1354 707 1548 747 negareS,

349 759 432 800 440
461 759 538 800 Bis
560 766 710 814 terque
730 767 955 814 expertum
976 760 1149 808 frustra,
1173 759 1319 801 delere
1337 761 1535 814 jubebat,

464 825 526 866 Et
545 825 651 867 male
673 833 864 867 tornatos
886 827 1031 867 incudi
1051 826 1232 867 reddere
1253 841 1419 867 versus.

464 893 510 932 Si
531 891 762 933 defendere
778 892 992 941 delictum,
1016 906 1142 946 quam
1162 899 1342 941 vertere,
1363 891 1523 941 malles,

463 957 642 998 Nullum
662 957 774 998 ultra
790 959 964 999 verbum
983 964 1056 998 aut
1077 971 1250 1012 operam
1269 958 1508 999 insumebat
1527 957 1708 1006 inanem,

395 1078 577 1108 422-425,
595 1078 627 1107 Si
644 1088 721 1113 vero,
739 1082 812 1108 cett.
835 1078 952 1107 Sensus
968 1088 974 1106 z
999 1076 1081 1117 quod

353 1119 378 1149 si
406 1129 478 1150 vero
506 1125 597 1160 poeta
624 1119 709 1149 dives
739 1129 802 1148 non
829 1124 876 1149 est
901 1128 1023 1153 avarus,
1049 1124 1084 1148 ut

354 1160 432 1191 alias
471 1171 536 1191 esse
571 1160 672 1191 solent
706 1160 830 1195 divites,
871 1159 925 1190 sed
963 1159 990 1189 is
1029 1159 1083 1200 qui

354 1203 515 1243 (unctum)
554 1203 731 1238 convivam,
772 1201 885 1244 (recte)
920 1206 955 1232 ut
996 1202 1084 1232 decet

354 1244 512 1275 liberalem
547 1244 786 1279 convivatorem,
816 1243 959 1284 (ponere)
991 1243 1085 1274 lautis

353 1286 456 1327 epulis
485 1285 639 1327 excipere,
670 1296 726 1328 pro
757 1295 891 1327 paupere
925 1285 1085 1326 spondere,

353 1338 488 1369 eumque
522 1327 715 1368 gravioribus
751 1327 860 1358 litibus
898 1327 1083 1368 implicitum

354 1369 498 1410 expedire
523 1369 630 1411 possit,
656 1369 807 1411 ejusmodi
831 1375 921 1410 poeta
944 1368 1030 1400 dives
1054 1374 1085 1400 et

356 1413 457 1442 beatus
484 1421 546 1442 non
575 1411 666 1442 facile
691 1412 804 1442 salsum
835 1421 853 1441 a
884 1421 954 1441 vero
985 1410 1085 1441 amico

354 1453 527 1491 discernet;
551 1463 612 1494 quo
628 1453 726 1494 major
741 1453 823 1483 enim
842 1458 889 1483 est
905 1453 1084 1488 liberalitas,

355 1505 392 1526 eo
418 1495 525 1526 tectior
547 1501 592 1526 est
616 1501 840 1526 assentatorum
864 1495 948 1525 fraus
969 1499 1000 1525 et
1021 1494 1085 1525 cal·

355 1537 472 1568 liditas.

400 1580 473 1609 422.
497 1579 641 1612 Unctum.
655 1577 817 1609 convivam
832 1589 839 1616 ;
854 1578 991 1608 convivae
1002 1577 1085 1608 enim

356 1620 526 1661 unguentis
574 1620 703 1651 delibuti
747 1620 896 1650 interesse
943 1620 1086 1650 solebant

356 1662 519 1704 splendido
542 1662 700 1693 convivio:
731 1661 822 1691 Fulv.
849 1663 918 1692 Urs.
941 1661 1085 1703 Append.

358 1704 443 1746 apud
469 1704 673 1735 Ciacconium
699 1704 738 1734 de
765 1703 926 1739 Triclinio,
956 1714 984 1744 p.
1011 1705 1083 1739 123,

359 1748 415 1776 Sed
430 1757 525 1777 coenas
541 1747 619 1777 obire
634 1748 713 1776 soliti
729 1757 786 1775 non
802 1748 991 1776 erant-nisi
1008 1747 1086 1776 lauti

355 1790 441 1828 prius
456 1795 483 1818 et
498 1789 738 1830 iunctijitissetzt.
774 1788 906 1818 Ponere:
930 1794 1088 1828 ponuntur

358 1831 406 1860 vel
420 1830 613 1861 collocantur
625 1831 762 1861 convivae
778 1829 810 1859 in
828 1830 907 1861 lecto
918 1830 1065 1860 triclinari
1079 1841 1087 1869 ;

360 1872 433 1903 hinc
468 1875 568 1911 positi,
603 1873 840 1903 accumbentes:
882 1871 976 1902 Ovid.
1011 1873 1092 1903 Met.

361 1913 428 1949 xiii,
445 1915 519 1949 638.
534 1916 675 1954 positique
690 1916 837 1954 tapetibus
851 1914 922 1945 altis
937 1913 1093 1953 (vestibus

359 1956 517 1996 stragulis,
541 1957 652 1996 quibus
675 1956 745 1986 lecti
768 1955 896 1986 insterni
918 1956 1091 1996 solebant),

363 1997 494 2028 Munera
509 2009 575 2028 cum
592 2000 704 2037 liquido
718 2000 841 2037 capiunt
861 1999 997 2028 Cerealia
1013 1998 1091 2029 Bac-

362 2040 433 2069 cho.-
458 2039 498 2070 cf.
510 2039 553 2069 ibi
571 2040 691 2080 Gierig.

406 2082 479 2117 423,
497 2083 571 2111 424.
595 2082 635 2113 Et
649 2082 789 2121 spondere
809 2082 866 2112 levi
880 2093 932 2131 pro
949 2093 1092 2121 paupere.

365 2123 514 2162 Spondere
523 2134 577 2163 pro
589 2125 689 2163 aliquo
700 2122 825 2157 dicitur,
838 2134 892 2164 qui
904 2135 946 2154 aes
957 2124 1093 2155 alienum

363 2174 382 2194 a
403 2165 539 2196 debitore
561 2164 697 2195 solutum
718 2163 755 2194 iri
774 2164 934 2205 promittit,
953 2171 984 2195 et
1003 2166 1093 2197 fidem

364 2217 452 2237 suam
481 2206 665 2249 interponit:
697 2206 761 2236 vid.
794 2207 913 2237 Ernest.
938 2207 970 2237 in
999 2207 1090 2238 Clav-

365 2249 431 2279 Cic.
457 2258 482 2278 s.
509 2260 538 2279 v.
566 2250 724 2288 Spondere.
770 2248 852 2285 Levi,
875 2248 999 2279 levioris
1021 2249 1092 2280 fidei

363 2291 447 2332 apud
457 2290 648 2326 creditorem,
663 2290 738 2331 quia
747 2299 863 2332 pauper
876 2290 958 2331 qnod
972 2290 1093 2332 pignori

362 2332 415 2363 det
447 2343 510 2363 non
545 2333 650 2364 habet.
703 2333 824 2362 Litibus
859 2334 944 2366 atris,
982 2333 1092 2365 misere

365 2374 560 2410 vexantibus,
581 2380 617 2406 ut
635 2381 704 2405 atra
723 2385 796 2405 cura
818 2384 886 2415 sup.
908 2374 969 2405 Od.
992 2374 1037 2408 iii.
1060 2376 1089 2410 1,

365 2417 416 2451 40,
437 2422 468 2447 et
486 2418 550 2448 Sat.
574 2417 607 2452 ii,
625 2418 656 2452 7,
680 2418 755 2448 115.
802 2417 1012 2456 Qui—possit.-
1036 2427 1092 2447 cur

364 2457 455 2490 homo
484 2458 570 2489 dives
599 2459 630 2489 id
657 2458 756 2489 facere
785 2468 845 2488 non
875 2460 973 2497 possit,
1001 2459 1092 2490 modo

363 2499 460 2531 velit!
484 2500 639 2548 Respexit
658 2501 818 2535 Horatius,
838 2505 873 2530 ut
889 2500 954 2541 jam
974 2501 1092 2537 monui,

365 2552 483 2578 avaroS,
505 2553 570 2584 qui,
598 2549 633 2573 ut
663 2542 723 2573 tale
754 2541 831 2583 quid
856 2542 984 2577 faciant,
1016 2553 1034 2573 a
1062 2553 1094 2574 se

365 2584 527 2626 impetrare
551 2595 613 2616 non
637 2590 788 2627 possunt3
812 2584 891 2615 inest
913 2583 1004 2624 igitur
1025 2585 1094 2616 voci

363 2629 452 2666 possit
472 2627 537 2668 jam
563 2627 628 2657 haec
652 2627 710 2662 vis,
736 2631 770 2657 ut
792 2626 841 2661 sit,
865 2626 918 2668 qui
942 2637 961 2657 a
983 2637 1016 2658 se
1038 2627 1095 2657 im-

366 2674 483 2710 petrare
499 2669 595 2711 possit
614 2669 683 2705 hoc,
700 2674 735 2699 ut
756 2669 903 2699 convivas
921 2668 960 2699 ad
978 2669 1095 2700 lautam

366 2720 490 2742 coenam
511 2716 611 2747 vocet,
626 2717 660 2741 ut
676 2711 837 2752 spondeat,
851 2715 926 2741 cett.
943 2711 1002 2741 nisi
1023 2711 1094 2752 quis

362 2763 471 2792 ponere
505 2755 595 2793 possit
631 2763 696 2795 pro,
734 2758 838 2794 ponat,
877 2751 993 2784 dictum
1029 2763 1094 2784 esse

364 2799 463 2835 putet.

408 2837 588 2868 426—429.
613 2837 670 2871 Tu.
685 2847 734 2867 seu
750 2838 880 2870 donaris,
903 2841 975 2868 cett.
1025 2837 1091 2868 No-

364 2876 420 2908 lito
440 2879 481 2914 ei,
501 2879 633 2921 quijam
653 2878 734 2910 dona
755 2889 771 2909 a
791 2884 821 2910 te
840 2888 914 2909 acce
937 2879 972 2914 it,
989 2884 1042 2909 aut
1060 2889 1091 2910 se

364 2926 563 2963 accepturum
576 2931 642 2952 esse
653 2926 766 2963 sperat,
780 2920 895 2952 laetitiae
930 2931 946 2952 e
958 2921 1092 2963 acceptis

1124 1082 1178 1106 aut
1192 1075 1383 1122 accipiendis
1403 1075 1493 1107 donis
1514 1075 1617 1106 adhuc
1637 1075 1730 1117 pleno
1748 1084 1856 1106 versus

1125 1123 1194 1148 tuos
1210 1123 1336 1148 rec1tare
1350 1129 1358 1156 ;
1381 1117 1409 1148 is
1429 1117 1512 1149 enim
1527 1116 1685 1156 clamabit,
1702 1117 1856 1148 Pulchre!

1126 1161 1215 1190 bene!
1242 1160 1340 1190 recte!
1375 1160 1533 1195 pallescet,
1557 1159 1766 1201 obstupescet,
1791 1168 1856 1200 prae

1130 1207 1255 1243 stupore
1271 1202 1390 1232 vultum
1407 1201 1551 1232 mutabit.
1593 1202 1689 1241 Super
1707 1201 1752 1231 his
1765 1202 1858 1232 etiam

1130 1244 1234 1284 (πρὸς
1268 1242 1299 1274 δὲ
1336 1243 1498 1283 τούτοις),
1530 1243 1667 1286 insuper,
1698 1246 1857 1284 preterea,

1128 1285 1220 1326 plane
1246 1291 1280 1315 ut
1302 1295 1370 1327 sup.
1395 1285 1496 1327 Epist.
1522 1284 1556 1321 ii,
1581 1286 1614 1322 2,
1639 1285 1860 1320 24,‘Qu2rer=·c

1127 1338 1214 1366 super
1243 1328 1294 1358 hoc
1323 1329 1424 1359 etiam.
1476 1327 1621 1362 stillabit,
1650 1325 1791 1357 stillatim
1819 1335 1858 1357 ex

1127 1369 1227 1399 oculis
1255 1368 1396 1399 demittet
1422 1368 1618 1399 lacrimarum
1648 1373 1764 1410 gutta-S,
1795 1367 1857 1398 ele-

1127 1416 1234 1450 ganter
1262 1421 1328 1452 pro,
1357 1410 1551 1448 lacrimabit;
1589 1411 1706 1442 stillare
1739 1408 1858 1451 (sinere

1127 1452 1259 1490 stillare)
1282 1463 1353 1483 cum
1373 1451 1559 1488 accusativo,
1576 1457 1612 1483 ut
1631 1462 1753 1482 manare
1770 1452 1860 1482 mella

1126 1496 1240 1533 poetica
1257 1505 1324 1535 sup.
1342 1494 1442 1535 Epist.
1466 1494 1488 1529 i,
1510 1495 1558 1528 19,
1573 1495 1626 1530 44,
1641 1492 1695 1525 ubi
1716 1492 1779 1524 vid.
1793 1498 1860 1524 not.

1129 1537 1340 1566 Lam-imarum
1351 1547 1398 1566 ros
1408 1536 1492 1577 apud
1505 1535 1600 1567 Ovid.
1614 1537 1693 1567 Met.
1704 1535 1768 1571 xiv,
1781 1535 1858 1566 708.

1130 1579 1250 1612 Amicis,
1267 1577 1326 1619 piis
1345 1583 1375 1609 et
1390 1578 1515 1608 intimos
1530 1577 1620 1619 quasi
1641 1577 1735 1608 animi
1749 1587 1860 1609 sensus

1129 1620 1339 1661 prodentibus·

1172 1663 1245 1692 430.
1275 1662 1393 1692 Tundet
1414 1663 1488 1701 pede
1511 1668 1634 1698 terram,
1657 1671 1786 1692 summm
1807 1671 1862 1692 vo-

1127 1703 1269 1744 luptatiS,
1299 1713 1392 1745 quam
1425 1703 1563 1740 simulat,
1595 1713 1688 1735 sensu
1716 1703 1860 1745 abreptus

1129 1745 1274 1783 saltabit,
1306 1745 1351 1776 sic
1379 1756 1450 1787 sup.
1477 1745 1541 1777 Od.
1573 1746 1595 1782 i,
1623 1747 1654 1782 4,
1683 1745 1715 1781 7,
1743 1745 1860 1776 Gratim

1130 1797 1202 1817 cum
1215 1787 1373 1829 Nymphis
1381 1788 1528 1819 saltantes
1539 1789 1656 1819 alterno
1662 1789 1735 1828 pede
1750 1793 1860 1818 terram

1131 1835 1250 1869 quatere
1263 1829 1419 1860 dicuntur.

1177 1872 1251 1907 431,
1269 1873 1341 1902 432.
1367 1872 1528 1907 conducti,
1545 1871 1687 1902 mercede
1705 1870 1863 1902 conduce-

1134 1913 1258 1949 bantur,
1281 1914 1335 1954 qui
1362 1914 1504 1955 ploratus
1529 1912 1562 1943 in
1585 1913 1691 1944 funere
1715 1912 1861 1952 ederent3

1135 1955 1271 1996 respexit
1301 1955 1451 1986 Horatius
1479 1956 1618 1986 mutiam
1642 1956 1788 1996 praeficas,
1816 1954 1863 1986 la-

1135 1997 1317 2028 mentationi
1332 1997 1422 2039 quasi
1434 1997 1595 2040 praefectas
1610 2009 1617 2027 :
1641 1997 1703 2027 vid.
1718 1996 1863 2029 Kirchm.

1137 2039 1176 2070 de
1203 2040 1319 2070 Funer.
1349 2040 1444 2070 Rom.
1469 2039 1502 2076 ii,
1533 2049 1562 2070 c.
1586 2038 1627 2070 vi.
1672 2039 1790 2070 Dicunt
1823 2040 1863 2075 Et

1132 2081 1258 2121 faciunt
1279 2092 1369 2122 prope
1391 2082 1484 2122 plura
1509 2082 1676 2112 dolentibus
1694 2091 1730 2112 ex
1750 2081 1861 2116 animo,

1136 2122 1269 2154 dicendo
1280 2123 1373 2164 (dum
1388 2122 1420 2153 in
1434 2123 1542 2154 laudes
1551 2122 1663 2154 mortui
1677 2123 1864 2165 erumpunt)

1135 2170 1167 2195 et
1207 2165 1349 2196 faciendo
1383 2165 1474 2206 (dum
1513 2164 1614 2196 crines
1649 2164 1797 2196 scindunt
1833 2170 1866 2196 et

1134 2206 1288 2247 plangunt
1303 2214 1438 2249 pectora,
1449 2207 1541 2247 cett.)
1552 2206 1641 2248 plura
1650 2206 1766 2238 doloris
1775 2206 1864 2248 signa

1135 2247 1244 2319 ἓάἷιηῐ,
1274 2259 1370 2290 quam
1399 2249 1454 2290 qui
1485 2259 1525 2280 ex
1552 2259 1622 2280 vero
1651 2248 1747 2280 animi
1769 2258 1863 2280 sensu

1157 2300 1174 2320 o
1188 2295 1252 2321 ent.

1177 2333 1251 2362 433.
1296 2333 1429 2368 Derisor,
1466 2331 1520 2372 qui
1555 2329 1752 2362 simulatione
1789 2331 1867 2363 alios

1134 2373 1226 2409 ludit,
1254 2380 1287 2405 ut
1312 2385 1382 2421 sup.
1407 2375 1473 2405 Sat.
1497 2373 1530 2409 ii,
1554 2374 1586 2409 6,
1614 2374 1668 2404 54.
1712 2374 1864 2409 Moretur,

1133 2417 1268 2447 externis
1295 2416 1415 2448 scilicet
1441 2415 1572 2457 graviter
1601 2415 1746 2446 commoti
1769 2415 1865 2447 animi

1135 2469 1159 2489 ει
1185 2468 1243 2488 ms.

1163 2468 1253 2531 ἕ434.
1267 2500 1369 2542 Reges,
1379 2500 1543 2535 beatiores,
1555 2498 1678 2534 divites,
1690 2503 1725 2530 ut
1736 2498 1864 2541 passim,

1137 2552 1164 2572 e.
1187 2553 1215 2573 c.
1247 2552 1317 2584 sup.
1339 2543 1400 2573 Od.
1424 2542 1445 2578 i,
1468 2544 1498 2580 4,
1525 2543 1574 2573 14.
1620 2541 1730 2572 Multis
1755 2551 1865 2582 urgere

1138 2585 1274 2620 oulullis,
1290 2595 1361 2615 eum
1375 2594 1510 2626 premere
1520 2582 1625 2614 multis
1637 2581 1766 2614 culullis
1777 2586 1864 2622 (nos,

1140 2628 1257 2668 tstchtig
1270 2627 1459 2665 zutrinken),
1468 2637 1564 2667 qim,
1575 2630 1649 2656 cett.
1678 2625 1865 2666 Demaeneto,

1141 2669 1253 2710 poculo
1288 2668 1459 2711 capaciore,
1488 2667 1551 2698 vid.
1579 2676 1650 2709 sup.
1679 2666 1718 2698 ad
1749 2665 1812 2698 Od.
1842 2667 1865 2704 i,

1138 2711 1260 2748 31,·11.

1181 2754 1255 2784 435.
1300 2752 1445 2793 Tarquen
1477 2762 1566 2788 mero,
1594 2750 1680 2786 vino,
1714 2754 1864 2793 tanquam

1137 2794 1280 2826 tormenti
1314 2793 1448 2842 quodam
1481 2802 1603 2835 genere,
1638 2792 1776 2834 aliquem
1809 2803 1863 2824 ex-

1136 2837 1254 2878 plorare
1266 2848 1276 2876 ;
1299 2836 1372 2868 hinc
1393 2846 1462 2877 sup.
1483 2835 1582 2877 Epist.
1604 2834 1626 2871 i,
1652 2836 1703 2871 18,
1721 2835 1762 2865 38
1777 2835 1862 2866 com·

1135 2881 1309 2920 missumque
1331 2884 1408 2919 teges
1429 2884 1457 2908 et
1479 2879 1549 2908 vino
1570 2882 1666 2908 tortus
1686 2883 1715 2908 et
1736 2878 1796 2912 ira,
1818 2881 1861 2913 et,

1135 2920 1197 2952 Od.
1215 2920 1259 2958 iii,
1276 2921 1329 2958 21,
1348 2921 1384 2950 13
1409 2918 1516 2951 vinum
1531 2925 1659 2951 vocatur
1675 2923 1865 2951 tormentum.
