1884 3288
320 187 375 226 28

875 187 1271 232 CARMINUM

606 286 679 328 Tu
698 287 815 342 gravi
836 301 964 328 curru
981 290 1144 342 quaties
1168 289 1420 343 Olympum;

605 352 676 393 Tu
699 367 846 407 parum
863 354 991 394 castis
1012 355 1176 395 inimica
1197 355 1338 395 mittes

517 419 574 459 60

994 419 1188 459 Fulmina
1206 419 1326 460 lucis.

854 605 1123 647 CARMEN
1157 605 1284 646 XIII.

903 776 971 806 AD
1018 775 1242 806 LYDIAM.

603 900 705 941 CUM
729 906 789 949 tu,
814 900 964 954 Lydia,
987 899 1174 954 Telephi

719 966 937 1007 Cervicem
956 981 1136 1015 roseam,
1158 980 1283 1007 cerea
1301 964 1487 1019 Telephi

608 1034 781 1075 Laudas
804 1033 991 1081 brachia,
1014 1035 1100 1073 vae!
1132 1048 1270 1073 meum

718 1098 905 1139 Fervens
927 1097 1087 1138 difficili
1108 1097 1191 1138 bile
1212 1104 1345 1138 tumet
1360 1097 1497 1150 jecur.

551 1166 578 1204 5
608 1163 734 1204 Tunc
756 1178 834 1204 nec
857 1178 972 1204 mens
995 1163 1111 1211 mihi,
1134 1177 1212 1203 nec
1233 1162 1349 1203 color

717 1229 846 1270 Certa
868 1230 968 1270 sede
990 1235 1154 1269 manet:
1186 1229 1338 1269 humor
1358 1235 1401 1270 et
1421 1229 1464 1269 in
1480 1242 1616 1282 genas

319 1343 428 1374 where
438 1342 560 1381 Jupiter
570 1342 642 1375 alto,
656 1340 766 1370 Nomen
778 1341 884 1376 hubes5
901 1341 1051 1369 hominum

323 1391 360 1414 tu
388 1390 485 1423 pater,
509 1384 560 1413 ille
586 1383 694 1418 derium
725 1387 756 1412 et
782 1383 862 1412 Met.
893 1392 944 1416 xv,
977 1383 1050 1416 858,

323 1426 447 1465 Jupiter
462 1436 543 1455 arces
565 1425 717 1462 Temperat
737 1425 885 1458 (ether-ias,
902 1431 929 1454 et
948 1425 1052 1453 mandi

324 1478 420 1508 regna
436 1467 600 1508 triformis.-
628 1466 720 1496 Terra
735 1467 788 1495 sub
805 1467 952 1506 Augusto,
968 1472 1054 1504 puter

323 1518 365 1539 est
389 1516 418 1540 et
439 1516 536 1539 rector·
559 1514 694 1547 vterque.
739 1508 866 1547 AEquns,
891 1507 1054 1547 aequitatis‚

325 1557 359 1581 ut
384 1552 478 1582 deum
501 1550 601 1587 decet,
626 1559 745 1583 amam,
773 1548 868 1584 mitis,
894 1549 1054 1590 propitius.

328 1593 376 1623 Tu
401 1595 490 1633 gravi
515 1597 590 1622 cett.
619 1602 672 1632 pro
699 1591 829 1631 vulgari,
856 1597 889 1620 tu
913 1590 1056 1630 regnabis

323 1634 357 1664 in
387 1635 482 1669 coelo,
512 1634 599 1674 ponit
621 1643 657 1663 ea
684 1643 754 1673 quae
781 1634 891 1663 Jovem
916 1632 949 1662 in
975 1632 1055 1663 coelo

324 1686 452 1715 regnare
477 1675 647 1711 declarant,
673 1674 803 1704 fulmina
834 1684 955 1715 nempe,
987 1683 1056 1713 quae

326 1717 450 1758 Jupiter
465 1727 502 1748 ex
518 1727 620 1753 curru,
636 1727 698 1757 quo
714 1726 785 1746 cum
801 1717 915 1746 tonitru
929 1716 958 1745 in
976 1716 1058 1746 coelo

326 1759 496 1794 invehitur,
517 1758 549 1788 in
568 1763 663 1788 terras
682 1757 806 1798 dejicit:
831 1757 887 1788 inf.
908 1757 953 1793 iii,
977 1759 1008 1793 5,
1027 1759 1057 1793 l,

327 1802 408 1832 Coelo
427 1807 578 1832 tonantem
598 1801 778 1831 credidimus
797 1800 897 1830 Jorem
919 1808 1059 1840 regnare.

328 1843 449 1874 Lucan.
471 1843 515 1880 iii,
535 1843 609 1878 320,
628 1844 748 1872 deorum
767 1841 915 1882 Ignarum
935 1843 1060 1871 mortale

324 1896 433 1926 gemis,
460 1895 513 1924 per
528 1884 671 1925 fulmina
698 1889 814 1913 tantum
839 1884 935 1914 Sciret
958 1884 1058 1913 adhuc

316 1928 494 1958 ‘coelosolum
502 1937 630 1964 regnare
641 1925 818 1954 Tonantem.-
834 1924 868 1955 cs
888 1925 1058 1955 Burmanni

326 1968 453 2010 Jupiter
468 1964 595 2008 Fulgur.
611 1977 640 1998 c.
654 1968 685 2003 9,
698 1977 729 2007 p.
741 1967 815 1996 292.
860 1966 968 2003 Gravi,
986 1967 1017 1996 h.
1029 1976 1058 1996 e.

326 2011 459 2051 graviter
481 2020 534 2051 per
558 2009 693 2039 tonitrua
716 2008 865 2041 minante,
889 2009 1057 2039 tremendo.

330 2053 446 2083 Pomm
460 2054 559 2088 castis,
575 2050 700 2091 flagitiis
717 2055 747 2080 et
762 2050 913 2080 adulterio
930 2050 1058 2092 pollutis

324 2099 359 2124 et
373 2093 562 2135 profanatis3
584 2103 622 2123 ex
642 2092 699 2122 hac
719 2091 802 2122 enim
822 2101 917 2121 causa
936 2092 1058 2123 demitti

326 2136 367 2166 ab
380 2137 461 2168 Jove
470 2137 547 2167 irato
560 2134 591 2165 in
603 2134 691 2164 lucos
700 2133 904 2164 credebantur
915 2133 1058 2164 fulmina.

534 2216 734 2249 CARMEN
759 2217 857 2247 XIII.

372 2261 418 2292 Ut
445 2259 565 2302 Lydiae,
591 2268 686 2299 quam
717 2259 842 2289 amabat
866 2263 967 2300 poeta,
990 2257 1057 2288 ani-

328 2313 414 2333 mum
443 2312 462 2332 a
494 2300 638 2342 Telephi.
669 2300 762 2330 simul
793 2310 862 2331 eam
896 2300 1058 2336 sectantis,

327 2354 432 2375 amore
448 2349 577 2379 avertat,
596 2342 729 2384 primum
747 2342 889 2372 intimum
910 2352 973 2383 quo
992 2342 1058 2383 ipse

328 2396 396 2417 eam
424 2386 580 2428 depereat.
608 2394 742 2414 amorem
772 2384 804 2414 in
837 2384 893 2414 hoc
924 2386 1060 2415 carmine

328 2428 483 2465 declarat3
509 2426 632 2462 deinde,
659 2425 790 2467 Telephi
811 2436 913 2456 amore
936 2427 967 2456 in
991 2436 1058 2456 sus-

329 2470 484 2518 picionem
511 2474 630 2505 vocato,
655 2478 806 2498 summam
835 2478 953 2504 eorum,
981 2478 1060 2509 quos

329 2511 546 2542 indissolubile
562 2520 661 2551 usque
677 2510 715 2540 ad
728 2515 854 2541 mortem
871 2509 982 2540 amoris
993 2510 1060 2540 vin-

329 2554 438 2585 culum
456 2558 568 2590 teneat,
584 2551 761 2583 felicitatem
779 2552 940 2593 praedicat.

378 2597 388 2626 1
405 2606 474 2637 sqq.
487 2596 656 2636 Vulgarem
670 2593 867 2628 sententiam,
885 2597 905 2612 “
916 2593 1060 2630 simulac,

331 2637 445 2679 Lydia,
455 2637 586 2679 Telephi
598 2646 709 2666 nomen
723 2636 918 2677 pronuntias,
930 2635 1061 2676 ejusque

330 2678 592 2722 pulchritudinem
607 2677 727 2712 laudas,
739 2677 784 2708 ira
798 2678 902 2708 statim
917 2677 1059 2718 etindig-

329 2721 455 2753 natione
470 2719 668 2758 exardesco‚''
682 2719 843 2761 splendide
857 2719 1020 2761 expressit.

371 2764 469 2794 2—4.
508 2763 640 2798 Rosam,
671 2761 703 2791 h.
736 2771 764 2792 e.
792 2761 976 2802 pulchram;
1015 2761 1059 2792 sic

330 2807 448 2838 Veneri
461 2815 570 2836 roseam
582 2805 721 2835 cervicem
735 2803 854 2838 tribuit,
873 2803 961 2843 Virg.
984 2804 1059 2834 AEn.

327 2847 350 2886 i,
391 2849 465 2879 402.
509 2847 613 2883 Cerea,
656 2852 720 2876 tam
761 2845 925 2876 candorem
964 2855 1060 2886 quarn

329 2889 524 2932 splendorem
552 2899 631 2920 cerae
662 2886 844 2924 referentia;
882 2897 952 2917 nam
987 2897 1058 2918 cum

327 2933 397 2962 alba
418 2942 486 2963 cera
515 2930 667 2963 veteribus
693 2939 780 2970 aeque
809 2939 845 2960 ac
871 2929 1060 2961 nostratibus

1095 1343 1170 1369 nota
1205 1338 1307 1376 fuerit,
1337 1339 1379 1370 ef.
1413 1338 1498 1369 Plin.
1529 1338 1572 1368 H.
1608 1338 1652 1368 N.
1686 1337 1752 1373 xxi,
1781 1338 1825 1369 24

1094 1382 1229 1419 (λευκὸν
1245 1382 1350 1422 καρὸν
1365 1380 1447 1422 apud
1461 1379 1662 1411 Theocritum
1675 1379 1740 1415 viii,
1759 1381 1826 1418 19),

1094 1433 1132 1453 ex
1158 1433 1224 1454 meo
1248 1434 1340 1453 sensu
1363 1433 1446 1453 cerea
1469 1422 1568 1452 multo
1593 1420 1770 1463 simplicius
1795 1427 1827 1452 et

1096 1465 1200 1506 aptius
1222 1465 1261 1495 ad
1288 1465 1394 1495 album
1418 1463 1611 1495 brachiorum
1636 1464 1771 1494 colorem
1795 1469 1828 1494 et

1097 1517 1175 1538 cerae
1198 1506 1330 1536 similem
1355 1506 1508 1541 laevorem.
1533 1514 1628 1546 quam
1652 1505 1827 1536 secundum

1098 1548 1186 1584 alios,
1203 1549 1257 1589 qui
1275 1549 1382 1578 Cereus
1400 1550 1431 1577 in
1446 1550 1554 1578 vitium
1559 1547 1661 1588 flecti,
1675 1557 1714 1578 ex
1727 1547 1829 1588 Epist.

1099 1590 1138 1620 ad
1156 1590 1220 1620 Pis.
1237 1601 1266 1621 v.
1286 1591 1357 1624 163,
1381 1589 1442 1619 hue
1463 1589 1600 1624 trahunt,
1616 1588 1655 1620 ad
1674 1589 1783 1620 molles
1797 1594 1828 1620 et

1098 1632 1248 1662 flexibiles
1295 1631 1491 1661 brachiorum
1539 1636 1640 1661 motus
1688 1630 1827 1663 refertur.

1102 1674 1231 1713 Tetwhi.
1275 1673 1430 1704 Consulto
1446 1671 1554 1714 repetit
1568 1682 1680 1704 nomen
1695 1672 1828 1712 Telephi,

1100 1716 1173 1755 quia
1190 1714 1291 1756 Lydia
1305 1725 1440 1756 quoque,
1457 1720 1492 1744 ut
1510 1715 1591 1744 male
1605 1719 1707 1745 ureret
1727 1715 1827 1745 Hora-

1101 1759 1190 1791 tium,
1211 1758 1342 1798 ejusque
1359 1757 1498 1787 ardorem
1516 1757 1615 1796 magis
1633 1755 1828 1793 accenderet,

1102 1799 1270 1830 identidem
1286 1798 1411 1829 formosi
1424 1798 1553 1839 Telephi
1569 1807 1680 1829 nomen
1695 1803 1830 1840 repetere

1101 1847 1131 1872 et
1147 1841 1179 1871 in
1195 1851 1245 1871 ore
1259 1841 1372 1872 habere
1385 1840 1518 1871 solebat.
1561 1840 1704 1871 Tenebat
1719 1850 1829 1882 nempe

1102 1888 1290 1924 praeceptum
1315 1882 1403 1920 illud,
1426 1882 1510 1924 quod
1540 1882 1580 1912 ad
1608 1892 1692 1920 eum,
1718 1890 1738 1913 a
1765 1891 1829 1924 quo

1100 1925 1196 1955 amari
1221 1924 1376 1965 cupimus,
1399 1923 1599 1965 pungendum
1620 1929 1652 1955 et
1672 1924 1830 1956 lacessen-

1099 1967 1175 1996 dum
1191 1967 1273 2007 apud
1290 1967 1469 1996 Terentium
1493 1965 1657 2007 (Eunuch.
1670 1965 1716 2002 iii,
1741 1967 1767 2004 1,
1787 1967 1829 1997 46

1099 2007 1186 2049 sqq.)
1201 2008 1354 2038 Thrasoni
1364 2009 1419 2038 dat
1434 2007 1638 2043 Gnatho,ubi
1649 2007 1720 2038 hic:
1743 2009 1829 2039 immo

1099 2061 1176 2090 auge
1212 2052 1306 2090 magis
1343 2051 1547 2089 suspicionem.
1591 2049 1626 2079 Τ.
1663 2051 1741 2080 eur?
1785 2050 1828 2081 G.

1099 2093 1205 2131 rogas'!
1236 2091 1342 2123 Scin’?
1369 2093 1394 2122 si
1424 2093 1541 2132 quando
1570 2092 1627 2121 illa
1654 2093 1830 2122 mentionem

1103 2134 1246 2164 Phaedriae
1268 2133 1369 2168 Facit,
1392 2140 1446 2164 aut
1462 2135 1488 2164 si
1509 2134 1629 2168 laudat,
1650 2138 1735 2173 tessct
1754 2135 1832 2165 male

1098 2182 1182 2206 urat.
1228 2175 1261 2205 T.
1304 2178 1408 2206 sentio.
1451 2175 1491 2206 G.
1516 2175 1570 2206 {Id
1613 2181 1650 2207 ut
1687 2185 1724 2205 ne

1787 2181 1821 2206 at

1100 2218 1158 2247 hoec
1180 2227 1227 2248 res
1250 2218 1310 2247 sola
1335 2223 1376 2247 est
1401 2218 1539 2248 remedio.
1755 2176 1787 2216 fi
1822 2199 1831 2212 Ι

1586 2217 1644 2248 Ubi
1666 2218 1832 2255 nominabit

1101 2259 1283 2294 Phaedriam,
1312 2265 1346 2290 tu
1379 2259 1568 2298 Pamphilam
1599 2259 1748 2290 Continuo
1759 2269 1770 2296 ‚·
1806 2261 1832 2290 si

1099 2303 1218 2340 quando
1234 2302 1288 2330 illa
1302 2302 1393 2337 dicet,
1411 2301 1582 2331 Phaedriam
1596 2301 1832 2332 intromittamus

1099 2344 1284 2373 comissatum
1302 2355 1310 2372 .·
1352 2350 1398 2379 tu,
1446 2343 1635 2382 Pamphilam
1676 2347 1832 2374 cantatum

1104 2388 1176 2425 (pro
1219 2385 1349 2425 vulgari,
1394 2383 1434 2414 ad
1477 2389 1623 2423 cantum5
1665 2383 1832 2416 invitemus

1101 2427 1310 2468 Pamphilam,
1341 2431 1375 2456 ut
1410 2425 1532 2466 cantet)
1565 2435 1774 2466 provocemus3
1805 2428 1832 2457 si

1103 2469 1239 2499 laudabit
1255 2470 1314 2499 haec
1334 2469 1423 2499 Illius
1432 2468 1580 2510 sormam,
1597 2474 1631 2498 tu
1651 2468 1740 2507 hujus
1761 2478 1830 2499 eon-

1102 2516 1162 2540 tra.
1201 2511 1302 2540 Meum
1304 2510 1429 2552 feruens
1437 2509 1557 2550 difficili
1567 2510 1626 2540 bile
1634 2510 1831 2549 tametJecur.

1104 2551 1136 2582 h.
1158 2562 1187 2583 e.
1204 2562 1261 2592 ego
1281 2552 1412 2593 graviter
1433 2551 1549 2582 irascor
1564 2556 1597 2582 et
1617 2560 1829 2582 commoveor:

1103 2594 1244 2635 expende
1287 2595 1450 2624 verborum
1498 2598 1653 2623 ornatum.
1703 2592 1832 2625 Feruens

1094 2638 1188 2675 jecur
1223 2642 1327 2671 tumet,
1359 2636 1392 2666 h.
1422 2645 1450 2666 e.
1478 2634 1569 2676 jecur
1598 2634 1771 2666 effervescit
1801 2640 1834 2666 et

1104 2682 1215 2708 tumet:
1235 2678 1292 2707 bile
1301 2688 1354 2719 pro
1363 2677 1420 2714 ira,
1432 2682 1466 2708 ut
1474 2686 1574 2718 saepe3
1590 2676 1828 2717 difficiliffiravi,

1105 2729 1167 2750 non
1189 2719 1282 2750 facile
1299 2718 1536 2760 compescenda,
1553 2717 1707 2761 ἀργαλέῳ
1725 2717 1832 2760 χόλῳ,

1105 2762 1233 2792 Homer.
1259 2761 1351 2792 Iliad.
1375 2760 1462 2795 xviii,
1490 2761 1567 2791 119:
1593 2759 1740 2790 nimirum
1759 2770 1832 2791 cum

1093 2806 1186 2843 jecur
1202 2803 1251 2834 vel
1266 2803 1360 2844 hepar
1373 2802 1470 2844 prima
1485 2801 1660 2843 sanguinis,
1676 2801 1759 2832 unde
1778 2801 1833 2833 ille

1104 2856 1156 2886 per
1177 2850 1277 2876 totum
1296 2854 1409 2886 corpus
1426 2844 1576 2880 dimanet,
1595 2844 1684 2875 sedes
1705 2843 1832 2876 habere-

1103 2894 1173 2926 tur3
1197 2897 1259 2917 non
1273 2887 1373 2917 solum
1386 2885 1512 2921 mentis.
1525 2885 1707 2928 prudentiae,
1719 2891 1751 2916 et
1765 2895 1830 2916 om-

1104 2929 1153 2960 nis
1172 2927 1330 2970 cogitandi
1349 2928 1517 2967 facultatis,
1539 2927 1594 2960 sed
1611 2928 1704 2960 etiam
1721 2927 1786 2964 irae,
1802 2932 1834 2959 et
