1904 3314
371 214 456 256 410

894 218 1325 264 SATIRARUM

488 315 536 357 Si
555 331 733 360 veneror
753 318 908 361 stultus
928 321 1032 362 nihil
1052 322 1216 374 horum,
1241 328 1268 347 “
1285 325 1326 366 O
1349 325 1383 365 si
1403 323 1582 380 angulus
1602 325 1672 369 ille

490 383 717 425 Proximus
738 386 928 437 accedat,
951 389 1024 442 qui
1044 404 1155 430 nunc
1176 391 1395 432 denormat
1416 391 1623 446 agellum!

408 449 459 489 10
489 449 531 490 O
554 450 588 490 si
605 465 754 491 urnam
773 454 937 506 argenti
958 454 1046 495 fors
1066 471 1162 509 quae
1181 457 1283 498 mihi
1302 465 1523 507 monstret,
1542 465 1590 499 ut
1609 457 1682 508 illi,

487 515 716 558 Thesauro
734 519 905 560 invento
925 521 998 574 qui
1018 524 1301 564 mercenarius
1322 539 1484 578 agrum,

488 583 611 624 Illum
631 585 770 638 ipsum
790 593 1015 636 mercatuS,
1037 589 1183 637 aravit,
1205 590 1323 631 dives
1344 591 1478 632 amico

488 649 678 691 Hercule
694 651 729 700 ;”
760 651 808 701 si,
830 653 947 705 quod
969 654 1104 703 adest,
1126 662 1293 708 gratum
1308 657 1444 710 juvat,
1466 657 1547 698 hac
1567 671 1695 711 prece
1716 664 1758 699 te
1779 672 1867 707 oro,

487 716 654 771 Pingue
673 733 803 772 pecus
825 719 994 760 domino
1016 719 1157 770 facias,
1180 728 1223 762 et
1243 730 1399 772 cetera,
1421 730 1579 777 praeter

406 783 456 822 15
485 782 720 837 Ingenium,
742 791 875 838 utque
898 784 1007 826 soles
1029 794 1173 827 custos
1193 788 1295 828 mihi
1315 789 1520 829 maximus
1542 789 1670 830 adsis.

490 850 611 903 Ergo
631 850 705 890 ubi
724 865 790 891 me
810 851 851 890 in
872 858 1036 892 montes
1054 859 1096 893 et
1116 853 1157 893 in
1179 868 1316 894 arcem
1338 869 1392 895 ex
1412 855 1519 895 urbe
1539 855 1710 905 removi,

486 915 619 966 (Quid
641 916 758 968 prius
779 916 982 957 illustrem
1004 919 1141 958 satiris
1163 918 1377 973 Musaque
1399 921 1587 974 pedestri
1600 923 1636 971 2)

485 980 582 1022 Nec
602 981 710 1022 mala
729 997 795 1022 me
816 984 987 1023 ambitio
1007 984 1163 1036 perdit,
1185 999 1263 1025 nec
1284 985 1507 1038 plumbeus
1530 985 1691 1027 Auster

483 1045 840 1101 Auctumnusque
861 1049 1015 1102 gravis,
1040 1049 1241 1090 Libitinae
1262 1058 1450 1103 quaestus
1474 1051 1653 1107 acerbae.

399 1113 456 1154 20
485 1113 699 1153 Matutine
720 1121 856 1167 pater,
880 1129 956 1155 seu
976 1114 1086 1155 Jane
1106 1114 1306 1156 libentius
1327 1117 1467 1164 audis,

484 1179 613 1220 Unde
634 1178 826 1220 homines
848 1195 1025 1234 operum
1046 1182 1204 1235 primos
1225 1183 1406 1236 vitaeque
1426 1183 1594 1225 labores

371 1333 469 1371 ἐάων,
492 1333 650 1375 κερδῷος)
678 1334 801 1365 colitur.
849 1335 978 1374 Propria
1003 1335 1042 1366 de
1064 1335 1101 1365 iis

371 1386 501 1416 quorum
524 1386 598 1406 usus
619 1382 651 1406 et
674 1377 794 1407 fructus
814 1387 975 1417 nunquam
999 1377 1100 1407 immi-

371 1417 488 1452 nuitur,
507 1428 577 1458 quae
597 1424 724 1464 manent
746 1424 776 1449 et
792 1418 917 1452 durant,
936 1429 1007 1459 quae
1025 1425 1100 1449 sunt

371 1465 538 1501 perpetua:
575 1458 614 1490 V'
608 1470 665 1500 irg.
698 1461 775 1490 AEn.
806 1459 847 1496 vi,
876 1461 950 1495 872,
979 1463 1100 1500 propria

370 1502 430 1532 haec
459 1503 484 1531 si
509 1503 587 1532 dona
606 1501 752 1543 fuissent,
780 1501 834 1532 ubi
862 1501 952 1543 plura
977 1502 1015 1532 de
1041 1503 1098 1533 hac

371 1542 457 1573 vocis
469 1555 559 1583 prwopv
563 1546 607 1574 ius
622 1543 846 1584 significatione
861 1544 1004 1585 exempla
1014 1543 1102 1575 dabit

371 1585 486 1616 cerda.

415 1628 447 1663 6,
467 1628 496 1657 7.
519 1627 551 1656 Si
571 1637 672 1667 neque,
691 1630 764 1656 cett.
783 1625 808 1656 si
827 1636 929 1666 neque
947 1627 1031 1657 soedo
1051 1627 1100 1657 lu-

372 1669 479 1699 crandi
496 1678 607 1708 genere
622 1679 685 1699 rem
701 1678 802 1698 meam
817 1677 927 1715 augere
942 1674 973 1699 et
988 1669 1099 1710 ampli-

371 1711 463 1742 ficare
478 1710 595 1748 studui,
610 1720 725 1757 neque
729 1719 797 1740 eam
814 1709 892 1744 vitii,
910 1710 942 1740 h.
962 1721 991 1741 e.
1006 1711 1100 1752 turpis

370 1751 503 1783 luxuriae
525 1753 620 1794 culpa
641 1751 823 1782 imminuam
852 1758 946 1793 atque
970 1752 1098 1794 profun-

369 1794 452 1825 dam.

413 1837 532 1867 8-15,
561 1836 594 1866 Si
621 1846 755 1870 veneror,
786 1841 860 1866 cett.
904 1836 1040 1866 Sensus:
1073 1835 1098 1866 si

371 1887 435 1908 non
449 1888 516 1908 sum
532 1888 613 1908 unus
630 1878 739 1908 horum
759 1877 931 1910 hominum.
946 1879 1041 1908 stulte
1057 1877 1100 1908 ita

370 1919 576 1961 precantium,
604 1920 667 1950 “O
700 1919 725 1948 si
759 1919 894 1958 angulus
924 1919 978 1950 ille
1005 1920 1099 1950 vicini

370 1961 437 2000 agri
453 1961 492 1990 ad
508 1971 610 1991 meum
631 1961 769 1995 accedat,
784 1971 877 2001 quem
898 1971 982 1992 nunc
1001 1972 1098 2002 angu-

370 2002 420 2033 lus
435 2003 488 2033 ille
504 2008 611 2034 contra
628 2012 765 2033 normam
782 2002 911 2043 aequalis
930 2003 1097 2043 longitudi-

370 2043 419 2074 nis
441 2044 611 2075 deformat!
643 2046 671 2074 Ο
695 2044 721 2073 si
742 2055 806 2085 qua
827 2055 892 2075 sors
916 2055 1026 2075 urnam
1050 2055 1098 2075 ar-

370 2086 456 2126 genti
485 2086 561 2116 mihi
585 2091 743 2122 monstret,
767 2091 800 2115 ut
823 2086 870 2116 illi
896 2086 1097 2122 mercenario,

370 2127 425 2168 qui
456 2127 612 2164 thesauro,
646 2127 781 2158 Hercule
812 2127 946 2164 favente,
974 2128 1098 2159 invento

369 2169 457 2201 dives
486 2169 587 2200 sactus
611 2169 703 2199 illum
730 2169 831 2210 ipsum
860 2179 980 2210 agrum,
1004 2180 1097 2210 quem

371 2211 580 2242 mercenarius
615 2211 725 2248 aravit,
757 2216 910 2241 mercatus
944 2212 1023 2248 est,
1072 2212 1099 2242 si

370 2259 456 2300 grato
475 2253 578 2284 animo
600 2252 649 2288 iis,
665 2263 736 2293 quae
759 2252 914 2293 possideo,
932 2258 1097 2283 contentus

369 2294 464 2334 viv03
486 2305 538 2325 oro
560 2300 591 2326 te
613 2294 671 2325 hac
695 2304 796 2336 prece,
818 2299 854 2324 ut
875 2293 951 2324 mihi
972 2294 1097 2325 domino

370 2346 468 2384 pecus
496 2336 634 2384 quidem
650 2335 765 2378 pingue
791 2335 899 2370 facias,
927 2341 959 2366 et
984 2344 1096 2371 cetera,

370 2389 442 2420 quae
456 2389 488 2409 ιιι
509 2379 591 2419 agris
605 2378 805 2420 pinguescere
823 2377 949 2412 debent,
963 2378 1018 2408 sed
1036 2388 1098 2408 non

370 2430 473 2451 meum
490 2421 661 2460 ingenium,
678 2420 760 2467 quod
779 2422 893 2460 pingue
913 2429 980 2450 esse
1003 2420 1096 2458 nolo;

370 2467 403 2493 et
424 2468 460 2493 ut
487 2462 640 2492 maximus
665 2461 751 2498 mihi,
774 2467 808 2492 ut
832 2462 923 2497 soles,
947 2462 1096 2498 Mercuri,

370 2510 474 2535 custos
484 2504 578 2534 adsis.
622 2504 894 2545 Veneror,precor:
912 2502 1020 2533 Livius
1032 2503 1096 2539 viii,

370 2547 403 2581 9,
419 2546 509 2582 June,
523 2546 658 2586 Jupiter,
674 2551 749 2577 cett.
770 2556 816 2575 vos
831 2556 945 2585 precor,
962 2556 1095 2580 veneror,

369 2588 713 2630 veniam-petoferoque,
728 2589 777 2618 uti
794 2589 900 2627 populo
921 2587 1096 2617 Romano-

363 2633 560 2670 prosperetis.-
579 2630 620 2660 cf.
635 2630 755 2660 Brison.
765 2630 804 2659 de
816 2629 953 2660 Formul.
964 2629 986 2664 i,
999 2640 1030 2670 p.
1040 2630 1097 2660 71.

417 2673 464 2703 10.
489 2672 515 2702 0
528 2672 630 2712 sifors
646 2683 719 2712 quae,
735 2682 801 2713 pro,
818 2671 844 2701 si
860 2681 921 2712 qua
938 2670 1017 2701 fors:
1042 2682 1096 2702 ex-

370 2713 475 2756 empla
489 2714 551 2745 vid.
565 2714 644 2755 apud
663 2713 823 2744 Heindorf.

416 2757 464 2787 13.
509 2757 610 2786 Amico
638 2756 784 2789 Hercule,
812 2754 887 2785 dum
915 2753 943 2784 ei
973 2754 1098 2786 favebat

370 2797 535 2834 Hercules,
550 2797 726 2828 divitiarum
740 2797 837 2831 dator,
856 2795 1098 2838 πλουτοδοτήρ.

369 2839 478 2872 Schol.
505 2840 591 2875 Aer„
616 2839 697 2874 Ideo,
723 2840 795 2879 quia
821 2837 1007 2880 (Hercules)
1034 2840 1096 2869 the-

368 2883 467 2912 muris
479 2888 594 2920 preest,
611 2887 639 2911 et
659 2887 741 2916 sunt,
758 2883 811 2921 qui
829 2882 954 2911 eundem
975 2882 1094 2910 incubo-

368 2935 434 2954 nem
456 2923 527 2965 (qui
551 2924 706 2958 thesauro,
727 2933 820 2964 quem
842 2921 987 2958 custodit,
1006 2921 1094 2952 incu-

369 2965 442 3007 bat)
465 2976 522 2997 esse
544 2967 647 3003 velint,
667 2967 747 2996 unde
768 2970 889 3004 putant,
907 2965 983 3005 quod
1006 2970 1033 2994 et
1052 2974 1096 2995 res

1143 1338 1257 1366 rustica
1288 1337 1320 1367 in
1347 1337 1442 1367 tutela
1470 1338 1508 1368 sit
1531 1340 1596 1377 ejus
1618 1337 1700 1378 (rem
1723 1337 1870 1369 rusticam

1145 1388 1268 1418 quoque
1297 1378 1329 1408 in
1355 1378 1424 1425 ejus
1451 1378 1549 1409 tutela
1579 1379 1679 1418 esse).
1725 1380 1869 1416 vaatum

1142 1429 1202 1455 me,
1225 1419 1302 1458 grati
1326 1419 1421 1450 animi
1443 1420 1610 1458 homiuem,
1633 1416 1791 1462 eleganter
1815 1432 1870 1464 pro

1142 1461 1289 1501 simplici,
1306 1472 1366 1492 me.

1190 1504 1237 1533 15.
1269 1503 1382 1533 Ριιιίεν
1411 1503 1593 1549 Ingenium:
1626 1503 1707 1534 ludit
1733 1503 1764 1535 in
1795 1514 1871 1536 voce

1140 1546 1266 1584 pingue,
1278 1545 1409 1585 primum
1425 1555 1546 1587 proprie
1556 1545 1595 1576 de
1606 1555 1747 1595 corpore,
1757 1545 1871 1578 deinde

1143 1595 1196 1626 per
1211 1586 1446 1616 translationem
1460 1587 1520 1617 de
1510 1589 1630 1627 ingenio
1696 1587 1757 1618 ita:
1783 1588 1871 1628 inge-

1144 1627 1230 1656 nium
1247 1629 1373 1668 pingue,
1392 1634 1439 1659 est
1455 1627 1589 1664 tardum,
1606 1597 1712 1666 hezoss,
1729 1635 1760 1661 et
1781 1631 1869 1672 inep-

1144 1674 1221 1703 tum,
1245 1671 1319 1710 quia
1341 1680 1392 1700 cor
1417 1680 1452 1700 us
1461 1680 1595 1717 quoque
1615 1672 1729 1712 pingue
1750 1672 1870 1702 tardum

1142 1717 1174 1742 et
1196 1710 1287 1742 rebus
1309 1681 1438 1750 agensis
1460 1711 1598 1761 ineptum
1618 1719 1675 1743 est.
1721 1712 1870 1744 Similiter

1142 1753 1205 1783 sere
1221 1753 1301 1783 homo
1317 1755 1402 1783 obesa:
1419 1755 1511 1784 naris.

1189 1795 1237 1824 16.
1262 1795 1343 1836 Ergo
1366 1797 1427 1830 ubi,
1447 1800 1521 1826 cett.
1544 1795 1654 1836 quodsi
1673 1794 1767 1836 igitur
1783 1801 1869 1827 voto-

1141 1846 1208 1866 rum
1232 1846 1369 1867 meorum
1394 1847 1520 1878 compos
1542 1842 1573 1868 et
1596 1842 1677 1869 sorte
1699 1848 1769 1868 mea
1794 1848 1870 1869 con·

1140 1883 1255 1913 tentus,
1268 1884 1339 1909 cett.
1358 1879 1442 1909 Etin
1453 1890 1565 1910 arcem:
1590 1889 1643 1920 per
1657 1890 1754 1910 arcem
1764 1879 1867 1920 desig-

1142 1919 1227 1950 navit
1263 1920 1410 1951 Horatius
1447 1921 1550 1951 villam
1587 1930 1689 1956 suam,
1721 1926 1869 1963 tanquam

1143 1963 1239 1992 locum
1258 1962 1407 2003 perfugii,
1427 1962 1482 1992 ubi
1501 1967 1590 2009 poeta
1608 1971 1627 1992 a
1647 1961 1719 1993 vitae
1739 1964 1868 2010 utrbanae

1141 2003 1299 2039 molestiis,
1316 2004 1408 2042 curis,
1423 2009 1454 2034 et
1467 2003 1596 2046 negotiis
1607 2010 1743 2036 remotus
1757 2004 1870 2036 intuto

1143 2045 1279 2076 vivebat.

1189 2088 1237 2118 17.
1270 2087 1351 2122 Quid
1372 2089 1468 2126 prius,
1491 2092 1563 2118 cett.
1586 2093 1668 2118 recte
1693 2087 1778 2118 hunc
1802 2098 1868 2119 ver-

1142 2138 1211 2158 sum
1223 2129 1442 2170 parentheseos
1449 2128 1547 2169 signis
1534 2129 1685 2160 >inclusit
1694 2129 1869 2167 Gesnerus3

1142 2171 1291 2201 Horatius
1312 2181 1404 2201 sensu
1425 2176 1602 2202 memoratae
1620 2170 1787 2206 felicitatis,
1806 2181 1871 2212 qua

1141 2211 1199 2241 sibi
1215 2223 1252 2242 ex
1267 2212 1358 2242 urbe
1352 2222 1384 2242 ιιι
1394 2212 1499 2242 villam
1513 2222 1602 2243 suam
1611 2212 1755 2244 secedere
1765 2212 1869 2250 liceat,

1140 2262 1319 2293 percussuS‚
1332 2253 1392 2283 sibi
1406 2259 1575 2294 temperare
1590 2264 1652 2285 non
1668 2259 1783 2302 potest,
1791 2254 1869 2295 quin

1140 2293 1269 2324 media
1263 2305 1295 2324 ιιι
1313 2294 1450 2325 oratione
1472 2295 1551 2325 hanc
1569 2295 1753 2326 seutentiam
1774 2295 1869 2326 iuter-

1141 2342 1277 2383 ponat,⁴
1284 2337 1407 2372 Quam
1430 2336 1554 2368 tandem
1576 2347 1639 2368 rem
1662 2337 1720 2368 hac
1739 2337 1868 2368 rustica-

1142 2377 1232 2408 tionis
1255 2388 1330 2408 meae
1354 2378 1500 2409 felicitate
1523 2377 1608 2420 prius
1629 2378 1766 2410 carmine
1786 2378 1867 2410 cele-

1141 2419 1268 2450 brem!'’
1298 2421 1408 2450 Satiris
1433 2420 1578 2460 Musaque
1598 2421 1738 2459 pedestri,
1759 2420 1870 2462 pedes-

1140 2460 1179 2491 tri
1202 2471 1376 2492 sermonum
1394 2472 1532 2492 meorum
1554 2462 1662 2493 Musa.
1705 2462 1801 2493 Musa
1818 2463 1869 2510 ly-

1139 2505 1202 2533 rica
1221 2513 1311 2534 curru
1328 2502 1612 2543 vehitu13t1agica
1627 2502 1779 2534 cothurno
1795 2503 1870 2535 nixa

1138 2544 1276 2582 incedit,
1299 2547 1375 2575 satir
1378 2547 1423 2575 ica
1438 2544 1529 2575 nudis
1544 2544 1675 2586 pedibus
1689 2545 1840 2576 ambulat.

1185 2589 1235 2617 18.
1283 2587 1369 2616 Mala
1402 2588 1534 2621 ambitio,
1565 2586 1730 2618 molestum
1744 2587 1868 2634 gratioe

1139 2628 1302 2676 captandae
1318 2627 1466 2659 studium.
1514 2628 1684 2665 plumbeus,
1699 2627 1774 2670 quia
1790 2629 1867 2659 Aus-

1140 2677 1196 2705 ter,
1221 2670 1325 2701 omnia
1354 2669 1516 2701 exsiccans
1539 2669 1704 2711 (Sirocco),
1727 2669 1869 2702 homines

1139 2713 1240 2743 reddit
1251 2713 1410 2752 plumbeos,
1427 2711 1459 2742 h.
1475 2721 1505 2742 e.
1519 2711 1646 2743 inertes.
1678 2744 1680 2746 ,

1187 2755 1236 2785 19.
1282 2755 1527 2794 Auctumnusque
1550 2755 1667 2793 gravis,
1696 2752 1869 2801 valetudini

1140 2796 1180 2827 ob
1195 2795 1274 2827 aeris
1289 2795 1468 2837 gravitatem
1482 2795 1634 2826 infestus:
1659 2803 1729 2842 sup.
1745 2794 1805 2826 Od.
1823 2794 1869 2832 iii,

1140 2839 1192 2874 23,
1209 2839 1239 2872 8,
1253 2839 1411 2868 auctumni
1423 2847 1517 2878 grave
1535 2842 1657 2875 tempus,
1670 2835 1723 2866 nbi
1742 2836 1785 2867 cf.
1803 2843 1870 2867 not.

1140 2881 1280 2910 Libitinae
1302 2885 1426 2919 quaestus
1446 2879 1566 2914 πει-,ὀᾶ
1586 2877 1660 2919 quia
1680 2882 1868 2909 auctumnus

1139 2922 1179 2952 ob
1200 2921 1300 2952 multa
1319 2920 1378 2951 hoc
1399 2919 1474 2950 anni
1493 2925 1628 2962 tempore
1650 2919 1760 2951 funera
1782 2919 1868 2950 Libi-

1141 2963 1226 2999 tinae,
1240 2963 1272 2994 in
1282 2962 1372 3004 cujus
1385 2962 1499 3004 templo
1511 2961 1551 2992 ad
1565 2966 1750 2993 mortuorum
1762 2961 1868 3003 sepul-
