1904 3314
365 197 449 241 514

855 198 1379 241 EPISTOLARUM

367 299 447 340 185
478 299 525 340 Si
544 299 762 340 discordet
781 312 927 352 equeS,
948 299 1087 341 media
1108 299 1219 340 inter
1240 299 1427 340 earmina
1447 307 1631 353 poscunt

478 364 572 405 Aut
590 379 751 414 ursum,
773 371 847 405 aut
866 363 1033 418 pugiles
1051 380 1060 405 t
1092 365 1158 405 his
1179 381 1277 406 nam
1298 364 1520 419 plebecula
1540 366 1714 420 gaudet.

480 431 643 471 Verum
663 431 819 484 equitis
840 445 1010 484 quoque
1025 431 1112 484 jam
1132 432 1326 485 migravit
1346 432 1401 472 ab
1421 445 1523 472 aure
1544 431 1750 486 voluptas

481 495 631 536 Omnis
652 497 707 536 ad
727 497 913 537 incertos
934 496 1079 537 oculos
1101 503 1144 538 et
1164 497 1320 550 gaudia
1338 511 1459 538 vana.

480 561 679 608 Quatuor
699 569 773 602 aut
793 561 938 615 plures
960 562 1095 603 aulaea
1114 569 1364 616 premuntur
1383 563 1425 602 in
1447 562 1590 611 horas,

369 627 448 667 190
478 627 595 668 Dum
615 627 784 681 fugiunt
804 628 992 680 equitum
1014 635 1164 668 turmae
1183 629 1461 682 peditumque
1483 635 1690 677 catervae3

479 693 588 734 Mox
610 693 792 734 trahitur
811 694 1006 733 manibus
1028 708 1176 747 regum
1197 693 1367 734 fortuna
1387 695 1584 743 retortis3

481 759 652 799 Esseda
673 758 887 808 festinant,
908 759 1081 812 pilenta,
1102 760 1324 812 petorrita,
1346 775 1500 810 naves;

478 824 704 878 Captivum
726 831 924 878 portatur
945 825 1068 873 ebur,
1090 826 1257 878 captiva
1278 825 1525 868 Corinthus,

478 891 525 931 Si
543 891 654 932 foret
673 892 716 931 in
737 892 875 940 terris,
897 891 1056 932 rideret
1077 891 1375 940 Democritus3
1411 906 1487 932 seu

369 957 448 997 195
478 956 709 998 Diversum
730 957 908 998 confusa
928 971 1062 1010 genus
1083 956 1293 1009 panthera
1312 957 1486 1006 camelo,

481 1023 580 1064 Sive
601 1023 775 1077 elephas
798 1023 920 1064 albus
941 1022 1057 1075 vulgi
1077 1029 1344 1063 converteret
1365 1037 1460 1063 ora:

476 1089 700 1143 Spectaret
719 1089 926 1144 populum
944 1088 1058 1129 ludis
1080 1088 1285 1128 attentius
1306 1089 1426 1142 ipsis,

361 1207 421 1238 bus
435 1207 574 1239 versibus
586 1209 657 1246 183,
666 1214 697 1239 et
709 1210 767 1238 184
778 1207 964 1239 describitur
978 1207 1089 1247 plebs),

363 1250 414 1290 (Si
427 1252 572 1280 discordet
589 1249 689 1290 eques)
715 1250 740 1280 si
761 1260 851 1281 secus
872 1249 1007 1280 sentiant
1024 1249 1090 1280 cul-

361 1291 447 1321 tioris
462 1291 556 1322 animi
572 1291 724 1327 homines,
735 1292 814 1322 inter
830 1291 963 1322 mediam
977 1292 1091 1322 fabulae

362 1333 453 1372 (quae
483 1333 567 1373 plebi
597 1333 759 1374 displicet)
783 1333 935 1363 actionem
963 1333 1001 1362 ad
1029 1333 1089 1363 vim

363 1373 554 1404 inferendam
580 1381 684 1415 parata
699 1381 753 1404 aut
775 1374 850 1409 ursi,
874 1380 928 1404 aut
950 1374 1090 1415 pugilum

362 1415 578 1455 spectaculum
593 1416 712 1456 poseit;
736 1415 889 1456 ejusmodi
904 1416 987 1446 enim
1003 1426 1091 1456 spec-

362 1457 467 1487 taculo
482 1458 581 1496 magis
596 1457 767 1488 delectatur
782 1457 957 1498 plebecula.

407 1499 481 1529 183.
529 1500 648 1529 Virtute
676 1505 705 1529 et
735 1500 841 1529 honore
871 1501 1007 1534 minores,
1040 1498 1093 1528 sed

362 1539 446 1579 quod
462 1540 501 1570 ad
513 1540 585 1571 vitae
600 1540 791 1571 honestatem
806 1546 837 1571 et
852 1540 977 1570 honoris
990 1539 1093 1580 digni-

362 1586 457 1611 tatem
473 1581 594 1619 attinet,
610 1581 720 1612 ceteris
734 1581 907 1612 inferiores.

410 1624 481 1654 185.
507 1623 615 1663 Eques,
631 1629 667 1653 ut
680 1623 726 1653 vir
737 1622 875 1653 cultioris
886 1622 982 1652 animi
997 1632 1090 1663 oppo-

364 1663 448 1694 nitur
457 1665 552 1704 plebi.-
569 1664 611 1695 cf.
624 1675 654 1694 v.
670 1666 728 1695 187
742 1676 749 1700 ;
774 1674 844 1705 sup.
858 1665 925 1694 Sat.
939 1664 961 1699 i,
975 1665 1026 1700 10,
1040 1665 1092 1700 76,

364 1705 445 1735 Nam
469 1709 539 1736 satis
561 1713 604 1736 est
625 1709 750 1746 equitem
774 1707 847 1736 mihi
875 1707 1029 1744 plaudere,
1059 1712 1093 1736 ut

360 1749 472 1784 audax,
498 1748 660 1778 Contemtis
682 1749 762 1783 aliis,
788 1749 902 1787 explosa
926 1748 1095 1778 Arbuscula

362 1790 448 1818 dixit.

408 1831 479 1861 186.
522 1831 585 1861 Aut
615 1842 731 1866 ursum,
761 1837 816 1860 aut
844 1831 982 1870 pugiles:
1020 1831 1092 1861 Vet.

361 1871 481 1907 Sobel..
513 1873 613 1907 Recte,
645 1875 716 1912 quia
743 1873 842 1903 adhuc
871 1873 1093 1910 Amphitheatri

356 1923 433 1943 *usus
461 1925 520 1943 non
547 1915 664 1953 (adhuc
690 1925 746 1944 non
771 1914 846 1944 satis
871 1914 1001 1945 barbare
1027 1924 1092 1954 pro,

363 1954 521 1994 nondum)
544 1965 622 1991 erat,
647 1962 676 1986 et
702 1957 735 1986 in
763 1957 863 1986 eadem
893 1966 982 1986 cavea
1005 1957 1094 1986 etiam

349 1996 496 2037 ferarum
525 1998 785 2038 gladiatorumque
817 2008 942 2027 munera
975 2003 1090 2037 specta-

362 2039 487 2068 bantur.

406 2079 477 2116 187,
513 2080 585 2110 188.
617 2079 726 2108 Verum
754 2081 872 2118 equitis,
903 2085 976 2110 cett.

361 2130 445 2151 nunc
468 2119 616 2151 cultiores
638 2129 763 2160 quoque
786 2130 847 2151 non
863 2121 997 2162 amplius
1019 2131 1090 2160 gra-

360 2162 460 2193 viores
476 2161 643 2193 sententias
658 2161 822 2197 audiendo,
838 2162 890 2192 sed
914 2172 962 2192 res
981 2172 1088 2198 vanas,

361 2203 468 2234 oculos
483 2209 603 2234 tantum
620 2208 794 2243 pascentes,
818 2204 986 2244 spectando
1003 2205 1090 2244 (nos,

360 2246 632 2286 Sehaugeprii‘nge)
649 2243 851 2274 delectantur.

406 2288 479 2318 188.
504 2287 594 2317 Oculi
617 2287 724 2315 inc-eru·
743 2285 810 2326 jam
833 2290 906 2316 sunt
922 2285 1008 2316 dubii
1029 2296 1090 2326 quo

360 2338 392 2359 se
406 2333 538 2363 vertant,
555 2327 638 2368 quod
652 2326 685 2356 fit
697 2327 750 2356 ubi
759 2326 843 2357 oculi
859 2337 973 2367 magua
987 2338 1086 2358 rerum

359 2369 669 2410 contemplandarum
713 2368 858 2399 varietate
893 2370 983 2399 modo
1027 2369 1088 2399 huc

359 2411 452 2442 modo
466 2411 542 2442 illuc
557 2410 733 2441 trahuntur.

403 2453 477 2489 189,
495 2453 567 2483 190.
589 2452 694 2482 Aulaea
714 2457 906 2490 premuntur,
934 2461 989 2492 per
1010 2462 1089 2492 qua-

357 2499 428 2525 tuor
442 2500 474 2525 et
494 2493 598 2535 plures
620 2493 712 2523 horas
726 2493 877 2533 depressis
896 2498 927 2524 et
949 2493 1088 2524 demissis

358 2535 470 2567 aulaeis
494 2545 589 2567 scena
612 2539 717 2576 aperta
739 2540 796 2571 est,
819 2534 851 2565 h.
873 2545 901 2564 e.
924 2540 1086 2576 spectacu-

357 2577 445 2608 lum:
469 2578 542 2607 dum
552 2577 690 2618 fugiunt
715 2582 820 2606 turmae
843 2577 988 2615 equitum,
1011 2582 1087 2608 cett.

356 2624 491 2660 quatuor
513 2624 567 2648 aut
588 2618 692 2659 plures
715 2617 804 2648 horas
825 2618 929 2648 durat.
973 2618 1088 2649 Aulaea

356 2660 439 2702 apud
454 2666 573 2691 veteres
595 2670 668 2694 non,
685 2658 768 2689 sicut
787 2669 884 2693 nuuc.
900 2669 972 2690 cum
994 2659 1086 2690 ludus

355 2701 478 2743 incipit,
493 2711 615 2732 sursum
630 2700 829 2731 trahebantur
851 2700 1085 2741 (tollebantur),

354 2743 408 2774 sed
430 2753 468 2774 ex
492 2752 613 2773 summo
636 2742 675 2772 ad
698 2741 794 2772 imum
813 2741 1083 2782 deprimebantur3

356 2784 510 2827 depressis
526 2784 619 2825 igitur
633 2783 753 2819 aulaeis,
769 2792 863 2813 scena
877 2789 994 2824 aperta,
1015 2794 1083 2814 sur-

353 2838 422 2858 sum
444 2825 551 2857 tractis
572 2823 744 2866 (sublatis),
769 2830 876 2865 operta
896 2824 966 2855 suit.
1008 2826 1081 2856 Jam

355 2868 516 2903 Horatius,
547 2872 582 2898 ut
607 2872 715 2908 carpat
745 2867 802 2896 aevi
830 2865 878 2896 sui
908 2866 1080 2905 ingenium,

352 2914 491 2943 recenset
511 2907 667 2950 quaedam,
682 2907 796 2949 quibus
817 2909 992 2949 spectandis
1014 2909 1079 2949 ple-

1030 2081 1091 2110 Sed

1133 1206 1245 1245 becula
1267 1207 1408 1249 inprimis
1428 1206 1587 1239 inhiabat:
1613 1217 1650 1239 eo
1693 1206 1868 1239 ertiuebant

1135 1259 1310 1289 pugnarum
1335 1249 1514 1284 simulacra,
1538 1217 1692 1291 splendidi
1717 1248 1865 1290 triumphi

1135 1298 1377 1331 repraesentatio,
1397 1292 1426 1322 ei
1450 1291 1578 1322 rariores
1598 1290 1631 1320 in
1649 1300 1775 1322 scenam
1798 1301 1867 1331 pro-

1135 1331 1237 1362 ductae
1245 1333 1360 1363 bestiae.
1377 1331 1488 1363 Cicero
1500 1342 1625 1374 quoque
1634 1332 1667 1362 in
1677 1331 1817 1373 Epistola
1827 1332 1867 1363 ad

1135 1373 1183 1402 M.
1200 1374 1338 1404 Marium
1356 1373 1414 1414 (ad
1437 1374 1558 1404 Divets.
1574 1373 1629 1408 vii,
1649 1373 1685 1411 1)
1701 1373 1777 1414 quid
1794 1383 1864 1404 seu·

1135 1413 1192 1444 tiat
1211 1415 1250 1445 de
1270 1415 1421 1456 ejusmodi
1447 1416 1542 1450 ludis,
1563 1414 1649 1447 haud
1671 1413 1863 1447 dissimulat:

1137 1456 1275 1493 Omnino,
1290 1460 1313 1487 si
1329 1459 1446 1496 quaeris,
1462 1459 1527 1487 ludi
1549 1459 1770 1496 apparatissimi
1781 1467 1792 1493 ,·
1815 1459 1865 1488 sed

1139 1508 1194 1527 non
1213 1499 1259 1528 tui
1279 1499 1439 1535 stomachi;
1463 1500 1665 1538 cmy'ecturam
1685 1500 1764 1530 enim
1775 1499 1866 1539 facio

1136 1540 1172 1568 de
1198 1550 1268 1569 meo.
1315 1541 1396 1574 Quid
1423 1541 1501 1570 enim
1527 1541 1731 1571 delectationis
1759 1540 1866 1572 habeut

1136 1582 1262 1611 sescenti
1277 1583 1353 1611 muli
1375 1583 1407 1612 in
1425 1582 1747 1621 Clytaemnestra—ant
1766 1593 1867 1614 arma-

1137 1628 1206 1651 tura
1221 1624 1307 1652 varia
1327 1625 1478 1662 peditatus
1491 1629 1520 1654 et
1541 1624 1691 1663 equitatus
1710 1625 1742 1654 in
1762 1624 1866 1664 aliqua

1134 1665 1263 1703 pugna?
1283 1676 1346 1704 quae
1370 1665 1543 1704 popularem
1563 1666 1790 1696 admirationem
1811 1666 1866 1697 lm-

1138 1706 1276 1742 buerunt,
1300 1707 1522 1737 delectationem
1556 1707 1609 1737 tibi
1641 1706 1758 1737 nullam
1781 1713 1866 1738 attu-

1139 1747 1249 1778 lissent.
1638 1771 1642 1778 .

1183 1789 1254 1819 191.
1279 1788 1349 1818 Mox
1361 1789 1510 1824 trahitur,
1525 1793 1597 1820 cett.
1605 1788 1734 1836 elegans
1750 1798 1866 1826 versus,

1135 1839 1190 1871 pro
1205 1829 1335 1870 vulgari.
1349 1840 1421 1860 mox
1438 1829 1533 1862 vincti
1554 1840 1641 1904 ῐεῗὲῐε
1655 1840 1689 1861 in
1709 1829 1864 1872 triumpho

1137 1881 1190 1912 per
1205 1881 1330 1902 scenam
1343 1871 1556 1903 traducuntur.
1632 1871 1844 1913 gumsortuna
1855 1885 1864 1903 :

1137 1912 1347 1953 significanter
1358 1913 1494 1954 fortuna
1514 1913 1642 1945 inservit
1662 1923 1770 1954 regum
1791 1924 1865 1956 cap-

1138 1960 1238 1985 torum
1255 1954 1442 1996 periphrasi:
1466 1965 1537 1996 sup.
1554 1955 1616 1987 od.
1631 1955 1654 1990 i,
1670 1955 1724 1992 34,
1740 1956 1778 1986 12
1794 1965 1864 1997 sqq.

1138 1996 1221 2026 Valet
1234 1999 1293 2027 ima
1308 1998 1427 2027 summis
1444 1996 1579 2032 Mutare,
1594 2003 1622 2028 et
1645 1998 1792 2039 insignem
1813 2004 1863 2028 at-

1134 2044 1239 2068 tenuat
1254 2039 1348 2068 Deus.
1393 2038 1534 2069 Manibus
1556 2039 1678 2070 retortis
1689 2049 1700 2075 ,·
1722 2039 1863 2074 brachiis.

1134 2084 1170 2109 ut
1191 2089 1262 2121 sup.
1281 2079 1345 2111 od.
1367 2079 1414 2116 iii,
1438 2081 1472 2116 5,
1489 2081 1531 2111 22
1553 2079 1703 2122 loquitur,
1717 2086 1800 2122 terga
1813 2092 1863 2112 re-

1137 2123 1234 2151 tortis.

1179 2163 1248 2192 192.
1272 2162 1392 2199 Esseda,
1408 2164 1535 2202 pilenta.
1547 2164 1712 2201 petorrita.-
1736 2162 1864 2195 Gallica

1133 2207 1164 2233 et
1179 2203 1307 2244 Belgica
1326 2203 1534 2235 vehiculorum
1554 2213 1681 2243 genera,
1692 2204 1808 2246 quibus
1829 2204 1862 2236 iu

1133 2254 1247 2285 pompa
1270 2243 1451 2284 triumphali
1475 2244 1557 2286 capti
1575 2255 1662 2285 reges
1683 2245 1862 2287 reginaeque

1133 2285 1184 2315 vel
1213 2285 1312 2327 spolia
1341 2285 1554 2316 vehebantur:
1590 2287 1630 2317 de
1665 2289 1768 2319 essedis
1798 2287 1862 2319 vid.

1132 2326 1248 2358 Schefl'.
1265 2327 1303 2357 de
1318 2327 1364 2357 Re
1379 2327 1459 2358 Veh.
1472 2327 1578 2364 ii,23;
1599 2327 1638 2358 de
1650 2329 1771 2367 pilentis
1782 2339 1861 2360 eun-

1132 2368 1203 2398 dem
1219 2368 1258 2399 de
1273 2369 1322 2398 Re
1341 2368 1422 2399 Veh.
1437 2368 1472 2404 ii,
1491 2369 1540 2403 17.
1563 2370 1627 2408 253
1649 2369 1688 2400 de
1706 2373 1862 2410 petorrltis

1132 2409 1174 2440 cf.
1197 2419 1267 2451 sup.
1289 2409 1328 2440 ad
1350 2411 1416 2440 Sat.
1432 2410 1454 2446 i,
1469 2411 1502 2445 6,
1522 2410 1595 2441 104.
1638 2410 1748 2447 Nam,
1764 2418 1862 2445 rostra

1133 2457 1215 2482 certe
1230 2456 1390 2492 captarum
1406 2451 1532 2482 navium
1547 2451 1701 2483 vehiculis
1709 2452 1862 2494 imposita.

1177 2494 1249 2524 193.
1273 2493 1431 2532 Captivum
1453 2494 1548 2524 ebur.-
1581 2492 1721 2535 intellige
1744 2495 1859 2526 variam

1130 2534 1359 2575 supellectilem
1376 2534 1492 2565 affabre
1507 2544 1547 2565 ex
1557 2535 1649 2567 ebore
1657 2535 1787 2571 tactam,
1800 2536 1859 2567 nisi

1131 2575 1230 2606 mavis
1257 2575 1429 2616 intelligere
1457 2577 1559 2607 dantes
1579 2577 1740 2614 οὸανποως
1774 2578 1859 2618 apud

1131 2616 1255 2647 Livium
1280 2625 1363 2648 certe
1383 2617 1501 2652 xxxvii,
1519 2618 1572 2654 49,
1590 2616 1624 2648 iu
1644 2618 1802 2660 triumpho
1819 2619 1860 2650 de

1130 2658 1288 2689 Antiocho
1302 2660 1423 2690 eburnei
1437 2661 1537 2690 dentes
1555 2659 1637 2690 mille
1655 2660 1778 2691 ducenti
1801 2663 1857 2692 tri-

1125 2701 1215 2740 ginta
1229 2711 1310 2730 unus
1326 2699 1438 2741 portati
1449 2709 1518 2731 esse
1529 2699 1687 2738 dicuutur.
1731 2701 1859 2740 Captiva

1130 2742 1304 2776 Corinthus.
1336 2747 1391 2772 aut
1418 2741 1458 2772 de
1486 2750 1570 2772 more
1596 2751 1660 2783 quo
1690 2741 1858 2775 simulacra

1127 2789 1287 2824 captarum
1304 2782 1428 2813 urbium
1443 2782 1475 2813 in
1491 2783 1646 2824 triumpho
1667 2783 1804 2826 praeferri
1824 2791 1857 2815 et

1125 2825 1246 2855 ostendi
1273 2825 1426 2860 solebant,
1458 2823 1675 2865 accipiendum
1699 2831 1767 2863 θεῖς
1799 2832 1855 2857 aut

1125 2866 1275 2896 Horatius
1295 2866 1361 2906 jam
1383 2865 1568 2897 Corinthum
1591 2871 1628 2896 ut
1645 2865 1751 2898 urbem
1775 2877 1854 2908 opu-

1123 2907 1338 2943 lentissimam,
1355 2916 1417 2938 non
1432 2906 1643 2948 praestantiore
1657 2917 1717 2940 aere
1731 2914 1853 2940 tantum
