1884 3288
295 199 375 240 158

843 196 1238 239 CARMINUM

402 297 574 339 Patruae
594 299 774 339 verbera
790 295 960 352 linguae.
1021 297 1123 339 Tibi
1142 296 1314 352 qualum
1335 295 1561 350 Cythereae

403 365 519 406 Puer
539 364 639 414 ales,
662 365 739 406 tibi
758 363 876 414 telas,
900 378 1176 418 operosaeque
1199 364 1406 405 Minervae

345 431 372 472 5
402 431 601 472 Studium
621 431 772 480 aufert,
793 429 1008 479 Neobule‚
1035 430 1216 484 Liparaei
1236 431 1348 471 nitor
1369 429 1509 470 Hebri
1526 445 1535 470 :

402 497 537 538 Simul
558 503 709 538 unctos
730 496 947 538 Tiberinis
967 495 1167 536 humeros
1187 495 1288 536 lavit
1306 497 1349 536 in
1370 497 1509 544 undis,

405 564 553 618 Eques
573 564 668 618 ipso
687 562 833 604 melior
854 562 1205 616 Bellerophonte,
1228 576 1366 616 neque
1387 576 1533 617 pugno

403 629 561 682 Neque
582 629 701 683 segni
721 630 831 682 pede
851 629 1010 669 victus:
1044 635 1162 669 catus
1182 629 1295 668 idem
1315 643 1392 682 per
1413 635 1609 682 apertum

405 695 637 749 Fugientes
659 695 819 749 agitato
839 709 969 748 grege
991 709 1137 735 cervos
1153 693 1348 748 jaculari,
1370 701 1413 734 et

325 762 375 802 lO
406 761 531 803 Celer
551 761 636 803 alto
655 761 890 802 latitantem
911 761 1109 801 fruticeto
1130 761 1329 815 excipere
1349 774 1514 814 aprum.

831 915 1101 957 CARMEN
1135 915 1261 956 XIII.

697 1052 765 1082 AD
801 1051 1025 1082 FONTEM
1061 1051 1401 1082 BANDUSIUM.

577 1157 618 1197 O
641 1170 750 1197 FoNs
773 1157 1018 1206 Bandusiae,
1042 1155 1304 1210 splendidior
1325 1156 1448 1205 vitro,

579 1222 711 1264 Dulci
732 1223 859 1277 digne
881 1237 1011 1272 mero,
1034 1237 1118 1264 non
1140 1223 1228 1264 sine
1248 1222 1439 1271 floribus,

298 1334 415 1406 tristlem
426 1335 459 1364 in
468 1333 646 1366 memoriam
659 1333 754 1363 nostri
763 1333 875 1364 amoris
886 1333 1029 1375 insculpe

298 1376 357 1407 titu
373 1386 436 1406 um.

517 1459 713 1490 CARMEN
740 1459 818 1489 XII.

343 1500 513 1535 Neobules,
529 1500 580 1531 cui
600 1501 699 1542 patrui
718 1501 812 1531 minae
833 1505 864 1530 et
885 1500 1028 1541 objurga·
1044 1527 1050 1531 .

300 1543 412 1577 tiones,
429 1543 510 1583 quod
527 1542 693 1573 formosum
711 1542 867 1583 quendam
881 1542 1030 1582 juvenem

300 1586 436 1618 amabat,
449 1584 686 1615 extimescenda:
698 1590 797 1619 erant.
809 1583 952 1613 miseram
967 1594 1030 1614 sor·

298 1632 360 1657 tem
399 1626 493 1656 dolet.
535 1626 765 1656 Sententiarum
800 1635 901 1655 nexus
938 1625 1031 1666 hujus

299 1667 446 1698 brevioris
474 1667 632 1702 carminis,
658 1677 749 1708 super
778 1667 870 1708 cujus
899 1667 1031 1697 consilio

298 1710 376 1740 mira
399 1709 565 1740 commenti
591 1714 663 1739 sunt
689 1709 879 1751 interpretes,
901 1714 949 1739 est
971 1709 1032 1739 fere

298 1752 369 1782 hic:
396 1751 514 1782 miserae
543 1751 680 1792 profecto
707 1757 780 1782 sunt
809 1750 933 1792 puellae,
961 1761 1030 1791 quse

298 1804 356 1824 nec
381 1798 500 1828 amant,
525 1803 583 1823 nec
609 1793 681 1823 vino
707 1803 797 1823 curas
822 1792 973 1832 abigunt3
1000 1798 1033 1823 at

297 1835 419 1866 miseroe
443 1844 569 1876 quoque
596 1840 670 1865 sunt
694 1835 769 1870 illae,
798 1845 879 1875 quae,
907 1834 1031 1875 quidem

299 1882 416 1912 amant.
432 1876 486 1907 sed
503 1882 587 1907 metu
607 1882 639 1907 et
658 1876 879 1913 sollicitudine,
891 1886 955 1916 qua
976 1886 1030 1917 pa-

298 1919 359 1950 trui
393 1918 586 1949 severitatem
616 1923 647 1948 et
678 1917 778 1958 'urgia
809 1923 1030 1959 expavescunt,

297 1960 487 1991 cruciantur.
532 1929 695 2000 Ejusmodi
724 1960 830 2001 puella
858 1959 966 1990 misera
998 1965 1030 1990 tu

298 2012 361 2044 quo
385 2011 423 2032 ue
447 2011 492 2037 es,
516 2001 672 2038 Neobule‚
692 2002 767 2032 dum
792 2002 944 2036 Hebrum,
968 2006 1031 2031 tam

298 2044 372 2086 pulc
397 2043 530 2074 ritudine
540 2053 632 2083 quam
646 2043 838 2084 juvenilibus
850 2043 967 2073 artibus
981 2043 1029 2073 in-

298 2086 432 2127 signem,
448 2085 566 2127 perdite
586 2095 684 2115 amas.
730 2086 810 2115 Nam
829 2095 898 2115 cum
915 2085 945 2114 in
963 2095 1029 2115 ver-

298 2128 358 2163 bis,
381 2134 437 2158 ant
460 2129 623 2157 eaanimuri
648 2133 807 2157 metuentes
826 2133 943 2165 patruoe
967 2137 1031 2156 ver-

299 2171 370 2201 bera
396 2171 518 2210 lingum,
543 2179 604 2199 non
633 2179 773 2209 quasque
798 2168 876 2199 alias
901 2168 1032 2210 puellas,

298 2212 353 2243 sed
379 2211 564 2253 peculiarem
590 2210 750 2241 Neobules
768 2217 881 2241 sortem
907 2220 1029 2251 respex-

299 2253 360 2284 isse
384 2253 523 2283 videatur
549 2258 649 2294 poeta,
675 2252 714 2282 ad
740 2262 777 2282 ea
798 2261 934 2293 quoque,
959 2258 1028 2282 tan-

299 2306 393 2337 quam
414 2304 553 2329 causam.
568 2304 637 2334 quae
653 2293 796 2324 miserum
812 2293 879 2341 ejus
895 2303 1029 2324 amorem

299 2337 449 2371 redderet,
465 2335 669 2370 continentia,
686 2335 716 2365 in
739 2335 955 2366 constituendo
970 2335 1028 2366 hu-

296 2379 351 2420 jus
370 2378 515 2410 carminis
537 2377 667 2408 consilio
690 2377 804 2408 adverti
819 2377 922 2408 debet.
966 2378 1028 2408 Ce-

297 2427 394 2452 terum
420 2420 564 2450 Horatius
587 2420 618 2449 in
644 2419 701 2450 hoc
727 2419 863 2450 carmine
882 2429 943 2449 non
968 2424 1030 2449 tam

299 2461 507 2494 Anacreontis
527 2460 627 2502 (xlvi)
651 2461 848 2495 sententiam,
868 2462 1032 2493 Χαλεπὸν

298 2506 336 2536 τὸ
352 2505 397 2547 μὴ
419 2505 568 2545 φιλῆσαι,
585 2504 740 2544 χαλεπὸν
755 2503 787 2534 δὲ
810 2504 863 2534 καὶ
881 2505 1030 2544 φιλῆσαι,

298 2556 392 2587 quam
419 2545 512 2576 alium
540 2545 694 2586 quendam
722 2550 843 2586 poetam
871 2546 1030 2580 Graecum,

298 2598 391 2629 quem
404 2593 468 2618 tota
484 2587 578 2628 hujus
593 2586 740 2617 carminis
755 2587 876 2617 indoles
891 2593 922 2618 et
936 2587 1032 2618 oratio

298 2630 375 2660 satis
402 2634 506 2670 aperte
561 2628 651 2663 rodit,
681 2628 868 2670 expressisse
899 2629 1030 2660 videtur.

299 2672 349 2703 De
371 2670 518 2711 singulari
539 2639 633 2712 iiujus
655 2670 802 2700 carminis
815 2676 913 2701 metro
933 2676 962 2701 et
980 2671 1027 2701 di-

297 2723 397 2747 versa,
417 2723 479 2754 qua
503 2712 582 2743 illud
605 2712 637 2742 in
655 2714 742 2743 Vett.
765 2712 864 2744 Codd.
888 2722 920 2743 et
942 2712 1030 2744 editt.

297 2755 470 2787 exhibitum
493 2759 525 2785 et
546 2754 733 2795 descriptum
759 2754 812 2790 sit,
836 2754 953 2785 ratione
975 2765 1027 2785 co-

298 2797 383 2839 piose
398 2797 461 2837 egit
476 2796 551 2827 Jani
566 2797 597 2826 in
615 2797 746 2826 Excurs.
760 2795 781 2826 i.
795 2795 833 2826 ad
850 2796 880 2826 h.
896 2797 917 2827 1.

343 2840 435 2870 1—3.
453 2839 633 2869 Miserarum
646 2844 699 2873 est,
711 2847 756 2868 sc.
769 2838 941 2879 puellarum
954 2849 1026 2869 con-

299 2881 386 2912 ditio.
429 2882 531 2911 Amori
561 2882 666 2911 ludum
691 2882 774 2914 dure,
801 2880 1029 2920 significantius

300 2933 353 2965 pro
385 2922 515 2963 vulgari.
552 2932 675 2958 amare;
713 2931 783 2952 uam
822 2922 874 2963 qni
912 2929 1027 2958 amant,

1073 1332 1147 1364 ludo
1154 1333 1291 1375 jocoque
1305 1344 1346 1364 sae
1371 1344 1387 1364 e
1399 1339 1470 1365 sunt
1481 1333 1602 1371 Amori,
1612 1334 1659 1366 vel
1672 1333 1802 1366 ludibri-

1072 1385 1124 1405 um
1143 1375 1172 1406 ei
1194 1375 1329 1406 debent:
1377 1376 1427 1407 inc
1447 1387 1516 1418 sup.
1538 1376 1561 1412 i,
1577 1377 1630 1412 33,
1649 1378 1684 1407 11
1703 1381 1735 1408 et
1750 1377 1802 1414 12,

1075 1417 1184 1448 Venus
1210 1421 1335 1457 impares
1356 1419 1478 1449 Formas
1502 1424 1592 1459 aeque
1613 1421 1724 1449 animos
1747 1419 1801 1449 sub

1064 1460 1146 1500 juga
1169 1470 1259 1490 aenea
1282 1460 1360 1490 Soevo
1377 1461 1492 1491 mittere
1512 1471 1579 1491 oum
1593 1462 1663 1500 joco
1679 1459 1804 1491 dicitur.

1074 1501 1160 1531 Mala
1183 1504 1251 1532 vino
1276 1504 1371 1532 lavere
1391 1502 1537 1543 (antique
1582 1511 1615 1532 ro
1635 1503 1747 1537 lavare,
1767 1506 1803 1532 ut

1074 1552 1143 1583 sup.
1158 1543 1203 1577 iii,
1221 1545 1251 1579 4,
1268 1543 1340 1582 61),
1358 1553 1449 1574 curas
1463 1544 1535 1574 vino
1577 1543 1692 1581 iluere3
1713 1544 1805 1575 Siccis

1073 1587 1171 1614 omnia
1186 1596 1253 1615 uam
1270 1590 1323 1626 (ut
1338 1585 1483 1616 Horatius
1506 1595 1575 1628 sup.
1599 1585 1623 1621 i,
1641 1586 1692 1622 18,
1707 1586 1804 1617 3—4.

1073 1625 1226 1666 loquitur)
1240 1629 1319 1658 dura
1334 1627 1415 1658 Deus
1424 1629 1577 1667 proposuit
1587 1639 1598 1665 ;
1613 1638 1706 1668 neque
1717 1628 1801 1658 Mor-

1074 1669 1159 1698 daces
1175 1669 1265 1699 aliter
1281 1668 1451 1711 diffugiunt
1471 1670 1699 1700 sollicitudines.
1741 1670 1803 1701 Ce-

1074 1714 1170 1740 terum
1195 1721 1270 1741 cum
1291 1721 1342 1751 per
1357 1710 1419 1741 vini
1444 1716 1548 1753 potum
1566 1721 1584 1742 u
1603 1710 1703 1753 poetis
1723 1721 1805 1754 saepe

1076 1750 1118 1781 nil
1135 1751 1193 1782 nisi
1210 1753 1362 1783 hilarioris
1375 1758 1407 1783 et
1417 1753 1613 1794 jucundioris
1628 1753 1700 1784 vitae
1720 1753 1802 1785 fruc-

1075 1798 1124 1823 tus
1138 1794 1291 1835 desig-nari
1306 1795 1414 1828 soleat.
1428 1795 1494 1836 jam
1510 1805 1571 1825 non
1584 1794 1623 1826 de
1643 1801 1802 1837 compota-

1075 1835 1210 1866 tionibus
1226 1840 1238 1875 (
1245 1836 1387 1877 quamvis
1409 1836 1539 1868 leviores
1561 1835 1701 1878 inprimis
1712 1837 1803 1885 puel-

1074 1877 1121 1906 las
1142 1877 1181 1907 iis
1203 1878 1378 1909 interfuisse
1400 1884 1532 1912 constat.
1547 1878 1590 1910 cf.
1612 1888 1683 1920 sup.
1699 1877 1733 1914 iu.
1752 1879 1804 1915 11,

1074 1919 1127 1953 21.
1143 1919 1198 1949 inf.
1223 1920 1267 1956 iii,
1284 1922 1335 1956 14,
1353 1920 1426 1958 21).
1442 1920 1495 1951 sed
1516 1920 1547 1951 in
1565 1920 1741 1952 universum
1764 1920 1805 1952 de

1075 1960 1146 1991 vitae
1169 1961 1324 1993 hilaritate
1348 1962 1548 2003 cogitandum
1571 1968 1628 1993 est.
1670 1963 1736 1994 Aut
1755 1973 1804 1993 ex-

1074 2005 1206 2033 animari
1221 2011 1380 2035 metuentes
1398 2005 1519 2035 Patruae
1537 2005 1658 2035 verbera
1678 2005 1803 2046 linguae,

1073 2043 1105 2074 h.
1120 2054 1149 2074 e.
1166 2050 1219 2075 aut
1234 2056 1271 2076 ex
1289 2046 1383 2076 altera
1397 2051 1483 2088 parte
1498 2055 1564 2080 eaS,
1575 2056 1648 2087 quae
1662 2046 1759 2077 amori
1773 2051 1806 2078 et

1073 2085 1143 2132 yitae
1167 2086 1314 2118 hilaritati
1337 2087 1513 2128 indulgent,
1531 2088 1605 2118 dum
1626 2087 1728 2130 patrui
1747 2088 1803 2118 ob-

1070 2128 1264 2168 jurgationes
1294 2129 1333 2159 iis
1360 2129 1534 2160 metuendae
1561 2135 1645 2165 suut,
1673 2129 1746 2171 angi
1772 2135 1805 2161 et

1074 2169 1246 2200 sollicitari.
1291 2171 1415 2202 Patrue
1439 2172 1560 2202 verbera
1581 2172 1704 2212 lingue..
1727 2182 1803 2203 con-

1072 2210 1152 2241 vicia
1169 2217 1200 2242 et
1214 2212 1376 2253 opprobria
1390 2212 1503 2254 patrui.
1538 2212 1690 2244 Similiter
1702 2213 1806 2245 Cicer.

1073 2252 1111 2283 ad
1138 2252 1210 2284 Div.
1234 2265 1285 2290 xv,
1311 2255 1362 2290 16,
1384 2256 1513 2286 convicio
1539 2256 1692 2286 verberare
1714 2255 1806 2286 dixit.

1073 2294 1256 2326 Patruorum
1281 2302 1396 2331 autem,
1417 2303 1453 2327 ut
1474 2295 1635 2327 hominum
1659 2297 1804 2338 querulo-

1072 2346 1151 2371 rum,
1172 2342 1202 2367 et
1226 2337 1352 2368 fratrum
1378 2338 1490 2369 liberos
1510 2338 1652 2380 inprimis
1670 2339 1806 2370 assiduis

1073 2378 1341 2419 objurgationibus
1358 2379 1584 2422 increpantium
1600 2386 1631 2412 et
1647 2380 1804 2422 castigan-

1072 2419 1162 2456 tium,
1185 2421 1298 2462 passim
1323 2422 1357 2452 fit
1380 2421 1513 2452 mentio:
1539 2422 1581 2453 cl'.
1603 2423 1744 2454 Torreat.
1765 2422 1805 2454 ad

1074 2461 1106 2491 h.
1132 2462 1152 2492 l.
1178 2468 1210 2493 et
1235 2473 1312 2504 quos
1338 2463 1447 2494 laudat
1469 2464 1632 2495 Ernestius
1653 2463 1686 2494 in
1712 2463 1804 2496 Clav.

1075 2502 1144 2551 (Jic.
1161 2515 1187 2534 s.
1204 2515 1234 2535 v.
1248 2512 1398 2544 patruus;
1423 2505 1495 2536 hinc
1510 2505 1694 2548 proverbiali
1716 2506 1804 2538 locu-

1075 2550 1158 2576 tione
1179 2557 1304 2578 severus
1320 2558 1436 2578 morum
1460 2557 1570 2579 censor
1587 2553 1620 2579 et
1639 2547 1806 2589 castigator

1074 2594 1202 2625 patruus
1230 2589 1334 2620 dictus
1359 2595 1424 2620 est:
1449 2589 1504 2620 ius.
1534 2591 1601 2622 Sat.
1630 2588 1664 2626 ii,
1689 2590 1723 2626 3,
1749 2591 1802 2626 88,

1077 2629 1124 2659 Ne
1137 2633 1175 2661 sis
1189 2639 1316 2670 patruus
1330 2633 1413 2662 mihi.
1662 2651 1665 2655 ·

1115 2673 1232 2703 3—10.
1257 2673 1323 2703 Tibi
1337 2675 1459 2713 qualum
1476 2673 1636 2714 Cythereie,
1648 2678 1721 2705 cett.
1734 2673 1805 2706 vide

1072 2723 1167 2754 quam
1186 2714 1307 2755 egregie
1327 2722 1415 2756 poeta
1431 2714 1588 2755 vulgarem
1605 2715 1803 2752 sententiam,

1073 2760 1094 2772 ‘⁸
1110 2762 1139 2785 ta
1156 2767 1236 2787 amus
1252 2756 1418 2794 Ilebmm‚”
1431 2762 1571 2795 exornat,
1581 2756 1658 2788 dum
1673 2757 1803 2788 Neobu-

1071 2796 1135 2834 len,
1155 2807 1237 2838 quae,
1261 2799 1364 2829 Hebro
1386 2803 1566 2840 conspecto,
1586 2808 1665 2840 opus
1686 2799 1803 2836 statim,

1071 2839 1153 2879 quod
1171 2845 1293 2875 tractat,
1309 2840 1508 2871 intermittere
1521 2845 1552 2871 et
1565 2840 1666 2871 oculis
1684 2840 1803 2872 animo-

1071 2891 1131 2921 que
1155 2881 1184 2911 in
1207 2891 1245 2912 eo
1267 2882 1332 2912 solo
1349 2882 1459 2913 morari
1480 2881 1617 2922 fingitur.
1635 2881 1704 2914 viva
1725 2882 1802 2913 ima-

1073 2923 1143 2962 gine
1159 2929 1193 2954 ut
1213 2923 1330 2964 perdite
1353 2929 1504 2955 amantem
1526 2923 1614 2955 nobis
1635 2934 1802 2966 repraesen-
