1884 3288
280 195 308 234 8
845 200 1241 245 CARMINUM

533 298 601 340 Illi
620 300 752 341 robur
771 308 814 342 et
834 317 892 342 ees
913 301 1070 356 triplex

452 364 504 404 10

590 365 713 406 Circa
734 376 883 420 pectus
904 377 1009 418 erat,
1030 370 1103 422 qui
1122 368 1314 423 fragilem
1336 371 1444 411 truci

533 430 750 472 Commisit
770 433 922 488 pelago
945 444 1076 475 ratem

584 498 766 549 Primus,
788 516 866 542 nec
887 503 1023 542 timuit
1044 502 1304 556 praecipitem
1326 501 1520 544 Africum

529 563 836 607 Decertantem
857 566 1160 622 Aquilonibus,

584 632 680 674 Nec
701 635 842 674 tristes
865 635 1057 687 Hyades,
1080 649 1157 676 nec
1178 635 1339 675 rabiem
1358 633 1480 684 Noti,

445 697 495 736 15
527 697 627 744 Quo
648 714 731 740 non
753 701 911 741 arbiter
932 701 1111 742 Hadriae

581 765 738 819 Major,
761 766 906 808 tollere
929 782 1003 807 seu
1026 782 1184 821 ponere
1207 767 1294 808 vult
1315 766 1438 807 freta.

525 831 666 877 Quem
687 833 832 873 mortis
854 833 992 873 timuit
1012 833 1206 887 gradum,
1253 848 1260 855 ·

582 898 670 944 Qui
691 900 818 940 rectis
840 899 971 940 oculis
992 907 1180 940 monstra
1199 900 1400 947 natantia,

523 963 611 1010 Qui
632 965 737 1005 vidit
757 980 871 1006 mare
894 967 1111 1020 turgidum
1132 974 1176 1007 et

434 1029 491 1068 20

576 1020 759 1072 Ins-ames
782 1031 979 1086 scopulos
1001 1031 1086 1072 alta
1108 1032 1348 1073 Ceraunia?

516 1094 822 1151 Nequidquam
844 1097 966 1138 Deus
988 1099 1170 1139 abscidit

574 1162 774 1204 Prudens
796 1164 972 1204 Oceano
993 1163 1252 1206 dissociabili

514 1227 688 1279 Terras,
713 1231 747 1270 si
768 1237 908 1270 tamen
927 1230 1068 1284 impiae

569 1295 672 1337 Non
693 1297 906 1351 tangenda
926 1304 1038 1338 rates
1060 1296 1303 1338 transiliunt
1323 1297 1445 1338 vada.

430 1362 485 1401 25
515 1360 676 1404 Audax
696 1364 834 1404 omnia
853 1365 1021 1418 perpeti

569 1429 690 1470 Gens
710 1430 895 1471 humana
914 1431 998 1471 ruit
1017 1446 1095 1485 per
1115 1431 1289 1472 vetitum
1311 1430 1446 1471 nefas.

511 1493 674 1536 Audax
693 1496 839 1557 «Iapeti
859 1511 994 1551 genus

571 1561 720 1616 Ignem
732 1562 891 1604 ‘fraude
912 1562 1024 1603 mala
1040 1563 1240 1618 gentibus
1261 1562 1416 1604 intulit.

255 1694 272 1714 e
293 1694 324 1715 re
347 1687 528 1727 pecuniaria
545 1689 705 1726 translata,
720 1689 849 1731 pulchre
872 1689 931 1720 sibi
950 1700 996 1721 re-

255 1727 420 1766 spondent.
463 1731 578 1761 Animae
607 1732 766 1762 dimidium
792 1732 911 1773 (ἣμισυ
938 1734 998 1770 τῆς

255 1767 388 1809 ψυχῆς)
406 1778 480 1802 uota
494 1772 606 1803 summi
622 1774 734 1804 amoris
748 1773 929 1804 declaratio.

297 1812 415 1844 9—12.
438 1815 542 1845 Locus
565 1815 619 1856 qui
646 1815 786 1856 sequitur
810 1826 848 1846 ex
873 1826 905 1846 re
930 1815 998 1857 ipsa

255 1853 407 1885 subnatus
426 1862 483 1886 est.
529 1857 613 1887 Nam
635 1866 707 1887 cum
724 1863 825 1899 poeta,
839 1868 919 1888 nave
935 1868 999 1898 qua

255 1894 410 1936 Virgilius
432 1898 601 1929 vehebatur
621 1899 734 1934 soluta,
754 1906 928 1940 reputasset
950 1910 998 1930 se-

254 1946 328 1967 cum
353 1939 516 1970 subeunda
543 1950 627 1970 nunc
653 1940 755 1971 amico
785 1951 842 1971 suo
865 1941 897 1970 iu
922 1941 999 1972 mari

252 1979 404 2020 pericula,
423 1987 531 2023 sponte
554 1982 587 2012 in
610 1988 766 2013 auctorem
784 1982 893 2013 horum
914 1983 996 2025 peri-

252 2021 406 2060 culorum,
424 2024 631 2064 navigationis
654 2024 771 2066 quippe
791 2025 994 2060 inventorem,

253 2065 451 2102 convertitur,
467 2073 498 2097 et
514 2067 582 2096 loco
604 2076 660 2096 suo
675 2066 779 2097 locum
798 2077 994 2098 communem

251 2103 290 2135 de
313 2107 446 2138 audacia
465 2108 624 2139 hominum
640 2114 763 2139 tractat.
807 2108 928 2139 Similia
940 2119 994 2140 ve-

250 2151 351 2192 terum
372 2155 545 2190 poetarum,
563 2160 583 2180 a
596 2149 710 2191 quibus
731 2151 848 2192 primus
868 2150 995 2181 navium

250 2195 392 2221 inventor
405 2193 553 2239 carpitur,
568 2192 637 2223 loca
654 2192 781 2232 collegit
799 2193 907 2223 Burm.
924 2193 998 2223 Sec.v

250 2230 290 2277 ³.d
310 2232 433 2264 Lotich.
455 2235 490 2269 ii,
511 2235 565 2266 20.
607 2234 653 2264 At
674 2234 848 2270 Loticbius,
868 2240 991 2265 contra-

247 2281 325 2303 riam
341 2276 526 2307 sententiam
542 2282 679 2311 secutus,
691 2276 852 2307 laudatum
867 2287 989 2307 carmen

248 2315 406 2348 exorditur
431 2317 494 2349 sic:
521 2319 582 2353 Qui
605 2320 720 2357 primus
743 2319 839 2350 latum
861 2320 990 2350 sulcavit

245 2360 397 2397 puppibus
416 2370 524 2400 oequor,
546 2361 637 2391 Utilis
658 2361 795 2391 humanis
817 2362 919 2391 usibus
940 2362 993 2392 ille

237 2398 323 2438 fuit.
338 2407 410 2432 cett.
449 2402 533 2439 Quid
547 2413 602 2444 per
614 2404 717 2438 robur,
732 2413 794 2443 qua
810 2413 884 2434 voce
898 2402 990 2444 quid-

245 2441 321 2480 quid
340 2442 452 2474 durum
467 2450 500 2476 et
521 2444 640 2475 firmum
656 2450 703 2474 est
722 2450 861 2481 notatur,
874 2443 990 2475 intelli-

245 2483 381 2523 gendum
414 2485 466 2521 sit,
495 2486 627 2528 adjectis
655 2486 785 2517 vocibus
812 2498 848 2517 aes
879 2488 990 2526 triplex

245 2526 345 2566 magis
358 2527 544 2560 declaratur.
571 2528 645 2559 Fuit
656 2527 722 2563 ille,
735 2528 790 2564 ait,
802 2528 987 2560 durissimus

244 2569 533 2612 audacissimusque
569 2570 624 2611 qui
664 2576 738 2601 cett.
796 2570 987 2602 Hominibus

243 2616 347 2642 autem
369 2612 543 2644 durissimis
556 2612 699 2643 tn'buitur
718 2619 825 2654 pectus
843 2612 986 2649 ferreum,

243 2652 345 2694 θυμὸς
361 2653 533 2697 σιδήρειος,
549 2655 632 2695 ἦτορ
649 2653 826 2696 σιδὴρειον.
873 2655 984 2686 Praeci-

239 2696 343 2734 pitem,
359 2697 512 2738 praecipiti
526 2697 643 2738 impetu
660 2703 810 2727 ruentem.

286 2738 336 2773 14,
350 2740 401 2770 15.
426 2739 534 2770 Tristes
546 2740 678 2780 Hyades.
691 2738 832 2780 Hyades,
844 2737 988 2779 (Latinis

240 2779 391 2821 sucum)
414 2781 514 2812 stellae
539 2781 572 2812 in
598 2780 699 2811 fronte
725 2781 832 2815 Tauri,
857 2790 987 2821 quarum

240 2827 325 2852 ortus
344 2828 375 2854 et
397 2833 526 2854 occasus
543 2825 655 2854 tristem
671 2827 886 2864 tempestatem
907 2832 986 2863 prae-

238 2862 341 2896 dicere
374 2865 567 2896 credebatur.
610 2864 704 2896 Ovid.
734 2865 818 2895 Fast.
849 2875 878 2899 v,
911 2865 983 2900 165,

240 2906 303 2936 Ora
324 2909 437 2939 micant
463 2907 560 2939 Tauri
585 2913 692 2948 septem
713 2908 869 2937 radiantia
885 2905 981 2946 flam-

237 2950 302 2986 mis,
321 2949 434 2981 Navita
455 2961 528 2991 quas
550 2949 676 2991 Hyadas
697 2949 812 2980 Graius
831 2949 868 2979 ab
890 2949 983 2979 imbre

1041 1690 1141 1732 (ὕειν,
1157 1690 1283 1732 pluere)
1297 1697 1391 1721 vocat.
1427 1690 1494 1724 Quo
1511 1700 1570 1720 non
1583 1691 1697 1720 arbiter
1709 1694 1786 1721 cett.

1041 1732 1108 1772 qui,
1119 1732 1204 1774 quod
1217 1732 1328 1763 attinet
1341 1731 1382 1762 ad
1397 1737 1610 1773 tempestatem
1624 1737 1688 1762 tam
1703 1741 1784 1763 con-

1042 1774 1199 1805 citandam
1225 1785 1320 1816 quam
1345 1773 1603 1816 componendam,
1629 1783 1785 1804 summam

1041 1814 1073 1846 in
1088 1816 1164 1847 mari
1178 1816 1360 1847 Hadriatico
1374 1821 1496 1847 exercet
1510 1820 1705 1858 potestatem.

1088 1860 1136 1895 17,
1168 1860 1217 1890 18.
1265 1859 1358 1892 Quem
1387 1859 1489 1889 mortis
1539 1859 1657 1894 rodum,
1687 1866 1783 1899 quam

1042 1899 1123 1930 viam
1145 1900 1184 1930 ad
1206 1901 1337 1935 Oreum,
1353 1900 1385 1930 h.
1401 1910 1430 1931 e.
1446 1869 1538 1941 quoti
1545 1899 1652 1930 mortis
1673 1909 1783 1940 genus.

1041 1941 1102 1971 Pro
1128 1942 1248 1981 vulgari
1276 1941 1419 1977 lectione,
1442 1943 1526 1972 siccis
1550 1942 1656 1977 oculis,
1683 1941 1782 1983 quod,

1041 1982 1100 2013 nisi
1127 1993 1191 2024 pro,
1217 1984 1300 2013 lento
1329 1984 1444 2019 animo,
1468 1983 1518 2014 vel
1543 1983 1622 2014 duro
1646 1989 1782 2025 pectore,

1039 2025 1240 2066 explicueris,
1255 2025 1396 2066 ineptum
1412 2031 1471 2060 est,
1487 2026 1577 2066 (nam
1592 2025 1782 2067 quisbellu-

1037 2076 1124 2097 arum
1141 2067 1328 2097 marinarum
1351 2065 1516 2107 adspectu,
1530 2066 1591 2096 nisi
1613 2066 1782 2099 admodum

1037 2119 1114 2149 puer
1137 2109 1189 2143 sit.
1213 2108 1354 2139 effundat
1375 2107 1560 2146 lacrimasl)
1586 2108 1782 2149 elegantissi-

1037 2160 1118 2181 mam
1135 2150 1270 2181 Bentleii
1293 2149 1394 2192 recepi
1417 2149 1677 2186 emendationem,
1691 2153 1782 2182 rectis

1035 2194 1140 2228 oculis,
1157 2191 1188 2222 h.
1211 2203 1239 2223 e.
1265 2192 1366 2223 oculis
1387 2202 1450 2222 non
1472 2191 1605 2227 retortis,
1622 2191 1678 2223 sed
1695 2199 1781 2224 recta

1035 2234 1067 2264 in
1094 2241 1230 2265 monstra
1257 2234 1313 2264 illa
1339 2233 1483 2264 natantia
1507 2233 1677 2265 conversis.
1721 2234 1781 2266 Vir

1034 2276 1144 2308 doctus
1169 2276 1294 2318 quidem
1318 2275 1350 2306 in
1374 2275 1476 2307 Novis
1498 2276 1674 2307 Commeat.
1689 2275 1779 2318 Lips-

1037 2320 1130 2356 1803,
1153 2319 1191 2349 T.
1215 2318 1236 2355 i,
1260 2329 1291 2360 p.
1315 2319 1389 2354 532,
1417 2318 1510 2348 ocutis
1535 2319 1618 2348 siccis
1641 2317 1780 2360 explicat

1035 2362 1158 2401 rigidis,
1176 2361 1307 2403 (ξηροῖς
1329 2360 1534 2396 ἀκλαύστοις
1549 2359 1673 2401 ὄμμασι
1693 2359 1779 2402 apud

1037 2403 1184 2444 AEschyl.
1207 2404 1293 2450 Sept.
1318 2412 1346 2432 c.
1369 2401 1432 2432 Th.
1454 2400 1548 2441 698,)
1571 2401 1616 2432 ita
1637 2407 1673 2433 ut
1692 2401 1778 2433 oculi

1034 2446 1104 2475 sicci
1120 2444 1214 2476 iidem
1237 2450 1301 2475 smt
1314 2443 1369 2486 qui
1386 2445 1484 2480 recti,-
1507 2442 1562 2474 sed
1575 2443 1647 2516 quis
1669 2443 1776 2475 lectio-

1034 2496 1117 2522 nem,
1139 2497 1232 2528 quam
1255 2495 1330 2517 usus
1351 2483 1500 2527 loquendi
1520 2495 1578 2516 eon
1602 2490 1690 2521 rmat,
1713 2495 1778 2517 non

1029 2529 1171 2570 praeferat
1192 2529 1233 2564 ei,
1249 2528 1341 2570 cujus
1363 2527 1532 2569 explicatio
1553 2526 1653 2559 dubia.
1673 2533 1704 2559 et
1725 2527 1776 2559 in-

1029 2577 1116 2602 certa
1130 2571 1257 2602 manet‘!
1584 2581 1587 2586 s

1071 2614 1124 2644 20.
1177 2613 1320 2655 Inj'ames,
1364 2610 1533 2652 naufragiis
1574 2621 1686 2653 nempe
1730 2610 1775 2642 ibi

1028 2654 1140 2694 factis;
1169 2657 1234 2686 alta
1265 2655 1418 2685 Ceraunia
1447 2654 1552 2696 (ἄκρα
1583 2655 1629 2684 Kc
1653 2653 1775 2692 αύνια)
1799 2675 1805 2679 -

1030 2703 1153 2728 montes
1170 2697 1202 2728 in
1218 2697 1306 2727 litore
1320 2694 1407 2737 Epiri
1420 2695 1501 2726 inter
1513 2704 1598 2726 mare
1647 2695 1776 2727 adriati-

1031 2748 1101 2769 cum
1118 2744 1150 2769 et
1164 2739 1309 2770 Ionicum
1325 2737 1546 2780 prominenteS,
1556 2746 1636 2778 quos
1646 2742 1774 2779 prater·-

1030 2780 1101 2812 vehi
1123 2781 1280 2812 debebant
1293 2790 1331 2812 ex
1347 2779 1444 2810 ltalia
1464 2779 1499 2810 in
1513 2778 1671 2811 Graeciam
1685 2779 1774 2811 navi-

1053 2828 1151 2854 antes.

1031 2833 1051 2863 g
1068 2866 1122 2896 22.
1145 2864 1337 2895 Dis-sociabili
1359 2863 1466 2894 activo
1483 2872 1577 2894 sensu
1590 2861 1771 2905 explicant:

1026 2906 1079 2947 qui
1091 2913 1186 2938 terras
1194 2905 1388 2941 dissociaret,
1395 2910 1551 2953 separaret
1562 2917 1568 2935 :
1586 2904 1629 2936 cf.
1639 2904 1773 2938 Gesner.

1026 2949 1088 2980 Sed
1112 2958 1185 2980 cum
1206 2948 1391 2979 dissociabile
1413 2947 1535 2980 dicatur
1554 2946 1640 2989 quod
1662 2946 1773 2979 sociari
