1904 3314
344 193 429 237 564

668 163 1028 239 EpisToLA
1063 197 1159 238 AD
1198 197 1517 241 PISONES.

460 294 639 337 Publica
660 297 833 351 privatis
855 311 1092 347 secernere,
1114 312 1233 339 sacra
1252 297 1456 352 profaniS,

459 361 703 404 Concubitu
722 365 952 418 prohibere
972 381 1095 420 vago,
1117 367 1219 406 dare
1235 366 1333 419 jura
1353 365 1529 414 maritis,

462 427 638 483 Oppida
658 431 807 481 moliri,
828 431 945 486 leges
966 433 1153 473 incidere
1173 431 1312 486 ligno:

346 493 431 534 400
461 495 531 536 Sic
551 496 688 538 honor
707 507 749 539 et
770 513 922 539 nomen
943 499 1094 539 divinis
1116 499 1283 539 vatibus
1305 505 1434 551 atque

461 561 729 604 Carminibus
750 566 876 606 venit.

938 565 1043 606 Post
1062 565 1142 605 hos
1163 565 1338 618 insignis
1361 563 1591 612 Homerus,

460 627 747 684 Tyrtaeusque
768 646 904 672 mares
926 632 1084 671 animos
1106 632 1150 672 in
1171 631 1328 671 Martia
1349 629 1460 671 bella

461 694 673 737 Versibus
694 698 889 745 exacuit;
921 698 1047 738 dictae
1067 712 1145 751 per
1165 698 1349 738 carmina
1371 703 1523 746 sortes,

464 760 525 801 Et
545 763 641 803 vitae
662 771 895 803 monstrata
915 764 982 804 via
1002 771 1092 812 est3
1124 770 1167 804 et
1187 764 1324 817 gratia
1345 777 1495 816 regum

348 826 433 866 405
462 826 614 868 Pieriis
636 835 797 870 tentata
819 829 978 878 modis;
1001 828 1223 882 ‘iudusque
1245 836 1457 883 repertuS,

463 893 524 934 Et
542 893 766 949 longorum
788 910 965 949 operum
985 894 1082 935 finis
1096 911 1104 935 ε

1137 909 1190 935 ne
1211 895 1320 935 forte
1342 894 1498 948 pudori

463 959 529 1000 Sit
549 961 626 1001 tibi
647 962 777 1002 Musa
795 961 898 1015 lyrae
920 961 1066 1009 solers,
1088 967 1131 1001 et
1152 967 1299 1001 cantor
1319 959 1492 1014 Apollo.

461 1025 631 1068 Natura
651 1028 774 1068 fieret
793 1026 1006 1068 laudabile
1029 1041 1211 1075 carmen,
1234 1041 1287 1066 an
1308 1034 1414 1074 arte,

464 1092 704 1138 Quaesitum
725 1100 812 1134 est:
844 1107 924 1147 ego
944 1107 1022 1133 nec
1045 1092 1232 1132 studium
1255 1092 1343 1132 sine
1365 1092 1494 1132 divite
1515 1106 1636 1141 vena,

350 1158 434 1198 410
462 1158 559 1199 Nec
579 1159 702 1207 rude,
725 1160 827 1212 quid
849 1159 999 1212 possit,
1021 1158 1145 1198 video
1166 1158 1402 1211 ingenium:
1435 1157 1610 1199 alterius
1631 1158 1692 1200 sic

464 1222 616 1265 Altera
635 1226 774 1278 poscit
795 1239 919 1278 opem
939 1239 1022 1272 res,
1043 1231 1086 1264 et
1106 1223 1301 1277 conjurat
1321 1224 1467 1264 amice.

465 1290 554 1337 Qui
574 1291 719 1332 studet
740 1299 929 1345 optatam
951 1305 1076 1332 cursu
1099 1290 1344 1343 contingere
1366 1297 1532 1340 metam,

466 1356 608 1398 Multa
627 1357 723 1398 tulit
743 1358 926 1411 fecitque
947 1371 1069 1411 puer,
1092 1356 1260 1396 sudavit
1280 1363 1323 1396 et
1343 1356 1436 1396 alsit
1455 1373 1464 1404 3

466 1423 691 1466 Abstinuit
711 1423 883 1466 Venere
903 1431 946 1465 et
965 1424 1084 1464 vino:
1117 1423 1191 1477 qui
1212 1421 1370 1476 Pythia
1389 1429 1533 1463 cantat

355 1554 512 1587 Thebanis
525 1561 703 1598 occuparet,
724 1556 865 1588 canendo
886 1557 1016 1588 movisse
1037 1556 1081 1587 di-

357 1597 457 1628 citur:
483 1608 553 1640 sup.
569 1599 630 1630 Od.
645 1599 690 1634 iii,
710 1601 760 1633 11,
775 1600 808 1633 2,
828 1599 922 1629 Movit
940 1599 1086 1639 Amphion

356 1640 468 1678 lapides
481 1642 622 1671 canendo.
666 1640 769 1671 Movit
787 1640 908 1671 scilicet
927 1640 1087 1682 Amphion

357 1681 488 1720 (blanda
518 1682 620 1721 prece)
658 1682 782 1713 blandis
815 1682 1006 1713 carminibus
1039 1683 1087 1713 vel

356 1722 474 1754 blanda
499 1724 688 1756 allocutione
715 1725 866 1759 homines,
891 1724 943 1766 qui
969 1724 1087 1766 lapides

357 1772 595 1807 comportarent,
622 1772 654 1797 et
677 1777 764 1797 suam
789 1766 903 1808 cuique
924 1767 1028 1797 sedem
1054 1767 1087 1797 in

358 1816 437 1838 novo
452 1818 539 1839 muro
554 1808 762 1849 adsignarent.

400 1849 474 1880 396.
497 1849 569 1880 Fuit
594 1851 652 1881 haec
676 1852 834 1890 sapientia,
859 1854 932 1880 cett.
974 1850 1087 1880 Poeta-

355 1900 422 1920 rum
447 1891 551 1922 studio
575 1897 606 1923 et
632 1903 724 1934 opera
749 1892 904 1934 sapienter
929 1891 1084 1932 quondam

355 1931 533 1964 institutum
545 1940 604 1969 est,
618 1934 746 1975 publica
759 1935 841 1964 bona
853 1943 871 1963 a
885 1933 1010 1974 privatis
1022 1933 1084 1964 dis-

357 1974 529 2012 terminare,
543 1981 574 2005 et
588 1986 675 2006 sacra
690 1986 707 2006 a
722 1975 860 2017 profanis
874 1975 1076 2015 distinguere.

399 2016 472 2046 398.
496 2017 666 2052 Prohibere,
680 2028 726 2048 sc.
741 2017 888 2053 marit0s;
906 2027 988 2058 saepe
1002 2017 1085 2048 enim

357 2058 441 2098 apud
459 2059 622 2089 Horatium
639 2065 694 2089 aut
709 2070 746 2090 ex
766 2059 1013 2100 praecedentibus
1028 2059 1085 2090 ali-

356 2098 434 2140 quid
459 2100 670 2141 repetendum,
694 2106 749 2131 aut
766 2111 805 2131 ex
824 2101 1087 2142 subsequentibus

354 2141 569 2172 advocandum
586 2148 644 2173 est.

399 2184 475 2214 399.
499 2183 610 2224 Ligno,
633 2182 745 2225 ligneis
763 2183 890 2218 tabulis,
913 2194 984 2214 cum
1009 2193 1086 2214 non-

356 2224 431 2256 dum
445 2232 551 2256 essent
563 2236 661 2257 aereae.

400 2268 475 2298 402.
523 2268 729 2308 Tyrmusque:
767 2266 949 2297 nobilissimi
988 2272 1086 2307 poetae

357 2308 558 2340 Atheniensis
585 2308 712 2351 Tyrtaei,
741 2308 796 2350 qui
822 2314 891 2350 post
915 2309 1084 2339 Homerum

355 2350 445 2386 vixit,
463 2356 598 2392 quatuor
616 2356 736 2382 tantum
760 2349 879 2390 Elegiae
897 2349 947 2391 (in
970 2350 1085 2391 quibus

355 2392 490 2423 militum
514 2393 608 2423 animi
632 2393 671 2423 ad
694 2392 854 2434 pulchram
878 2397 1005 2422 mortem
1029 2402 1083 2433 pro

356 2434 455 2506 patria
469 2435 644 2465 obeundam
655 2433 885 2472 accenduntur)
898 2439 1020 2464 aetatem
1036 2440 1083 2464 tu·

368 2481 472 2507 erunt.
518 2477 631 2512 Mares,
660 2475 787 2507 viriliter
817 2475 999 2512 sentientes3
1038 2475 1082 2507 sic

356 2528 427 2559 sup.
451 2517 551 2559 Epist.
576 2519 597 2553 i,
626 2520 653 2554 l,
676 2519 717 2548 64
741 2517 855 2549 Curius
878 2523 908 2548 et
932 2517 1084 2548 Camillus

355 2571 451 2590 mares
463 2559 623 2591 dicuntur.

397 2602 577 2633 404—406.
601 2603 641 2632 Et
669 2604 735 2632 vita·
764 2608 927 2632 monstrata
953 2603 1002 2631 via
1028 2608 1081 2636 est,

353 2654 398 2674 sc.
417 2654 436 2674 a
450 2643 559 2685 poetis,
575 2644 629 2685 qui
645 2649 799 2686 praecepta
814 2653 931 2673 morum
949 2642 1081 2674 tradide-

354 2692 438 2716 runt.
483 2685 523 2715 Et
535 2689 639 2727 gratia
654 2696 758 2726 regum
776 2686 881 2715 Pieriis
893 2691 1007 2716 tentata
1022 2697 1081 2714 mo-

353 2729 411 2763 dis,
425 2733 456 2758 et
471 2734 568 2768 poetae
581 2733 744 2768 coeperunt
762 2726 794 2756 id
811 2737 910 2766 agere,
933 2732 966 2756 ut
987 2727 1078 2766 (Pie-

351 2771 408 2800 riis
431 2770 538 2806 modis)
561 2769 752 2800 carminibus
776 2779 808 2799 se
831 2768 1026 2799 insinuarent
1048 2768 1079 2799 in

352 2821 458 2853 regum
483 2810 634 2852 gratiam:
661 2817 777 2841 tentare
793 2812 926 2851 gratiam
947 2812 1079 2850 alicujus

351 2859 411 2889 est,
437 2853 609 2902 periculum
647 2853 748 2883 facere
778 2861 818 2882 an
853 2851 950 2893 parari
981 2852 1079 2893 possit

350 2895 487 2937 alicujus
510 2894 621 2936 gratia.
671 2894 803 2935 Regum:
829 2893 928 2935 possit
949 2895 1078 2934 cogitari

348 2936 388 2970 do
413 2937 590 2969 Alexandro
611 2937 743 2978 Magno,
764 2935 819 2977 qui
841 2938 894 2976 (ut
910 2935 1000 2967 refert
1020 2936 1074 2967 Ci-

1127 1565 1197 1586 cero
1218 1565 1272 1596 pro
1291 1555 1386 1586 Arch.
1402 1555 1493 1587 Poet.
1508 1565 1538 1587 e.
1562 1555 1618 1596 10)
1636 1557 1744 1587 multos
1762 1558 1856 1596 scrip.

1128 1603 1202 1627 tores
1217 1608 1316 1627 rerum
1331 1609 1454 1628 suarum
1467 1609 1562 1629 secum
1575 1599 1708 1629 habuisse
1721 1597 1835 1630 dicitur
1847 1611 1855 1637 ;

1129 1640 1183 1669 sed
1207 1639 1358 1670 Horatius
1379 1639 1419 1670 ad
1441 1639 1615 1680 antiquiora
1644 1646 1781 1682 tempora
1808 1650 1855 1671 re-

1128 1680 1240 1722 spexit.
1289 1681 1462 1722 Ludusque,
1490 1681 1556 1712 ludi
1585 1682 1714 1719 scenici,
1743 1682 1858 1724 quibus

1130 1729 1199 1764 post
1215 1722 1300 1753 finita
1314 1723 1462 1764 longioris
1477 1723 1624 1765 temporis
1633 1733 1726 1765 opera
1737 1723 1776 1754 ad
1788 1733 1856 1755 cor-

1129 1775 1187 1805 pus
1209 1770 1240 1795 et
1259 1764 1398 1796 animum
1421 1765 1586 1796 levandum
1608 1764 1755 1796 interesse
1776 1766 1857 1797 solc-

1130 1807 1206 1836 bant
1222 1806 1327 1837 rustici
1339 1819 1348 1845 ;
1369 1806 1399 1837 hi
1415 1807 1482 1838 ludi
1495 1807 1590 1848 igitur
1603 1807 1725 1839 rusticis
1737 1818 1857 1848 operum

1132 1849 1287 1889 longorum
1301 1855 1374 1879 sunt
1385 1850 1475 1889 finis,
1491 1855 1523 1880 et
1543 1848 1668 1891 quidem
1709 1854 1758 1880 ost
1777 1859 1858 1880 mes·

1129 1899 1205 1926 sem,
1220 1891 1266 1920 vel
1283 1891 1367 1932 apud
1385 1891 1546 1922 Romanos
1561 1900 1667 1922 mense
1709 1891 1856 1923 ecembri.

1130 1933 1206 1974 Sup.
1237 1931 1339 1973 Epist.
1363 1932 1396 1968 ii,
1425 1934 1454 1968 l,
1480 1934 1553 1969 141,
1579 1934 1726 1973 Agricola
1753 1935 1858 1974 prisci,

1119 1975 1220 2015 sortes
1248 1985 1394 2014 parvoque
1424 1976 1512 2010 beati,
1545 1975 1672 2006 Condita
1696 1982 1759 2015 pou
1777 1977 1856 2016 sru-

1129 2023 1226 2047 menta
1253 2017 1382 2047 levantes
1418 2016 1542 2056 teinporo
1561 2017 1645 2058 festo
1681 2017 1796 2057 Corpus
1829 2024 1858 2048 et

1128 2059 1224 2098 ipsum
1239 2060 1372 2088 animum
1386 2069 1433 2098 spe
1438 2060 1516 2099 finis
1530 2060 1609 2089 dura
1614 2058 1780 2100 ferentem.

1172 2101 1245 2130 407.
1269 2101 1359 2131 Musa
1386 2102 1457 2141 Iyrae
1477 2101 1576 2136 solers.
1600 2101 1674 2142 lyrae
1697 2111 1770 2132 cum
1793 2106 1857 2132 arte

1130 2141 1300 2173 tractandae
1315 2141 1416 2173 sciens
1431 2147 1462 2173 et
1475 2141 1582 2183 perita,
1594 2143 1691 2173 Musa
1705 2141 1813 2184 lyrica,
1827 2148 1859 2174 et

1130 2183 1198 2213 haec
1213 2194 1267 2225 pro
1286 2184 1389 2215 studio
1403 2185 1487 2224 quod
1509 2183 1730 2227 componendis
1747 2185 1858 2216 carmi-

1129 2224 1222 2255 nibus
1241 2224 1346 2265 lyricis
1367 2225 1568 2273 impenditur.
1614 2226 1727 2257 cantor
1740 2227 1857 2266 Apollo,

1128 2266 1181 2307 qui
1209 2267 1264 2297 arti
1292 2267 1426 2298 canendi
1454 2272 1575 2308 praeest.
1633 2269 1772 2299 cantoris
1799 2278 1854 2299 no-

1128 2308 1211 2339 mine
1226 2307 1391 2348 insignitus
1407 2309 1596 2350 conspicitur
1610 2310 1717 2350 Apollo
1735 2310 1768 2340 in
1783 2316 1858 2342 vett.

1128 2359 1247 2380 numm.

1169 2393 1242 2422 410.
1271 2391 1375 2427 Possit,
1392 2401 1436 2422 sc.
1451 2391 1581 2427 efficere,
1597 2392 1644 2424 vel
1661 2402 1726 2434 pro,
1743 2394 1855 2424 valeat.

1127 2433 1227 2469 Rude,
1242 2433 1409 2470 incultum,
1426 2433 1613 2474 neglectum,
1636 2434 1785 2467 doctrinae
1801 2446 1854 2467 ex-

1148 2485 1208 2506 ers.

1126 2486 1146 2517 P
1169 2518 1348 2548 412—415.
1373 2517 1434 2551 Qui
1451 2518 1561 2554 studet,
1576 2522 1650 2548 cett.
1696 2517 1855 2555 Quemad-

1126 2560 1252 2590 modum
1273 2558 1298 2589 is
1318 2558 1372 2600 qui
1387 2559 1427 2589 ad
1442 2558 1564 2590 victoris
1577 2558 1701 2590 laudem
1717 2559 1772 2590 ads
1794 2559 1854 2591 irat

1125 2600 1158 2630 in
1186 2601 1280 2636 ludis.
1309 2600 1363 2632 ubi
1394 2611 1487 2632 cursu
1516 2606 1661 2636 certatur,
1686 2600 1751 2642 jam
1799 2611 1855 2632 uer

1125 2642 1229 2673 omnia
1244 2642 1316 2674 fecit
1329 2653 1400 2684 quae
1415 2642 1454 2673 ad
1469 2652 1582 2685 corpus
1591 2643 1851 2674 corroborandum

1124 2690 1287 2726 spectant;
1316 2691 1348 2715 et
1375 2684 1630 2725 quemadmodum
1656 2683 1682 2715 is
1703 2684 1758 2726 qui
1781 2684 1853 2715 tibi-

1123 2736 1182 2757 cen
1212 2726 1331 2768 prodire
1356 2726 1422 2756 vult
1447 2726 1486 2756 ad
1516 2725 1702 2757 celebranda
1724 2725 1852 2767 Pythia,

1122 2767 1176 2799 diu
1193 2775 1266 2798 ante
1286 2767 1449 2809 disciplina
1470 2767 1543 2798 boni
1565 2766 1704 2808 magistri
1723 2778 1797 2799 usus
1819 2770 1851 2799 in

1121 2816 1185 2841 arte
1202 2810 1277 2840 tibia
1292 2808 1425 2840 canendi
1439 2819 1506 2840 sese
1520 2809 1679 2847 exercuit3
1702 2809 1746 2841 ita
1760 2817 1850 2852 poeta

1120 2852 1161 2883 ad
1189 2851 1327 2883 carmina
1352 2849 1514 2883 scribenda
1546 2851 1626 2883 bene
1648 2858 1851 2894 preparatum

1122 2899 1230 2935 pectus
1245 2893 1351 2924 afferre
1365 2893 1468 2924 debet.
1507 2913 1516 2923 .

1163 2936 1237 2967 413.
1275 2935 1377 2966 Multa
1406 2935 1491 2970 tulit,
1521 2938 1595 2965 cett.
1634 2934 1710 2966 Vet.
1741 2934 1847 2966 Schol-
