<?xml version="1.0" encoding="UTF-8"?>
<!DOCTYPE html PUBLIC "-//W3C//DTD XHTML 1.0 Transitional//EN"
    "http://www.w3.org/TR/xhtml1/DTD/xhtml1-transitional.dtd">
<html xmlns="http://www.w3.org/1999/xhtml" xml:lang="en" lang="en">
 <head>
  <title>
</title>
<meta http-equiv="Content-Type" content="text/html;charset=utf-8" />
  <meta name='ocr-system' content='tesseract 3.04.00' />
  <meta name='ocr-capabilities' content='ocr_page ocr_carea ocr_par ocr_line ocrx_word'/>
</head>
<body>
  <div class='ocr_page' id='page_1' title='image "./operahorac00horauoft_0128.png"; bbox 0 0 1884 3288; ppageno 0'>
   <div class='ocr_carea' id='block_1_1' title="bbox 348 214 402 253">
    <p class='ocr_par' dir='ltr' id='par_1_1' title="bbox 348 214 402 253">
     <span class='ocr_line' id='line_1_1' title="bbox 348 214 402 253; baseline 0 0"><span class='ocrx_word' id='word_1_1' title='bbox 348 214 402 253; x_wconf 87' lang='grc'>88</span> 
     </span>
    </p>
   </div>
   <div class='ocr_carea' id='block_1_2' title="bbox 902 214 1298 258">
    <p class='ocr_par' dir='ltr' id='par_1_2' title="bbox 902 214 1298 258">
     <span class='ocr_line' id='line_1_2' title="bbox 902 214 1298 258; baseline 0.003 -2"><span class='ocrx_word' id='word_1_2' title='bbox 902 214 1298 258; x_wconf 86' lang='lat' dir='ltr'><strong>CARMINUM</strong></span> 
     </span>
    </p>
   </div>
   <div class='ocr_carea' id='block_1_3' title="bbox 546 313 1441 817">
    <p class='ocr_par' dir='ltr' id='par_1_3' title="bbox 546 313 1441 817">
     <span class='ocr_line' id='line_1_3' title="bbox 634 313 1426 368; baseline 0.001 -15"><span class='ocrx_word' id='word_1_3' title='bbox 634 313 762 354; x_wconf 85' lang='lat' dir='ltr'><strong>Unde</strong></span> <span class='ocrx_word' id='word_1_4' title='bbox 784 314 819 353; x_wconf 86' lang='lat' dir='ltr'>si</span> <span class='ocrx_word' id='word_1_5' title='bbox 839 313 988 355; x_wconf 87' lang='lat' dir='ltr'>Parcae</span> <span class='ocrx_word' id='word_1_6' title='bbox 1008 315 1238 368; x_wconf 87' lang='lat' dir='ltr'>prohibent</span> <span class='ocrx_word' id='word_1_7' title='bbox 1257 315 1426 368; x_wconf 90' lang='lat' dir='ltr'>iniquae,</span> 
     </span>
     <span class='ocr_line' id='line_1_4' title="bbox 550 379 1296 434; baseline 0.005 -16"><span class='ocrx_word' id='word_1_8' title='bbox 550 379 601 419; x_wconf 94' lang='lat' dir='ltr'>lO</span> <span class='ocrx_word' id='word_1_9' title='bbox 631 379 770 421; x_wconf 89' lang='lat' dir='ltr'>Dulce</span> <span class='ocrx_word' id='word_1_10' title='bbox 789 379 944 434; x_wconf 85' lang='lat' dir='ltr'><strong>pellitis</strong></span> <span class='ocrx_word' id='word_1_11' title='bbox 965 382 1113 422; x_wconf 87' lang='lat' dir='ltr'>ovibus</span> <span class='ocrx_word' id='word_1_12' title='bbox 1135 381 1296 422; x_wconf 88' lang='lat' dir='ltr'>Galaesi</span> 
     </span>
     <span class='ocr_line' id='line_1_5' title="bbox 628 445 1411 501; baseline 0.001 -14"><span class='ocrx_word' id='word_1_13' title='bbox 628 445 807 487; x_wconf 90' lang='lat' dir='ltr'>Flumen</span> <span class='ocrx_word' id='word_1_14' title='bbox 825 455 868 487; x_wconf 88' lang='lat' dir='ltr'>et</span> <span class='ocrx_word' id='word_1_15' title='bbox 887 456 1065 501; x_wconf 86' lang='lat' dir='ltr'>regnata</span> <span class='ocrx_word' id='word_1_16' title='bbox 1085 454 1226 501; x_wconf 85' lang='lat' dir='ltr'>petam</span> <span class='ocrx_word' id='word_1_17' title='bbox 1248 448 1411 488; x_wconf 87' lang='lat' dir='ltr'>Laconi</span> 
     </span>
     <span class='ocr_line' id='line_1_6' title="bbox 1019 513 1391 554; baseline 0.003 -1"><span class='ocrx_word' id='word_1_18' title='bbox 1019 514 1142 554; x_wconf 84' lang='lat' dir='ltr'>Rura</span> <span class='ocrx_word' id='word_1_19' title='bbox 1165 513 1391 554; x_wconf 86' lang='lat' dir='ltr'><strong>Phalanto.</strong></span> 
     </span>
     <span class='ocr_line' id='line_1_7' title="bbox 625 578 1396 632; baseline 0.001 -14"><span class='ocrx_word' id='word_1_20' title='bbox 625 578 701 620; x_wconf 90' lang='lat' dir='ltr'>Ille</span> <span class='ocrx_word' id='word_1_21' title='bbox 722 586 930 620; x_wconf 83' lang='lat' dir='ltr'>terrarum</span> <span class='ocrx_word' id='word_1_22' title='bbox 950 579 1052 619; x_wconf 89' lang='lat' dir='ltr'>mihi</span> <span class='ocrx_word' id='word_1_23' title='bbox 1073 585 1230 632; x_wconf 77' lang='lat' dir='ltr'>praeter</span> <span class='ocrx_word' id='word_1_24' title='bbox 1251 593 1396 619; x_wconf 87' lang='lat' dir='ltr'>omnes</span> 
     </span>
     <span class='ocr_line' id='line_1_8' title="bbox 622 644 1397 699; baseline 0.001 -14"><span class='ocrx_word' id='word_1_25' title='bbox 622 644 822 699; x_wconf 86' lang='lat' dir='ltr'>Angulus</span> <span class='ocrx_word' id='word_1_26' title='bbox 843 646 968 694; x_wconf 90' lang='lat' dir='ltr'>ridet,</span> <span class='ocrx_word' id='word_1_27' title='bbox 989 645 1064 685; x_wconf 93' lang='lat' dir='ltr'>ubi</span> <span class='ocrx_word' id='word_1_28' title='bbox 1083 659 1168 685; x_wconf 90' lang='lat' dir='ltr'>non</span> <span class='ocrx_word' id='word_1_29' title='bbox 1188 645 1397 698; x_wconf 86' lang='lat' dir='ltr'><strong>Hymetto</strong></span> 
     </span>
     <span class='ocr_line' id='line_1_9' title="bbox 546 709 1441 763; baseline 0.001 -14"><span class='ocrx_word' id='word_1_30' title='bbox 546 710 597 750; x_wconf 88' lang='lat'>15</span> <span class='ocrx_word' id='word_1_31' title='bbox 626 709 759 751; x_wconf 86' lang='lat' dir='ltr'>Mella</span> <span class='ocrx_word' id='word_1_32' title='bbox 779 711 1007 759; x_wconf 82' lang='lat' dir='ltr'>decedunt,</span> <span class='ocrx_word' id='word_1_33' title='bbox 1029 711 1236 763; x_wconf 86' lang='lat' dir='ltr'>viridique</span> <span class='ocrx_word' id='word_1_34' title='bbox 1257 717 1394 751; x_wconf 88' lang='lat' dir='ltr'>certat</span> <span class='ocrx_word' id='word_1_35' title='bbox 1437 715 1441 717; x_wconf 84' lang='grc'><strong>’</strong></span> 
     </span>
     <span class='ocr_line' id='line_1_10' title="bbox 1019 775 1387 817; baseline 0 -1"><span class='ocrx_word' id='word_1_36' title='bbox 1019 775 1162 816; x_wconf 86' lang='lat' dir='ltr'>Bacca</span> <span class='ocrx_word' id='word_1_37' title='bbox 1181 775 1387 817; x_wconf 85' lang='lat' dir='ltr'>Venafro.</span> 
     </span>
    </p>
   </div>
   <div class='ocr_carea' id='block_1_4' title="bbox 627 841 1466 896">
    <p class='ocr_par' dir='ltr' id='par_1_4' title="bbox 627 841 1466 896">
     <span class='ocr_line' id='line_1_11' title="bbox 627 841 1466 896; baseline -0.001 -13"><span class='ocrx_word' id='word_1_38' title='bbox 627 842 718 883; x_wconf 90' lang='lat' dir='ltr'>Ver</span> <span class='ocrx_word' id='word_1_39' title='bbox 740 842 813 882; x_wconf 92' lang='lat' dir='ltr'>ubi</span> <span class='ocrx_word' id='word_1_40' title='bbox 832 841 1004 896; x_wconf 87' lang='lat' dir='ltr'>longum</span> <span class='ocrx_word' id='word_1_41' title='bbox 1025 842 1278 895; x_wconf 89' lang='lat' dir='ltr'>tepidasque</span> <span class='ocrx_word' id='word_1_42' title='bbox 1299 842 1466 895; x_wconf 85' lang='lat' dir='ltr'>praebet</span> 
     </span>
    </p>
   </div>
   <div class='ocr_carea' id='block_1_5' title="bbox 622 907 1430 962">
    <p class='ocr_par' dir='ltr' id='par_1_5' title="bbox 622 907 1430 962">
     <span class='ocr_line' id='line_1_12' title="bbox 622 907 1430 962; baseline 0 -14"><span class='ocrx_word' id='word_1_43' title='bbox 622 908 794 962; x_wconf 82' lang='lat' dir='ltr'><strong>Jupiter</strong></span> <span class='ocrx_word' id='word_1_44' title='bbox 814 909 984 948; x_wconf 86' lang='lat' dir='ltr'>brumas</span> <span class='ocrx_word' id='word_1_45' title='bbox 999 923 1012 948; x_wconf 72' lang='grc' dir='ltr'><strong><em>ι</em></strong></span> <span class='ocrx_word' id='word_1_46' title='bbox 1040 914 1083 948; x_wconf 86' lang='lat' dir='ltr'>et</span> <span class='ocrx_word' id='word_1_47' title='bbox 1103 908 1261 948; x_wconf 85' lang='lat' dir='ltr'>amicus</span> <span class='ocrx_word' id='word_1_48' title='bbox 1282 907 1430 948; x_wconf 90' lang='lat' dir='ltr'>Aulon</span> 
     </span>
    </p>
   </div>
   <div class='ocr_carea' id='block_1_6' title="bbox 623 972 1414 1026">
    <p class='ocr_par' dir='ltr' id='par_1_6' title="bbox 623 972 1414 1026">
     <span class='ocr_line' id='line_1_13' title="bbox 623 972 1414 1026; baseline 0 -12"><span class='ocrx_word' id='word_1_49' title='bbox 623 974 772 1015; x_wconf 84' lang='lat' dir='ltr'>Fertili</span> <span class='ocrx_word' id='word_1_50' title='bbox 792 974 967 1015; x_wconf 86' lang='lat' dir='ltr'>Baccho</span> <span class='ocrx_word' id='word_1_51' title='bbox 987 974 1202 1026; x_wconf 85' lang='lat' dir='ltr'>minimum</span> <span class='ocrx_word' id='word_1_52' title='bbox 1221 972 1414 1014; x_wconf 77' lang='lat' dir='ltr'>Falernis</span> 
     </span>
    </p>
   </div>
   <div class='ocr_carea' id='block_1_7' title="bbox 536 1041 592 1081">
    <p class='ocr_par' dir='ltr' id='par_1_7' title="bbox 536 1041 592 1081">
     <span class='ocr_line' id='line_1_14' title="bbox 536 1041 592 1081; baseline 0 0"><span class='ocrx_word' id='word_1_53' title='bbox 536 1041 592 1081; x_wconf 73' lang='lat'>20</span> 
     </span>
    </p>
   </div>
   <div class='ocr_carea' id='block_1_8' title="bbox 1014 1039 1308 1080">
    <p class='ocr_par' dir='ltr' id='par_1_8' title="bbox 1014 1039 1308 1080">
     <span class='ocr_line' id='line_1_15' title="bbox 1014 1039 1308 1080; baseline 0.003 -1"><span class='ocrx_word' id='word_1_54' title='bbox 1014 1039 1182 1080; x_wconf 88' lang='lat' dir='ltr'>Invidet</span> <span class='ocrx_word' id='word_1_55' title='bbox 1203 1039 1308 1080; x_wconf 88' lang='lat' dir='ltr'>uvis.</span> 
     </span>
    </p>
   </div>
   <div class='ocr_carea' id='block_1_9' title="bbox 620 1105 1399 1358">
    <p class='ocr_par' dir='ltr' id='par_1_9' title="bbox 620 1105 1399 1292">
     <span class='ocr_line' id='line_1_16' title="bbox 621 1105 1302 1147; baseline -0.001 -1"><span class='ocrx_word' id='word_1_56' title='bbox 621 1106 697 1147; x_wconf 90' lang='lat' dir='ltr'>Ille</span> <span class='ocrx_word' id='word_1_57' title='bbox 718 1113 760 1146; x_wconf 89' lang='lat' dir='ltr'>te</span> <span class='ocrx_word' id='word_1_58' title='bbox 780 1120 943 1146; x_wconf 90' lang='lat' dir='ltr'>mecum</span> <span class='ocrx_word' id='word_1_59' title='bbox 962 1105 1080 1147; x_wconf 87' lang='lat' dir='ltr'>locus</span> <span class='ocrx_word' id='word_1_60' title='bbox 1102 1113 1145 1146; x_wconf 90' lang='lat' dir='ltr'>et</span> <span class='ocrx_word' id='word_1_61' title='bbox 1164 1105 1302 1146; x_wconf 87' lang='lat' dir='ltr'>beatae</span> 
     </span>
     <span class='ocr_line' id='line_1_17' title="bbox 623 1171 1399 1212; baseline 0 0"><span class='ocrx_word' id='word_1_62' title='bbox 623 1172 850 1212; x_wconf 88' lang='lat' dir='ltr'>Postulant</span> <span class='ocrx_word' id='word_1_63' title='bbox 869 1186 1012 1212; x_wconf 84' lang='lat' dir='ltr'>arces:</span> <span class='ocrx_word' id='word_1_64' title='bbox 1045 1171 1104 1211; x_wconf 91' lang='lat' dir='ltr'>ibi</span> <span class='ocrx_word' id='word_1_65' title='bbox 1127 1178 1169 1211; x_wconf 87' lang='lat' dir='ltr'>tu</span> <span class='ocrx_word' id='word_1_66' title='bbox 1193 1171 1399 1212; x_wconf 88' lang='lat' dir='ltr'>calentem</span> 
     </span>
     <span class='ocr_line' id='line_1_18' title="bbox 620 1235 1370 1292; baseline -0.001 -13"><span class='ocrx_word' id='word_1_67' title='bbox 620 1239 782 1279; x_wconf 88' lang='lat' dir='ltr'>Debita</span> <span class='ocrx_word' id='word_1_68' title='bbox 801 1253 977 1292; x_wconf 82' lang='lat' dir='ltr'>sparges</span> <span class='ocrx_word' id='word_1_69' title='bbox 996 1237 1168 1278; x_wconf 87' lang='lat' dir='ltr'>lacrima</span> <span class='ocrx_word' id='word_1_70' title='bbox 1187 1235 1370 1278; x_wconf 86' lang='lat' dir='ltr'>favillam</span> 
     </span>
    </p>

    <p class='ocr_par' dir='ltr' id='par_1_10' title="bbox 915 1302 1292 1358">
     <span class='ocr_line' id='line_1_19' title="bbox 915 1302 1292 1358; baseline -0.003 -14"><span class='ocrx_word' id='word_1_71' title='bbox 915 1355 918 1358; x_wconf 14' lang='grc' dir='ltr'><strong><em>ἢ</em></strong></span> <span class='ocrx_word' id='word_1_72' title='bbox 975 1315 978 1317; x_wconf 73' lang='grc'><strong><em>’</em></strong></span> <span class='ocrx_word' id='word_1_73' title='bbox 1013 1302 1138 1344; x_wconf 87' lang='lat' dir='ltr'>Vatis</span> <span class='ocrx_word' id='word_1_74' title='bbox 1159 1303 1292 1344; x_wconf 86' lang='lat' dir='ltr'>amici.</span> 
     </span>
    </p>
   </div>
   <div class='ocr_carea' id='block_1_10' title="bbox 334 1437 1070 1729">
    <p class='ocr_par' dir='ltr' id='par_1_11' title="bbox 334 1437 1070 1729">
     <span class='ocr_line' id='line_1_20' title="bbox 378 1437 1067 1470; baseline -0.006 -3"><span class='ocrx_word' id='word_1_75' title='bbox 378 1438 495 1468; x_wconf 84' lang='lat'>9—12.</span> <span class='ocrx_word' id='word_1_76' title='bbox 523 1437 609 1467; x_wconf 81' lang='lat' dir='ltr'>Unde</span> <span class='ocrx_word' id='word_1_77' title='bbox 634 1438 658 1467; x_wconf 85' lang='lat' dir='ltr'>si</span> <span class='ocrx_word' id='word_1_78' title='bbox 687 1437 812 1470; x_wconf 59' lang='lat' dir='ltr'>Parca,</span> <span class='ocrx_word' id='word_1_79' title='bbox 828 1439 902 1466; x_wconf 85' lang='lat' dir='ltr'>cett.</span> <span class='ocrx_word' id='word_1_80' title='bbox 934 1443 1067 1464; x_wconf 84' lang='lat' dir='ltr'>sensus:</span> 
     </span>
     <span class='ocr_line' id='line_1_21' title="bbox 338 1476 1068 1519; baseline -0.004 -11"><span class='ocrx_word' id='word_1_81' title='bbox 338 1479 448 1519; x_wconf 88' lang='lat' dir='ltr'>quodsi</span> <span class='ocrx_word' id='word_1_82' title='bbox 463 1484 566 1510; x_wconf 79' lang='lat' dir='ltr'>autem</span> <span class='ocrx_word' id='word_1_83' title='bbox 583 1488 647 1508; x_wconf 89' lang='lat' dir='ltr'>sors</span> <span class='ocrx_word' id='word_1_84' title='bbox 664 1476 801 1518; x_wconf 82' lang='lat' dir='ltr'>iniquior</span> <span class='ocrx_word' id='word_1_85' title='bbox 814 1477 853 1507; x_wconf 90' lang='lat' dir='ltr'>ab</span> <span class='ocrx_word' id='word_1_86' title='bbox 868 1485 945 1516; x_wconf 88' lang='lat' dir='ltr'>agro·</span> <span class='ocrx_word' id='word_1_87' title='bbox 956 1476 1068 1506; x_wconf 82' lang='lat' dir='ltr'>Tibur-</span> 
     </span>
     <span class='ocr_line' id='line_1_22' title="bbox 336 1518 1067 1562; baseline -0.004 -12"><span class='ocrx_word' id='word_1_88' title='bbox 336 1520 401 1552; x_wconf 86' lang='lat' dir='ltr'>tino</span> <span class='ocrx_word' id='word_1_89' title='bbox 426 1531 475 1551; x_wconf 86' lang='lat' dir='ltr'>me</span> <span class='ocrx_word' id='word_1_90' title='bbox 502 1519 707 1562; x_wconf 45' lang='lat' dir='ltr'>prohibetsin</span> <span class='ocrx_word' id='word_1_91' title='bbox 734 1520 840 1559; x_wconf 81' lang='lat' dir='ltr'>agrum</span> <span class='ocrx_word' id='word_1_92' title='bbox 867 1518 1067 1549; x_wconf 86' lang='lat' dir='ltr'>Tarentinum</span> 
     </span>
     <span class='ocr_line' id='line_1_23' title="bbox 335 1559 1068 1601; baseline -0.003 -10"><span class='ocrx_word' id='word_1_93' title='bbox 335 1572 384 1592; x_wconf 90' lang='lat' dir='ltr'>me</span> <span class='ocrx_word' id='word_1_94' title='bbox 413 1563 598 1593; x_wconf 73' lang='lat' dir='ltr'>conseram.v</span> <span class='ocrx_word' id='word_1_95' title='bbox 624 1564 706 1600; x_wconf 71' lang='lat' dir='ltr'>Ager</span> <span class='ocrx_word' id='word_1_96' title='bbox 732 1561 914 1591; x_wconf 75' lang='lat' dir='ltr'>Tarentinus</span> <span class='ocrx_word' id='word_1_97' title='bbox 935 1559 1068 1601; x_wconf 85' lang='lat' dir='ltr'>primum</span> 
     </span>
     <span class='ocr_line' id='line_1_24' title="bbox 335 1599 1070 1646; baseline -0.003 -13"><span class='ocrx_word' id='word_1_98' title='bbox 335 1603 580 1646; x_wconf 71' lang='lat' dir='ltr'>designaturper</span> <span class='ocrx_word' id='word_1_99' title='bbox 595 1599 751 1634; x_wconf 76' lang='lat' dir='ltr'>Calabria:</span> <span class='ocrx_word' id='word_1_100' title='bbox 765 1602 892 1632; x_wconf 89' lang='lat' dir='ltr'>fluvium</span> <span class='ocrx_word' id='word_1_101' title='bbox 908 1602 1070 1638; x_wconf 70' lang='lat' dir='ltr'>Galacum,</span> 
     </span>
     <span class='ocr_line' id='line_1_25' title="bbox 336 1643 1068 1685; baseline -0.004 -10"><span class='ocrx_word' id='word_1_102' title='bbox 336 1646 438 1685; x_wconf 88' lang='lat' dir='ltr'>(nunc</span> <span class='ocrx_word' id='word_1_103' title='bbox 456 1645 587 1684; x_wconf 53' lang='lat' dir='ltr'>Galata)</span> <span class='ocrx_word' id='word_1_104' title='bbox 610 1646 776 1675; x_wconf 79' lang='lat' dir='ltr'>Tarentum</span> <span class='ocrx_word' id='word_1_105' title='bbox 799 1643 1068 1685; x_wconf 69' lang='lat' dir='ltr'>pumex-fluentem,</span> 
     </span>
     <span class='ocr_line' id='line_1_26' title="bbox 334 1685 1068 1729; baseline -0.004 -12"><span class='ocrx_word' id='word_1_106' title='bbox 334 1687 447 1719; x_wconf 81' lang='lat' dir='ltr'>deinde</span> <span class='ocrx_word' id='word_1_107' title='bbox 475 1698 529 1729; x_wconf 88' lang='lat' dir='ltr'>per</span> <span class='ocrx_word' id='word_1_108' title='bbox 562 1688 757 1722; x_wconf 81' lang='lat' dir='ltr'>Phalantum,</span> <span class='ocrx_word' id='word_1_109' title='bbox 788 1695 879 1725; x_wconf 88' lang='lat' dir='ltr'>quem</span> <span class='ocrx_word' id='word_1_110' title='bbox 914 1685 1068 1715; x_wconf 81' lang='lat' dir='ltr'>coloniam</span> 
     </span>
    </p>
   </div>
   <div class='ocr_carea' id='block_1_11' title="bbox 275 1727 1066 1768">
    <p class='ocr_par' dir='ltr' id='par_1_12' title="bbox 275 1727 1066 1768">
     <span class='ocr_line' id='line_1_27' title="bbox 275 1727 1066 1768; baseline -0.004 -9"><span class='ocrx_word' id='word_1_111' title='bbox 275 1757 277 1759; x_wconf 87' lang='grc'><em>,</em></span> <span class='ocrx_word' id='word_1_112' title='bbox 336 1729 572 1759; x_wconf 75' lang='grc' dir='ltr'>Ρατιὴεηίαναηι</span> <span class='ocrx_word' id='word_1_113' title='bbox 587 1728 639 1768; x_wconf 85' lang='lat' dir='ltr'>(h.</span> <span class='ocrx_word' id='word_1_114' title='bbox 661 1739 689 1759; x_wconf 86' lang='lat' dir='ltr'>e.</span> <span class='ocrx_word' id='word_1_115' title='bbox 716 1727 876 1757; x_wconf 88' lang='lat' dir='ltr'>hominum</span> <span class='ocrx_word' id='word_1_116' title='bbox 892 1736 970 1766; x_wconf 83' lang='lat' dir='ltr'>vago</span> <span class='ocrx_word' id='word_1_117' title='bbox 991 1736 1066 1756; x_wconf 89' lang='lat' dir='ltr'>con—</span> 
     </span>
    </p>
   </div>
   <div class='ocr_carea' id='block_1_12' title="bbox 326 1770 1068 2983">
    <p class='ocr_par' dir='ltr' id='par_1_13' title="bbox 329 1770 1068 2644">
     <span class='ocr_line' id='line_1_28' title="bbox 334 1770 1067 1812; baseline -0.003 -12"><span class='ocrx_word' id='word_1_118' title='bbox 334 1771 441 1801; x_wconf 83' lang='lat' dir='ltr'>cubitu</span> <span class='ocrx_word' id='word_1_119' title='bbox 457 1781 494 1802; x_wconf 88' lang='lat' dir='ltr'>ex</span> <span class='ocrx_word' id='word_1_120' title='bbox 510 1770 650 1812; x_wconf 79' lang='lat' dir='ltr'>innuptis</span> <span class='ocrx_word' id='word_1_121' title='bbox 664 1770 817 1800; x_wconf 84' lang='lat' dir='ltr'>matribus</span> <span class='ocrx_word' id='word_1_122' title='bbox 834 1774 1067 1810; x_wconf 81' lang='lat' dir='ltr'>prognatorum,</span> 
     </span>
     <span class='ocr_line' id='line_1_29' title="bbox 334 1810 1068 1854; baseline -0.004 -12"><span class='ocrx_word' id='word_1_123' title='bbox 334 1812 383 1842; x_wconf 87' lang='lat' dir='ltr'>vel</span> <span class='ocrx_word' id='word_1_124' title='bbox 411 1813 526 1854; x_wconf 77' lang='lat' dir='ltr'>potius,</span> <span class='ocrx_word' id='word_1_125' title='bbox 553 1819 589 1843; x_wconf 92' lang='lat' dir='ltr'>ut</span> <span class='ocrx_word' id='word_1_126' title='bbox 613 1811 732 1842; x_wconf 89' lang='lat' dir='ltr'>erudite</span> <span class='ocrx_word' id='word_1_127' title='bbox 759 1811 851 1841; x_wconf 90' lang='lat' dir='ltr'>docet</span> <span class='ocrx_word' id='word_1_128' title='bbox 877 1811 927 1841; x_wconf 90' lang='lat' dir='ltr'>Cl.</span> <span class='ocrx_word' id='word_1_129' title='bbox 952 1810 1068 1840; x_wconf 85' lang='lat' dir='ltr'>Mauso</span> 
     </span>
     <span class='ocr_line' id='line_1_30' title="bbox 335 1851 1067 1895; baseline -0.004 -10"><span class='ocrx_word' id='word_1_130' title='bbox 335 1855 475 1895; x_wconf 86' lang='lat' dir='ltr'>(Sparta,</span> <span class='ocrx_word' id='word_1_131' title='bbox 491 1854 552 1885; x_wconf 90' lang='lat' dir='ltr'>vol.</span> <span class='ocrx_word' id='word_1_132' title='bbox 575 1854 596 1889; x_wconf 91' lang='lat' dir='ltr'>i,</span> <span class='ocrx_word' id='word_1_133' title='bbox 615 1864 685 1895; x_wconf 89' lang='lat' dir='ltr'>pars</span> <span class='ocrx_word' id='word_1_134' title='bbox 706 1853 728 1888; x_wconf 84' lang='lat' dir='ltr'>i,</span> <span class='ocrx_word' id='word_1_135' title='bbox 746 1864 777 1894; x_wconf 89' lang='lat' dir='ltr'>p.</span> <span class='ocrx_word' id='word_1_136' title='bbox 800 1853 874 1889; x_wconf 82' lang='lat'>229,</span> <span class='ocrx_word' id='word_1_137' title='bbox 889 1857 921 1883; x_wconf 88' lang='lat' dir='ltr'>et</span> <span class='ocrx_word' id='word_1_138' title='bbox 942 1862 1013 1892; x_wconf 87' lang='lat' dir='ltr'>pars</span> <span class='ocrx_word' id='word_1_139' title='bbox 1034 1851 1067 1889; x_wconf 93' lang='lat' dir='ltr'>ii,</span> 
     </span>
     <span class='ocr_line' id='line_1_31' title="bbox 338 1894 1066 1936; baseline -0.004 -10"><span class='ocrx_word' id='word_1_140' title='bbox 338 1906 368 1936; x_wconf 90' lang='lat' dir='ltr'>p.</span> <span class='ocrx_word' id='word_1_141' title='bbox 384 1897 448 1926; x_wconf 85' lang='lat'>270</span> <span class='ocrx_word' id='word_1_142' title='bbox 462 1897 548 1936; x_wconf 84' lang='lat' dir='ltr'>sqq.)</span> <span class='ocrx_word' id='word_1_143' title='bbox 564 1896 604 1926; x_wconf 89' lang='lat' dir='ltr'>ab</span> <span class='ocrx_word' id='word_1_144' title='bbox 619 1895 761 1925; x_wconf 87' lang='lat' dir='ltr'>muliebri</span> <span class='ocrx_word' id='word_1_145' title='bbox 777 1894 912 1934; x_wconf 87' lang='lat' dir='ltr'>ignavia.</span> <span class='ocrx_word' id='word_1_146' title='bbox 930 1903 993 1934; x_wconf 89' lang='lat' dir='ltr'>qua</span> <span class='ocrx_word' id='word_1_147' title='bbox 1007 1894 1066 1924; x_wconf 90' lang='lat' dir='ltr'>mi-</span> 
     </span>
     <span class='ocr_line' id='line_1_32' title="bbox 333 1936 1065 1971; baseline -0.001 -4"><span class='ocrx_word' id='word_1_148' title='bbox 333 1937 430 1967; x_wconf 87' lang='lat' dir='ltr'>litiam</span> <span class='ocrx_word' id='word_1_149' title='bbox 468 1944 574 1968; x_wconf 86' lang='lat' dir='ltr'>contra</span> <span class='ocrx_word' id='word_1_150' title='bbox 611 1938 776 1966; x_wconf 77' lang='lat' dir='ltr'>Messenes</span> <span class='ocrx_word' id='word_1_151' title='bbox 810 1936 1065 1971; x_wconf 79' lang='lat' dir='ltr'>detrectaverant,</span> 
     </span>
     <span class='ocr_line' id='line_1_33' title="bbox 333 1976 1067 2020; baseline -0.004 -11"><span class='ocrx_word' id='word_1_152' title='bbox 333 1980 490 2020; x_wconf 79' lang='lat' dir='ltr'>opprobrii</span> <span class='ocrx_word' id='word_1_153' title='bbox 525 1989 620 2009; x_wconf 86' lang='lat' dir='ltr'>causa</span> <span class='ocrx_word' id='word_1_154' title='bbox 655 1978 699 2009; x_wconf 85' lang='lat' dir='ltr'>sic</span> <span class='ocrx_word' id='word_1_155' title='bbox 735 1976 905 2017; x_wconf 80' lang='lat' dir='ltr'>dictorum)</span> <span class='ocrx_word' id='word_1_156' title='bbox 939 1987 956 2008; x_wconf 92' lang='lat' dir='ltr'>e</span> <span class='ocrx_word' id='word_1_157' title='bbox 987 1982 1067 2007; x_wconf 87' lang='lat' dir='ltr'>terra</span> 
     </span>
     <span class='ocr_line' id='line_1_34' title="bbox 333 2018 1066 2059; baseline -0.005 -7"><span class='ocrx_word' id='word_1_158' title='bbox 333 2021 490 2052; x_wconf 87' lang='lat' dir='ltr'>Laconica</span> <span class='ocrx_word' id='word_1_159' title='bbox 513 2022 681 2051; x_wconf 87' lang='lat' dir='ltr'>Tarentum</span> <span class='ocrx_word' id='word_1_160' title='bbox 705 2019 883 2054; x_wconf 79' lang='lat' dir='ltr'>deduxisse,</span> <span class='ocrx_word' id='word_1_161' title='bbox 909 2024 939 2049; x_wconf 85' lang='lat' dir='ltr'>et</span> <span class='ocrx_word' id='word_1_162' title='bbox 966 2018 1066 2059; x_wconf 83' lang='lat' dir='ltr'>pulsis</span> 
     </span>
     <span class='ocr_line' id='line_1_35' title="bbox 332 2061 1062 2100; baseline -0.003 -8"><span class='ocrx_word' id='word_1_163' title='bbox 332 2063 486 2094; x_wconf 80' lang='lat' dir='ltr'>veteribus</span> <span class='ocrx_word' id='word_1_164' title='bbox 520 2062 631 2093; x_wconf 89' lang='lat' dir='ltr'>incolis</span> <span class='ocrx_word' id='word_1_165' title='bbox 663 2061 704 2091; x_wconf 90' lang='lat' dir='ltr'>ibi</span> <span class='ocrx_word' id='word_1_166' title='bbox 738 2071 883 2100; x_wconf 82' lang='lat' dir='ltr'>regnasse</span> <span class='ocrx_word' id='word_1_167' title='bbox 917 2061 1062 2091; x_wconf 85' lang='lat' dir='ltr'>tradunt:</span> 
     </span>
     <span class='ocr_line' id='line_1_36' title="bbox 333 2103 1064 2143; baseline -0.005 -8"><span class='ocrx_word' id='word_1_168' title='bbox 333 2105 448 2136; x_wconf 85' lang='lat' dir='ltr'>Justin.</span> <span class='ocrx_word' id='word_1_169' title='bbox 473 2104 518 2141; x_wconf 82' lang='lat' dir='ltr'>iii,</span> <span class='ocrx_word' id='word_1_170' title='bbox 534 2106 565 2139; x_wconf 85' lang='lat'>4,</span> <span class='ocrx_word' id='word_1_171' title='bbox 582 2104 692 2134; x_wconf 81' lang='lat' dir='ltr'>Strabo</span> <span class='ocrx_word' id='word_1_172' title='bbox 713 2103 754 2138; x_wconf 89' lang='lat' dir='ltr'>vi,</span> <span class='ocrx_word' id='word_1_173' title='bbox 770 2114 801 2143; x_wconf 87' lang='lat' dir='ltr'>p.</span> <span class='ocrx_word' id='word_1_174' title='bbox 816 2103 890 2132; x_wconf 83' lang='grc'><strong>426.</strong></span> <span class='ocrx_word' id='word_1_175' title='bbox 935 2103 1064 2132; x_wconf 77' lang='lat' dir='ltr'>Flumen</span> 
     </span>
     <span class='ocr_line' id='line_1_37' title="bbox 332 2144 1062 2186; baseline -0.004 -10"><span class='ocrx_word' id='word_1_176' title='bbox 332 2148 421 2177; x_wconf 79' lang='lat' dir='ltr'>dulce</span> <span class='ocrx_word' id='word_1_177' title='bbox 442 2148 553 2182; x_wconf 73' lang='lat' dir='ltr'>ovibus,</span> <span class='ocrx_word' id='word_1_178' title='bbox 569 2156 640 2176; x_wconf 87' lang='lat' dir='ltr'>cum</span> <span class='ocrx_word' id='word_1_179' title='bbox 661 2150 784 2186; x_wconf 83' lang='lat' dir='ltr'>propter</span> <span class='ocrx_word' id='word_1_180' title='bbox 803 2144 875 2174; x_wconf 78' lang='lat' dir='ltr'>laeta</span> <span class='ocrx_word' id='word_1_181' title='bbox 890 2144 930 2173; x_wconf 87' lang='lat' dir='ltr'>ad</span> <span class='ocrx_word' id='word_1_182' title='bbox 945 2149 1062 2174; x_wconf 89' lang='lat' dir='ltr'>utram-</span> 
     </span>
     <span class='ocr_line' id='line_1_38' title="bbox 332 2187 1066 2228; baseline -0.003 -10"><span class='ocrx_word' id='word_1_183' title='bbox 332 2198 394 2228; x_wconf 89' lang='lat' dir='ltr'>que</span> <span class='ocrx_word' id='word_1_184' title='bbox 415 2188 554 2218; x_wconf 87' lang='lat' dir='ltr'>fluminis</span> <span class='ocrx_word' id='word_1_185' title='bbox 576 2187 674 2228; x_wconf 82' lang='lat' dir='ltr'>ripam</span> <span class='ocrx_word' id='word_1_186' title='bbox 698 2196 825 2228; x_wconf 83' lang='lat' dir='ltr'>pascua,</span> <span class='ocrx_word' id='word_1_187' title='bbox 850 2190 914 2215; x_wconf 86' lang='lat' dir='ltr'>tum</span> <span class='ocrx_word' id='word_1_188' title='bbox 942 2192 1066 2226; x_wconf 83' lang='lat' dir='ltr'>propter</span> 
     </span>
     <span class='ocr_line' id='line_1_39' title="bbox 332 2226 1064 2270; baseline -0.003 -10"><span class='ocrx_word' id='word_1_189' title='bbox 332 2230 508 2260; x_wconf 86' lang='lat' dir='ltr'>umbrarum</span> <span class='ocrx_word' id='word_1_190' title='bbox 533 2229 777 2270; x_wconf 85' lang='lat' dir='ltr'>jucunditatem.</span> <span class='ocrx_word' id='word_1_191' title='bbox 824 2228 896 2258; x_wconf 76' lang='lat' dir='ltr'>Ores</span> <span class='ocrx_word' id='word_1_192' title='bbox 918 2226 1064 2258; x_wconf 85' lang='lat' dir='ltr'>dicuntur</span> 
     </span>
     <span class='ocr_line' id='line_1_40' title="bbox 330 2268 1063 2312; baseline -0.001 -11"><span class='ocrx_word' id='word_1_193' title='bbox 330 2274 452 2310; x_wconf 74' lang='lat' dir='ltr'>pellitae,</span> <span class='ocrx_word' id='word_1_194' title='bbox 475 2272 548 2312; x_wconf 83' lang='lat' dir='ltr'>quia</span> <span class='ocrx_word' id='word_1_195' title='bbox 575 2281 647 2301; x_wconf 89' lang='lat' dir='ltr'>oves</span> <span class='ocrx_word' id='word_1_196' title='bbox 676 2270 708 2300; x_wconf 88' lang='lat' dir='ltr'>in</span> <span class='ocrx_word' id='word_1_197' title='bbox 735 2270 783 2300; x_wconf 84' lang='lat' dir='ltr'>his</span> <span class='ocrx_word' id='word_1_198' title='bbox 807 2268 995 2309; x_wconf 82' lang='lat' dir='ltr'>regionibus,</span> <span class='ocrx_word' id='word_1_199' title='bbox 1023 2280 1063 2300; x_wconf 87' lang='lat' dir='ltr'>ne</span> 
     </span>
     <span class='ocr_line' id='line_1_41' title="bbox 331 2313 1061 2352; baseline -0.003 -10"><span class='ocrx_word' id='word_1_200' title='bbox 331 2313 474 2344; x_wconf 82' lang='lat' dir='ltr'>sentibus</span> <span class='ocrx_word' id='word_1_201' title='bbox 492 2319 523 2344; x_wconf 90' lang='lat' dir='ltr'>et</span> <span class='ocrx_word' id='word_1_202' title='bbox 537 2313 671 2343; x_wconf 86' lang='lat' dir='ltr'>dumetis</span> <span class='ocrx_word' id='word_1_203' title='bbox 690 2316 938 2352; x_wconf 82' lang='lat' dir='ltr'>corrumperetur</span> <span class='ocrx_word' id='word_1_204' title='bbox 955 2321 1061 2341; x_wconf 86' lang='lat' dir='ltr'>earum</span> 
     </span>
     <span class='ocr_line' id='line_1_42' title="bbox 332 2353 1060 2397; baseline -0.001 -13"><span class='ocrx_word' id='word_1_205' title='bbox 332 2354 406 2385; x_wconf 85' lang='lat' dir='ltr'>lana</span> <span class='ocrx_word' id='word_1_206' title='bbox 420 2355 625 2397; x_wconf 66' lang='lat' dir='ltr'>praestantior,</span> <span class='ocrx_word' id='word_1_207' title='bbox 642 2354 776 2395; x_wconf 88' lang='lat' dir='ltr'>pellibus</span> <span class='ocrx_word' id='word_1_208' title='bbox 791 2353 886 2383; x_wconf 83' lang='lat' dir='ltr'>velari</span> <span class='ocrx_word' id='word_1_209' title='bbox 900 2353 1040 2383; x_wconf 80' lang='lat' dir='ltr'>solebant</span> <span class='ocrx_word' id='word_1_210' title='bbox 1053 2365 1060 2383; x_wconf 75' lang='grc' dir='ltr'><strong><em>ε</em></strong></span> 
     </span>
     <span class='ocr_line' id='line_1_43' title="bbox 331 2395 1061 2431; baseline -0.003 -3"><span class='ocrx_word' id='word_1_211' title='bbox 331 2397 500 2428; x_wconf 87' lang='lat' dir='ltr'>Columell.</span> <span class='ocrx_word' id='word_1_212' title='bbox 511 2396 564 2431; x_wconf 85' lang='lat' dir='ltr'>vii,</span> <span class='ocrx_word' id='word_1_213' title='bbox 579 2398 611 2431; x_wconf 85' lang='lat'>2,</span> <span class='ocrx_word' id='word_1_214' title='bbox 627 2398 724 2427; x_wconf 82' lang='lat' dir='ltr'>Varro</span> <span class='ocrx_word' id='word_1_215' title='bbox 740 2397 783 2426; x_wconf 80' lang='lat' dir='ltr'>R.</span> <span class='ocrx_word' id='word_1_216' title='bbox 797 2396 838 2426; x_wconf 76' lang='lat' dir='ltr'>R.</span> <span class='ocrx_word' id='word_1_217' title='bbox 854 2395 887 2430; x_wconf 91' lang='lat' dir='ltr'>ii,</span> <span class='ocrx_word' id='word_1_218' title='bbox 903 2396 935 2424; x_wconf 83' lang='lat'>2.</span> <span class='ocrx_word' id='word_1_219' title='bbox 974 2395 1061 2426; x_wconf 83' lang='lat' dir='ltr'>Idem</span> 
     </span>
     <span class='ocr_line' id='line_1_44' title="bbox 332 2436 1063 2477; baseline -0.001 -8"><span class='ocrx_word' id='word_1_220' title='bbox 332 2439 434 2470; x_wconf 85' lang='lat' dir='ltr'>adhuc</span> <span class='ocrx_word' id='word_1_221' title='bbox 455 2439 519 2470; x_wconf 84' lang='lat' dir='ltr'>fieri</span> <span class='ocrx_word' id='word_1_222' title='bbox 536 2438 615 2469; x_wconf 86' lang='lat' dir='ltr'>solet</span> <span class='ocrx_word' id='word_1_223' title='bbox 629 2438 659 2468; x_wconf 91' lang='lat' dir='ltr'>in</span> <span class='ocrx_word' id='word_1_224' title='bbox 675 2437 714 2467; x_wconf 85' lang='lat' dir='ltr'>iis</span> <span class='ocrx_word' id='word_1_225' title='bbox 729 2436 906 2477; x_wconf 81' lang='lat' dir='ltr'>regionibus</span> <span class='ocrx_word' id='word_1_226' title='bbox 921 2436 974 2466; x_wconf 90' lang='lat' dir='ltr'>ubi</span> <span class='ocrx_word' id='word_1_227' title='bbox 991 2437 1063 2468; x_wconf 86' lang='lat' dir='ltr'>lana</span> 
     </span>
     <span class='ocr_line' id='line_1_45' title="bbox 332 2477 1063 2522; baseline -0.001 -11"><span class='ocrx_word' id='word_1_228' title='bbox 332 2480 524 2522; x_wconf 84' lang='lat' dir='ltr'>praestantior</span> <span class='ocrx_word' id='word_1_229' title='bbox 553 2480 701 2520; x_wconf 82' lang='lat' dir='ltr'>gignitur.</span> <span class='ocrx_word' id='word_1_230' title='bbox 746 2480 888 2510; x_wconf 86' lang='lat' dir='ltr'>Ceterum</span> <span class='ocrx_word' id='word_1_231' title='bbox 921 2477 1063 2510; x_wconf 88' lang='lat' dir='ltr'>similiter</span> 
     </span>
     <span class='ocr_line' id='line_1_46' title="bbox 329 2519 1062 2558; baseline -0.003 -5"><span class='ocrx_word' id='word_1_232' title='bbox 329 2523 496 2553; x_wconf 83' lang='lat' dir='ltr'>Tarentum</span> <span class='ocrx_word' id='word_1_233' title='bbox 525 2522 673 2552; x_wconf 81' lang='lat' dir='ltr'>describit</span> <span class='ocrx_word' id='word_1_234' title='bbox 696 2521 837 2551; x_wconf 87' lang='lat' dir='ltr'>Martial.</span> <span class='ocrx_word' id='word_1_235' title='bbox 860 2519 926 2556; x_wconf 83' lang='lat' dir='ltr'>viii,</span> <span class='ocrx_word' id='word_1_236' title='bbox 950 2521 1004 2555; x_wconf 84' lang='lat'>28,</span> <span class='ocrx_word' id='word_1_237' title='bbox 1032 2523 1062 2558; x_wconf 88' lang='lat'>4,</span> 
     </span>
     <span class='ocr_line' id='line_1_47' title="bbox 332 2562 1062 2606; baseline -0.003 -11"><span class='ocrx_word' id='word_1_238' title='bbox 332 2567 388 2595; x_wconf 76' lang='lat' dir='ltr'>tibi</span> <span class='ocrx_word' id='word_1_239' title='bbox 408 2565 522 2606; x_wconf 80' lang='lat' dir='ltr'>floruit</span> <span class='ocrx_word' id='word_1_240' title='bbox 547 2564 635 2593; x_wconf 79' lang='lat' dir='ltr'>herba</span> <span class='ocrx_word' id='word_1_241' title='bbox 663 2564 821 2599; x_wconf 77' lang='lat' dir='ltr'>Phalanti,</span> <span class='ocrx_word' id='word_1_242' title='bbox 850 2562 916 2596; x_wconf 80' lang='lat' dir='ltr'>Qua</span> <span class='ocrx_word' id='word_1_243' title='bbox 943 2569 1062 2593; x_wconf 76' lang='lat' dir='ltr'>saturat</span> 
     </span>
     <span class='ocr_line' id='line_1_48' title="bbox 332 2606 830 2644; baseline -0.004 -8"><span class='ocrx_word' id='word_1_244' title='bbox 332 2607 469 2637; x_wconf 82' lang='lat' dir='ltr'>Calabris</span> <span class='ocrx_word' id='word_1_245' title='bbox 485 2607 566 2636; x_wconf 77' lang='lat' dir='ltr'>culta</span> <span class='ocrx_word' id='word_1_246' title='bbox 586 2606 720 2635; x_wconf 74' lang='lat' dir='ltr'>Galaesus</span> <span class='ocrx_word' id='word_1_247' title='bbox 735 2606 830 2644; x_wconf 79' lang='lat' dir='ltr'>aquis.</span> 
     </span>
    </p>

    <p class='ocr_par' dir='ltr' id='par_1_14' title="bbox 326 2645 1062 2983">
     <span class='ocr_line' id='line_1_49' title="bbox 377 2645 1062 2684; baseline -0.004 -5"><span class='ocrx_word' id='word_1_248' title='bbox 377 2649 510 2679; x_wconf 83' lang='lat'>13—16.</span> <span class='ocrx_word' id='word_1_249' title='bbox 556 2647 614 2677; x_wconf 78' lang='lat' dir='ltr'>Ille</span> <span class='ocrx_word' id='word_1_250' title='bbox 642 2653 793 2676; x_wconf 77' lang='lat' dir='ltr'>terrarum</span> <span class='ocrx_word' id='word_1_251' title='bbox 823 2645 975 2684; x_wconf 79' lang='lat' dir='ltr'>Augulus,</span> <span class='ocrx_word' id='word_1_252' title='bbox 1007 2645 1062 2676; x_wconf 82' lang='lat' dir='ltr'>illa</span> 
     </span>
     <span class='ocr_line' id='line_1_50' title="bbox 329 2687 1062 2730; baseline -0.005 -8"><span class='ocrx_word' id='word_1_253' title='bbox 329 2695 419 2725; x_wconf 80' lang='lat' dir='ltr'>terra,</span> <span class='ocrx_word' id='word_1_254' title='bbox 437 2689 489 2721; x_wconf 89' lang='lat' dir='ltr'>ubi</span> <span class='ocrx_word' id='word_1_255' title='bbox 507 2688 578 2730; x_wconf 84' lang='lat' dir='ltr'>quis</span> <span class='ocrx_word' id='word_1_256' title='bbox 601 2688 736 2719; x_wconf 84' lang='lat' dir='ltr'>suaviter</span> <span class='ocrx_word' id='word_1_257' title='bbox 757 2687 936 2718; x_wconf 81' lang='lat' dir='ltr'>delitescere</span> <span class='ocrx_word' id='word_1_258' title='bbox 960 2693 1062 2728; x_wconf 88' lang='lat' dir='ltr'>potest</span> 
     </span>
     <span class='ocr_line' id='line_1_51' title="bbox 329 2729 1060 2764; baseline -0.005 -1"><span class='ocrx_word' id='word_1_259' title='bbox 329 2733 362 2764; x_wconf 87' lang='lat' dir='ltr'>in</span> <span class='ocrx_word' id='word_1_260' title='bbox 388 2734 449 2764; x_wconf 91' lang='lat' dir='ltr'>otio</span> <span class='ocrx_word' id='word_1_261' title='bbox 479 2737 510 2762; x_wconf 88' lang='lat' dir='ltr'>et</span> <span class='ocrx_word' id='word_1_262' title='bbox 539 2730 717 2762; x_wconf 84' lang='lat' dir='ltr'>securitate.</span> <span class='ocrx_word' id='word_1_263' title='bbox 762 2730 842 2759; x_wconf 74' lang='lat' dir='ltr'>Mihi</span> <span class='ocrx_word' id='word_1_264' title='bbox 867 2729 958 2763; x_wconf 81' lang='lat' dir='ltr'>ridet,</span> <span class='ocrx_word' id='word_1_265' title='bbox 983 2729 1060 2759; x_wconf 83' lang='lat' dir='ltr'>mihi</span> 
     </span>
     <span class='ocr_line' id='line_1_52' title="bbox 329 2770 1058 2816; baseline -0.007 -10"><span class='ocrx_word' id='word_1_266' title='bbox 329 2775 449 2816; x_wconf 78' lang='lat' dir='ltr'>placet:</span> <span class='ocrx_word' id='word_1_267' title='bbox 473 2773 529 2804; x_wconf 86' lang='lat' dir='ltr'>inf.</span> <span class='ocrx_word' id='word_1_268' title='bbox 552 2772 651 2814; x_wconf 87' lang='lat' dir='ltr'>Epist.</span> <span class='ocrx_word' id='word_1_269' title='bbox 673 2772 695 2806; x_wconf 85' lang='lat' dir='ltr'>i,</span> <span class='ocrx_word' id='word_1_270' title='bbox 711 2772 742 2806; x_wconf 86' lang='lat'>7,</span> <span class='ocrx_word' id='word_1_271' title='bbox 762 2773 814 2806; x_wconf 82' lang='lat'>44,</span> <span class='ocrx_word' id='word_1_272' title='bbox 830 2770 981 2809; x_wconf 76' lang='lat' dir='ltr'>mihi&#39;jam</span> <span class='ocrx_word' id='word_1_273' title='bbox 1001 2782 1058 2801; x_wconf 82' lang='lat' dir='ltr'>non</span> 
     </span>
     <span class='ocr_line' id='line_1_53' title="bbox 327 2813 1058 2858; baseline -0.005 -11"><span class='ocrx_word' id='word_1_274' title='bbox 327 2819 413 2858; x_wconf 83' lang='lat' dir='ltr'>regia</span> <span class='ocrx_word' id='word_1_275' title='bbox 433 2817 536 2851; x_wconf 80' lang='lat' dir='ltr'>Roma,</span> <span class='ocrx_word' id='word_1_276' title='bbox 551 2815 608 2844; x_wconf 83' lang='lat' dir='ltr'>Sed</span> <span class='ocrx_word' id='word_1_277' title='bbox 623 2824 750 2844; x_wconf 79' lang='lat' dir='ltr'>vacuum</span> <span class='ocrx_word' id='word_1_278' title='bbox 770 2813 864 2842; x_wconf 79' lang='lat' dir='ltr'>Tibur</span> <span class='ocrx_word' id='word_1_279' title='bbox 879 2813 989 2850; x_wconf 78' lang='lat' dir='ltr'>placet,</span> <span class='ocrx_word' id='word_1_280' title='bbox 1004 2820 1058 2843; x_wconf 76' lang='lat' dir='ltr'>aut</span> 
     </span>
     <span class='ocr_line' id='line_1_54' title="bbox 326 2856 1054 2890; baseline -0.007 -1"><span class='ocrx_word' id='word_1_281' title='bbox 326 2860 441 2890; x_wconf 81' lang='lat' dir='ltr'>imbelle</span> <span class='ocrx_word' id='word_1_282' title='bbox 457 2858 630 2888; x_wconf 77' lang='lat' dir='ltr'>Tarentum.</span> <span class='ocrx_word' id='word_1_283' title='bbox 677 2856 791 2886; x_wconf 75' lang='lat' dir='ltr'>Praeler</span> <span class='ocrx_word' id='word_1_284' title='bbox 808 2864 915 2890; x_wconf 72' lang='lat' dir='ltr'>omne-3,</span> <span class='ocrx_word' id='word_1_285' title='bbox 929 2863 975 2883; x_wconf 87' lang='lat' dir='ltr'>sc.</span> <span class='ocrx_word' id='word_1_286' title='bbox 996 2859 1054 2885; x_wconf 88' lang='lat' dir='ltr'>ter-</span> 
     </span>
     <span class='ocr_line' id='line_1_55' title="bbox 326 2895 1054 2937; baseline -0.008 -6"><span class='ocrx_word' id='word_1_287' title='bbox 326 2911 375 2931; x_wconf 88' lang='lat' dir='ltr'>ras</span> <span class='ocrx_word' id='word_1_288' title='bbox 391 2900 456 2931; x_wconf 87' lang='lat' dir='ltr'>sive</span> <span class='ocrx_word' id='word_1_289' title='bbox 467 2904 613 2931; x_wconf 82' lang='lat' dir='ltr'>terrarum</span> <span class='ocrx_word' id='word_1_290' title='bbox 630 2897 775 2937; x_wconf 86' lang='lat' dir='ltr'>angulos.</span> <span class='ocrx_word' id='word_1_291' title='bbox 790 2896 820 2926; x_wconf 89' lang='lat' dir='ltr'>h.</span> <span class='ocrx_word' id='word_1_292' title='bbox 832 2906 860 2927; x_wconf 88' lang='lat' dir='ltr'>e.</span> <span class='ocrx_word' id='word_1_293' title='bbox 877 2895 944 2925; x_wconf 83' lang='lat' dir='ltr'>loca</span> <span class='ocrx_word' id='word_1_294' title='bbox 955 2905 1054 2926; x_wconf 87' lang='lat' dir='ltr'>secre-</span> 
     </span>
     <span class='ocr_line' id='line_1_56' title="bbox 326 2937 1056 2983; baseline -0.005 -9"><span class='ocrx_word' id='word_1_295' title='bbox 326 2942 404 2974; x_wconf 81' lang='lat' dir='ltr'>tiora</span> <span class='ocrx_word' id='word_1_296' title='bbox 430 2946 461 2974; x_wconf 86' lang='lat' dir='ltr'>et</span> <span class='ocrx_word' id='word_1_297' title='bbox 489 2951 508 2972; x_wconf 91' lang='lat' dir='ltr'>a</span> <span class='ocrx_word' id='word_1_298' title='bbox 535 2939 664 2983; x_wconf 86' lang='lat' dir='ltr'>strepitu</span> <span class='ocrx_word' id='word_1_299' title='bbox 693 2938 853 2970; x_wconf 89' lang='lat' dir='ltr'>hominum</span> <span class='ocrx_word' id='word_1_300' title='bbox 883 2937 1056 2970; x_wconf 76' lang='lat' dir='ltr'>remotiora.</span> 
     </span>
    </p>
   </div>
   <div class='ocr_carea' id='block_1_13' title="bbox 1102 1430 1847 2474">
    <p class='ocr_par' dir='ltr' id='par_1_15' title="bbox 1107 1430 1847 2215">
     <span class='ocr_line' id='line_1_57' title="bbox 1117 1430 1847 1472; baseline 0.001 -10"><span class='ocrx_word' id='word_1_301' title='bbox 1117 1431 1175 1462; x_wconf 87' lang='lat' dir='ltr'>Ubi</span> <span class='ocrx_word' id='word_1_302' title='bbox 1184 1443 1241 1462; x_wconf 80' lang='lat' dir='ltr'>non</span> <span class='ocrx_word' id='word_1_303' title='bbox 1251 1431 1394 1472; x_wconf 72' lang='lat' dir='ltr'>Hymetto</span> <span class='ocrx_word' id='word_1_304' title='bbox 1404 1432 1502 1463; x_wconf 79' lang='lat' dir='ltr'>Mella</span> <span class='ocrx_word' id='word_1_305' title='bbox 1511 1433 1672 1463; x_wconf 79' lang='lat' dir='ltr'>decedunt:</span> <span class='ocrx_word' id='word_1_306' title='bbox 1685 1430 1742 1462; x_wconf 84' lang='lat' dir='ltr'>ubi</span> <span class='ocrx_word' id='word_1_307' title='bbox 1751 1431 1847 1463; x_wconf 77' lang='lat' dir='ltr'>mella</span> 
     </span>
     <span class='ocr_line' id='line_1_58' title="bbox 1113 1473 1843 1515; baseline 0.001 -12"><span class='ocrx_word' id='word_1_308' title='bbox 1113 1484 1173 1504; x_wconf 89' lang='lat' dir='ltr'>non</span> <span class='ocrx_word' id='word_1_309' title='bbox 1196 1474 1314 1505; x_wconf 84' lang='lat' dir='ltr'>cedunt</span> <span class='ocrx_word' id='word_1_310' title='bbox 1339 1474 1377 1504; x_wconf 78' lang='lat' dir='ltr'>iis</span> <span class='ocrx_word' id='word_1_311' title='bbox 1399 1484 1469 1515; x_wconf 59' lang='lat' dir='ltr'>quae</span> <span class='ocrx_word' id='word_1_312' title='bbox 1495 1483 1570 1515; x_wconf 87' lang='lat' dir='ltr'>apes</span> <span class='ocrx_word' id='word_1_313' title='bbox 1592 1473 1624 1504; x_wconf 89' lang='lat' dir='ltr'>in</span> <span class='ocrx_word' id='word_1_314' title='bbox 1644 1479 1748 1504; x_wconf 85' lang='lat' dir='ltr'>monte</span> <span class='ocrx_word' id='word_1_315' title='bbox 1774 1475 1843 1514; x_wconf 85' lang='lat' dir='ltr'>Hy-</span> 
     </span>
     <span class='ocr_line' id='line_1_59' title="bbox 1113 1515 1846 1557; baseline 0.003 -12"><span class='ocrx_word' id='word_1_316' title='bbox 1113 1522 1208 1547; x_wconf 88' lang='lat' dir='ltr'>metto</span> <span class='ocrx_word' id='word_1_317' title='bbox 1233 1515 1407 1556; x_wconf 79' lang='lat' dir='ltr'>colligunt3</span> <span class='ocrx_word' id='word_1_318' title='bbox 1430 1515 1483 1546; x_wconf 88' lang='lat' dir='ltr'>ubi</span> <span class='ocrx_word' id='word_1_319' title='bbox 1508 1525 1596 1556; x_wconf 82' lang='lat' dir='ltr'>aeque</span> <span class='ocrx_word' id='word_1_320' title='bbox 1611 1515 1727 1546; x_wconf 81' lang='lat' dir='ltr'>bonum</span> <span class='ocrx_word' id='word_1_321' title='bbox 1750 1520 1846 1557; x_wconf 81' lang='lat' dir='ltr'>atque</span> 
     </span>
     <span class='ocr_line' id='line_1_60' title="bbox 1111 1556 1843 1598; baseline 0.001 -11"><span class='ocrx_word' id='word_1_322' title='bbox 1111 1557 1144 1587; x_wconf 85' lang='lat' dir='ltr'>in</span> <span class='ocrx_word' id='word_1_323' title='bbox 1160 1563 1264 1588; x_wconf 86' lang='lat' dir='ltr'>monte</span> <span class='ocrx_word' id='word_1_324' title='bbox 1281 1559 1427 1598; x_wconf 78' lang='lat' dir='ltr'>Hymetto</span> <span class='ocrx_word' id='word_1_325' title='bbox 1438 1557 1499 1588; x_wconf 86' lang='lat' dir='ltr'>mel</span> <span class='ocrx_word' id='word_1_326' title='bbox 1514 1557 1693 1588; x_wconf 81' lang='lat' dir='ltr'>conficitur:</span> <span class='ocrx_word' id='word_1_327' title='bbox 1716 1556 1754 1588; x_wconf 82' lang='lat' dir='ltr'>de</span> <span class='ocrx_word' id='word_1_328' title='bbox 1766 1557 1843 1588; x_wconf 79' lang='lat' dir='ltr'>mel-</span> 
     </span>
     <span class='ocr_line' id='line_1_61' title="bbox 1111 1597 1844 1640; baseline 0.003 -12"><span class='ocrx_word' id='word_1_329' title='bbox 1111 1599 1150 1629; x_wconf 90' lang='lat' dir='ltr'>lis</span> <span class='ocrx_word' id='word_1_330' title='bbox 1178 1599 1339 1630; x_wconf 84' lang='lat' dir='ltr'>Tarentini</span> <span class='ocrx_word' id='word_1_331' title='bbox 1367 1598 1504 1630; x_wconf 84' lang='lat' dir='ltr'>bonitate</span> <span class='ocrx_word' id='word_1_332' title='bbox 1530 1597 1593 1629; x_wconf 87' lang='lat' dir='ltr'>vid.</span> <span class='ocrx_word' id='word_1_333' title='bbox 1623 1599 1723 1630; x_wconf 82' lang='lat' dir='ltr'>Varro</span> <span class='ocrx_word' id='word_1_334' title='bbox 1757 1598 1844 1640; x_wconf 83' lang='lat' dir='ltr'>apud</span> 
     </span>
     <span class='ocr_line' id='line_1_62' title="bbox 1111 1639 1842 1678; baseline 0.003 -8"><span class='ocrx_word' id='word_1_335' title='bbox 1111 1642 1256 1672; x_wconf 86' lang='lat' dir='ltr'>Macrob.</span> <span class='ocrx_word' id='word_1_336' title='bbox 1278 1642 1345 1672; x_wconf 89' lang='lat' dir='ltr'>Sat.</span> <span class='ocrx_word' id='word_1_337' title='bbox 1370 1640 1404 1676; x_wconf 85' lang='lat' dir='ltr'>ii,</span> <span class='ocrx_word' id='word_1_338' title='bbox 1425 1641 1485 1678; x_wconf 80' lang='lat'>12;</span> <span class='ocrx_word' id='word_1_339' title='bbox 1508 1641 1550 1671; x_wconf 83' lang='lat' dir='ltr'>cf.</span> <span class='ocrx_word' id='word_1_340' title='bbox 1573 1639 1632 1670; x_wconf 77' lang='lat' dir='ltr'>inf.</span> <span class='ocrx_word' id='word_1_341' title='bbox 1655 1639 1701 1678; x_wconf 90' lang='lat' dir='ltr'>iii,</span> <span class='ocrx_word' id='word_1_342' title='bbox 1717 1640 1768 1676; x_wconf 87' lang='lat'>16,</span> <span class='ocrx_word' id='word_1_343' title='bbox 1787 1641 1842 1672; x_wconf 88' lang='lat'>33.</span> 
     </span>
     <span class='ocr_line' id='line_1_63' title="bbox 1112 1681 1840 1724; baseline 0 -12"><span class='ocrx_word' id='word_1_344' title='bbox 1112 1683 1271 1719; x_wconf 71' lang='lat' dir='ltr'>Dec-cdere,</span> <span class='ocrx_word' id='word_1_345' title='bbox 1297 1688 1331 1713; x_wconf 89' lang='lat' dir='ltr'>ut</span> <span class='ocrx_word' id='word_1_346' title='bbox 1353 1682 1469 1724; x_wconf 87' lang='lat' dir='ltr'>passim</span> <span class='ocrx_word' id='word_1_347' title='bbox 1497 1684 1664 1717; x_wconf 78' lang='lat' dir='ltr'>concedere,</span> <span class='ocrx_word' id='word_1_348' title='bbox 1686 1692 1740 1723; x_wconf 88' lang='lat' dir='ltr'>pro</span> <span class='ocrx_word' id='word_1_349' title='bbox 1766 1681 1840 1712; x_wconf 82' lang='lat' dir='ltr'>sim-</span> 
     </span>
     <span class='ocr_line' id='line_1_64' title="bbox 1110 1723 1843 1764; baseline -0.001 -9"><span class='ocrx_word' id='word_1_350' title='bbox 1110 1724 1203 1764; x_wconf 86' lang='lat' dir='ltr'>plice,</span> <span class='ocrx_word' id='word_1_351' title='bbox 1219 1725 1338 1755; x_wconf 88' lang='lat' dir='ltr'>cedere.</span> <span class='ocrx_word' id='word_1_352' title='bbox 1369 1724 1459 1764; x_wconf 80' lang='lat' dir='ltr'>Virg.</span> <span class='ocrx_word' id='word_1_353' title='bbox 1476 1723 1545 1755; x_wconf 83' lang='lat' dir='ltr'>Ecl.</span> <span class='ocrx_word' id='word_1_354' title='bbox 1557 1723 1623 1759; x_wconf 86' lang='lat' dir='ltr'>viii,</span> <span class='ocrx_word' id='word_1_355' title='bbox 1635 1725 1688 1759; x_wconf 82' lang='lat'>88,</span> <span class='ocrx_word' id='word_1_356' title='bbox 1703 1723 1843 1762; x_wconf 76' lang='lat' dir='ltr'>Perdita,</span> 
     </span>
     <span class='ocr_line' id='line_1_65' title="bbox 1110 1767 1841 1807; baseline 0.004 -12"><span class='ocrx_word' id='word_1_357' title='bbox 1110 1777 1163 1796; x_wconf 82' lang='lat' dir='ltr'>nec</span> <span class='ocrx_word' id='word_1_358' title='bbox 1183 1777 1252 1797; x_wconf 77' lang='lat' dir='ltr'>serae</span> <span class='ocrx_word' id='word_1_359' title='bbox 1274 1768 1406 1797; x_wconf 79' lang='lat' dir='ltr'>meminit</span> <span class='ocrx_word' id='word_1_360' title='bbox 1428 1767 1565 1796; x_wconf 79' lang='lat' dir='ltr'>decedere</span> <span class='ocrx_word' id='word_1_361' title='bbox 1585 1768 1676 1802; x_wconf 75' lang='lat' dir='ltr'>nocti,</span> <span class='ocrx_word' id='word_1_362' title='bbox 1697 1775 1765 1807; x_wconf 83' lang='lat' dir='ltr'>pro,</span> <span class='ocrx_word' id='word_1_363' title='bbox 1789 1776 1841 1798; x_wconf 86' lang='lat' dir='ltr'>ce·</span> 
     </span>
     <span class='ocr_line' id='line_1_66' title="bbox 1109 1807 1841 1843; baseline -0.001 -5"><span class='ocrx_word' id='word_1_364' title='bbox 1109 1808 1182 1838; x_wconf 86' lang='lat' dir='ltr'>dere</span> <span class='ocrx_word' id='word_1_365' title='bbox 1204 1808 1349 1843; x_wconf 78' lang='lat' dir='ltr'>tenebris,</span> <span class='ocrx_word' id='word_1_366' title='bbox 1373 1808 1407 1838; x_wconf 79' lang='lat' dir='ltr'>h.</span> <span class='ocrx_word' id='word_1_367' title='bbox 1435 1818 1464 1838; x_wconf 79' lang='lat' dir='ltr'>e.</span> <span class='ocrx_word' id='word_1_368' title='bbox 1490 1817 1551 1838; x_wconf 84' lang='lat' dir='ltr'>nou</span> <span class='ocrx_word' id='word_1_369' title='bbox 1574 1817 1644 1838; x_wconf 80' lang='lat' dir='ltr'>sera</span> <span class='ocrx_word' id='word_1_370' title='bbox 1668 1811 1758 1838; x_wconf 80' lang='lat' dir='ltr'>nocoe</span> <span class='ocrx_word' id='word_1_371' title='bbox 1782 1807 1841 1838; x_wconf 81' lang='lat' dir='ltr'>sub</span> 
     </span>
     <span class='ocr_line' id='line_1_67' title="bbox 1111 1848 1841 1884; baseline 0 -4"><span class='ocrx_word' id='word_1_372' title='bbox 1111 1849 1183 1880; x_wconf 91' lang='lat' dir='ltr'>divo</span> <span class='ocrx_word' id='word_1_373' title='bbox 1197 1860 1332 1884; x_wconf 89' lang='lat' dir='ltr'>manere,</span> <span class='ocrx_word' id='word_1_374' title='bbox 1347 1850 1400 1880; x_wconf 89' lang='lat' dir='ltr'>sed</span> <span class='ocrx_word' id='word_1_375' title='bbox 1413 1848 1511 1880; x_wconf 87' lang='lat' dir='ltr'>redire</span> <span class='ocrx_word' id='word_1_376' title='bbox 1525 1849 1557 1879; x_wconf 89' lang='lat' dir='ltr'>in</span> <span class='ocrx_word' id='word_1_377' title='bbox 1571 1849 1742 1880; x_wconf 79' lang='lat' dir='ltr'>stabulum.</span> <span class='ocrx_word' id='word_1_378' title='bbox 1788 1849 1841 1880; x_wconf 78' lang='lat' dir='ltr'>Vi-</span> 
     </span>
     <span class='ocr_line' id='line_1_68' title="bbox 1110 1890 1840 1932; baseline 0.001 -11"><span class='ocrx_word' id='word_1_379' title='bbox 1110 1893 1227 1932; x_wconf 82' lang='lat' dir='ltr'>ridique</span> <span class='ocrx_word' id='word_1_380' title='bbox 1241 1899 1335 1922; x_wconf 77' lang='lat' dir='ltr'>certat</span> <span class='ocrx_word' id='word_1_381' title='bbox 1352 1892 1450 1922; x_wconf 84' lang='lat' dir='ltr'>Bacca</span> <span class='ocrx_word' id='word_1_382' title='bbox 1470 1890 1618 1932; x_wconf 78' lang='lat' dir='ltr'>Venafro:</span> <span class='ocrx_word' id='word_1_383' title='bbox 1640 1895 1673 1921; x_wconf 80' lang='lat' dir='ltr'>et</span> <span class='ocrx_word' id='word_1_384' title='bbox 1687 1890 1743 1921; x_wconf 83' lang='lat' dir='ltr'>ubi</span> <span class='ocrx_word' id='word_1_385' title='bbox 1756 1890 1840 1922; x_wconf 85' lang='lat' dir='ltr'>oliva</span> 
     </span>
     <span class='ocr_line' id='line_1_69' title="bbox 1110 1931 1838 1974; baseline -0.003 -10"><span class='ocrx_word' id='word_1_386' title='bbox 1110 1940 1208 1964; x_wconf 86' lang='lat' dir='ltr'>certat</span> <span class='ocrx_word' id='word_1_387' title='bbox 1230 1944 1301 1964; x_wconf 90' lang='lat' dir='ltr'>cum</span> <span class='ocrx_word' id='word_1_388' title='bbox 1318 1933 1454 1964; x_wconf 83' lang='lat' dir='ltr'>bonitate</span> <span class='ocrx_word' id='word_1_389' title='bbox 1475 1932 1624 1963; x_wconf 80' lang='lat' dir='ltr'>olivarum</span> <span class='ocrx_word' id='word_1_390' title='bbox 1648 1931 1680 1962; x_wconf 90' lang='lat' dir='ltr'>in</span> <span class='ocrx_word' id='word_1_391' title='bbox 1703 1932 1838 1974; x_wconf 85' lang='lat' dir='ltr'>Campa-</span> 
     </span>
     <span class='ocr_line' id='line_1_70' title="bbox 1110 1973 1842 2013; baseline 0.003 -9"><span class='ocrx_word' id='word_1_392' title='bbox 1110 1975 1169 2005; x_wconf 86' lang='lat' dir='ltr'>niae</span> <span class='ocrx_word' id='word_1_393' title='bbox 1196 1975 1280 2010; x_wconf 87' lang='lat' dir='ltr'>urbe,</span> <span class='ocrx_word' id='word_1_394' title='bbox 1308 1975 1458 2010; x_wconf 82' lang='lat' dir='ltr'>Venafro,</span> <span class='ocrx_word' id='word_1_395' title='bbox 1483 1973 1696 2013; x_wconf 56' lang='lat' dir='ltr'>nascentium:</span> <span class='ocrx_word' id='word_1_396' title='bbox 1724 1981 1842 2006; x_wconf 78' lang='lat' dir='ltr'>certare</span> 
     </span>
     <span class='ocr_line' id='line_1_71' title="bbox 1107 2017 1840 2058; baseline 0.001 -12"><span class='ocrx_word' id='word_1_397' title='bbox 1107 2018 1202 2048; x_wconf 79' lang='lat' dir='ltr'>alicui</span> <span class='ocrx_word' id='word_1_398' title='bbox 1235 2027 1289 2058; x_wconf 90' lang='lat' dir='ltr'>pro</span> <span class='ocrx_word' id='word_1_399' title='bbox 1323 2017 1455 2057; x_wconf 89' lang='lat' dir='ltr'>vulgari,</span> <span class='ocrx_word' id='word_1_400' title='bbox 1488 2023 1603 2047; x_wconf 78' lang='lat' dir='ltr'>certare</span> <span class='ocrx_word' id='word_1_401' title='bbox 1637 2026 1704 2047; x_wconf 83' lang='lat' dir='ltr'>cum</span> <span class='ocrx_word' id='word_1_402' title='bbox 1739 2017 1840 2057; x_wconf 80' lang='lat' dir='ltr'>aliquo</span> 
     </span>
     <span class='ocr_line' id='line_1_72' title="bbox 1108 2057 1838 2098; baseline 0.001 -10"><span class='ocrx_word' id='word_1_403' title='bbox 1108 2059 1234 2098; x_wconf 83' lang='lat' dir='ltr'>passim.</span> <span class='ocrx_word' id='word_1_404' title='bbox 1284 2059 1449 2098; x_wconf 77' lang='lat' dir='ltr'>Venafrum</span> <span class='ocrx_word' id='word_1_405' title='bbox 1464 2067 1519 2098; x_wconf 90' lang='lat' dir='ltr'>pro</span> <span class='ocrx_word' id='word_1_406' title='bbox 1533 2057 1624 2088; x_wconf 81' lang='lat' dir='ltr'>olivis</span> <span class='ocrx_word' id='word_1_407' title='bbox 1639 2057 1838 2095; x_wconf 76' lang='lat' dir='ltr'>Venafranis,</span> 
     </span>
     <span class='ocr_line' id='line_1_73' title="bbox 1109 2098 1839 2142; baseline 0 -11"><span class='ocrx_word' id='word_1_408' title='bbox 1109 2106 1142 2130; x_wconf 88' lang='lat' dir='ltr'>ut</span> <span class='ocrx_word' id='word_1_409' title='bbox 1157 2101 1318 2141; x_wconf 80' lang='lat' dir='ltr'>Hymettus</span> <span class='ocrx_word' id='word_1_410' title='bbox 1336 2111 1390 2142; x_wconf 87' lang='lat' dir='ltr'>pro</span> <span class='ocrx_word' id='word_1_411' title='bbox 1413 2099 1504 2130; x_wconf 85' lang='lat' dir='ltr'>melle</span> <span class='ocrx_word' id='word_1_412' title='bbox 1528 2098 1710 2140; x_wconf 79' lang='lat' dir='ltr'>Hymetti03</span> <span class='ocrx_word' id='word_1_413' title='bbox 1733 2101 1839 2137; x_wconf 78' lang='lat' dir='ltr'>viridi,</span> 
     </span>
     <span class='ocr_line' id='line_1_74' title="bbox 1107 2140 1838 2184; baseline 0 -13"><span class='ocrx_word' id='word_1_414' title='bbox 1107 2147 1179 2183; x_wconf 85' lang='lat' dir='ltr'>apte</span> <span class='ocrx_word' id='word_1_415' title='bbox 1201 2142 1240 2173; x_wconf 89' lang='lat' dir='ltr'>ad</span> <span class='ocrx_word' id='word_1_416' title='bbox 1265 2148 1388 2178; x_wconf 87' lang='lat' dir='ltr'>terram,</span> <span class='ocrx_word' id='word_1_417' title='bbox 1413 2141 1467 2172; x_wconf 89' lang='lat' dir='ltr'>ubi</span> <span class='ocrx_word' id='word_1_418' title='bbox 1489 2140 1578 2172; x_wconf 72' lang='lat' dir='ltr'>olivae</span> <span class='ocrx_word' id='word_1_419' title='bbox 1602 2141 1714 2176; x_wconf 85' lang='lat' dir='ltr'>virent,</span> <span class='ocrx_word' id='word_1_420' title='bbox 1737 2141 1838 2184; x_wconf 87' lang='lat' dir='ltr'>desig-</span> 
     </span>
     <span class='ocr_line' id='line_1_75' title="bbox 1107 2184 1252 2215; baseline 0.007 -1"><span class='ocrx_word' id='word_1_421' title='bbox 1107 2184 1252 2215; x_wconf 84' lang='lat' dir='ltr'>nandam.</span> 
     </span>
    </p>

    <p class='ocr_par' dir='ltr' id='par_1_16' title="bbox 1102 2224 1838 2474">
     <span class='ocr_line' id='line_1_76' title="bbox 1153 2224 1836 2266; baseline 0.003 -10"><span class='ocrx_word' id='word_1_422' title='bbox 1153 2227 1286 2257; x_wconf 81' lang='lat'>17—20.</span> <span class='ocrx_word' id='word_1_423' title='bbox 1311 2226 1449 2266; x_wconf 77' lang='lat' dir='ltr'>Tepidas,</span> <span class='ocrx_word' id='word_1_424' title='bbox 1473 2225 1582 2256; x_wconf 89' lang='lat' dir='ltr'>mites:</span> <span class='ocrx_word' id='word_1_425' title='bbox 1607 2224 1664 2256; x_wconf 83' lang='lat' dir='ltr'>inf.</span> <span class='ocrx_word' id='word_1_426' title='bbox 1685 2224 1790 2266; x_wconf 83' lang='lat' dir='ltr'>Epist.</span> <span class='ocrx_word' id='word_1_427' title='bbox 1812 2226 1836 2263; x_wconf 87' lang='lat' dir='ltr'>i,</span> 
     </span>
     <span class='ocr_line' id='line_1_77' title="bbox 1109 2267 1837 2307; baseline -0.001 -9"><span class='ocrx_word' id='word_1_428' title='bbox 1109 2268 1158 2303; x_wconf 91' lang='lat'>10,</span> <span class='ocrx_word' id='word_1_429' title='bbox 1178 2270 1227 2305; x_wconf 88' lang='lat'>15,</span> <span class='ocrx_word' id='word_1_430' title='bbox 1244 2269 1297 2298; x_wconf 82' lang='lat' dir='ltr'>Est</span> <span class='ocrx_word' id='word_1_431' title='bbox 1313 2270 1365 2298; x_wconf 76' lang='lat' dir='ltr'>ubi</span> <span class='ocrx_word' id='word_1_432' title='bbox 1380 2270 1450 2307; x_wconf 81' lang='lat' dir='ltr'>plus</span> <span class='ocrx_word' id='word_1_433' title='bbox 1469 2273 1589 2307; x_wconf 80' lang='lat' dir='ltr'>tepeant</span> <span class='ocrx_word' id='word_1_434' title='bbox 1609 2267 1734 2298; x_wconf 75' lang='lat' dir='ltr'>hiemes?</span> <span class='ocrx_word' id='word_1_435' title='bbox 1775 2268 1837 2298; x_wconf 85' lang='lat' dir='ltr'>Ju-</span> 
     </span>
     <span class='ocr_line' id='line_1_78' title="bbox 1102 2308 1836 2351; baseline 0.003 -12"><span class='ocrx_word' id='word_1_436' title='bbox 1102 2312 1194 2348; x_wconf 78' lang='lat' dir='ltr'>piter,</span> <span class='ocrx_word' id='word_1_437' title='bbox 1209 2310 1263 2351; x_wconf 90' lang='lat' dir='ltr'>qui</span> <span class='ocrx_word' id='word_1_438' title='bbox 1283 2315 1318 2340; x_wconf 89' lang='lat' dir='ltr'>ut</span> <span class='ocrx_word' id='word_1_439' title='bbox 1342 2320 1410 2351; x_wconf 88' lang='lat' dir='ltr'>sup.</span> <span class='ocrx_word' id='word_1_440' title='bbox 1434 2309 1455 2345; x_wconf 84' lang='lat' dir='ltr'>i,</span> <span class='ocrx_word' id='word_1_441' title='bbox 1475 2311 1526 2344; x_wconf 82' lang='lat'>12,</span> <span class='ocrx_word' id='word_1_442' title='bbox 1544 2310 1583 2340; x_wconf 86' lang='lat'>15</span> <span class='ocrx_word' id='word_1_443' title='bbox 1603 2308 1727 2347; x_wconf 82' lang='lat' dir='ltr'>dicitur,</span> <span class='ocrx_word' id='word_1_444' title='bbox 1742 2311 1836 2341; x_wconf 75' lang='lat' dir='ltr'>variis</span> 
     </span>
     <span class='ocr_line' id='line_1_79' title="bbox 1105 2351 1838 2391; baseline 0.004 -11"><span class='ocrx_word' id='word_1_445' title='bbox 1105 2352 1185 2381; x_wconf 80' lang='lat' dir='ltr'>horis</span> <span class='ocrx_word' id='word_1_446' title='bbox 1218 2354 1362 2382; x_wconf 82' lang='lat' dir='ltr'>mundum</span> <span class='ocrx_word' id='word_1_447' title='bbox 1399 2357 1551 2391; x_wconf 73' lang='lat' dir='ltr'>temperat.</span> <span class='ocrx_word' id='word_1_448' title='bbox 1602 2351 1715 2387; x_wconf 79' lang='lat' dir='ltr'>Aulon,</span> <span class='ocrx_word' id='word_1_449' title='bbox 1746 2360 1838 2383; x_wconf 74' lang='lat' dir='ltr'>mons</span> 
     </span>
     <span class='ocr_line' id='line_1_80' title="bbox 1105 2392 1835 2434; baseline 0.001 -11"><span class='ocrx_word' id='word_1_450' title='bbox 1105 2394 1170 2433; x_wconf 84' lang='lat' dir='ltr'>agri</span> <span class='ocrx_word' id='word_1_451' title='bbox 1186 2393 1358 2430; x_wconf 79' lang='lat' dir='ltr'>Tarentini,</span> <span class='ocrx_word' id='word_1_452' title='bbox 1371 2393 1424 2423; x_wconf 90' lang='lat' dir='ltr'>ubi</span> <span class='ocrx_word' id='word_1_453' title='bbox 1439 2393 1545 2431; x_wconf 85' lang='lat' dir='ltr'>vinum</span> <span class='ocrx_word' id='word_1_454' title='bbox 1558 2392 1710 2434; x_wconf 86' lang='lat' dir='ltr'>optimum</span> <span class='ocrx_word' id='word_1_455' title='bbox 1725 2402 1835 2425; x_wconf 74' lang='lat' dir='ltr'>nasce-</span> 
     </span>
     <span class='ocr_line' id='line_1_81' title="bbox 1105 2434 1835 2474; baseline 0.004 -10"><span class='ocrx_word' id='word_1_456' title='bbox 1105 2434 1214 2474; x_wconf 87' lang='lat' dir='ltr'>batur;</span> <span class='ocrx_word' id='word_1_457' title='bbox 1238 2437 1336 2466; x_wconf 86' lang='lat' dir='ltr'>Mart.</span> <span class='ocrx_word' id='word_1_458' title='bbox 1359 2435 1425 2471; x_wconf 75' lang='lat' dir='ltr'>xiii,</span> <span class='ocrx_word' id='word_1_459' title='bbox 1445 2436 1516 2470; x_wconf 81' lang='lat'>125,</span> <span class='ocrx_word' id='word_1_460' title='bbox 1533 2434 1650 2465; x_wconf 78' lang='lat' dir='ltr'>Nobilis</span> <span class='ocrx_word' id='word_1_461' title='bbox 1669 2441 1698 2465; x_wconf 83' lang='lat' dir='ltr'>et</span> <span class='ocrx_word' id='word_1_462' title='bbox 1711 2435 1790 2466; x_wconf 73' lang='lat' dir='ltr'>lanis</span> <span class='ocrx_word' id='word_1_463' title='bbox 1805 2442 1835 2467; x_wconf 83' lang='lat' dir='ltr'>et</span> 
     </span>
    </p>
   </div>
   <div class='ocr_carea' id='block_1_14' title="bbox 1093 2477 1832 2517">
    <p class='ocr_par' dir='ltr' id='par_1_17' title="bbox 1093 2477 1832 2517">
     <span class='ocr_line' id='line_1_82' title="bbox 1093 2477 1832 2517; baseline 0.001 -11"><span class='ocrx_word' id='word_1_464' title='bbox 1093 2477 1176 2517; x_wconf 73' lang='lat' dir='ltr'>felix</span> <span class='ocrx_word' id='word_1_465' title='bbox 1187 2479 1297 2507; x_wconf 79' lang='lat' dir='ltr'>vitibus</span> <span class='ocrx_word' id='word_1_466' title='bbox 1309 2478 1421 2512; x_wconf 82' lang='lat' dir='ltr'>Aulon,</span> <span class='ocrx_word' id='word_1_467' title='bbox 1433 2477 1492 2507; x_wconf 83' lang='lat' dir='ltr'>Det</span> <span class='ocrx_word' id='word_1_468' title='bbox 1505 2477 1632 2516; x_wconf 70' lang='lat' dir='ltr'>pretiosa</span> <span class='ocrx_word' id='word_1_469' title='bbox 1644 2478 1700 2507; x_wconf 74' lang='lat' dir='ltr'>tibi</span> <span class='ocrx_word' id='word_1_470' title='bbox 1709 2477 1832 2513; x_wconf 75' lang='lat' dir='ltr'>vellera,</span> 
     </span>
    </p>
   </div>
   <div class='ocr_carea' id='block_1_15' title="bbox 1099 2518 1838 2979">
    <p class='ocr_par' dir='ltr' id='par_1_18' title="bbox 1102 2518 1838 2892">
     <span class='ocr_line' id='line_1_83' title="bbox 1104 2518 1838 2559; baseline 0.001 -11"><span class='ocrx_word' id='word_1_471' title='bbox 1104 2520 1175 2548; x_wconf 81' lang='lat' dir='ltr'>vina</span> <span class='ocrx_word' id='word_1_472' title='bbox 1210 2520 1306 2555; x_wconf 54' lang='lat' dir='ltr'>mila,-</span> <span class='ocrx_word' id='word_1_473' title='bbox 1339 2518 1412 2549; x_wconf 87' lang='lat' dir='ltr'>hinc</span> <span class='ocrx_word' id='word_1_474' title='bbox 1446 2518 1560 2549; x_wconf 86' lang='lat' dir='ltr'>dicitur</span> <span class='ocrx_word' id='word_1_475' title='bbox 1591 2520 1704 2549; x_wconf 72' lang='lat' dir='ltr'>amicus</span> <span class='ocrx_word' id='word_1_476' title='bbox 1725 2518 1838 2559; x_wconf 66' lang='lat' dir='ltr'>fertili</span> 
     </span>
     <span class='ocr_line' id='line_1_84' title="bbox 1106 2559 1834 2594; baseline 0.001 -5"><span class='ocrx_word' id='word_1_477' title='bbox 1106 2559 1232 2594; x_wconf 74' lang='lat' dir='ltr'>Baccho,</span> <span class='ocrx_word' id='word_1_478' title='bbox 1250 2561 1280 2592; x_wconf 88' lang='lat' dir='ltr'>h.</span> <span class='ocrx_word' id='word_1_479' title='bbox 1294 2571 1324 2591; x_wconf 84' lang='lat' dir='ltr'>e.</span> <span class='ocrx_word' id='word_1_480' title='bbox 1341 2560 1446 2591; x_wconf 81' lang='lat' dir='ltr'>favens</span> <span class='ocrx_word' id='word_1_481' title='bbox 1462 2559 1524 2590; x_wconf 84' lang='lat' dir='ltr'>vini</span> <span class='ocrx_word' id='word_1_482' title='bbox 1539 2559 1701 2591; x_wconf 69' lang='lat' dir='ltr'>fertilitati.</span> <span class='ocrx_word' id='word_1_483' title='bbox 1735 2561 1834 2591; x_wconf 81' lang='lat' dir='ltr'>Mini-</span> 
     </span>
     <span class='ocr_line' id='line_1_85' title="bbox 1105 2602 1834 2644; baseline 0.001 -13"><span class='ocrx_word' id='word_1_484' title='bbox 1105 2613 1184 2633; x_wconf 84' lang='lat' dir='ltr'>mum</span> <span class='ocrx_word' id='word_1_485' title='bbox 1211 2603 1351 2632; x_wconf 75' lang='lat' dir='ltr'>Falernis</span> <span class='ocrx_word' id='word_1_486' title='bbox 1373 2602 1491 2632; x_wconf 79' lang='lat' dir='ltr'>Invidet</span> <span class='ocrx_word' id='word_1_487' title='bbox 1514 2602 1598 2632; x_wconf 72' lang='lat' dir='ltr'>uvis:</span> <span class='ocrx_word' id='word_1_488' title='bbox 1625 2611 1695 2632; x_wconf 75' lang='lat' dir='ltr'>uvoe</span> <span class='ocrx_word' id='word_1_489' title='bbox 1723 2611 1834 2644; x_wconf 85' lang='lat' dir='ltr'>nempe</span> 
     </span>
     <span class='ocr_line' id='line_1_86' title="bbox 1105 2641 1832 2684; baseline 0.001 -10"><span class='ocrx_word' id='word_1_490' title='bbox 1105 2654 1184 2684; x_wconf 81' lang='lat' dir='ltr'>quas</span> <span class='ocrx_word' id='word_1_491' title='bbox 1203 2644 1307 2674; x_wconf 84' lang='lat' dir='ltr'>Aulon</span> <span class='ocrx_word' id='word_1_492' title='bbox 1331 2643 1441 2684; x_wconf 85' lang='lat' dir='ltr'>gignit,</span> <span class='ocrx_word' id='word_1_493' title='bbox 1457 2642 1531 2684; x_wconf 84' lang='lat' dir='ltr'>quia</span> <span class='ocrx_word' id='word_1_494' title='bbox 1547 2641 1627 2673; x_wconf 84' lang='lat' dir='ltr'>nihil</span> <span class='ocrx_word' id='word_1_495' title='bbox 1647 2653 1667 2674; x_wconf 83' lang='lat' dir='ltr'>a</span> <span class='ocrx_word' id='word_1_496' title='bbox 1685 2643 1832 2675; x_wconf 79' lang='lat' dir='ltr'>Falerna-</span> 
     </span>
     <span class='ocr_line' id='line_1_87' title="bbox 1104 2683 1833 2721; baseline -0.003 -5"><span class='ocrx_word' id='word_1_497' title='bbox 1104 2696 1170 2716; x_wconf 85' lang='lat' dir='ltr'>rum</span> <span class='ocrx_word' id='word_1_498' title='bbox 1199 2695 1329 2716; x_wconf 84' lang='lat' dir='ltr'>uvarum</span> <span class='ocrx_word' id='word_1_499' title='bbox 1358 2685 1495 2716; x_wconf 84' lang='lat' dir='ltr'>bonitate</span> <span class='ocrx_word' id='word_1_500' title='bbox 1522 2683 1682 2721; x_wconf 82' lang='lat' dir='ltr'>recedunt,</span> <span class='ocrx_word' id='word_1_501' title='bbox 1705 2685 1833 2718; x_wconf 84' lang='lat' dir='ltr'>minime</span> 
     </span>
     <span class='ocr_line' id='line_1_88' title="bbox 1102 2725 1833 2768; baseline 0.003 -11"><span class='ocrx_word' id='word_1_502' title='bbox 1102 2738 1181 2768; x_wconf 89' lang='lat' dir='ltr'>opus</span> <span class='ocrx_word' id='word_1_503' title='bbox 1209 2727 1335 2763; x_wconf 78' lang='lat' dir='ltr'>habent,</span> <span class='ocrx_word' id='word_1_504' title='bbox 1358 2731 1392 2757; x_wconf 87' lang='lat' dir='ltr'>ut</span> <span class='ocrx_word' id='word_1_505' title='bbox 1413 2725 1452 2757; x_wconf 85' lang='lat' dir='ltr'>iis</span> <span class='ocrx_word' id='word_1_506' title='bbox 1477 2725 1647 2757; x_wconf 84' lang='lat' dir='ltr'>invideant.</span> <span class='ocrx_word' id='word_1_507' title='bbox 1689 2726 1833 2759; x_wconf 82' lang='lat' dir='ltr'>Imitatus</span> 
     </span>
     <span class='ocr_line' id='line_1_89' title="bbox 1103 2765 1832 2804; baseline 0 -5"><span class='ocrx_word' id='word_1_508' title='bbox 1103 2769 1269 2800; x_wconf 86' lang='lat' dir='ltr'>Horatium</span> <span class='ocrx_word' id='word_1_509' title='bbox 1291 2775 1340 2800; x_wconf 85' lang='lat' dir='ltr'>est</span> <span class='ocrx_word' id='word_1_510' title='bbox 1363 2768 1480 2799; x_wconf 82' lang='lat' dir='ltr'>Statius</span> <span class='ocrx_word' id='word_1_511' title='bbox 1503 2767 1581 2798; x_wconf 85' lang='lat' dir='ltr'>silv.</span> <span class='ocrx_word' id='word_1_512' title='bbox 1602 2765 1635 2804; x_wconf 83' lang='lat' dir='ltr'>ii,</span> <span class='ocrx_word' id='word_1_513' title='bbox 1656 2768 1689 2804; x_wconf 86' lang='lat'>2,</span> <span class='ocrx_word' id='word_1_514' title='bbox 1712 2769 1744 2804; x_wconf 70' lang='lat'>4,</span> <span class='ocrx_word' id='word_1_515' title='bbox 1763 2769 1832 2803; x_wconf 80' lang='lat' dir='ltr'>Qua</span> 
     </span>
     <span class='ocr_line' id='line_1_90' title="bbox 1103 2810 1832 2850; baseline 0.003 -10"><span class='ocrx_word' id='word_1_516' title='bbox 1103 2811 1222 2842; x_wconf 81' lang='lat' dir='ltr'>Bromio</span> <span class='ocrx_word' id='word_1_517' title='bbox 1247 2812 1372 2841; x_wconf 80' lang='lat' dir='ltr'>dilectus</span> <span class='ocrx_word' id='word_1_518' title='bbox 1399 2820 1485 2850; x_wconf 81' lang='lat' dir='ltr'>ager,</span> <span class='ocrx_word' id='word_1_519' title='bbox 1508 2810 1650 2849; x_wconf 74' lang='lat' dir='ltr'>collesque</span> <span class='ocrx_word' id='word_1_520' title='bbox 1674 2819 1729 2848; x_wconf 78' lang='lat' dir='ltr'>per</span> <span class='ocrx_word' id='word_1_521' title='bbox 1756 2812 1832 2842; x_wconf 73' lang='lat' dir='ltr'>altos</span> 
     </span>
     <span class='ocr_line' id='line_1_91' title="bbox 1105 2851 1820 2892; baseline 0.001 -9"><span class='ocrx_word' id='word_1_522' title='bbox 1105 2854 1226 2888; x_wconf 73' lang='lat' dir='ltr'>Uritur,</span> <span class='ocrx_word' id='word_1_523' title='bbox 1241 2859 1269 2882; x_wconf 83' lang='lat' dir='ltr'>et</span> <span class='ocrx_word' id='word_1_524' title='bbox 1281 2853 1382 2892; x_wconf 80' lang='lat' dir='ltr'>praelr‘s</span> <span class='ocrx_word' id='word_1_525' title='bbox 1395 2862 1454 2882; x_wconf 81' lang='lat' dir='ltr'>non</span> <span class='ocrx_word' id='word_1_526' title='bbox 1470 2852 1583 2881; x_wconf 72' lang='lat' dir='ltr'>invidet</span> <span class='ocrx_word' id='word_1_527' title='bbox 1596 2861 1655 2881; x_wconf 78' lang='lat' dir='ltr'>uva</span> <span class='ocrx_word' id='word_1_528' title='bbox 1671 2851 1820 2884; x_wconf 78' lang='lat' dir='ltr'>Falernis.</span> 
     </span>
    </p>

    <p class='ocr_par' dir='ltr' id='par_1_19' title="bbox 1099 2892 1830 2979">
     <span class='ocr_line' id='line_1_92' title="bbox 1139 2892 1830 2927; baseline -0.004 -2"><span class='ocrx_word' id='word_1_529' title='bbox 1139 2895 1278 2925; x_wconf 82' lang='lat'>21-24.</span> <span class='ocrx_word' id='word_1_530' title='bbox 1300 2894 1399 2924; x_wconf 75' lang='lat' dir='ltr'>Beatae</span> <span class='ocrx_word' id='word_1_531' title='bbox 1420 2903 1514 2927; x_wconf 71' lang='lat' dir='ltr'>arces,</span> <span class='ocrx_word' id='word_1_532' title='bbox 1530 2892 1628 2924; x_wconf 83' lang='lat' dir='ltr'>colles</span> <span class='ocrx_word' id='word_1_533' title='bbox 1645 2897 1708 2923; x_wconf 75' lang='lat' dir='ltr'>tam</span> <span class='ocrx_word' id='word_1_534' title='bbox 1730 2903 1830 2925; x_wconf 84' lang='lat' dir='ltr'>amoe-</span> 
     </span>
     <span class='ocr_line' id='line_1_93' title="bbox 1099 2934 1830 2979; baseline -0.001 -11"><span class='ocrx_word' id='word_1_535' title='bbox 1099 2936 1196 2968; x_wconf 80' lang='lat' dir='ltr'>nitate</span> <span class='ocrx_word' id='word_1_536' title='bbox 1216 2946 1310 2979; x_wconf 80' lang='lat' dir='ltr'>quam</span> <span class='ocrx_word' id='word_1_537' title='bbox 1334 2934 1493 2967; x_wconf 82' lang='lat' dir='ltr'>fertilitate</span> <span class='ocrx_word' id='word_1_538' title='bbox 1516 2944 1574 2968; x_wconf 80' lang='lat' dir='ltr'>sua</span> <span class='ocrx_word' id='word_1_539' title='bbox 1597 2934 1744 2974; x_wconf 48' lang='lat' dir='ltr'>boantem</span> <span class='ocrx_word' id='word_1_540' title='bbox 1765 2946 1830 2974; x_wconf 82' lang='lat' dir='ltr'>pas-</span> 
     </span>
    </p>
   </div>
  </div>
 </body>
</html>
