1904 3314
373 199 458 240 496

861 199 1389 242 EPISTOLARUM

399 298 456 338 25
485 295 749 347 Archilochi,
770 312 855 339 non
875 313 943 339 res
964 305 1007 340 et
1027 299 1198 353 agentia
1218 299 1347 340 verba
1368 298 1627 352 Lycamben.

484 362 567 412 Ac,
588 377 642 404 ne
663 378 728 404 me
749 363 858 405 foliis
878 364 976 405 ideo
995 365 1262 406 brevioribus
1284 378 1424 413 ornes,

486 429 616 476 Quod
637 430 756 470 timui
776 437 938 471 mutare
957 431 1105 472 modos
1126 438 1169 471 et
1190 431 1384 471 carminis
1405 437 1538 471 artem
1555 447 1564 478 ;

485 495 718 550 Temperat
739 496 991 538 Archilochi
1011 497 1184 538 Musam
1204 497 1315 550 pede
1335 495 1522 537 mascula
1543 494 1736 550 Sappho,

484 561 717 616 Temperat
737 562 935 612 Alcaeus3
969 564 1045 604 sed
1066 563 1195 604 rebus
1215 570 1259 604 et
1281 563 1429 604 ordine
1451 563 1612 616 dispar,

399 627 455 667 30
483 627 580 669 Nec
602 643 795 670 socerum
815 629 981 682 quaerit,
1003 643 1129 682 quem
1149 630 1342 669 versibus
1365 628 1526 669 oblinat
1546 628 1665 676 atris,

483 694 581 735 Nec
603 709 772 748 sponsae
791 695 989 748 laqueum
1010 695 1170 736 famoso
1191 695 1373 736 carmine
1393 695 1537 735 nectit.

486 760 614 801 Hunc
635 775 731 814 ego,
752 776 836 802 non
858 761 939 801 alio
961 761 1121 802 dictum
1141 761 1259 814 prius
1281 775 1369 810 ore,
1392 761 1572 801 Latinus

486 825 674 880 Vulgavi
693 826 875 875 fidicen3
902 827 1024 880 juvat
1044 827 1330 867 immemorata
1350 826 1557 866 ferentem

484 890 686 944 Ingenuis
708 890 927 944 oculisque
947 891 1046 944 legi,
1067 892 1348 944 manibusque
1369 892 1518 932 teneri.

399 957 455 997 35
485 956 603 998 Scire
623 956 742 1005 velis,
763 971 857 997 mea
877 971 952 996 cur
972 957 1164 1010 ingratus
1187 956 1393 1009 opuscula
1410 956 1544 997 lector

485 1023 656 1063 Laudet
675 1030 869 1076 ametque
891 1023 1017 1071 domi,
1039 1029 1203 1075 premat
1224 1029 1345 1062 extra
1364 1022 1490 1062 limen
1509 1022 1679 1075 iniquus
1696 1023 1712 1062 Ξ

483 1088 588 1128 Non
608 1103 688 1142 ego
709 1095 895 1129 ventosae
916 1088 1053 1141 plebis
1077 1087 1279 1140 suffragia
1299 1101 1444 1135 venor,

484 1153 693 1207 Impensis
715 1168 944 1202 coenarum,
966 1160 1009 1193 et
1031 1153 1142 1192 tritae
1162 1167 1338 1193 munere
1359 1153 1513 1202 vestis3

483 1218 587 1259 Non
607 1234 701 1272 ego,
724 1219 928 1260 nobilium
949 1218 1205 1271 scriptorum
1225 1218 1395 1258 auditor
1414 1225 1457 1258 et
1477 1217 1602 1268 ultor,

399 1285 456 1325 40
486 1284 796 1326 Grammaticas
817 1286 976 1326 ambire
998 1285 1134 1325 tribus
1157 1292 1200 1325 et
1220 1283 1386 1338 pulpita
1406 1284 1585 1338 dignor:

374 1415 440 1446 Pis.
468 1426 497 1447 v.
533 1417 586 1451 79,
617 1416 829 1446 Archilochum
858 1417 980 1456 proprio
1009 1417 1104 1446 rabies

374 1460 504 1488 armavit
517 1460 624 1488 iambo.

416 1500 469 1529 25.
495 1499 564 1529 Non
582 1510 639 1534 res,
659 1503 851 1539 argumenta,
868 1509 938 1539 quae
963 1498 1106 1529 tractavit

375 1540 595 1571 Archilochus.
638 1541 769 1580 Agentiu
801 1542 888 1570 verba
926 1540 1105 1580 Lycamben,

375 1581 552 1619 maledicta,
578 1593 649 1623 quae
673 1582 850 1622 Lycamben
874 1582 1008 1620 agebant
1031 1581 1107 1623 (im-

375 1622 546 1663 pellebant,
562 1624 759 1663 adigebant),
774 1634 821 1654 sc.
839 1623 878 1653 ad
894 1624 1010 1653 restim.

417 1665 558 1695 26-31,
601 1666 656 1699 Ac,
686 1675 732 1702 ne,
761 1670 833 1695 cett.
878 1666 940 1699 Ac,
969 1675 1007 1695 ne
1037 1664 1107 1694 ideo

374 1706 512 1736 carmina
534 1716 604 1737 mea
627 1706 743 1737 minore
767 1707 857 1736 laude
881 1706 1020 1736 ornanda
1042 1716 1108 1737 esse

375 1747 546 1782 existimes,
561 1749 645 1788 quod
667 1749 707 1778 ab
724 1748 907 1778 Archilochi
927 1748 1061 1778 numeris
1076 1754 1109 1778 et

375 1789 415 1819 ab
437 1796 511 1824 arte,
535 1800 598 1830 qua
624 1789 677 1820 ille
700 1800 803 1821 versus
828 1789 867 1820 ad
895 1795 993 1820 certas
1022 1790 1105 1830 leges

375 1830 559 1872 composuit,
570 1831 710 1862 recedere
721 1831 807 1862 nolui
820 1843 827 1869 3
844 1831 970 1872 Sappho
980 1841 1104 1872 quoque

374 1877 404 1902 et
430 1873 558 1902 Alcaeus
586 1873 743 1913 (Musam)
770 1873 907 1904 carmina
934 1883 990 1903 sua
1016 1875 1104 1914 (pede

374 1915 564 1952 Archilochi)
586 1914 624 1944 ad
645 1914 827 1945 Archilochi
853 1925 995 1945 numeros
1017 1920 1106 1953 (tem-

373 1955 478 1994 perat)
497 1955 694 1986 moderantur
716 1962 748 1987 et
769 1963 970 1997 componunt.
1013 1958 1108 1987 Foliis

376 1996 492 2037 (lauri)
517 1998 707 2032 breuioribus,
733 2009 803 2028 mox
831 1998 1108 2036 flaccescentibu35

375 2038 492 2068 corolla
514 2038 616 2078 igitur,
632 2049 693 2068 non
710 2039 762 2069 diu
781 2040 907 2075 durans,
924 2050 978 2080 pro
996 2041 1108 2080 exiguo

375 2085 475 2121 poetae
491 2081 617 2121 praemio
633 2080 768 2121 ponitur.

418 2122 469 2152 28.
494 2123 644 2156 Mascula,
661 2123 808 2153 masculae
824 2122 943 2152 virtutis
959 2123 1006 2153 vel
1023 2133 1103 2153 mas-

375 2162 440 2193 culi
455 2163 572 2203 ingenii
588 2162 707 2193 mulier.

418 2206 470 2235 29.
494 2205 603 2241 Rebus,
622 2204 821 2244 argumentis.
868 2206 908 2235 Et
927 2207 1042 2240 ordine,
1059 2215 1104 2236 sc.

375 2246 489 2288 pedum
504 2246 635 2277 invicem
651 2256 683 2276 se
703 2246 936 2287 excipientium.
980 2248 1104 2286 Dispar,

375 2288 512 2318 Alcaeus.

417 2331 470 2364 30,
486 2331 538 2359 31.
564 2329 625 2359 Nec
644 2339 785 2365 socerum,
800 2334 875 2360 cett.
894 2339 995 2370 neque
1017 2340 1104 2361 soce-

375 2381 454 2405 rum,
470 2376 505 2401 ut
517 2371 725 2401 Archilochus
744 2371 929 2411 Lycamben,
946 2371 1106 2402 maledicis

376 2413 513 2443 versibus
529 2412 587 2442 sibi
602 2412 868 2453 perstringendum
884 2413 988 2448 sumit,
1005 2424 1105 2454 neque

375 2464 531 2496 sponsam,
552 2460 587 2484 ut
602 2454 809 2484 Archilochus
833 2455 1010 2490 Neobulen,
1030 2465 1103 2486 con-

375 2495 536 2526 tumelioso
560 2496 698 2527 carmine
719 2495 758 2526 ad
779 2496 977 2536 suspendium
998 2497 1104 2538 adigit.

378 2538 521 2568 oblinat.-
545 2538 685 2572 oblinere,
707 2537 873 2572 obducere,
895 2539 1052 2578 eleganter
1074 2545 1105 2570 et

375 2578 607 2610 accommodate
635 2579 674 2610 ad
698 2589 804 2610 versus
835 2579 892 2610 atri
921 2579 1033 2611 coloris
1057 2581 1106 2612 vel

375 2620 471 2661 nigrae
494 2620 633 2660 loliginis
656 2621 777 2662 plenos,
802 2631 856 2661 pro
880 2622 1012 2662 vulgari,
1035 2632 1103 2663 per-

375 2663 535 2703 stringere.
572 2663 725 2702 Laqueum
741 2662 837 2693 alicui
841 2663 961 2704 fumnso
975 2665 1105 2694 carmine

375 2710 502 2741 nectere,
515 2704 744 2743 elegantissima
764 2705 880 2735 locutio
900 2716 955 2747 pro
971 2706 1103 2745 vulgari,

374 2746 510 2777 carmine
532 2745 736 2785 ignominioso
758 2745 920 2776 consilium
944 2747 1037 2778 alicui
1057 2747 1101 2778 vi-

375 2793 438 2818 tam
454 2787 566 2828 laqueo
580 2787 705 2818 finiendi
720 2786 860 2828 injicere.

419 2829 556 2860 32—34.
586 2829 678 2859 Hunc
698 2839 762 2870 ego,
785 2834 859 2860 cett.
904 2830 1038 2859 Sensus:
1063 2831 1103 2861 ad

376 2870 471 2912 hujus
483 2869 585 2901 Alcaei
599 2870 786 2911 exemplum,
799 2871 881 2911 quod
895 2881 984 2901 nemo
999 2871 1101 2903 adhuc

375 2917 500 2943 secutus
510 2918 567 2948 est,
579 2922 638 2953 ego
649 2912 765 2954 primus
779 2913 858 2943 inter
871 2913 998 2943 Latinos
1011 2920 1102 2954 poeta

1088 1640 1091 1643 ·
1150 1623 1208 1653 teri
1225 1629 1317 1664 atque
1332 1625 1372 1654 ab
1384 1624 1422 1654 iis
1439 1624 1511 1664 legi.

1147 1414 1264 1456 lyricus
1285 1415 1400 1447 exstiti.
1443 1416 1539 1449 Juvat
1554 1419 1754 1448 immemorata
1764 1417 1876 1459 seren-

1148 1463 1215 1493 tem,
1227 1457 1318 1498 juvat
1329 1468 1390 1492 me,
1405 1458 1459 1498 qui
1475 1457 1587 1499 protuli
1606 1458 1755 1496 carmina,
1770 1459 1879 1500 qualia

1148 1504 1220 1529 aute
1252 1510 1301 1530 me
1335 1500 1440 1530 nullus
1474 1499 1653 1530 Latinorum
1688 1503 1879 1533 memoravit.

1151 1540 1296 1579 Ingenuis
1313 1543 1461 1580 oculisque
1479 1542 1551 1582 legi,
1566 1543 1756 1582 manibusque
1770 1546 1876 1580 teneri,

1150 1582 1287 1612 carmina
1317 1593 1386 1613 mea
1416 1582 1514 1623 lyrica
1541 1583 1687 1614 manibus
1712 1584 1878 1616 cultiorum

1559 1625 1706 1665 Vulgavi:
1729 1635 1800 1668 sup.
1815 1627 1878 1658 Od-

1151 1665 1192 1699 iv,
1216 1667 1248 1702 9,
1273 1667 1304 1703 3,
1327 1667 1358 1702 4,
1379 1666 1448 1696 Nun
1471 1673 1541 1697 ante
1564 1667 1702 1708 vulgatas
1723 1677 1779 1707 per
1800 1674 1879 1699 artes

1155 1706 1248 1737 Verba
1278 1709 1379 1748 loquor
1403 1709 1543 1739 socianda
1567 1709 1695 1739 chordis.
1739 1709 1876 1746 Fidium,

1151 1754 1242 1789 poeta
1257 1749 1388 1790 lyricus:
1414 1750 1536 1791 plenius
1551 1759 1620 1791 sup.
1637 1750 1701 1782 Od.
1717 1749 1760 1788 iv,
1775 1752 1807 1788 3,
1823 1753 1876 1789 23,

1148 1790 1409 1831 Romanaefidicen
1427 1793 1511 1832 lyroe.

1191 1833 1243 1862 35.
1261 1833 1278 1862 1
1281 1841 1422 1873 rag-ratus.-
1437 1833 1491 1873 qui
1504 1832 1642 1864 carmina
1654 1831 1795 1874 privatim
1807 1833 1876 1864 lau-

1147 1872 1200 1903 dat
1225 1880 1256 1904 et
1284 1874 1322 1904 iis
1348 1875 1530 1910 delectatur,
1554 1880 1586 1905 at
1613 1876 1721 1906 eadem
1749 1875 1877 1916 publice

1150 1915 1298 1947 malevole
1330 1917 1438 1958 carpit,
1467 1916 1495 1947 is
1526 1926 1601 1947 sane
1631 1922 1680 1948 est
1705 1917 1798 1948 lector
1827 1920 1876 1948 in-

1188 1964 1266 1988 alus.

1147 1968 1245 2030 ἔτ36.
1271 1999 1402 2035 Premat,
1419 2009 1466 2030 sc.
1487 1998 1614 2035 invidia.
1631 1999 1680 2031 vel
1697 1998 1877 2040 simpliciter

1151 2050 1217 2080 pro,
1245 2046 1445 2072 contemnat:
1470 2041 1540 2072 Cic.
1570 2042 1663 2072 Tusc-
1691 2042 1811 2079 Quaest.
1834 2041 1876 2078 iv,

1147 2082 1200 2116 28,
1219 2083 1349 2112 humana
1364 2085 1463 2113 omnia
1476 2093 1622 2122 premens.

1189 2125 1242 2154 37.
1271 2124 1410 2159 Ventosoe,
1440 2123 1575 2159 mobilis,
1605 2123 1711 2159 variae.
1741 2130 1777 2155 ut
1805 2134 1874 2166 sup.

1150 2165 1252 2207 Epist.
1268 2165 1289 2202 i,
1306 2167 1337 2202 8,
1356 2167 1406 2197 12.
1443 2166 1614 2207 Suffragia,
1628 2165 1770 2207 gratiam,
1785 2167 1876 2208 plau-

1147 2217 1230 2237 sum.

1190 2249 1242 2282 39.
1269 2249 1321 2278 40.
1360 2247 1430 2279 Non
1447 2259 1511 2289 ego,
1532 2254 1608 2280 cett.
1653 2249 1749 2280 Hunc
1772 2250 1875 2282 locum

1147 2289 1190 2319 ita
1204 2289 1385 2329 interpretor
1399 2300 1405 2318 :
1432 2289 1514 2326 Quia
1527 2300 1585 2330 ego
1599 2290 1679 2321 infra
1692 2290 1876 2331 dignitatem

1149 2341 1248 2361 meam
1273 2330 1403 2371 positum
1425 2341 1493 2363 esse
1513 2331 1668 2368 existimo,
1687 2342 1737 2363 me
1758 2332 1876 2364 immis-

1148 2383 1217 2403 cere
1243 2373 1475 2408 Grammaticis,
1501 2378 1546 2408 et,
1573 2383 1646 2415 quae
1675 2383 1694 2404 a
1720 2373 1876 2406 nobilibus

1147 2414 1348 2456 scriptoribus
1372 2414 1456 2456 apud
1475 2414 1546 2445 illos
1563 2425 1580 2446 e
1597 2414 1726 2457 pulpitis
1743 2415 1877 2447 recitan-

1148 2461 1209 2491 tur,
1231 2455 1349 2492 audire,
1373 2456 1548 2497 factamque
1569 2457 1629 2487 scri
1653 2456 1772 2488 toribus
1793 2457 1876 2500 inju-

1146 2497 1220 2528 riam
1247 2497 1367 2528 ulcisci.
1411 2499 1509 2529 Erant
1531 2504 1595 2529 tum
1658 2507 1737 2529 omre
1759 2499 1875 2540 plures,

1147 2539 1201 2580 qui
1228 2539 1345 2569 altion's
1366 2539 1515 2570 doctrinm
1541 2539 1678 2578 laudem,
1699 2539 1750 2572 vel
1773 2541 1876 2582 potius

1147 2582 1294 2622 speciem,
1314 2591 1376 2622 prae
1401 2591 1434 2612 se
1457 2581 1600 2619 ferentes,
1617 2581 1770 2613 auditoria
1787 2583 1875 2624 quasi
1891 2599 1893 2601 ·

1148 2623 1312 2664 aperirent,
1326 2623 1358 2654 in
1374 2623 1487 2664 quibus
1502 2623 1663 2659 recitatas
1676 2622 1875 2670 scriptoribus

1148 2671 1202 2695 aut
1218 2665 1430 2706 probarentur,
1443 2670 1475 2696 et
1488 2674 1507 2695 a
1518 2664 1808 2706 reprehensionibus
1821 2665 1874 2697 de-

1147 2706 1356 2742 fenderentur,
1371 2711 1425 2737 aut
1439 2706 1682 2747 improbarentur
1696 2711 1728 2737 et
1745 2706 1876 2739 damna-

1146 2755 1263 2779 rentur.
1306 2749 1439 2783 Horum,
1454 2757 1532 2789 quos
1554 2747 1636 2779 salse
1652 2753 1744 2779 vocat
1761 2748 1872 2780 Gram-

1147 2792 1276 2826 maticos,
1294 2788 1504 2831 impudentius
1526 2790 1559 2820 in
1574 2789 1667 2820 rebus
1681 2788 1780 2820 doctis
1798 2799 1873 2822 auc.

1145 2832 1296 2863 toritatem
1316 2831 1452 2873 aliquam
1473 2830 1532 2862 sibi
1555 2830 1776 2872 arrogantium,
1792 2832 1872 2863 soci-

1144 2879 1255 2905 etatem
1269 2879 1302 2905 et
1314 2873 1569 2904 consuetudinem
1583 2882 1656 2904 cum
1673 2872 1794 2913 fugeret
1807 2875 1871 2904 Ho-

1145 2915 1252 2952 ratius,
1269 2915 1376 2955 iniqua
1398 2914 1521 2946 illorum
1542 2914 1581 2946 de
1601 2913 1789 2946 carminibus
1807 2915 1872 2948 suis
