1904 3314
43 3242 63 3259 τε

40 2886 50 2895 .-
23 2520 64 2878 „ammav-
19 2363 65 2502 ἤῃς-’ςττε
36 2330 42 2338 .

690 191 920 236 LIBER
952 191 1012 241 ΙΙ,
1044 193 1086 233 2.

1576 195 1661 236 365

234 300 465 350 Rusticus,
486 297 705 342 abnormis
728 296 914 351 sapienS,
936 308 1170 349 crassaque
1192 292 1427 348 Minerva,)

235 368 422 419 Discite,
446 382 532 410 non
551 367 665 408 inter
684 363 830 406 lances
852 377 1110 416 mensasque
1133 362 1335 412 nitentes,

177 437 205 478 5
236 437 386 485 Quum
408 441 556 490 stupet
577 434 740 476 insanis
762 432 876 474 acies
899 430 1161 487 fulgoribUS‚
1183 438 1228 472 et
1249 445 1384 485 quum

231 503 432 547 Adclinis
454 502 573 544 falsis
595 502 762 543 animus
784 499 962 542 meliora
982 502 1156 541 recusat
1174 517 1183 550 3

231 572 399 615 Verum
418 572 489 614 hic
511 570 719 626 impransi
739 583 908 611 mecum
931 568 1178 623 disquirite.

716 637 838 680 Male
861 652 1011 679 verum
1032 636 1251 678 examinat
1274 637 1410 678 omnis

713 706 933 761 Leporem
957 712 1164 754 sectatus,
1186 718 1355 759 equove

231 640 402 691 Dicam,
426 640 463 681 si
483 646 654 695 potero.

231 709 477 764 Corruptus
493 708 648 763 judex.

1241 567 1332 608 Cur
1353 567 1436 609 hoc
1455 569 1472 609 ?

147 777 201 819 10
230 777 396 820 Lassus
418 778 474 819 ab
495 776 721 824 indomito,
744 773 826 824 vel,
850 775 886 815 si
907 773 1108 815 Romana
1129 772 1284 828 fatigat

233 844 394 887 Militia
414 845 646 886 adsuetum
668 843 868 885 Graecari
889 843 985 895 (seu
1010 841 1099 898 pila
1119 841 1262 892 velox,

230 911 428 955 Molliter
449 921 671 955 austerum
693 912 842 954 studio
866 910 1043 953 fallente
1063 910 1273 960 laborem,

231 981 322 1023 Seu
343 988 385 1024 te
407 981 554 1023 discus
577 981 680 1037 agit,
703 987 806 1036 pete
831 980 1059 1022 cedentem
1081 994 1183 1021 aera
1201 978 1356 1032 disco),

232 1049 382 1099 Quum
400 1049 526 1092 labor
547 1049 794 1092 exstuderit
816 1048 1006 1098 fastidia,
1030 1049 1187 1098 siccus,
1210 1048 1366 1097 inanis,

148 1117 202 1161 15
233 1117 403 1175 Sperne
424 1117 569 1160 esbum
588 1117 737 1168 vilem3
771 1117 856 1159 nisi
877 1116 1103 1172 Hymettia
1124 1115 1250 1158 mella
1273 1114 1461 1157 Falerno

115 1245 256 1278 minibus
271 1251 327 1279 aut
339 1245 500 1278 luxuriose
511 1246 703 1283 viventibus,
718 1252 775 1278 aut
791 1257 867 1278 ava-

114 1287 170 1324 ris,
186 1289 315 1322 uberius
352 1296 423 1320 oeta
444 1291 484 1320 ad
501 1297 661 1332 praecepta
676 1290 785 1321 rustici
809 1301 866 1321 cu-

110 1330 243 1374 jusdam
261 1343 318 1376 pru
344 1331 484 1370 entioris,
503 1332 617 1369 Ofelli,
634 1333 667 1364 in
689 1334 748 1364 hac
773 1333 868 1364 satira

116 1373 221 1408 docet.

161 1419 194 1450 l.
240 1418 316 1453 Quoe
344 1419 455 1454 virtus,
482 1423 557 1449 cett.
588 1429 719 1449 sensus:
747 1423 867 1460 quanta

115 1460 158 1492 sit
170 1467 291 1498 eorum,
307 1460 361 1503 qui
379 1460 489 1503 paucis
510 1461 651 1492 contenti
667 1461 789 1496 vivunt,
806 1461 867 1492 vir-

114 1509 167 1536 tus
191 1510 289 1546 atque
314 1503 462 1540 felicitas,
479 1504 512 1535 id
534 1515 551 1535 a
573 1505 716 1547 sapiente
736 1504 868 1541 rustico,

117 1547 238 1584 Ofello,
252 1546 387 1586 discite3
411 1553 443 1579 et
462 1547 495 1578 in
519 1547 617 1590 hujus
642 1548 685 1579 rei
705 1547 867 1579 veritatem

116 1600 182 1622 non
210 1591 293 1622 inter
322 1589 412 1622 laetas
442 1590 564 1632 epulas,
594 1590 712 1632 quibus
743 1590 868 1622 animus

115 1633 212 1666 facile
233 1633 267 1665 in
288 1633 429 1664 fraudem
453 1633 625 1670 inducitur,
641 1634 695 1665 sed
716 1633 869 1676 impransi

117 1686 242 1709 mecum
272 1676 435 1719 inquirite.
485 1677 600 1712 Virtus,
632 1677 671 1708 de
700 1677 868 1719 sapientia,

116 1730 181 1769 qua
197 1719 271 1763 quis
289 1729 340 1754 ea,
357 1730 431 1762 quge
447 1720 486 1751 ad
502 1719 575 1751 vitae
596 1719 780 1751 felicitatem
800 1731 869 1763 per-

117 1767 231 1802 tinent,
246 1762 400 1805 sequitur.
443 1763 535 1798 Boni,
552 1773 608 1805 pro
624 1762 759 1804 vulgari,
776 1766 870 1795 caris-

117 1807 206 1845 simi5
231 1806 371 1850 appellat
392 1812 485 1848 poeta
507 1806 641 1838 lectores
666 1806 715 1837 vel
741 1806 871 1842 amicos,

119 1859 255 1892 quorum
271 1849 369 1881 animi
385 1849 540 1891 ejusmodi
556 1849 720 1892 praeceptis
738 1855 857 1891 patent.

162 1893 194 1925 2.
237 1893 296 1924 Sed
311 1904 388 1934 quoe,
405 1892 461 1924 sed
477 1893 570 1924 verba
588 1899 663 1923 sunt
676 1903 760 1934 quae.
807 1893 871 1924 Pro

117 1947 183 2012 fiac·
208 1935 280 2011 (ἳὶἰὶ,
310 1946 409 1978 quem,
440 1946 537 1978 quam
568 1935 735 1967 lectionem
766 1941 872 1967 tuetur

154 1989 208 2011 eln
232 2002 241 2012 Ι

163 2023 199 2054 3.
243 2023 402 2054 Abnormis
417 2019 546 2062 sapie'ns,
562 2021 594 2052 h.
608 2031 636 2052 e.
651 2019 871 2062 philosophus,

119 2065 175 2108 qui
199 2065 283 2097 nulli
306 2075 437 2102 normae,
460 2065 491 2096 b.
511 2075 540 2096 e.
562 2064 643 2095 nulli
667 2063 870 2106 philosopho-

119 2119 190 2140 rum
214 2107 395 2157 disciplinae
420 2107 515 2139 unice
539 2107 695 2142 addictus.
713 2107 778 2149 ipse
798 2117 871 2148 quae

119 2162 196 2184 vera
210 2157 286 2184 sunt
301 2150 481 2192 investigat,
493 2149 746 2187 αὐτοδίδακτος.
778 2151 869 2181 Cras-

119 2206 209 2237 saque
234 2195 389 2230 Minerva,
414 2205 477 2225 non
501 2193 722 2236 philosophica
745 2192 872 2224 subtili-

121 2243 198 2276 tate,
213 2238 268 2270 sed
284 2237 402 2270 rustica
423 2237 639 2280 simplicitate,
656 2247 719 2268 non
738 2247 777 2268 ex
798 2236 873 2268 artis

121 2281 298 2326 praecptis,
313 2281 367 2312 sed
382 2281 451 2312 sine.
467 2286 544 2312 arte.

164 2326 200 2357 4.
245 2325 397 2362 Nimius,
427 2323 563 2367 poculis,
588 2323 674 2355 vasis
703 2323 872 2364 argenteis,

120 2372 198 2400 cett.

163 2412 198 2443 5.
232 2410 367 2449 Iri-ranis,
385 2409 546 2442 retulerim
572 2409 613 2440 ad
637 2408 794 2440 insaniam
815 2408 871 2440 ho-

121 2452 244 2486 minnm
265 2453 321 2496 qui
342 2453 500 2496 ejusmodi
522 2453 706 2494 fulgoribuS,
726 2463 872 2483 vasorum

119 2495 242 2530 scilicet
261 2496 510 2540 magnificentia,
529 2495 793 2538 exsplendescere
816 2507 872 2527 cu-

145 2539 225 2572 'nnt.

120 2549 198 2617 μ7.
227 2583 393 2624 Imm-ansi,
407 2593 470 2614 non
493 2582 575 2613 inter
588 2580 773 2622 magnificas
795 2591 874 2622 epu-

121 2624 181 2660 las.
227 2627 292 2658 Cur
315 2628 389 2658 hoc?
416 2636 474 2658 cur
498 2635 562 2657 non
587 2624 670 2655 inter
693 2623 876 2665 magnificas

195 2671 253 2701 asi

164 2713 285 2745 8—18.
309 2712 387 2744 Loci
409 2710 572 2753 sequentis
587 2715 744 2742 structura
759 2715 790 2740 et
805 2720 872 2741 ver-

121 2755 234 2788 horum
266 2756 420 2798 junctura
455 2755 581 2786 videtur
623 2754 726 2796 prima
768 2753 874 2795 specie

101 2834 106 2838 ,
124 2799 220 2843 poulo
233 2799 414 2838 molestior;
435 2798 489 2830 sed
505 2798 531 2829 si
542 2807 666 2829 omnem
683 2802 874 2828 sententiam

123 2848 207 2875 recte
224 2842 370 2886 junxeris
390 2848 423 2874 et
444 2840 656 2884 copulaveris,
675 2841 757 2871 bene
779 2839 807 2871 ei
826 2850 873 2871 re-

123 2885 278 2928 spondere
307 2886 401 2917 verba
436 2883 749 2924 omnia-intelliges.
795 2884 874 2914 Sen-

125 2928 224 2960 tentia
243 2933 292 2960 est
314 2928 378 2960 fere
405 2928 496 2959 haec:
522 2927 676 2962 Causam,
702 2925 728 2956 si
752 2932 872 2968 potero,

125 2969 275 3003 tfl'enm:
299 2970 426 3002 animus
452 2970 586 3005 scilicet,
613 2969 756 3001 ciborum
783 2969 876 3011 copia

123 3019 156 3046 et
177 3013 380 3057 jucunditate
405 3019 529 3056 captus,
553 3012 649 3045 veluti
672 3012 771 3055 judex
799 3022 876 3044 auro

911 1251 1092 1288 corruptuS,
1123 1246 1206 1278 male
1240 1247 1404 1278 veritatem
1440 1252 1664 1295 perscrutatur.

913 1291 966 1331 (Is
989 1295 1125 1326 tantum,
1149 1291 1205 1331 qui
1230 1288 1296 1320 sitit
1316 1295 1348 1321 et
1371 1297 1480 1326 esunt,
1503 1301 1566 1322 non
1591 1301 1668 1321 con-

913 1333 1027 1364 temnit
1056 1333 1204 1374 vulgares
1238 1332 1358 1372 cibos.)
1418 1333 1540 1370 Quodsi
1572 1333 1670 1375 igitur

912 1381 967 1405 aut
985 1375 1131 1406 venando
1155 1380 1211 1406 aut
1234 1375 1420 1417 equitando,
1438 1376 1498 1411 vel,
1521 1376 1546 1407 si
1567 1377 1670 1417 magis

912 1417 970 1449 tibi
994 1418 1122 1460 placent
1146 1418 1283 1460 pueriles
1305 1418 1491 1450 Graecorum
1514 1419 1669 1450 exercita-

913 1461 1026 1498 tiones,
1054 1467 1111 1492 aut
1142 1461 1239 1503 pilam
1272 1467 1329 1492 aut
1357 1461 1480 1492 discum
1505 1461 1668 1503 jaciendo.

912 1504 1039 1535 fastidia
1054 1505 1226 1547 expuleriS,
1244 1511 1312 1536 tum
1336 1504 1446 1535 sitiens
1462 1504 1670 1547 esuriensque

914 1558 978 1579 non
1001 1558 1130 1590 spernes
1156 1546 1250 1579 vilem
1274 1547 1407 1586 cibum;
1431 1558 1493 1579 nou
1515 1549 1668 1584 mulsum,

913 1601 977 1621 non
1002 1591 1107 1633 pisces
1135 1598 1277 1633 appeteS‚
1303 1590 1358 1622 sed
1383 1592 1476 1633 panis
1501 1602 1574 1622 cum
1602 1592 1670 1624 sale

916 1634 998 1665 bene
1014 1634 1070 1665 tibi
1087 1634 1201 1677 sapiet.

958 1679 990 1708 9.
1015 1677 1160 1718 Leporem
1174 1683 1319 1711 sectatus,
1335 1687 1462 1717 equove:
1487 1677 1624 1708 venandi
1640 1682 1674 1708 et

914 1730 931 1751 e
955 1730 1067 1751 uorum
1097 1719 1326 1750 domandorum
1362 1719 1502 1750 studium
1536 1720 1673 1762 pertinet

916 1773 934 1794 a
974 1762 1119 1793 militiam
1144 1763 1337 1798 Romanam,
1355 1761 1422 1794 sive
1439 1764 1478 1794 ad
1502 1773 1541 1793 ea
1563 1763 1671 1794 studia

915 1812 946 1837 et
969 1805 1220 1841 exercitationes,
1248 1805 1363 1846 quibus
1394 1815 1524 1848 corpora
1553 1806 1594 1837 ad
1621 1807 1669 1837 la-

917 1849 1010 1881 bores
1034 1849 1066 1879 in
1090 1849 1175 1880 bello
1201 1847 1346 1880 ferendos
1371 1849 1670 1886 corroborarentur3

914 1892 989 1923 hinc
1022 1892 1174 1923 Horatius
1201 1902 1273 1934 sup.
1304 1891 1368 1922 Od.
1394 1891 1440 1926 iii,
1468 1894 1522 1926 24.
1547 1895 1601 1928 54,
1630 1893 1670 1924 de

916 1934 1072 1966 Romanis
1088 1945 1106 1965 a
1122 1934 1226 1977 prisca
1243 1944 1356 1976 pueros
1374 1934 1533 1966 educandi
1549 1937 1670 1968 ratione

914 1978 1125 2019 degeneratis,
1145 1977 1249 2008 Nescit
1272 1988 1344 2018 equo
1362 1980 1451 2009 rudis
1473 1978 1596 2009 Hoerere
1620 1982 1670 2011 in-

913 2032 1034 2063 genuus
1070 2032 1160 2062 puer,
1202 2022 1369 2061 Venerique
1407 2023 1503 2052 timec.
1564 2022 1671 2053 Locus

916 2064 1071 2096 classicus
1108 2065 1149 2095 de
1178 2063 1355 2095 venationis
1389 2064 1475 2106 apud
1510 2065 1672 2097 Romanos

917 2107 1010 2139 laude
1032 2114 1131 2150 atque
1155 2106 1271 2138 bonore
1294 2115 1342 2138 est
1363 2106 1423 2138 inf.
1448 2107 1551 2150 Epist.
1574 2108 1596 2146 i,
1617 2110 1668 2147 18,

915 2152 969 2187 49,
994 2152 1139 2182 Romanis
1161 2151 1288 2181 solemne
1313 2152 1387 2181 viris
1409 2162 1493 2190 opus,
1516 2153 1595 2182 utile
1607 2154 1668 2194 sa-

915 2205 980 2230 mae,
1001 2194 1134 2235 Vitaeque
1150 2200 1179 2224 et
1195 2195 1343 2230 membris,
1360 2199 1437 2225 cett.

962 2239 1013 2274 10,
1036 2239 1085 2268 ll.
1109 2238 1142 2267 Si
1160 2237 1444 2279 Romanajntigot,
1461 2243 1537 2268 cett.
1555 2237 1580 2268 si
1599 2238 1668 2271 haec

916 2279 1061 2311 militaris
1078 2280 1297 2312 Romanmum
1311 2281 1392 2311 vires
1407 2280 1575 2311 exercendi
1593 2282 1672 2314 ratio

916 2323 1049 2354 molesta
1070 2330 1119 2354 est
1137 2323 1207 2359 tibi,
1226 2323 1357 2354 ludicris
1375 2324 1563 2355 Graecorum
1581 2335 1671 2356 exer-

916 2366 1120 2398 citationibus
1155 2373 1300 2406 assueto;
1340 2366 1480 2398 Groecari
1517 2367 1670 2409 (ἑλληνί-

917 2409 1020 2451 ζειν),
1038 2410 1225 2442 Graecorum
1243 2420 1327 2441 more
1348 2410 1422 2452 pitae
1437 2416 1469 2441 et
1484 2409 1563 2442 disci
1576 2411 1669 2453 jactu

916 2453 1076 2485 exerceri:
1101 2454 1141 2484 de
1163 2454 1245 2484 disco
1259 2453 1325 2483 vid.
1349 2464 1421 2496 sup.
1445 2453 1486 2484 ad
1508 2454 1573 2485 Od.
1597 2455 1617 2491 i,
1635 2457 1668 2493 8,

918 2497 969 2527 ll.
1020 2497 1072 2528 Vct
1102 2497 1364 2539 (si—Groecari),
1397 2507 1450 2527 seu
1479 2498 1559 2537 pila,
1595 2504 1670 2530 cett.

913 2538 1014 2581 junge
1037 2545 1069 2571 et
1089 2539 1228 2582 explica,
1246 2539 1295 2570 vel
1313 2539 1359 2582 (si
1379 2539 1480 2571 mavis
1497 2540 1670 2581 Graecari),

917 2583 983 2614 sive
1014 2583 1088 2625 pilae
1118 2583 1209 2614 lusus
1239 2582 1297 2613 tibi
1327 2583 1429 2623 magis
1459 2583 1576 2625 placet,
1607 2585 1672 2627 pila

919 2625 1006 2668 lude,
1017 2625 1082 2656 sive
1097 2625 1197 2666 magis
1215 2631 1245 2656 te
1259 2625 1401 2658 delectat
1413 2626 1534 2662 discus,
1545 2627 1671 2659 discum

915 2668 1001 2710 jace,
1017 2675 1097 2704 turn,
1113 2679 1184 2700 cum
1210 2668 1261 2699 hic
1276 2669 1366 2700 labor
1382 2669 1543 2700 fastidium
1567 2682 1584 2701 e
1605 2678 1669 2702 sto-

918 2712 1032 2743 macho
1051 2711 1218 2754 expulerit,
1232 2711 1342 2743 sitiens
1359 2712 1563 2754 esuriensque
1585 2725 1670 2756 sper-

919 2765 970 2792 ne,
985 2755 1011 2786 si
1027 2762 1126 2798 potes,
1143 2755 1237 2787 vilem
1264 2755 1382 2792 cibum,
1400 2755 1431 2786 h.
1455 2765 1484 2787 e.
1501 2766 1563 2787 non
1586 2767 1671 2799 sper-

918 2808 985 2834 nes,
1006 2809 1070 2830 non
1093 2798 1201 2830 bibere
1225 2798 1335 2841 cupies
1357 2799 1521 2837 mulsum3
1545 2805 1624 2835 tum,
1643 2801 1669 2830 si

917 2853 1057 2884 promus,
1083 2842 1138 2884 qui
1163 2841 1270 2873 cibum
1302 2841 1359 2872 tibi
1389 2842 1580 2884 suppeditet,
1607 2854 1669 2874 non

918 2885 1004 2916 domi
1031 2891 1090 2921 est,
1116 2885 1142 2915 si
1171 2885 1309 2927 piscium
1335 2891 1499 2926 capturam
1532 2885 1563 2914 in
1591 2886 1669 2916 mari

918 2934 1088 2970 tempestas
1108 2927 1252 2970 impedit,
1269 2927 1360 2970 panis
1381 2938 1452 2959 cum
1471 2927 1537 2958 sale
1554 2927 1668 2959 famem

919 2970 1027 3003 leniet.

967 3016 1017 3046 12.
1047 3015 1187 3046 Molliter
1201 3020 1370 3049 austerum,
1387 3018 1461 3045 cett.
1478 3022 1586 3044 versus
1605 3013 1670 3045 ele-
