<?xml version="1.0" encoding="UTF-8"?>
<!DOCTYPE html PUBLIC "-//W3C//DTD XHTML 1.0 Transitional//EN"
    "http://www.w3.org/TR/xhtml1/DTD/xhtml1-transitional.dtd">
<html xmlns="http://www.w3.org/1999/xhtml" xml:lang="en" lang="en">
 <head>
  <title>
</title>
<meta http-equiv="Content-Type" content="text/html;charset=utf-8" />
  <meta name='ocr-system' content='tesseract 3.04.00' />
  <meta name='ocr-capabilities' content='ocr_page ocr_carea ocr_par ocr_line ocrx_word'/>
</head>
<body>
  <div class='ocr_page' id='page_1' title='image "./operahorac00horauoft_0177.png"; bbox 0 0 1884 3288; ppageno 0'>
   <div class='ocr_carea' id='block_1_1' title="bbox 261 478 318 520">
    <p class='ocr_par' dir='ltr' id='par_1_1' title="bbox 261 478 318 520">
     <span class='ocr_line' id='line_1_1' title="bbox 261 478 318 520; baseline -0.018 0"><span class='ocrx_word' id='word_1_1' title='bbox 261 478 318 520; x_wconf 82' lang='lat'><strong>75</strong></span> 
     </span>
    </p>
   </div>
   <div class='ocr_carea' id='block_1_2' title="bbox 263 819 320 860">
    <p class='ocr_par' dir='ltr' id='par_1_2' title="bbox 263 819 320 860">
     <span class='ocr_line' id='line_1_2' title="bbox 263 819 320 860; baseline 0 0"><span class='ocrx_word' id='word_1_2' title='bbox 263 819 320 860; x_wconf 91' lang='lat'><strong>80</strong></span> 
     </span>
    </p>
   </div>
   <div class='ocr_carea' id='block_1_3' title="bbox 627 231 1042 282">
    <p class='ocr_par' dir='ltr' id='par_1_3' title="bbox 627 231 1042 282">
     <span class='ocr_line' id='line_1_3' title="bbox 627 231 1042 282; baseline -0.01 -6"><span class='ocrx_word' id='word_1_3' title='bbox 627 231 853 276; x_wconf 89' lang='lat' dir='ltr'><strong>LIBER</strong></span> <span class='ocrx_word' id='word_1_4' title='bbox 884 231 968 282; x_wconf 81' lang='grc' dir='ltr'><strong>ΙΙΙ,</strong></span> <span class='ocrx_word' id='word_1_5' title='bbox 1000 232 1042 273; x_wconf 87' lang='lat'><strong>5.</strong></span> 
     </span>
    </p>
   </div>
   <div class='ocr_carea' id='block_1_4' title="bbox 347 333 1200 859">
    <p class='ocr_par' dir='ltr' id='par_1_4' title="bbox 347 333 1200 859">
     <span class='ocr_line' id='line_1_4' title="bbox 348 333 1168 397; baseline -0.013 -13"><span class='ocrx_word' id='word_1_6' title='bbox 348 342 515 397; x_wconf 87' lang='lat' dir='ltr'><strong>Injecta</strong></span> <span class='ocrx_word' id='word_1_7' title='bbox 533 337 738 380; x_wconf 84' lang='lat' dir='ltr'><strong>monstris</strong></span> <span class='ocrx_word' id='word_1_8' title='bbox 756 335 901 377; x_wconf 82' lang='lat' dir='ltr'><strong>Terra</strong></span> <span class='ocrx_word' id='word_1_9' title='bbox 921 333 1041 375; x_wconf 88' lang='lat' dir='ltr'><strong>dolet</strong></span> <span class='ocrx_word' id='word_1_10' title='bbox 1062 333 1168 383; x_wconf 90' lang='lat' dir='ltr'><strong>suis,</strong></span> 
     </span>
     <span class='ocr_line' id='line_1_5' title="bbox 349 401 1188 462; baseline -0.013 -10"><span class='ocrx_word' id='word_1_11' title='bbox 349 408 601 462; x_wconf 87' lang='lat' dir='ltr'><strong>Moeretque</strong></span> <span class='ocrx_word' id='word_1_12' title='bbox 621 411 775 462; x_wconf 86' lang='lat' dir='ltr'><strong>partus</strong></span> <span class='ocrx_word' id='word_1_13' title='bbox 797 402 976 445; x_wconf 87' lang='lat' dir='ltr'><strong>fulmine</strong></span> <span class='ocrx_word' id='word_1_14' title='bbox 995 401 1188 443; x_wconf 90' lang='lat' dir='ltr'><strong>luridum</strong></span> 
     </span>
     <span class='ocr_line' id='line_1_6' title="bbox 404 469 1170 525; baseline -0.009 -8"><span class='ocrx_word' id='word_1_15' title='bbox 404 475 568 518; x_wconf 89' lang='lat' dir='ltr'><strong>Missos</strong></span> <span class='ocrx_word' id='word_1_16' title='bbox 590 474 648 516; x_wconf 84' lang='lat' dir='ltr'><strong>ad</strong></span> <span class='ocrx_word' id='word_1_17' title='bbox 669 473 863 515; x_wconf 89' lang='lat' dir='ltr'><strong>Orcum:</strong></span> <span class='ocrx_word' id='word_1_18' title='bbox 895 485 975 512; x_wconf 90' lang='lat' dir='ltr'><strong>nec</strong></span> <span class='ocrx_word' id='word_1_19' title='bbox 996 469 1170 525; x_wconf 83' lang='lat' dir='ltr'><strong>peredit</strong></span> 
     </span>
     <span class='ocr_line' id='line_1_7' title="bbox 462 537 1200 598; baseline -0.009 -13"><span class='ocrx_word' id='word_1_20' title='bbox 462 543 715 598; x_wconf 89' lang='lat' dir='ltr'><strong>Impositam</strong></span> <span class='ocrx_word' id='word_1_21' title='bbox 735 539 852 583; x_wconf 88' lang='lat' dir='ltr'><strong>celer</strong></span> <span class='ocrx_word' id='word_1_22' title='bbox 871 538 984 594; x_wconf 86' lang='lat' dir='ltr'><strong>ignis</strong></span> <span class='ocrx_word' id='word_1_23' title='bbox 1006 537 1200 589; x_wconf 88' lang='lat' dir='ltr'><strong>AEtnen;</strong></span> 
     </span>
     <span class='ocr_line' id='line_1_8' title="bbox 347 607 1047 662; baseline -0.01 -8"><span class='ocrx_word' id='word_1_24' title='bbox 347 611 660 654; x_wconf 88' lang='lat' dir='ltr'><strong>Incontinentis</strong></span> <span class='ocrx_word' id='word_1_25' title='bbox 681 623 761 651; x_wconf 90' lang='lat' dir='ltr'><strong>nec</strong></span> <span class='ocrx_word' id='word_1_26' title='bbox 781 607 903 662; x_wconf 87' lang='lat' dir='ltr'><strong>Tityi</strong></span> <span class='ocrx_word' id='word_1_27' title='bbox 918 607 1047 662; x_wconf 83' lang='lat' dir='ltr'><strong>jecur</strong></span> 
     </span>
     <span class='ocr_line' id='line_1_9' title="bbox 349 674 1131 735; baseline -0.01 -12"><span class='ocrx_word' id='word_1_28' title='bbox 349 680 580 735; x_wconf 88' lang='lat' dir='ltr'>Relinquit</span> <span class='ocrx_word' id='word_1_29' title='bbox 599 679 703 728; x_wconf 88' lang='lat' dir='ltr'><strong>ales,</strong></span> <span class='ocrx_word' id='word_1_30' title='bbox 725 676 933 731; x_wconf 84' lang='lat' dir='ltr'><strong>nequitiae</strong></span> <span class='ocrx_word' id='word_1_31' title='bbox 954 674 1131 717; x_wconf 87' lang='lat' dir='ltr'><strong>additus</strong></span> 
     </span>
     <span class='ocr_line' id='line_1_10' title="bbox 407 749 1096 791; baseline -0.01 0"><span class='ocrx_word' id='word_1_32' title='bbox 407 749 571 791; x_wconf 87' lang='lat' dir='ltr'>Custos</span> <span class='ocrx_word' id='word_1_33' title='bbox 589 764 598 789; x_wconf 91' lang='lat'>:</span> <span class='ocrx_word' id='word_1_34' title='bbox 631 754 868 788; x_wconf 83' lang='lat' dir='ltr'><strong>amatorem</strong></span> <span class='ocrx_word' id='word_1_35' title='bbox 888 751 1096 786; x_wconf 86' lang='lat' dir='ltr'><strong>trecentae</strong></span> 
     </span>
     <span class='ocr_line' id='line_1_11' title="bbox 465 813 1140 859; baseline -0.009 0"><span class='ocrx_word' id='word_1_36' title='bbox 465 816 712 859; x_wconf 88' lang='lat' dir='ltr'><strong>Pirithoum</strong></span> <span class='ocrx_word' id='word_1_37' title='bbox 732 813 939 858; x_wconf 83' lang='lat' dir='ltr'>cohibent</span> <span class='ocrx_word' id='word_1_38' title='bbox 959 819 1140 855; x_wconf 86' lang='lat' dir='ltr'><strong>catenae.</strong></span> 
     </span>
    </p>
   </div>
   <div class='ocr_carea' id='block_1_5' title="bbox 650 1020 1018 1064">
    <p class='ocr_par' dir='ltr' id='par_1_5' title="bbox 650 1020 1018 1064">
     <span class='ocr_line' id='line_1_12' title="bbox 650 1020 1018 1064; baseline -0.003 0"><span class='ocrx_word' id='word_1_39' title='bbox 650 1021 926 1064; x_wconf 86' lang='lat' dir='ltr'><strong>CARMEN</strong></span> <span class='ocrx_word' id='word_1_40' title='bbox 959 1020 1018 1063; x_wconf 88' lang='lat' dir='ltr'><strong>V.</strong></span> 
     </span>
    </p>
   </div>
   <div class='ocr_carea' id='block_1_6' title="bbox 351 1155 1199 1202">
    <p class='ocr_par' dir='ltr' id='par_1_6' title="bbox 351 1155 1199 1202">
     <span class='ocr_line' id='line_1_13' title="bbox 351 1155 1199 1202; baseline -0.006 0"><span class='ocrx_word' id='word_1_41' title='bbox 351 1159 491 1202; x_wconf 77' lang='lat' dir='ltr'><strong>COELo</strong></span> <span class='ocrx_word' id='word_1_42' title='bbox 512 1165 734 1201; x_wconf 89' lang='lat' dir='ltr'><strong>tonantem</strong></span> <span class='ocrx_word' id='word_1_43' title='bbox 756 1157 1022 1200; x_wconf 86' lang='lat' dir='ltr'><strong>credidimus</strong></span> <span class='ocrx_word' id='word_1_44' title='bbox 1043 1155 1199 1198; x_wconf 85' lang='lat' dir='ltr'><strong>Jovem</strong></span> 
     </span>
    </p>
   </div>
   <div class='ocr_carea' id='block_1_7' title="bbox 1526 228 1606 270">
    <p class='ocr_par' dir='ltr' id='par_1_7' title="bbox 1526 228 1606 270">
     <span class='ocr_line' id='line_1_14' title="bbox 1526 228 1606 270; baseline 0 0"><span class='ocrx_word' id='word_1_45' title='bbox 1526 228 1606 270; x_wconf 88' lang='lat'><strong>137</strong></span> 
     </span>
    </p>
   </div>
   <div class='ocr_carea' id='block_1_8' title="bbox 352 1224 1223 1284">
    <p class='ocr_par' dir='ltr' id='par_1_8' title="bbox 352 1224 1223 1284">
     <span class='ocr_line' id='line_1_15' title="bbox 352 1224 1223 1284; baseline -0.006 -13"><span class='ocrx_word' id='word_1_46' title='bbox 352 1227 588 1284; x_wconf 84' lang='lat' dir='ltr'><strong>Regnare:</strong></span> <span class='ocrx_word' id='word_1_47' title='bbox 622 1241 814 1283; x_wconf 89' lang='lat' dir='ltr'><strong>praesens</strong></span> <span class='ocrx_word' id='word_1_48' title='bbox 838 1226 964 1268; x_wconf 85' lang='lat' dir='ltr'><strong>divus</strong></span> <span class='ocrx_word' id='word_1_49' title='bbox 984 1224 1223 1267; x_wconf 86' lang='lat' dir='ltr'><strong>habebitur</strong></span> 
     </span>
    </p>
   </div>
   <div class='ocr_carea' id='block_1_9' title="bbox 0 1370 830 3103">
    <p class='ocr_par' dir='ltr' id='par_1_9' title="bbox 63 1370 814 1416">
     <span class='ocr_line' id='line_1_16' title="bbox 63 1370 814 1416; baseline -0.004 -12"><span class='ocrx_word' id='word_1_50' title='bbox 63 1382 179 1416; x_wconf 69' lang='lat' dir='ltr'><strong>ponas</strong></span> <span class='ocrx_word' id='word_1_51' title='bbox 189 1371 358 1408; x_wconf 84' lang='lat' dir='ltr'><strong>dederunt.</strong></span> <span class='ocrx_word' id='word_1_52' title='bbox 373 1377 409 1404; x_wconf 88' lang='lat' dir='ltr'><strong>ut</strong></span> <span class='ocrx_word' id='word_1_53' title='bbox 424 1371 547 1414; x_wconf 80' lang='lat' dir='ltr'><strong>Gyges,</strong></span> <span class='ocrx_word' id='word_1_54' title='bbox 561 1370 674 1408; x_wconf 91' lang='lat' dir='ltr'><strong>Orion,</strong></span> <span class='ocrx_word' id='word_1_55' title='bbox 687 1371 814 1413; x_wconf 85' lang='lat' dir='ltr'><strong>Tityus,</strong></span> 
     </span>
    </p>

    <p class='ocr_par' dir='ltr' id='par_1_10' title="bbox 60 1415 817 1624">
     <span class='ocr_line' id='line_1_17' title="bbox 61 1415 814 1456; baseline -0.005 -8"><span class='ocrx_word' id='word_1_56' title='bbox 61 1421 100 1448; x_wconf 73' lang='lat' dir='ltr'><strong>et</strong></span> <span class='ocrx_word' id='word_1_57' title='bbox 123 1415 300 1448; x_wconf 75' lang='lat' dir='ltr'><strong>Pirithous.</strong></span> <span class='ocrx_word' id='word_1_58' title='bbox 345 1415 487 1447; x_wconf 68' lang='lat' dir='ltr'><strong>Maurum</strong></span> <span class='ocrx_word' id='word_1_59' title='bbox 511 1416 735 1446; x_wconf 77' lang='lat' dir='ltr'><strong>sententiarum</strong></span> <span class='ocrx_word' id='word_1_60' title='bbox 758 1424 814 1456; x_wconf 91' lang='lat' dir='ltr'><strong>pro</strong></span> 
     </span>
     <span class='ocr_line' id='line_1_18' title="bbox 60 1457 814 1501; baseline -0.005 -10"><span class='ocrx_word' id='word_1_61' title='bbox 60 1458 200 1501; x_wconf 71' lang='lat' dir='ltr'><strong>vulgari,</strong></span> <span class='ocrx_word' id='word_1_62' title='bbox 210 1469 319 1491; x_wconf 87' lang='lat' dir='ltr'><strong>eorum</strong></span> <span class='ocrx_word' id='word_1_63' title='bbox 331 1469 404 1501; x_wconf 84' lang='lat' dir='ltr'><strong>quae</strong></span> <span class='ocrx_word' id='word_1_64' title='bbox 417 1458 484 1490; x_wconf 82' lang='lat' dir='ltr'><strong>dixi</strong></span> <span class='ocrx_word' id='word_1_65' title='bbox 497 1465 529 1489; x_wconf 91' lang='lat' dir='ltr'><strong>et</strong></span> <span class='ocrx_word' id='word_1_66' title='bbox 541 1457 664 1489; x_wconf 87' lang='lat' dir='ltr'><strong>monui.</strong></span> <span class='ocrx_word' id='word_1_67' title='bbox 698 1459 814 1498; x_wconf 79' lang='lat' dir='ltr'><strong>Gyges,</strong></span> 
     </span>
     <span class='ocr_line' id='line_1_19' title="bbox 63 1500 814 1543; baseline -0.004 -9"><span class='ocrx_word' id='word_1_68' title='bbox 63 1502 278 1542; x_wconf 62' lang='lat' dir='ltr'><strong>centimanus,</strong></span> <span class='ocrx_word' id='word_1_69' title='bbox 293 1502 380 1534; x_wconf 89' lang='lat' dir='ltr'><strong>Coeli</strong></span> <span class='ocrx_word' id='word_1_70' title='bbox 393 1507 427 1534; x_wconf 83' lang='lat' dir='ltr'><strong>et</strong></span> <span class='ocrx_word' id='word_1_71' title='bbox 439 1502 544 1533; x_wconf 84' lang='lat' dir='ltr'><strong>Terrae</strong></span> <span class='ocrx_word' id='word_1_72' title='bbox 558 1500 654 1537; x_wconf 83' lang='lat' dir='ltr'><strong>filius,</strong></span> <span class='ocrx_word' id='word_1_73' title='bbox 671 1501 726 1543; x_wconf 91' lang='lat' dir='ltr'><strong>qui</strong></span> <span class='ocrx_word' id='word_1_74' title='bbox 741 1511 814 1531; x_wconf 91' lang='lat' dir='ltr'><strong>cum</strong></span> 
     </span>
     <span class='ocr_line' id='line_1_20' title="bbox 63 1543 816 1586; baseline -0.004 -9"><span class='ocrx_word' id='word_1_75' title='bbox 63 1543 216 1577; x_wconf 68' lang='lat' dir='ltr'><strong>fratribus</strong></span> <span class='ocrx_word' id='word_1_76' title='bbox 237 1545 306 1577; x_wconf 84' lang='lat' dir='ltr'><strong>suis</strong></span> <span class='ocrx_word' id='word_1_77' title='bbox 325 1545 413 1577; x_wconf 82' lang='lat' dir='ltr'><strong>Cotto</strong></span> <span class='ocrx_word' id='word_1_78' title='bbox 435 1550 467 1576; x_wconf 91' lang='lat' dir='ltr'><strong>et</strong></span> <span class='ocrx_word' id='word_1_79' title='bbox 484 1544 616 1575; x_wconf 80' lang='lat' dir='ltr'><strong>Briareo</strong></span> <span class='ocrx_word' id='word_1_80' title='bbox 635 1554 655 1575; x_wconf 92' lang='lat' dir='ltr'><strong>a</strong></span> <span class='ocrx_word' id='word_1_81' title='bbox 675 1551 762 1586; x_wconf 89' lang='lat' dir='ltr'><strong>patre</strong></span> <span class='ocrx_word' id='word_1_82' title='bbox 782 1544 816 1575; x_wconf 88' lang='lat' dir='ltr'><strong>in</strong></span> 
     </span>
     <span class='ocr_line' id='line_1_21' title="bbox 64 1587 817 1624; baseline -0.003 -4"><span class='ocrx_word' id='word_1_83' title='bbox 64 1587 196 1621; x_wconf 70' lang='lat' dir='ltr'><strong>Tmen</strong></span> <span class='ocrx_word' id='word_1_84' title='bbox 210 1587 368 1624; x_wconf 80' lang='lat' dir='ltr'><strong>detrusus,</strong></span> <span class='ocrx_word' id='word_1_85' title='bbox 379 1595 413 1620; x_wconf 92' lang='lat' dir='ltr'><strong>et</strong></span> <span class='ocrx_word' id='word_1_86' title='bbox 426 1587 500 1619; x_wconf 89' lang='lat' dir='ltr'><strong>inde</strong></span> <span class='ocrx_word' id='word_1_87' title='bbox 515 1588 557 1618; x_wconf 84' lang='lat' dir='ltr'><strong>ab</strong></span> <span class='ocrx_word' id='word_1_88' title='bbox 570 1588 654 1619; x_wconf 88' lang='lat' dir='ltr'><strong>Jove</strong></span> <span class='ocrx_word' id='word_1_89' title='bbox 666 1588 817 1619; x_wconf 88' lang='lat' dir='ltr'><strong>reductus</strong></span> 
     </span>
    </p>

    <p class='ocr_par' dir='ltr' id='par_1_11' title="bbox 47 1629 821 2105">
     <span class='ocr_line' id='line_1_22' title="bbox 63 1629 816 1675; baseline -0.003 -12"><span class='ocrx_word' id='word_1_90' title='bbox 63 1629 97 1664; x_wconf 74' lang='lat' dir='ltr'><strong>ei</strong></span> <span class='ocrx_word' id='word_1_91' title='bbox 121 1631 155 1663; x_wconf 86' lang='lat' dir='ltr'><strong>in</strong></span> <span class='ocrx_word' id='word_1_92' title='bbox 178 1630 403 1675; x_wconf 78' lang='lat' dir='ltr'><strong>perdomandis</strong></span> <span class='ocrx_word' id='word_1_93' title='bbox 424 1630 594 1662; x_wconf 81' lang='lat' dir='ltr'><strong>Titanibus</strong></span> <span class='ocrx_word' id='word_1_94' title='bbox 617 1630 738 1662; x_wconf 88' lang='lat' dir='ltr'><strong>auxilio</strong></span> <span class='ocrx_word' id='word_1_95' title='bbox 760 1630 816 1661; x_wconf 89' lang='lat' dir='ltr'><strong>ad-</strong></span> 
     </span>
     <span class='ocr_line' id='line_1_23' title="bbox 65 1673 818 1718; baseline -0.004 -11"><span class='ocrx_word' id='word_1_96' title='bbox 65 1673 166 1707; x_wconf 68' lang='lat' dir='ltr'><strong>fuisse</strong></span> <span class='ocrx_word' id='word_1_97' title='bbox 200 1674 384 1718; x_wconf 79' lang='lat' dir='ltr'><strong>perhibetur</strong></span> <span class='ocrx_word' id='word_1_98' title='bbox 416 1674 499 1716; x_wconf 89' lang='lat' dir='ltr'><strong>(vid.</strong></span> <span class='ocrx_word' id='word_1_99' title='bbox 534 1673 665 1705; x_wconf 86' lang='lat' dir='ltr'><strong>Hesiod.</strong></span> <span class='ocrx_word' id='word_1_100' title='bbox 696 1674 722 1704; x_wconf 86' lang='lat' dir='ltr'>T</span> <span class='ocrx_word' id='word_1_101' title='bbox 726 1673 818 1714; x_wconf 89' lang='lat' dir='ltr'><strong>heog.</strong></span> 
     </span>
     <span class='ocr_line' id='line_1_24' title="bbox 67 1716 816 1761; baseline -0.003 -11"><span class='ocrx_word' id='word_1_102' title='bbox 67 1717 132 1750; x_wconf 82' lang='lat'><strong>617</strong></span> <span class='ocrx_word' id='word_1_103' title='bbox 157 1718 263 1761; x_wconf 84' lang='lat' dir='ltr'><strong>sqq.)‚</strong></span> <span class='ocrx_word' id='word_1_104' title='bbox 279 1718 361 1761; x_wconf 82' lang='lat' dir='ltr'><strong>jam,</strong></span> <span class='ocrx_word' id='word_1_105' title='bbox 383 1722 421 1749; x_wconf 90' lang='lat' dir='ltr'><strong>ut</strong></span> <span class='ocrx_word' id='word_1_106' title='bbox 443 1716 592 1748; x_wconf 81' lang='lat' dir='ltr'><strong>Briareus</strong></span> <span class='ocrx_word' id='word_1_107' title='bbox 616 1717 701 1758; x_wconf 88' lang='lat' dir='ltr'><strong>apud</strong></span> <span class='ocrx_word' id='word_1_108' title='bbox 722 1716 816 1757; x_wconf 88' lang='lat' dir='ltr'><strong>Virg.</strong></span> 
     </span>
     <span class='ocr_line' id='line_1_25' title="bbox 70 1758 817 1804; baseline -0.005 -11"><span class='ocrx_word' id='word_1_109' title='bbox 70 1761 152 1793; x_wconf 67' lang='grc' dir='ltr'><strong>ΕΠ.</strong></span> <span class='ocrx_word' id='word_1_110' title='bbox 166 1772 199 1799; x_wconf 85' lang='lat' dir='ltr'><strong>x,</strong></span> <span class='ocrx_word' id='word_1_111' title='bbox 214 1762 280 1793; x_wconf 81' lang='lat'><strong>565</strong></span> <span class='ocrx_word' id='word_1_112' title='bbox 297 1771 369 1804; x_wconf 85' lang='lat' dir='ltr'><strong>sqq.</strong></span> <span class='ocrx_word' id='word_1_113' title='bbox 384 1771 458 1792; x_wconf 89' lang='lat' dir='ltr'><strong>cum</strong></span> <span class='ocrx_word' id='word_1_114' title='bbox 473 1759 669 1802; x_wconf 80' lang='lat' dir='ltr'><strong>Gigantibus</strong></span> <span class='ocrx_word' id='word_1_115' title='bbox 685 1758 817 1802; x_wconf 85' lang='lat' dir='ltr'><strong>permis-</strong></span> 
     </span>
     <span class='ocr_line' id='line_1_26' title="bbox 67 1803 820 1847; baseline -0.003 -11"><span class='ocrx_word' id='word_1_116' title='bbox 67 1809 176 1836; x_wconf 75' lang='lat' dir='ltr'><strong>cetur:</strong></span> <span class='ocrx_word' id='word_1_117' title='bbox 201 1803 242 1836; x_wconf 81' lang='lat' dir='ltr'><strong>cf.</strong></span> <span class='ocrx_word' id='word_1_118' title='bbox 257 1814 329 1847; x_wconf 84' lang='lat' dir='ltr'><strong>sup.</strong></span> <span class='ocrx_word' id='word_1_119' title='bbox 345 1803 386 1835; x_wconf 84' lang='lat' dir='ltr'><strong>ad</strong></span> <span class='ocrx_word' id='word_1_120' title='bbox 398 1815 427 1835; x_wconf 94' lang='lat' dir='ltr'><strong>v.</strong></span> <span class='ocrx_word' id='word_1_121' title='bbox 444 1805 486 1835; x_wconf 82' lang='lat'><strong>43</strong></span> <span class='ocrx_word' id='word_1_122' title='bbox 499 1813 571 1845; x_wconf 90' lang='lat' dir='ltr'><strong>sqq.</strong></span> <span class='ocrx_word' id='word_1_123' title='bbox 602 1803 710 1838; x_wconf 74' lang='lat' dir='ltr'><strong>orion,</strong></span> <span class='ocrx_word' id='word_1_124' title='bbox 725 1808 820 1834; x_wconf 89' lang='lat' dir='ltr'><strong>notus</strong></span> 
     </span>
     <span class='ocr_line' id='line_1_27' title="bbox 47 1845 818 1890; baseline -0.004 -11"><span class='ocrx_word' id='word_1_125' title='bbox 47 1852 200 1879; x_wconf 52' lang='lat' dir='ltr'><strong>wenstan·</strong></span> <span class='ocrx_word' id='word_1_126' title='bbox 219 1847 303 1890; x_wconf 84' lang='lat' dir='ltr'><strong>(vid.</strong></span> <span class='ocrx_word' id='word_1_127' title='bbox 325 1857 398 1890; x_wconf 87' lang='lat' dir='ltr'><strong>sup.</strong></span> <span class='ocrx_word' id='word_1_128' title='bbox 422 1846 459 1883; x_wconf 83' lang='lat' dir='ltr'><strong>ii,</strong></span> <span class='ocrx_word' id='word_1_129' title='bbox 480 1847 533 1882; x_wconf 87' lang='grc'><strong>13,</strong></span> <span class='ocrx_word' id='word_1_130' title='bbox 557 1845 631 1887; x_wconf 85' lang='grc'>39),</span> <span class='ocrx_word' id='word_1_131' title='bbox 651 1845 721 1888; x_wconf 76' lang='lat' dir='ltr'><strong>qui,</strong></span> <span class='ocrx_word' id='word_1_132' title='bbox 744 1855 818 1876; x_wconf 89' lang='lat' dir='ltr'><strong>cum</strong></span> 
     </span>
     <span class='ocr_line' id='line_1_28' title="bbox 66 1887 818 1931; baseline -0.004 -9"><span class='ocrx_word' id='word_1_133' title='bbox 66 1889 238 1922; x_wconf 77' lang='lat' dir='ltr'><strong>libidinose</strong></span> <span class='ocrx_word' id='word_1_134' title='bbox 260 1889 464 1922; x_wconf 75' lang='lat' dir='ltr'><strong>sollicitasset</strong></span> <span class='ocrx_word' id='word_1_135' title='bbox 478 1889 595 1921; x_wconf 87' lang='lat' dir='ltr'><strong>Dianae</strong></span> <span class='ocrx_word' id='word_1_136' title='bbox 619 1887 818 1931; x_wconf 79' lang='lat' dir='ltr'><strong>pudicitiam,</strong></span> 
     </span>
     <span class='ocr_line' id='line_1_29' title="bbox 70 1931 820 1975; baseline -0.001 -10"><span class='ocrx_word' id='word_1_137' title='bbox 70 1933 114 1965; x_wconf 81' lang='lat' dir='ltr'><strong>ab</strong></span> <span class='ocrx_word' id='word_1_138' title='bbox 127 1943 168 1965; x_wconf 71' lang='lat' dir='ltr'><strong>en</strong></span> <span class='ocrx_word' id='word_1_139' title='bbox 185 1933 310 1975; x_wconf 76' lang='lat' dir='ltr'><strong>sagittis</strong></span> <span class='ocrx_word' id='word_1_140' title='bbox 324 1933 491 1964; x_wconf 82' lang='lat' dir='ltr'><strong>confossus</strong></span> <span class='ocrx_word' id='word_1_141' title='bbox 505 1942 576 1964; x_wconf 87' lang='lat' dir='ltr'><strong>esse</strong></span> <span class='ocrx_word' id='word_1_142' title='bbox 591 1932 707 1964; x_wconf 89' lang='lat' dir='ltr'><strong>dicitur</strong></span> <span class='ocrx_word' id='word_1_143' title='bbox 721 1944 727 1962; x_wconf 92' lang='lat'>:</span> <span class='ocrx_word' id='word_1_144' title='bbox 753 1931 820 1964; x_wconf 79' lang='lat' dir='ltr'><strong>vid.</strong></span> 
     </span>
     <span class='ocr_line' id='line_1_30' title="bbox 71 1974 821 2020; baseline -0.007 -11"><span class='ocrx_word' id='word_1_145' title='bbox 71 1977 193 2020; x_wconf 78' lang='lat' dir='ltr'><strong>Hygia.</strong></span> <span class='ocrx_word' id='word_1_146' title='bbox 208 1977 289 2008; x_wconf 71' lang='lat' dir='ltr'><strong>Fab.</strong></span> <span class='ocrx_word' id='word_1_147' title='bbox 305 1977 379 2011; x_wconf 78' lang='lat'><strong>195.</strong></span> <span class='ocrx_word' id='word_1_148' title='bbox 395 1981 428 2008; x_wconf 91' lang='lat' dir='ltr'><strong>et</strong></span> <span class='ocrx_word' id='word_1_149' title='bbox 443 1977 550 2018; x_wconf 83' lang='lat' dir='ltr'><strong>Heyn.</strong></span> <span class='ocrx_word' id='word_1_150' title='bbox 566 1976 647 2007; x_wconf 85' lang='lat' dir='ltr'><strong>Not.</strong></span> <span class='ocrx_word' id='word_1_151' title='bbox 663 1975 703 2006; x_wconf 84' lang='lat' dir='ltr'><strong>ad</strong></span> <span class='ocrx_word' id='word_1_152' title='bbox 718 1974 821 2017; x_wconf 91' lang='lat' dir='ltr'><strong>Apol-</strong></span> 
     </span>
     <span class='ocr_line' id='line_1_31' title="bbox 71 2018 819 2063; baseline -0.004 -12"><span class='ocrx_word' id='word_1_153' title='bbox 71 2019 172 2051; x_wconf 77' lang='lat' dir='ltr'><strong>lodor-</strong></span> <span class='ocrx_word' id='word_1_154' title='bbox 186 2030 220 2063; x_wconf 86' lang='lat' dir='ltr'><strong>p.</strong></span> <span class='ocrx_word' id='word_1_155' title='bbox 236 2020 292 2051; x_wconf 80' lang='lat'><strong>53.</strong></span> <span class='ocrx_word' id='word_1_156' title='bbox 334 2019 445 2055; x_wconf 74' lang='lat' dir='ltr'><strong>Notus,</strong></span> <span class='ocrx_word' id='word_1_157' title='bbox 460 2018 611 2050; x_wconf 85' lang='lat' dir='ltr'><strong>famosus.</strong></span> <span class='ocrx_word' id='word_1_158' title='bbox 657 2019 819 2049; x_wconf 79' lang='lat' dir='ltr'><strong>Tentator:</strong></span> 
     </span>
     <span class='ocr_line' id='line_1_32' title="bbox 71 2061 821 2105; baseline -0.001 -11"><span class='ocrx_word' id='word_1_159' title='bbox 71 2068 191 2094; x_wconf 76' lang='lat' dir='ltr'><strong>tentare</strong></span> <span class='ocrx_word' id='word_1_160' title='bbox 204 2062 350 2105; x_wconf 74' lang='lat' dir='ltr'><strong>(Graecis</strong></span> <span class='ocrx_word' id='word_1_161' title='bbox 365 2063 502 2105; x_wconf 76' lang='grc' dir='ltr'>πειρᾷν,</span> <span class='ocrx_word' id='word_1_162' title='bbox 518 2061 583 2093; x_wconf 88' lang='lat' dir='ltr'><strong>vid.</strong></span> <span class='ocrx_word' id='word_1_163' title='bbox 601 2061 821 2093; x_wconf 82' lang='lat' dir='ltr'><strong>Hemsterhus.</strong></span> 
     </span>
    </p>

    <p class='ocr_par' dir='ltr' id='par_1_12' title="bbox 67 2104 820 2363">
     <span class='ocr_line' id='line_1_33' title="bbox 70 2104 820 2148; baseline -0.004 -10"><span class='ocrx_word' id='word_1_164' title='bbox 70 2105 112 2138; x_wconf 74' lang='lat' dir='ltr'><strong>ad</strong></span> <span class='ocrx_word' id='word_1_165' title='bbox 126 2105 262 2138; x_wconf 79' lang='lat' dir='ltr'><strong>Lucian.</strong></span> <span class='ocrx_word' id='word_1_166' title='bbox 277 2105 366 2137; x_wconf 84' lang='lat' dir='ltr'><strong>Dial.</strong></span> <span class='ocrx_word' id='word_1_167' title='bbox 381 2106 425 2137; x_wconf 88' lang='lat' dir='ltr'><strong>D.</strong></span> <span class='ocrx_word' id='word_1_168' title='bbox 442 2106 480 2142; x_wconf 84' lang='lat'><strong>6,·</strong></span> <span class='ocrx_word' id='word_1_169' title='bbox 489 2105 528 2136; x_wconf 83' lang='lat' dir='ltr'><strong>T.</strong></span> <span class='ocrx_word' id='word_1_170' title='bbox 543 2105 566 2140; x_wconf 86' lang='lat' dir='ltr'><strong>i,</strong></span> <span class='ocrx_word' id='word_1_171' title='bbox 584 2116 615 2148; x_wconf 88' lang='lat' dir='ltr'><strong>p.</strong></span> <span class='ocrx_word' id='word_1_172' title='bbox 629 2106 649 2135; x_wconf 86' lang='lat'><strong>2</strong></span> <span class='ocrx_word' id='word_1_173' title='bbox 660 2104 713 2144; x_wconf 86' lang='grc' dir='ltr'><strong>ΓΙ)</strong></span> <span class='ocrx_word' id='word_1_174' title='bbox 729 2105 768 2136; x_wconf 87' lang='lat' dir='ltr'><strong>de</strong></span> <span class='ocrx_word' id='word_1_175' title='bbox 782 2115 820 2136; x_wconf 90' lang='lat' dir='ltr'><strong>eo</strong></span> 
     </span>
     <span class='ocr_line' id='line_1_34' title="bbox 71 2147 806 2233; baseline -0.003 -9"><span class='ocrx_word' id='word_1_176' title='bbox 71 2147 594 2232; x_wconf 44' lang='lat' dir='ltr'><strong>quggudggiuazffgxcxtefizgziffiff</strong></span> <span class='ocrx_word' id='word_1_177' title='bbox 610 2154 806 2233; x_wconf 50' lang='lat' dir='ltr'><strong>iffiiatsuper</strong></span> 
     </span>
     <span class='ocr_line' id='line_1_35' title="bbox 70 2233 820 2278; baseline -0.004 -11"><span class='ocrx_word' id='word_1_178' title='bbox 70 2233 192 2278; x_wconf 78' lang='lat' dir='ltr'><strong>injecta</strong></span> <span class='ocrx_word' id='word_1_179' title='bbox 213 2234 397 2266; x_wconf 76' lang='lat' dir='ltr'><strong>monstrosis</strong></span> <span class='ocrx_word' id='word_1_180' title='bbox 418 2234 485 2265; x_wconf 88' lang='lat' dir='ltr'><strong>suis</strong></span> <span class='ocrx_word' id='word_1_181' title='bbox 506 2234 600 2265; x_wconf 82' lang='lat' dir='ltr'><strong>filiis:</strong></span> <span class='ocrx_word' id='word_1_182' title='bbox 621 2240 742 2275; x_wconf 78' lang='lat' dir='ltr'><strong>pareus,</strong></span> <span class='ocrx_word' id='word_1_183' title='bbox 765 2244 820 2265; x_wconf 90' lang='lat' dir='ltr'><strong>eos</strong></span> 
     </span>
     <span class='ocr_line' id='line_1_36' title="bbox 71 2277 820 2321; baseline -0.003 -11"><span class='ocrx_word' id='word_1_184' title='bbox 71 2287 153 2321; x_wconf 74' lang='lat' dir='ltr'><strong>qnos</strong></span> <span class='ocrx_word' id='word_1_185' title='bbox 181 2278 324 2321; x_wconf 80' lang='lat' dir='ltr'><strong>peperit3</strong></span> <span class='ocrx_word' id='word_1_186' title='bbox 354 2277 441 2320; x_wconf 85' lang='lat' dir='ltr'><strong>quod</strong></span> <span class='ocrx_word' id='word_1_187' title='bbox 471 2288 564 2309; x_wconf 85' lang='lat' dir='ltr'><strong>voces</strong></span> <span class='ocrx_word' id='word_1_188' title='bbox 597 2277 820 2309; x_wconf 78' lang='lat' dir='ltr'><strong>antecedentes</strong></span> 
     </span>
     <span class='ocr_line' id='line_1_37' title="bbox 67 2320 818 2363; baseline -0.003 -10"><span class='ocrx_word' id='word_1_189' title='bbox 67 2322 214 2354; x_wconf 66' lang='lat' dir='ltr'><strong>mnis</strong></span> <span class='ocrx_word' id='word_1_190' title='bbox 225 2323 290 2353; x_wconf 72' lang='lat' dir='ltr'><strong>suis</strong></span> <span class='ocrx_word' id='word_1_191' title='bbox 304 2321 406 2363; x_wconf 83' lang='lat' dir='ltr'><strong>magis</strong></span> <span class='ocrx_word' id='word_1_192' title='bbox 418 2320 577 2363; x_wconf 82' lang='lat' dir='ltr'><strong>explicat:</strong></span> <span class='ocrx_word' id='word_1_193' title='bbox 597 2322 735 2352; x_wconf 74' lang='lat' dir='ltr'><strong>luridam</strong></span> <span class='ocrx_word' id='word_1_194' title='bbox 750 2331 818 2363; x_wconf 87' lang='lat' dir='ltr'><strong>per-</strong></span> 
     </span>
    </p>

    <p class='ocr_par' dir='ltr' id='par_1_13' title="bbox 0 2363 830 3103">
     <span class='ocr_line' id='line_1_38' title="bbox 12 2363 821 2408; baseline -0.002 -12"><span class='ocrx_word' id='word_1_195' title='bbox 12 2366 27 2407; x_wconf 37' lang='grc' dir='ltr'><strong>ζ,</strong></span> <span class='ocrx_word' id='word_1_196' title='bbox 68 2369 202 2408; x_wconf 69' lang='lat' dir='ltr'><strong>potuum</strong></span> <span class='ocrx_word' id='word_1_197' title='bbox 214 2374 318 2396; x_wconf 84' lang='lat' dir='ltr'><strong>rerum</strong></span> <span class='ocrx_word' id='word_1_198' title='bbox 339 2364 533 2396; x_wconf 77' lang='lat' dir='ltr'><strong>infernarum</strong></span> <span class='ocrx_word' id='word_1_199' title='bbox 555 2363 742 2406; x_wconf 87' lang='lat' dir='ltr'><strong>epitheton:</strong></span> <span class='ocrx_word' id='word_1_200' title='bbox 766 2375 821 2395; x_wconf 79' lang='lat' dir='ltr'><strong>nec</strong></span> 
     </span>
     <span class='ocr_line' id='line_1_39' title="bbox 13 2405 822 2456; baseline -0.002 -16"><span class='ocrx_word' id='word_1_201' title='bbox 13 2405 18 2412; x_wconf 70' lang='lat'><strong><em>⁴</em></strong></span> <span class='ocrx_word' id='word_1_202' title='bbox 41 2444 49 2450; x_wconf 26' lang='grc' dir='ltr'><strong>Α,</strong></span> <span class='ocrx_word' id='word_1_203' title='bbox 65 2409 190 2456; x_wconf 56' lang='lat' dir='ltr'><strong>prodit</strong></span> <span class='ocrx_word' id='word_1_204' title='bbox 209 2407 385 2449; x_wconf 71' lang='lat' dir='ltr'><strong>Impositum</strong></span> <span class='ocrx_word' id='word_1_205' title='bbox 406 2409 488 2450; x_wconf 76' lang='lat' dir='ltr'><strong>ignis</strong></span> <span class='ocrx_word' id='word_1_206' title='bbox 506 2407 635 2445; x_wconf 80' lang='lat' dir='ltr'><strong>AEtnen,</strong></span> <span class='ocrx_word' id='word_1_207' title='bbox 657 2407 688 2438; x_wconf 89' lang='lat' dir='ltr'><strong>h.</strong></span> <span class='ocrx_word' id='word_1_208' title='bbox 709 2418 739 2439; x_wconf 90' lang='lat' dir='ltr'><strong>e.</strong></span> <span class='ocrx_word' id='word_1_209' title='bbox 764 2417 822 2438; x_wconf 90' lang='lat' dir='ltr'><strong>nec</strong></span> 
     </span>
     <span class='ocr_line' id='line_1_40' title="bbox 63 2450 824 2494; baseline -0.002 -11.148"><span class='ocrx_word' id='word_1_210' title='bbox 63 2450 158 2492; x_wconf 57' lang='lat' dir='ltr'><strong>agnis</strong></span> <span class='ocrx_word' id='word_1_211' title='bbox 178 2452 294 2494; x_wconf 84' lang='lat' dir='ltr'><strong>(quem</strong></span> <span class='ocrx_word' id='word_1_212' title='bbox 309 2450 360 2482; x_wconf 85' lang='lat' dir='ltr'><strong>vel</strong></span> <span class='ocrx_word' id='word_1_213' title='bbox 382 2450 551 2493; x_wconf 84' lang='lat' dir='ltr'><strong>Typhoeus</strong></span> <span class='ocrx_word' id='word_1_214' title='bbox 565 2450 615 2482; x_wconf 89' lang='lat' dir='ltr'><strong>vel</strong></span> <span class='ocrx_word' id='word_1_215' title='bbox 638 2450 824 2482; x_wconf 85' lang='lat' dir='ltr'><strong>Enceladus</strong></span> 
     </span>
     <span class='ocr_line' id='line_1_41' title="bbox 6 2492 823 2534; baseline -0.004 -7"><span class='ocrx_word' id='word_1_216' title='bbox 6 2495 114 2530; x_wconf 35' lang='grc' dir='ltr'><strong>Ἥρα</strong></span> <span class='ocrx_word' id='word_1_217' title='bbox 139 2494 251 2526; x_wconf 77' lang='lat' dir='ltr'><strong>AEtnae</strong></span> <span class='ocrx_word' id='word_1_218' title='bbox 279 2494 422 2526; x_wconf 75' lang='lat' dir='ltr'><strong>cavernis</strong></span> <span class='ocrx_word' id='word_1_219' title='bbox 446 2504 590 2526; x_wconf 83' lang='lat' dir='ltr'><strong>evomere</strong></span> <span class='ocrx_word' id='word_1_220' title='bbox 618 2492 823 2534; x_wconf 82' lang='lat' dir='ltr'><strong>credebatur)</strong></span> 
     </span>
     <span class='ocr_line' id='line_1_42' title="bbox 34 2536 824 2580; baseline -0.002 -10.066"><span class='ocrx_word' id='word_1_221' title='bbox 34 2540 51 2566; x_wconf 68' lang='grc' dir='ltr'><strong>τῑτ</strong></span> <span class='ocrx_word' id='word_1_222' title='bbox 64 2544 259 2570; x_wconf 51' lang='lat' dir='ltr'><strong>&amp;mamere</strong></span> <span class='ocrx_word' id='word_1_223' title='bbox 269 2536 356 2569; x_wconf 81' lang='lat' dir='ltr'><strong>valet</strong></span> <span class='ocrx_word' id='word_1_224' title='bbox 367 2538 490 2569; x_wconf 86' lang='lat' dir='ltr'><strong>AEtnen</strong></span> <span class='ocrx_word' id='word_1_225' title='bbox 505 2536 534 2568; x_wconf 90' lang='lat' dir='ltr'><strong>ei</strong></span> <span class='ocrx_word' id='word_1_226' title='bbox 549 2536 750 2580; x_wconf 81' lang='lat' dir='ltr'><strong>impositam3</strong></span> <span class='ocrx_word' id='word_1_227' title='bbox 767 2547 824 2579; x_wconf 84' lang='lat' dir='ltr'><strong>pro</strong></span> 
     </span>
     <span class='ocr_line' id='line_1_43' title="bbox 8 2578 826 2622; baseline -0.001 -9"><span class='ocrx_word' id='word_1_228' title='bbox 8 2620 10 2622; x_wconf 17' lang='lat' dir='ltr'>v</span> <span class='ocrx_word' id='word_1_229' title='bbox 30 2586 35 2616; x_wconf 74' lang='grc' dir='ltr'><em>ζ</em></span> <span class='ocrx_word' id='word_1_230' title='bbox 46 2578 210 2622; x_wconf 44' lang='lat' dir='ltr'><strong>»vulgali</strong></span> <span class='ocrx_word' id='word_1_231' title='bbox 225 2590 285 2612; x_wconf 84' lang='lat' dir='ltr'><strong>nec</strong></span> <span class='ocrx_word' id='word_1_232' title='bbox 306 2590 448 2622; x_wconf 85' lang='lat' dir='ltr'><strong>unquam</strong></span> <span class='ocrx_word' id='word_1_233' title='bbox 469 2590 487 2612; x_wconf 91' lang='lat' dir='ltr'><strong>e</strong></span> <span class='ocrx_word' id='word_1_234' title='bbox 510 2579 601 2618; x_wconf 88' lang='lat' dir='ltr'><strong>locis,</strong></span> <span class='ocrx_word' id='word_1_235' title='bbox 616 2581 656 2611; x_wconf 83' lang='lat' dir='ltr'><strong>ad</strong></span> <span class='ocrx_word' id='word_1_236' title='bbox 675 2591 748 2622; x_wconf 86' lang='lat' dir='ltr'><strong>quae</strong></span> <span class='ocrx_word' id='word_1_237' title='bbox 770 2581 826 2612; x_wconf 90' lang='lat' dir='ltr'><strong>de-</strong></span> 
     </span>
     <span class='ocr_line' id='line_1_44' title="bbox 29 2623 826 2665; baseline -0.003 -8"><span class='ocrx_word' id='word_1_238' title='bbox 29 2626 156 2665; x_wconf 45' lang='lat' dir='ltr'><strong>,wfflm</strong></span> <span class='ocrx_word' id='word_1_239' title='bbox 182 2623 338 2656; x_wconf 76' lang='lat' dir='ltr'><strong>scelerum</strong></span> <span class='ocrx_word' id='word_1_240' title='bbox 363 2633 490 2655; x_wconf 88' lang='lat' dir='ltr'><strong>suorum</strong></span> <span class='ocrx_word' id='word_1_241' title='bbox 517 2633 631 2665; x_wconf 83' lang='lat' dir='ltr'><strong>poenas</strong></span> <span class='ocrx_word' id='word_1_242' title='bbox 656 2623 764 2660; x_wconf 88' lang='lat' dir='ltr'><strong>luunt,</strong></span> <span class='ocrx_word' id='word_1_243' title='bbox 791 2634 826 2655; x_wconf 87' lang='lat' dir='ltr'><strong>se</strong></span> 
     </span>
     <span class='ocr_line' id='line_1_45' title="bbox 58 2665 826 2709; baseline -0.002 -9.129"><span class='ocrx_word' id='word_1_244' title='bbox 58 2671 83 2696; x_wconf 60' lang='grc' dir='ltr'><strong>»ἢ</strong></span> <span class='ocrx_word' id='word_1_245' title='bbox 179 2665 224 2699; x_wconf 82' lang='lat' dir='ltr'><strong>‘re</strong></span> <span class='ocrx_word' id='word_1_246' title='bbox 240 2666 290 2699; x_wconf 84' lang='lat' dir='ltr'><strong>vel</strong></span> <span class='ocrx_word' id='word_1_247' title='bbox 310 2666 444 2698; x_wconf 86' lang='lat' dir='ltr'><strong>liberare</strong></span> <span class='ocrx_word' id='word_1_248' title='bbox 459 2672 605 2708; x_wconf 80' lang='lat' dir='ltr'><strong>possunt.</strong></span> <span class='ocrx_word' id='word_1_249' title='bbox 651 2667 758 2709; x_wconf 80' lang='lat' dir='ltr'><strong>Tityi:</strong></span> <span class='ocrx_word' id='word_1_250' title='bbox 782 2667 826 2698; x_wconf 84' lang='lat' dir='ltr'><strong>cf.</strong></span> 
     </span>
     <span class='ocr_line' id='line_1_46' title="bbox 4 2709 827 2760; baseline -0.004 -16"><span class='ocrx_word' id='word_1_251' title='bbox 4 2710 151 2760; x_wconf 53' lang='lat' dir='ltr'><strong>*fs-»Up-</strong></span> <span class='ocrx_word' id='word_1_252' title='bbox 172 2709 215 2742; x_wconf 64' lang='lat' dir='ltr'><strong>ad</strong></span> <span class='ocrx_word' id='word_1_253' title='bbox 235 2709 270 2748; x_wconf 88' lang='lat' dir='ltr'><strong>ii,</strong></span> <span class='ocrx_word' id='word_1_254' title='bbox 287 2710 340 2748; x_wconf 80' lang='lat'><strong>14,</strong></span> <span class='ocrx_word' id='word_1_255' title='bbox 365 2711 398 2742; x_wconf 85' lang='lat'><strong>8.</strong></span> <span class='ocrx_word' id='word_1_256' title='bbox 443 2709 680 2747; x_wconf 66' lang='lat' dir='ltr'><strong>1ncontineufis,</strong></span> <span class='ocrx_word' id='word_1_257' title='bbox 702 2721 720 2742; x_wconf 89' lang='lat' dir='ltr'><strong>a</strong></span> <span class='ocrx_word' id='word_1_258' title='bbox 742 2710 827 2753; x_wconf 85' lang='lat' dir='ltr'><strong>turpi</strong></span> 
     </span>
     <span class='ocr_line' id='line_1_47' title="bbox 12 2747 825 2801; baseline -0.001 -15"><span class='ocrx_word' id='word_1_259' title='bbox 12 2759 19 2782; x_wconf 62' lang='lat'><strong>&gt;1</strong></span> <span class='ocrx_word' id='word_1_260' title='bbox 21 2747 211 2801; x_wconf 47' lang='lat' dir='ltr'><strong>Q‘ibtdsne</strong></span> <span class='ocrx_word' id='word_1_261' title='bbox 223 2753 310 2785; x_wconf 74' lang='lat' dir='ltr'><strong>haud</strong></span> <span class='ocrx_word' id='word_1_262' title='bbox 323 2763 359 2785; x_wconf 86' lang='lat' dir='ltr'><strong>se</strong></span> <span class='ocrx_word' id='word_1_263' title='bbox 374 2752 590 2796; x_wconf 85' lang='lat' dir='ltr'><strong>temperantis.</strong></span> <span class='ocrx_word' id='word_1_264' title='bbox 619 2754 702 2790; x_wconf 84' lang='lat' dir='ltr'><strong>Ales,</strong></span> <span class='ocrx_word' id='word_1_265' title='bbox 717 2755 825 2795; x_wconf 79' lang='lat' dir='ltr'><strong>nequi-</strong></span> 
     </span>
     <span class='ocr_line' id='line_1_48' title="bbox 28 2796 826 2832; baseline -0.002 -2.042"><span class='ocrx_word' id='word_1_266' title='bbox 28 2796 133 2829; x_wconf 79' lang='lat'>·</span> <span class='ocrx_word' id='word_1_267' title='bbox 149 2797 278 2829; x_wconf 69' lang='lat' dir='ltr'><strong>additus</strong></span> <span class='ocrx_word' id='word_1_268' title='bbox 299 2797 423 2828; x_wconf 77' lang='lat' dir='ltr'><strong>Custos:</strong></span> <span class='ocrx_word' id='word_1_269' title='bbox 449 2797 568 2832; x_wconf 90' lang='lat' dir='ltr'><strong>vultur,</strong></span> <span class='ocrx_word' id='word_1_270' title='bbox 589 2796 644 2827; x_wconf 91' lang='lat' dir='ltr'><strong>cui</strong></span> <span class='ocrx_word' id='word_1_271' title='bbox 666 2796 699 2828; x_wconf 89' lang='lat' dir='ltr'><strong>id</strong></span> <span class='ocrx_word' id='word_1_272' title='bbox 716 2796 826 2828; x_wconf 88' lang='lat' dir='ltr'><strong>datum</strong></span> 
     </span>
     <span class='ocr_line' id='line_1_49' title="bbox 3 2839 828 2883; baseline 0.001 -13"><span class='ocrx_word' id='word_1_273' title='bbox 3 2868 5 2870; x_wconf 90' lang='lat'><strong>.</strong></span> <span class='ocrx_word' id='word_1_274' title='bbox 23 2843 65 2874; x_wconf 50' lang='grc' dir='ltr'><em>Α</em></span> <span class='ocrx_word' id='word_1_275' title='bbox 77 2839 132 2873; x_wconf 59' lang='grc' dir='ltr'><strong>’.ί</strong></span> <span class='ocrx_word' id='word_1_276' title='bbox 149 2839 279 2883; x_wconf 78' lang='lat' dir='ltr'><strong>negotii,</strong></span> <span class='ocrx_word' id='word_1_277' title='bbox 298 2845 335 2871; x_wconf 90' lang='lat' dir='ltr'><strong>ut</strong></span> <span class='ocrx_word' id='word_1_278' title='bbox 356 2845 508 2882; x_wconf 81' lang='lat' dir='ltr'><strong>tanquam</strong></span> <span class='ocrx_word' id='word_1_279' title='bbox 531 2839 695 2882; x_wconf 83' lang='lat' dir='ltr'><strong>appositus</strong></span> <span class='ocrx_word' id='word_1_280' title='bbox 719 2846 828 2871; x_wconf 88' lang='lat' dir='ltr'><strong>custos</strong></span> 
     </span>
     <span class='ocr_line' id='line_1_50' title="bbox 34 2876 829 2925; baseline -0.003 -8"><span class='ocrx_word' id='word_1_281' title='bbox 34 2876 208 2921; x_wconf 52' lang='lat' dir='ltr'><strong>wite</strong></span> <span class='ocrx_word' id='word_1_282' title='bbox 222 2882 307 2915; x_wconf 81' lang='lat' dir='ltr'><strong>adsit</strong></span> <span class='ocrx_word' id='word_1_283' title='bbox 315 2881 423 2924; x_wconf 84' lang='lat' dir='ltr'><strong>Tityo,</strong></span> <span class='ocrx_word' id='word_1_284' title='bbox 435 2888 468 2914; x_wconf 89' lang='lat' dir='ltr'><strong>et</strong></span> <span class='ocrx_word' id='word_1_285' title='bbox 481 2882 552 2925; x_wconf 86' lang='lat' dir='ltr'><strong>ejus</strong></span> <span class='ocrx_word' id='word_1_286' title='bbox 564 2883 656 2925; x_wconf 88' lang='lat' dir='ltr'><strong>jecur</strong></span> <span class='ocrx_word' id='word_1_287' title='bbox 665 2883 829 2915; x_wconf 88' lang='lat' dir='ltr'><strong>exedendo</strong></span> 
     </span>
     <span class='ocr_line' id='line_1_51' title="bbox 22 2925 830 2976; baseline 0 -17"><span class='ocrx_word' id='word_1_288' title='bbox 22 2933 71 2961; x_wconf 52' lang='grc' dir='ltr'><strong>.ωεὶ</strong></span> <span class='ocrx_word' id='word_1_289' title='bbox 175 2930 264 2958; x_wconf 68' lang='lat' dir='ltr'><strong>tratas</strong></span> <span class='ocrx_word' id='word_1_290' title='bbox 279 2925 431 2976; x_wconf 60' lang='lat' dir='ltr'><strong>nequitiae</strong></span> <span class='ocrx_word' id='word_1_291' title='bbox 510 2936 568 2957; x_wconf 86' lang='lat' dir='ltr'><strong>nas</strong></span> <span class='ocrx_word' id='word_1_292' title='bbox 590 2926 630 2957; x_wconf 89' lang='lat' dir='ltr'><strong>ab</strong></span> <span class='ocrx_word' id='word_1_293' title='bbox 652 2936 690 2957; x_wconf 91' lang='lat' dir='ltr'><strong>eo</strong></span> <span class='ocrx_word' id='word_1_294' title='bbox 713 2925 830 2968; x_wconf 82' lang='lat' dir='ltr'><strong>exigat.</strong></span> 
     </span>
     <span class='ocr_line' id='line_1_52' title="bbox 5 2969 829 3012; baseline 0 -12"><span class='ocrx_word' id='word_1_295' title='bbox 5 2969 42 3006; x_wconf 40' lang='grc' dir='ltr'><strong>..ἧ</strong></span> <span class='ocrx_word' id='word_1_296' title='bbox 59 2980 78 3004; x_wconf 79' lang='lat' dir='ltr'><strong>=t</strong></span> <span class='ocrx_word' id='word_1_297' title='bbox 114 3008 118 3009; x_wconf 20' lang='lat'><em>⁷</em></span> <span class='ocrx_word' id='word_1_298' title='bbox 168 2969 271 3008; x_wconf 61' lang='lat' dir='ltr'><strong>houm,</strong></span> <span class='ocrx_word' id='word_1_299' title='bbox 286 2969 410 3001; x_wconf 78' lang='lat' dir='ltr'><strong>Ixionis</strong></span> <span class='ocrx_word' id='word_1_300' title='bbox 429 2969 450 3000; x_wconf 93' lang='lat' dir='ltr'><strong>fi</strong></span> <span class='ocrx_word' id='word_1_301' title='bbox 465 2969 542 3006; x_wconf 87' lang='lat' dir='ltr'><strong>ium,</strong></span> <span class='ocrx_word' id='word_1_302' title='bbox 557 2979 652 3012; x_wconf 90' lang='lat' dir='ltr'><strong>quem</strong></span> <span class='ocrx_word' id='word_1_303' title='bbox 669 2980 734 3001; x_wconf 90' lang='lat' dir='ltr'><strong>una</strong></span> <span class='ocrx_word' id='word_1_304' title='bbox 755 2980 829 3001; x_wconf 91' lang='lat' dir='ltr'><strong>cum</strong></span> 
     </span>
     <span class='ocr_line' id='line_1_53' title="bbox 0 3006 830 3055; baseline -0.001 -10"><span class='ocrx_word' id='word_1_305' title='bbox 0 3021 3 3027; x_wconf 82' lang='grc'><strong>’</strong></span> <span class='ocrx_word' id='word_1_306' title='bbox 44 3006 207 3046; x_wconf 48' lang='lat' dir='ltr'><strong>um</strong></span> <span class='ocrx_word' id='word_1_307' title='bbox 229 3012 270 3044; x_wconf 80' lang='lat' dir='ltr'><strong>ad</strong></span> <span class='ocrx_word' id='word_1_308' title='bbox 293 3012 410 3045; x_wconf 78' lang='lat' dir='ltr'><strong>inferos</strong></span> <span class='ocrx_word' id='word_1_309' title='bbox 433 3013 628 3055; x_wconf 66' lang='lat' dir='ltr'><strong>Proserpinae</strong></span> <span class='ocrx_word' id='word_1_310' title='bbox 652 3012 727 3044; x_wconf 87' lang='lat' dir='ltr'><strong>inde</strong></span> <span class='ocrx_word' id='word_1_311' title='bbox 747 3013 830 3055; x_wconf 87' lang='lat' dir='ltr'><strong>rapi-</strong></span> 
     </span>
     <span class='ocr_line' id='line_1_54' title="bbox 0 3019 830 3103; baseline 0.001 -16"><span class='ocrx_word' id='word_1_312' title='bbox 0 3019 291 3103; x_wconf 38' lang='lat' dir='ltr'><strong>are-domama</strong></span> <span class='ocrx_word' id='word_1_313' title='bbox 303 3055 519 3095; x_wconf 80' lang='lat' dir='ltr'><strong>descendisse,</strong></span> <span class='ocrx_word' id='word_1_314' title='bbox 537 3062 570 3088; x_wconf 90' lang='lat' dir='ltr'><strong>et</strong></span> <span class='ocrx_word' id='word_1_315' title='bbox 583 3055 640 3094; x_wconf 80' lang='lat' dir='ltr'><strong>ibi,</strong></span> <span class='ocrx_word' id='word_1_316' title='bbox 657 3062 692 3088; x_wconf 89' lang='lat' dir='ltr'><strong>ut</strong></span> <span class='ocrx_word' id='word_1_317' title='bbox 707 3056 830 3090; x_wconf 81' lang='lat' dir='ltr'><strong>temeri-</strong></span> 
     </span>
    </p>
   </div>
   <div class='ocr_carea' id='block_1_10' title="bbox 0 3099 108 3288">
    <p class='ocr_par' dir='ltr' id='par_1_14' title="bbox 0 3099 108 3288">
     <span class='ocr_line' id='line_1_55' title="bbox 0 3099 108 3288; baseline -0.009 -139"><span class='ocrx_word' id='word_1_318' title='bbox 0 3099 108 3288; x_wconf 52' lang='grc' dir='ltr'>Ε</span> 
     </span>
    </p>
   </div>
   <div class='ocr_carea' id='block_1_11' title="bbox 0 2426 51 2956">
    <p class='ocr_par' dir='ltr' id='par_1_15' title="bbox 0 2426 51 2956">
     <span class='ocr_line' id='line_1_56' title="bbox 0 2426 46 2644; baseline 0 -89"><span class='ocrx_word' id='word_1_319' title='bbox 0 2426 46 2644; x_wconf 95' lang='lat' dir='ltr'><strong>     </strong></span> 
     </span>
     <span class='ocr_line' id='line_1_57' title="bbox 0 2644 51 2720; baseline 0 0"><span class='ocrx_word' id='word_1_320' title='bbox 0 2644 51 2720; x_wconf 95' lang='lat' dir='ltr'><strong>  </strong></span> 
     </span>
     <span class='ocr_line' id='line_1_58' title="bbox 0 2720 43 2824; baseline 0 0"><span class='ocrx_word' id='word_1_321' title='bbox 0 2720 43 2824; x_wconf 95' lang='lat' dir='ltr'><strong>   </strong></span> 
     </span>
     <span class='ocr_line' id='line_1_59' title="bbox 0 2824 40 2956; baseline 0 0"><span class='ocrx_word' id='word_1_322' title='bbox 0 2824 40 2956; x_wconf 95' lang='lat' dir='ltr'><strong>   </strong></span> 
     </span>
    </p>
   </div>
   <div class='ocr_carea' id='block_1_12' title="bbox 857 1369 1660 1538">
    <p class='ocr_par' dir='ltr' id='par_1_16' title="bbox 857 1369 1660 1531">
     <span class='ocr_line' id='line_1_60' title="bbox 858 1369 1610 1413; baseline 0.007 -13"><span class='ocrx_word' id='word_1_323' title='bbox 858 1370 932 1401; x_wconf 86' lang='lat' dir='ltr'><strong>tatis</strong></span> <span class='ocrx_word' id='word_1_324' title='bbox 960 1381 1027 1402; x_wconf 82' lang='lat' dir='ltr'><strong>suae</strong></span> <span class='ocrx_word' id='word_1_325' title='bbox 1054 1381 1185 1413; x_wconf 90' lang='lat' dir='ltr'><strong>poenam</strong></span> <span class='ocrx_word' id='word_1_326' title='bbox 1210 1369 1396 1406; x_wconf 82' lang='lat' dir='ltr'><strong>exsolveret,</strong></span> <span class='ocrx_word' id='word_1_327' title='bbox 1424 1380 1443 1402; x_wconf 85' lang='lat' dir='ltr'><strong>a</strong></span> <span class='ocrx_word' id='word_1_328' title='bbox 1470 1370 1610 1406; x_wconf 87' lang='lat' dir='ltr'><strong>Plutone</strong></span> 
     </span>
     <span class='ocr_line' id='line_1_61' title="bbox 857 1413 1660 1458; baseline 0.005 -15"><span class='ocrx_word' id='word_1_329' title='bbox 857 1413 942 1444; x_wconf 87' lang='lat' dir='ltr'><strong>saxis</strong></span> <span class='ocrx_word' id='word_1_330' title='bbox 967 1413 1133 1455; x_wconf 86' lang='lat' dir='ltr'><strong>alligatum</strong></span> <span class='ocrx_word' id='word_1_331' title='bbox 1157 1424 1227 1445; x_wconf 87' lang='lat' dir='ltr'><strong>esse</strong></span> <span class='ocrx_word' id='word_1_332' title='bbox 1251 1418 1398 1445; x_wconf 83' lang='lat' dir='ltr'><strong>narrant:</strong></span> <span class='ocrx_word' id='word_1_333' title='bbox 1422 1413 1488 1445; x_wconf 85' lang='lat' dir='ltr'><strong>vid.</strong></span> <span class='ocrx_word' id='word_1_334' title='bbox 1505 1415 1609 1458; x_wconf 85' lang='lat' dir='ltr'><strong>Apol-</strong></span> <span class='ocrx_word' id='word_1_335' title='bbox 1651 1442 1660 1455; x_wconf 72' lang='grc'><em>,</em></span> 
     </span>
     <span class='ocr_line' id='line_1_62' title="bbox 858 1455 1609 1531; baseline 0.005 -44"><span class='ocrx_word' id='word_1_336' title='bbox 858 1455 958 1531; x_wconf 51' lang='lat' dir='ltr'><strong>{odgrg</strong></span> <span class='ocrx_word' id='word_1_337' title='bbox 969 1457 1005 1493; x_wconf 91' lang='lat' dir='ltr'><strong>ii,</strong></span> <span class='ocrx_word' id='word_1_338' title='bbox 1019 1459 1052 1494; x_wconf 86' lang='lat'><strong>5,</strong></span> <span class='ocrx_word' id='word_1_339' title='bbox 1067 1458 1118 1493; x_wconf 84' lang='lat'><strong>12,</strong></span> <span class='ocrx_word' id='word_1_340' title='bbox 1131 1463 1162 1489; x_wconf 92' lang='lat' dir='ltr'><strong>et</strong></span> <span class='ocrx_word' id='word_1_341' title='bbox 1173 1456 1217 1488; x_wconf 92' lang='lat' dir='ltr'><strong>ibi</strong></span> <span class='ocrx_word' id='word_1_342' title='bbox 1229 1457 1352 1498; x_wconf 89' lang='lat' dir='ltr'><strong>Heyn.:</strong></span> <span class='ocrx_word' id='word_1_343' title='bbox 1379 1457 1421 1488; x_wconf 90' lang='lat' dir='ltr'><strong>cf.</strong></span> <span class='ocrx_word' id='word_1_344' title='bbox 1434 1457 1532 1489; x_wconf 90' lang='lat' dir='ltr'><strong>Diod.</strong></span> <span class='ocrx_word' id='word_1_345' title='bbox 1542 1459 1609 1491; x_wconf 89' lang='lat' dir='ltr'><strong>Sic.</strong></span> 
     </span>
    </p>

    <p class='ocr_par' dir='ltr' id='par_1_17' title="bbox 891 1523 970 1538">
     <span class='ocr_line' id='line_1_63' title="bbox 891 1523 970 1538; baseline 0 -7"><span class='ocrx_word' id='word_1_346' title='bbox 891 1524 900 1538; x_wconf 94' lang='lat'><em>‚</em></span> <span class='ocrx_word' id='word_1_347' title='bbox 961 1523 970 1531; x_wconf 92' lang='lat'><strong>.</strong></span> 
     </span>
    </p>
   </div>
   <div class='ocr_carea' id='block_1_13' title="bbox 860 1585 1627 3099">
    <p class='ocr_par' dir='ltr' id='par_1_18' title="bbox 1101 1585 1377 1619">
     <span class='ocr_line' id='line_1_64' title="bbox 1101 1585 1377 1619; baseline 0.011 -3"><span class='ocrx_word' id='word_1_348' title='bbox 1101 1585 1306 1617; x_wconf 88' lang='lat' dir='ltr'>CARMEN</span> <span class='ocrx_word' id='word_1_349' title='bbox 1332 1587 1377 1619; x_wconf 89' lang='lat' dir='ltr'><strong>V.</strong></span> 
     </span>
    </p>

    <p class='ocr_par' dir='ltr' id='par_1_19' title="bbox 860 1628 1627 3099">
     <span class='ocr_line' id='line_1_65' title="bbox 905 1628 1614 1671; baseline 0.006 -12"><span class='ocrx_word' id='word_1_350' title='bbox 905 1629 991 1660; x_wconf 84' lang='lat' dir='ltr'><strong>Laus</strong></span> <span class='ocrx_word' id='word_1_351' title='bbox 1017 1628 1172 1670; x_wconf 82' lang='lat' dir='ltr'><strong>Augusti,</strong></span> <span class='ocrx_word' id='word_1_352' title='bbox 1195 1629 1228 1659; x_wconf 91' lang='lat' dir='ltr'><strong>in</strong></span> <span class='ocrx_word' id='word_1_353' title='bbox 1255 1639 1320 1671; x_wconf 91' lang='lat' dir='ltr'><strong>qua</strong></span> <span class='ocrx_word' id='word_1_354' title='bbox 1343 1629 1526 1661; x_wconf 82' lang='lat' dir='ltr'><strong>extollenda</strong></span> <span class='ocrx_word' id='word_1_355' title='bbox 1554 1630 1614 1664; x_wconf 87' lang='lat' dir='ltr'><strong>hoc</strong></span> 
     </span>
     <span class='ocr_line' id='line_1_66' title="bbox 861 1672 1614 1715; baseline 0.003 -12"><span class='ocrx_word' id='word_1_356' title='bbox 861 1683 987 1714; x_wconf 89' lang='lat' dir='ltr'><strong>quoque</strong></span> <span class='ocrx_word' id='word_1_357' title='bbox 1005 1682 1131 1703; x_wconf 89' lang='lat' dir='ltr'><strong>carmen</strong></span> <span class='ocrx_word' id='word_1_358' title='bbox 1149 1678 1300 1707; x_wconf 87' lang='lat' dir='ltr'><strong>versatur,</strong></span> <span class='ocrx_word' id='word_1_359' title='bbox 1315 1672 1384 1714; x_wconf 91' lang='lat' dir='ltr'><strong>jam</strong></span> <span class='ocrx_word' id='word_1_360' title='bbox 1399 1683 1438 1704; x_wconf 88' lang='lat' dir='ltr'><strong>ea.</strong></span> <span class='ocrx_word' id='word_1_361' title='bbox 1456 1673 1614 1715; x_wconf 87' lang='lat' dir='ltr'><strong>inprimis,</strong></span> 
     </span>
     <span class='ocr_line' id='line_1_67' title="bbox 860 1716 1614 1759; baseline 0.003 -13"><span class='ocrx_word' id='word_1_362' title='bbox 860 1726 934 1757; x_wconf 85' lang='lat' dir='ltr'><strong>quae</strong></span> <span class='ocrx_word' id='word_1_363' title='bbox 961 1716 1003 1747; x_wconf 93' lang='lat' dir='ltr'><strong>U.</strong></span> <span class='ocrx_word' id='word_1_364' title='bbox 1030 1716 1071 1746; x_wconf 90' lang='lat' dir='ltr'><strong>C.</strong></span> <span class='ocrx_word' id='word_1_365' title='bbox 1097 1725 1278 1746; x_wconf 79' lang='lat' dir='ltr'><strong>nccxxxiv</strong></span> <span class='ocrx_word' id='word_1_366' title='bbox 1304 1716 1364 1746; x_wconf 90' lang='lat' dir='ltr'><strong>sub</strong></span> <span class='ocrx_word' id='word_1_367' title='bbox 1388 1716 1459 1758; x_wconf 90' lang='lat' dir='ltr'><strong>ejus</strong></span> <span class='ocrx_word' id='word_1_368' title='bbox 1482 1717 1614 1759; x_wconf 87' lang='lat' dir='ltr'><strong>imperio</strong></span> 
     </span>
     <span class='ocr_line' id='line_1_68' title="bbox 861 1757 1614 1800; baseline 0.004 -12"><span class='ocrx_word' id='word_1_369' title='bbox 861 1759 947 1789; x_wconf 85' lang='lat' dir='ltr'><strong>sacta</strong></span> <span class='ocrx_word' id='word_1_370' title='bbox 964 1763 1050 1794; x_wconf 89' lang='lat' dir='ltr'><strong>sunt,</strong></span> <span class='ocrx_word' id='word_1_371' title='bbox 1066 1757 1296 1800; x_wconf 85' lang='lat' dir='ltr'><strong>complectitur.</strong></span> <span class='ocrx_word' id='word_1_372' title='bbox 1340 1759 1402 1789; x_wconf 91' lang='lat' dir='ltr'><strong>Illo</strong></span> <span class='ocrx_word' id='word_1_373' title='bbox 1424 1769 1509 1791; x_wconf 82' lang='lat' dir='ltr'><strong>anno</strong></span> <span class='ocrx_word' id='word_1_374' title='bbox 1525 1760 1614 1792; x_wconf 86' lang='lat' dir='ltr'><strong>scili-</strong></span> 
     </span>
     <span class='ocr_line' id='line_1_69' title="bbox 862 1801 1612 1842; baseline 0.005 -10"><span class='ocrx_word' id='word_1_375' title='bbox 862 1807 913 1832; x_wconf 87' lang='lat' dir='ltr'><strong>cet</strong></span> <span class='ocrx_word' id='word_1_376' title='bbox 929 1801 1097 1836; x_wconf 83' lang='lat' dir='ltr'><strong>Phraates,</strong></span> <span class='ocrx_word' id='word_1_377' title='bbox 1110 1810 1164 1831; x_wconf 84' lang='lat' dir='ltr'><strong>rex</strong></span> <span class='ocrx_word' id='word_1_378' title='bbox 1181 1801 1381 1840; x_wconf 80' lang='lat' dir='ltr'><strong>Parthorum,</strong></span> <span class='ocrx_word' id='word_1_379' title='bbox 1393 1802 1460 1833; x_wconf 88' lang='lat' dir='ltr'><strong>solo</strong></span> <span class='ocrx_word' id='word_1_380' title='bbox 1477 1813 1612 1842; x_wconf 85' lang='lat' dir='ltr'><strong>rumore,</strong></span> 
     </span>
     <span class='ocr_line' id='line_1_70' title="bbox 862 1844 1613 1888; baseline 0.003 -12"><span class='ocrx_word' id='word_1_381' title='bbox 862 1855 895 1876; x_wconf 88' lang='lat' dir='ltr'><strong>se</strong></span> <span class='ocrx_word' id='word_1_382' title='bbox 917 1845 1002 1875; x_wconf 90' lang='lat' dir='ltr'><strong>bello</strong></span> <span class='ocrx_word' id='word_1_383' title='bbox 1025 1845 1066 1875; x_wconf 91' lang='lat' dir='ltr'><strong>ab</strong></span> <span class='ocrx_word' id='word_1_384' title='bbox 1082 1844 1231 1885; x_wconf 80' lang='lat' dir='ltr'><strong>Augusto</strong></span> <span class='ocrx_word' id='word_1_385' title='bbox 1253 1844 1386 1886; x_wconf 87' lang='lat' dir='ltr'><strong>petitum</strong></span> <span class='ocrx_word' id='word_1_386' title='bbox 1410 1844 1460 1882; x_wconf 87' lang='lat' dir='ltr'><strong>iri,</strong></span> <span class='ocrx_word' id='word_1_387' title='bbox 1475 1845 1520 1878; x_wconf 86' lang='lat' dir='ltr'><strong>ita</strong></span> <span class='ocrx_word' id='word_1_388' title='bbox 1541 1857 1613 1888; x_wconf 90' lang='lat' dir='ltr'><strong>per-</strong></span> 
     </span>
     <span class='ocr_line' id='line_1_71' title="bbox 863 1886 1614 1932; baseline 0.004 -14"><span class='ocrx_word' id='word_1_389' title='bbox 863 1886 990 1919; x_wconf 89' lang='lat' dir='ltr'><strong>territus</strong></span> <span class='ocrx_word' id='word_1_390' title='bbox 1011 1897 1081 1918; x_wconf 88' lang='lat' dir='ltr'><strong>esse</strong></span> <span class='ocrx_word' id='word_1_391' title='bbox 1095 1886 1240 1922; x_wconf 85' lang='lat' dir='ltr'><strong>traditur,</strong></span> <span class='ocrx_word' id='word_1_392' title='bbox 1259 1893 1293 1919; x_wconf 89' lang='lat' dir='ltr'><strong>ut</strong></span> <span class='ocrx_word' id='word_1_393' title='bbox 1313 1888 1352 1919; x_wconf 90' lang='lat' dir='ltr'><strong>ad</strong></span> <span class='ocrx_word' id='word_1_394' title='bbox 1368 1889 1502 1930; x_wconf 77' lang='lat' dir='ltr'><strong>gratiam</strong></span> <span class='ocrx_word' id='word_1_395' title='bbox 1526 1889 1614 1932; x_wconf 82' lang='lat' dir='ltr'><strong>apud</strong></span> 
     </span>
     <span class='ocr_line' id='line_1_72' title="bbox 865 1930 1615 1974; baseline 0.004 -13"><span class='ocrx_word' id='word_1_396' title='bbox 865 1931 1052 1972; x_wconf 86' lang='lat' dir='ltr'><strong>Augustum</strong></span> <span class='ocrx_word' id='word_1_397' title='bbox 1081 1930 1254 1961; x_wconf 84' lang='lat' dir='ltr'><strong>ineundam</strong></span> <span class='ocrx_word' id='word_1_398' title='bbox 1287 1931 1432 1973; x_wconf 89' lang='lat' dir='ltr'><strong>captivos</strong></span> <span class='ocrx_word' id='word_1_399' title='bbox 1460 1937 1492 1963; x_wconf 88' lang='lat' dir='ltr'><strong>et</strong></span> <span class='ocrx_word' id='word_1_400' title='bbox 1522 1933 1615 1974; x_wconf 81' lang='lat' dir='ltr'><strong>signa</strong></span> 
     </span>
     <span class='ocr_line' id='line_1_73' title="bbox 865 1973 1615 2016; baseline 0.004 -12"><span class='ocrx_word' id='word_1_401' title='bbox 865 1973 1014 2005; x_wconf 80' lang='lat' dir='ltr'><strong>militaria</strong></span> <span class='ocrx_word' id='word_1_402' title='bbox 1031 1975 1122 2016; x_wconf 82' lang='lat' dir='ltr'><strong>(quae</strong></span> <span class='ocrx_word' id='word_1_403' title='bbox 1138 1974 1255 2004; x_wconf 90' lang='lat' dir='ltr'><strong>Crasso</strong></span> <span class='ocrx_word' id='word_1_404' title='bbox 1269 1978 1302 2004; x_wconf 92' lang='lat' dir='ltr'><strong>et</strong></span> <span class='ocrx_word' id='word_1_405' title='bbox 1319 1973 1460 2006; x_wconf 85' lang='lat' dir='ltr'><strong>Antonio</strong></span> <span class='ocrx_word' id='word_1_406' title='bbox 1476 1974 1615 2007; x_wconf 90' lang='lat' dir='ltr'><strong>ducibus</strong></span> 
     </span>
     <span class='ocr_line' id='line_1_74' title="bbox 863 2015 1616 2060; baseline 0.003 -12"><span class='ocrx_word' id='word_1_407' title='bbox 863 2017 1064 2059; x_wconf 83' lang='lat' dir='ltr'><strong>perdiderant</strong></span> <span class='ocrx_word' id='word_1_408' title='bbox 1089 2015 1337 2058; x_wconf 81' lang='lat' dir='ltr'><strong>Romani),jam</strong></span> <span class='ocrx_word' id='word_1_409' title='bbox 1362 2017 1479 2060; x_wconf 84' lang='lat' dir='ltr'><strong>saepius</strong></span> <span class='ocrx_word' id='word_1_410' title='bbox 1499 2017 1616 2050; x_wconf 81' lang='lat' dir='ltr'><strong>frustra</strong></span> 
     </span>
     <span class='ocr_line' id='line_1_75' title="bbox 862 2059 1615 2102; baseline 0.005 -12"><span class='ocrx_word' id='word_1_411' title='bbox 862 2059 1004 2102; x_wconf 84' lang='lat' dir='ltr'><strong>repetita,</strong></span> <span class='ocrx_word' id='word_1_412' title='bbox 1029 2069 1116 2090; x_wconf 91' lang='lat' dir='ltr'><strong>nunc</strong></span> <span class='ocrx_word' id='word_1_413' title='bbox 1145 2065 1258 2102; x_wconf 86' lang='lat' dir='ltr'><strong>sponte</strong></span> <span class='ocrx_word' id='word_1_414' title='bbox 1287 2059 1470 2092; x_wconf 86' lang='lat' dir='ltr'><strong>remitteret.</strong></span> <span class='ocrx_word' id='word_1_415' title='bbox 1517 2062 1615 2099; x_wconf 84' lang='lat' dir='ltr'><strong>Quod</strong></span> 
     </span>
     <span class='ocr_line' id='line_1_76' title="bbox 862 2102 1615 2148; baseline 0.004 -14"><span class='ocrx_word' id='word_1_416' title='bbox 862 2113 937 2134; x_wconf 90' lang='lat' dir='ltr'><strong>cum</strong></span> <span class='ocrx_word' id='word_1_417' title='bbox 953 2103 1101 2143; x_wconf 82' lang='lat' dir='ltr'><strong>Augusto</strong></span> <span class='ocrx_word' id='word_1_418' title='bbox 1116 2109 1199 2134; x_wconf 88' lang='lat' dir='ltr'><strong>esset</strong></span> <span class='ocrx_word' id='word_1_419' title='bbox 1218 2102 1494 2144; x_wconf 85' lang='lat' dir='ltr'><strong>gloriosissimum,</strong></span> <span class='ocrx_word' id='word_1_420' title='bbox 1512 2110 1542 2136; x_wconf 84' lang='lat' dir='ltr'><strong>et</strong></span> <span class='ocrx_word' id='word_1_421' title='bbox 1559 2116 1615 2148; x_wconf 88' lang='lat' dir='ltr'><strong>pro</strong></span> 
     </span>
     <span class='ocr_line' id='line_1_77' title="bbox 863 2145 1614 2190; baseline 0.004 -13"><span class='ocrx_word' id='word_1_422' title='bbox 863 2146 980 2187; x_wconf 85' lang='lat' dir='ltr'><strong>insigni</strong></span> <span class='ocrx_word' id='word_1_423' title='bbox 1007 2145 1047 2178; x_wconf 90' lang='lat' dir='ltr'><strong>de</strong></span> <span class='ocrx_word' id='word_1_424' title='bbox 1077 2145 1202 2176; x_wconf 83' lang='lat' dir='ltr'><strong>Parthis</strong></span> <span class='ocrx_word' id='word_1_425' title='bbox 1230 2146 1361 2177; x_wconf 90' lang='lat' dir='ltr'><strong>victoria</strong></span> <span class='ocrx_word' id='word_1_426' title='bbox 1385 2152 1449 2178; x_wconf 87' lang='lat' dir='ltr'><strong>tam</strong></span> <span class='ocrx_word' id='word_1_427' title='bbox 1478 2147 1519 2178; x_wconf 84' lang='lat' dir='ltr'><strong>ab</strong></span> <span class='ocrx_word' id='word_1_428' title='bbox 1545 2148 1614 2190; x_wconf 86' lang='lat' dir='ltr'><strong>ipso</strong></span> 
     </span>
     <span class='ocr_line' id='line_1_78' title="bbox 862 2189 1619 2231; baseline 0.004 -11"><span class='ocrx_word' id='word_1_429' title='bbox 862 2199 958 2231; x_wconf 90' lang='lat' dir='ltr'><strong>quam</strong></span> <span class='ocrx_word' id='word_1_430' title='bbox 975 2189 1016 2221; x_wconf 82' lang='lat' dir='ltr'><strong>ab</strong></span> <span class='ocrx_word' id='word_1_431' title='bbox 1031 2189 1178 2221; x_wconf 88' lang='lat' dir='ltr'><strong>omnibus</strong></span> <span class='ocrx_word' id='word_1_432' title='bbox 1191 2189 1348 2220; x_wconf 88' lang='lat' dir='ltr'><strong>Romanis</strong></span> <span class='ocrx_word' id='word_1_433' title='bbox 1365 2190 1542 2226; x_wconf 83' lang='lat' dir='ltr'><strong>haberetur,</strong></span> <span class='ocrx_word' id='word_1_434' title='bbox 1554 2191 1619 2223; x_wconf 89' lang='lat' dir='ltr'><strong>vid.</strong></span> 
     </span>
     <span class='ocr_line' id='line_1_79' title="bbox 865 2231 1616 2275; baseline 0.004 -12"><span class='ocrx_word' id='word_1_435' title='bbox 865 2231 930 2264; x_wconf 88' lang='lat' dir='ltr'><strong>Dio</strong></span> <span class='ocrx_word' id='word_1_436' title='bbox 950 2232 1005 2270; x_wconf 87' lang='lat' dir='ltr'><strong>liv,</strong></span> <span class='ocrx_word' id='word_1_437' title='bbox 1021 2233 1051 2264; x_wconf 84' lang='lat'><strong>8.</strong></span> <span class='ocrx_word' id='word_1_438' title='bbox 1097 2231 1250 2264; x_wconf 85' lang='lat' dir='ltr'><strong>Horatius</strong></span> <span class='ocrx_word' id='word_1_439' title='bbox 1266 2234 1453 2274; x_wconf 70' lang='lat' dir='ltr'><strong>Augustum,</strong></span> <span class='ocrx_word' id='word_1_440' title='bbox 1469 2241 1616 2275; x_wconf 75' lang='lat' dir='ltr'><strong>tanquam</strong></span> 
     </span>
     <span class='ocr_line' id='line_1_80' title="bbox 862 2275 1615 2320; baseline 0.004 -14"><span class='ocrx_word' id='word_1_441' title='bbox 862 2283 1038 2316; x_wconf 63' lang='lat' dir='ltr'><strong>presentem</strong></span> <span class='ocrx_word' id='word_1_442' title='bbox 1065 2275 1209 2306; x_wconf 65' lang='lat' dir='ltr'><strong>Romam?</strong></span> <span class='ocrx_word' id='word_1_443' title='bbox 1229 2278 1331 2316; x_wconf 79' lang='lat' dir='ltr'><strong>gentis</strong></span> <span class='ocrx_word' id='word_1_444' title='bbox 1347 2278 1449 2313; x_wconf 83' lang='lat' dir='ltr'><strong>deum,</strong></span> <span class='ocrx_word' id='word_1_445' title='bbox 1469 2277 1524 2319; x_wconf 89' lang='lat' dir='ltr'><strong>qui</strong></span> <span class='ocrx_word' id='word_1_446' title='bbox 1545 2278 1615 2320; x_wconf 88' lang='lat' dir='ltr'><strong>jam</strong></span> 
     </span>
     <span class='ocr_line' id='line_1_81' title="bbox 864 2319 1616 2362; baseline 0.003 -12"><span class='ocrx_word' id='word_1_447' title='bbox 864 2324 931 2350; x_wconf 84' lang='lat' dir='ltr'><strong>tum</strong></span> <span class='ocrx_word' id='word_1_448' title='bbox 958 2329 1067 2360; x_wconf 86' lang='lat' dir='ltr'><strong>graves</strong></span> <span class='ocrx_word' id='word_1_449' title='bbox 1092 2320 1206 2350; x_wconf 87' lang='lat' dir='ltr'><strong>Persas</strong></span> <span class='ocrx_word' id='word_1_450' title='bbox 1235 2319 1366 2362; x_wconf 87' lang='lat' dir='ltr'><strong>imperio</strong></span> <span class='ocrx_word' id='word_1_451' title='bbox 1391 2319 1556 2362; x_wconf 84' lang='lat' dir='ltr'><strong>adjecerit,</strong></span> <span class='ocrx_word' id='word_1_452' title='bbox 1582 2321 1616 2352; x_wconf 87' lang='lat' dir='ltr'><strong>in</strong></span> 
     </span>
     <span class='ocr_line' id='line_1_82' title="bbox 865 2361 1617 2395; baseline 0.004 -3"><span class='ocrx_word' id='word_1_453' title='bbox 865 2361 924 2393; x_wconf 90' lang='lat' dir='ltr'><strong>hoc</strong></span> <span class='ocrx_word' id='word_1_454' title='bbox 955 2362 1096 2394; x_wconf 89' lang='lat' dir='ltr'><strong>carmine</strong></span> <span class='ocrx_word' id='word_1_455' title='bbox 1125 2362 1278 2394; x_wconf 88' lang='lat' dir='ltr'><strong>celebrat.</strong></span> <span class='ocrx_word' id='word_1_456' title='bbox 1334 2363 1410 2394; x_wconf 87' lang='lat' dir='ltr'><strong>Jam</strong></span> <span class='ocrx_word' id='word_1_457' title='bbox 1439 2374 1514 2395; x_wconf 89' lang='lat' dir='ltr'><strong>vero</strong></span> <span class='ocrx_word' id='word_1_458' title='bbox 1543 2375 1617 2395; x_wconf 88' lang='lat' dir='ltr'><strong>cum</strong></span> 
     </span>
     <span class='ocr_line' id='line_1_83' title="bbox 866 2405 1618 2447; baseline 0.004 -11"><span class='ocrx_word' id='word_1_459' title='bbox 866 2405 962 2436; x_wconf 88' lang='lat' dir='ltr'><strong>simul</strong></span> <span class='ocrx_word' id='word_1_460' title='bbox 1003 2405 1229 2437; x_wconf 78' lang='lat' dir='ltr'><strong>Britannorum</strong></span> <span class='ocrx_word' id='word_1_461' title='bbox 1264 2407 1392 2446; x_wconf 84' lang='lat' dir='ltr'><strong>imperio</strong></span> <span class='ocrx_word' id='word_1_462' title='bbox 1428 2408 1618 2447; x_wconf 76' lang='lat' dir='ltr'><strong>adjectorum</strong></span> 
     </span>
     <span class='ocr_line' id='line_1_84' title="bbox 867 2448 1620 2486; baseline 0.004 -7"><span class='ocrx_word' id='word_1_463' title='bbox 867 2449 1059 2480; x_wconf 87' lang='lat' dir='ltr'><strong>mentionem</strong></span> <span class='ocrx_word' id='word_1_464' title='bbox 1076 2448 1185 2486; x_wconf 84' lang='lat' dir='ltr'><strong>saciat,</strong></span> <span class='ocrx_word' id='word_1_465' title='bbox 1201 2449 1233 2479; x_wconf 90' lang='lat' dir='ltr'><strong>in</strong></span> <span class='ocrx_word' id='word_1_466' title='bbox 1249 2449 1386 2481; x_wconf 87' lang='lat' dir='ltr'><strong>eundem</strong></span> <span class='ocrx_word' id='word_1_467' title='bbox 1403 2460 1523 2481; x_wconf 90' lang='lat' dir='ltr'><strong>annum</strong></span> <span class='ocrx_word' id='word_1_468' title='bbox 1538 2450 1620 2482; x_wconf 70' lang='lat' dir='ltr'><strong>in&#39;ci-</strong></span> 
     </span>
     <span class='ocr_line' id='line_1_85' title="bbox 867 2491 1620 2536; baseline 0.003 -13"><span class='ocrx_word' id='word_1_469' title='bbox 867 2491 941 2524; x_wconf 87' lang='lat' dir='ltr'><strong>dere</strong></span> <span class='ocrx_word' id='word_1_470' title='bbox 955 2492 1090 2529; x_wconf 89' lang='lat' dir='ltr'><strong>videtur,</strong></span> <span class='ocrx_word' id='word_1_471' title='bbox 1107 2491 1193 2534; x_wconf 88' lang='lat' dir='ltr'><strong>quod</strong></span> <span class='ocrx_word' id='word_1_472' title='bbox 1208 2493 1248 2524; x_wconf 91' lang='lat' dir='ltr'><strong>de</strong></span> <span class='ocrx_word' id='word_1_473' title='bbox 1269 2492 1447 2530; x_wconf 86' lang='lat' dir='ltr'><strong>Britannia,</strong></span> <span class='ocrx_word' id='word_1_474' title='bbox 1460 2493 1530 2536; x_wconf 85' lang='lat' dir='ltr'><strong>jam</strong></span> <span class='ocrx_word' id='word_1_475' title='bbox 1551 2500 1620 2525; x_wconf 89' lang='lat' dir='ltr'><strong>tum</strong></span> 
     </span>
     <span class='ocr_line' id='line_1_86' title="bbox 868 2535 1620 2579; baseline 0.003 -13"><span class='ocrx_word' id='word_1_476' title='bbox 868 2535 1038 2567; x_wconf 85' lang='lat' dir='ltr'><strong>maximam</strong></span> <span class='ocrx_word' id='word_1_477' title='bbox 1054 2541 1175 2578; x_wconf 87' lang='lat' dir='ltr'><strong>partem</strong></span> <span class='ocrx_word' id='word_1_478' title='bbox 1191 2546 1246 2578; x_wconf 89' lang='lat' dir='ltr'><strong>per</strong></span> <span class='ocrx_word' id='word_1_479' title='bbox 1258 2535 1462 2578; x_wconf 87' lang='lat' dir='ltr'><strong>dynastarum</strong></span> <span class='ocrx_word' id='word_1_480' title='bbox 1480 2547 1620 2579; x_wconf 88' lang='lat' dir='ltr'><strong>quorun-</strong></span> 
     </span>
     <span class='ocr_line' id='line_1_87' title="bbox 870 2578 1620 2623; baseline 0.003 -13"><span class='ocrx_word' id='word_1_481' title='bbox 870 2578 943 2610; x_wconf 89' lang='lat' dir='ltr'><strong>dam</strong></span> <span class='ocrx_word' id='word_1_482' title='bbox 967 2579 1074 2610; x_wconf 76' lang='lat' dir='ltr'><strong>studia</strong></span> <span class='ocrx_word' id='word_1_483' title='bbox 1091 2579 1311 2610; x_wconf 86' lang='lat' dir='ltr'><strong>Romanorum</strong></span> <span class='ocrx_word' id='word_1_484' title='bbox 1330 2579 1462 2622; x_wconf 84' lang='lat' dir='ltr'><strong>imperio</strong></span> <span class='ocrx_word' id='word_1_485' title='bbox 1483 2581 1620 2623; x_wconf 80' lang='lat' dir='ltr'><strong>adjecta,</strong></span> 
     </span>
     <span class='ocr_line' id='line_1_88' title="bbox 870 2621 1620 2666; baseline 0.003 -13"><span class='ocrx_word' id='word_1_486' title='bbox 870 2621 981 2654; x_wconf 88' lang='lat' dir='ltr'><strong>scribit</strong></span> <span class='ocrx_word' id='word_1_487' title='bbox 1002 2622 1117 2653; x_wconf 88' lang='lat' dir='ltr'><strong>Strabo</strong></span> <span class='ocrx_word' id='word_1_488' title='bbox 1139 2622 1183 2658; x_wconf 87' lang='lat' dir='ltr'><strong>iv,</strong></span> <span class='ocrx_word' id='word_1_489' title='bbox 1204 2633 1235 2665; x_wconf 88' lang='lat' dir='ltr'><strong>p.</strong></span> <span class='ocrx_word' id='word_1_490' title='bbox 1258 2623 1328 2660; x_wconf 80' lang='lat'><strong>138,</strong></span> <span class='ocrx_word' id='word_1_491' title='bbox 1344 2623 1471 2655; x_wconf 78' lang='grc' dir='ltr'>οἰκείαν</span> <span class='ocrx_word' id='word_1_492' title='bbox 1495 2623 1620 2666; x_wconf 79' lang='grc' dir='ltr'><strong><em>σχεδὸν</em></strong></span> 
     </span>
     <span class='ocr_line' id='line_1_89' title="bbox 870 2664 1622 2709; baseline 0.004 -12"><span class='ocrx_word' id='word_1_493' title='bbox 870 2665 1137 2709; x_wconf 77' lang='grc' dir='ltr'>παρεσκεύασαν</span> <span class='ocrx_word' id='word_1_494' title='bbox 1158 2667 1230 2704; x_wconf 85' lang='grc' dir='ltr'><em>τοῖς</em></span> <span class='ocrx_word' id='word_1_495' title='bbox 1249 2664 1430 2708; x_wconf 78' lang='grc' dir='ltr'>Ῥωμαίοις</span> <span class='ocrx_word' id='word_1_496' title='bbox 1448 2666 1537 2706; x_wconf 86' lang='grc' dir='ltr'>ὅλην</span> <span class='ocrx_word' id='word_1_497' title='bbox 1557 2668 1622 2706; x_wconf 78' lang='grc' dir='ltr'><strong>τήν</strong></span> 
     </span>
     <span class='ocr_line' id='line_1_90' title="bbox 870 2708 1623 2749; baseline 0 -7"><span class='ocrx_word' id='word_1_498' title='bbox 870 2712 996 2749; x_wconf 79' lang='grc' dir='ltr'><strong><em>νῆσον.</em></strong></span> <span class='ocrx_word' id='word_1_499' title='bbox 1024 2709 1136 2740; x_wconf 85' lang='lat' dir='ltr'><strong>Totam</strong></span> <span class='ocrx_word' id='word_1_500' title='bbox 1151 2709 1236 2740; x_wconf 88' lang='lat' dir='ltr'><strong>enim</strong></span> <span class='ocrx_word' id='word_1_501' title='bbox 1251 2708 1389 2741; x_wconf 88' lang='lat' dir='ltr'><strong>insulam</strong></span> <span class='ocrx_word' id='word_1_502' title='bbox 1406 2710 1467 2741; x_wconf 88' lang='lat' dir='ltr'><strong>sub</strong></span> <span class='ocrx_word' id='word_1_503' title='bbox 1484 2710 1623 2743; x_wconf 88' lang='lat' dir='ltr'><strong>Claudio</strong></span> 
     </span>
     <span class='ocr_line' id='line_1_91' title="bbox 868 2752 1623 2795; baseline 0.001 -11"><span class='ocrx_word' id='word_1_504' title='bbox 868 2753 997 2784; x_wconf 89' lang='lat' dir='ltr'><strong>demum</strong></span> <span class='ocrx_word' id='word_1_505' title='bbox 1014 2752 1047 2783; x_wconf 91' lang='lat' dir='ltr'><strong>in</strong></span> <span class='ocrx_word' id='word_1_506' title='bbox 1065 2752 1222 2784; x_wconf 73' lang='lat' dir='ltr'><strong>Romanae</strong></span> <span class='ocrx_word' id='word_1_507' title='bbox 1238 2752 1411 2795; x_wconf 87' lang='lat' dir='ltr'><strong>provinciae</strong></span> <span class='ocrx_word' id='word_1_508' title='bbox 1426 2753 1560 2784; x_wconf 88' lang='lat' dir='ltr'><strong>sormam</strong></span> <span class='ocrx_word' id='word_1_509' title='bbox 1575 2765 1623 2785; x_wconf 85' lang='lat' dir='ltr'><strong>re-</strong></span> 
     </span>
     <span class='ocr_line' id='line_1_92' title="bbox 868 2795 1624 2828; baseline 0.001 -1"><span class='ocrx_word' id='word_1_510' title='bbox 868 2796 995 2827; x_wconf 86' lang='lat' dir='ltr'><strong>dactam</strong></span> <span class='ocrx_word' id='word_1_511' title='bbox 1004 2806 1073 2827; x_wconf 85' lang='lat' dir='ltr'><strong>esse</strong></span> <span class='ocrx_word' id='word_1_512' title='bbox 1083 2795 1160 2827; x_wconf 85' lang='lat' dir='ltr'><strong>satis</strong></span> <span class='ocrx_word' id='word_1_513' title='bbox 1169 2802 1305 2828; x_wconf 86' lang='lat' dir='ltr'><strong>constat.</strong></span> <span class='ocrx_word' id='word_1_514' title='bbox 1328 2797 1423 2828; x_wconf 88' lang='lat' dir='ltr'><strong>Unde</strong></span> <span class='ocrx_word' id='word_1_515' title='bbox 1434 2803 1580 2828; x_wconf 90' lang='lat' dir='ltr'><strong>ornatum</strong></span> <span class='ocrx_word' id='word_1_516' title='bbox 1591 2803 1624 2828; x_wconf 87' lang='lat' dir='ltr'><strong>et</strong></span> 
     </span>
     <span class='ocr_line' id='line_1_93' title="bbox 871 2837 1624 2882; baseline 0.003 -13"><span class='ocrx_word' id='word_1_517' title='bbox 871 2838 1057 2880; x_wconf 84' lang='lat' dir='ltr'><strong>gravitatem</strong></span> <span class='ocrx_word' id='word_1_518' title='bbox 1074 2837 1209 2870; x_wconf 88' lang='lat' dir='ltr'><strong>carmini</strong></span> <span class='ocrx_word' id='word_1_519' title='bbox 1223 2850 1282 2870; x_wconf 90' lang='lat' dir='ltr'><strong>suo</strong></span> <span class='ocrx_word' id='word_1_520' title='bbox 1300 2845 1431 2882; x_wconf 89' lang='lat' dir='ltr'><strong>peteret,</strong></span> <span class='ocrx_word' id='word_1_521' title='bbox 1448 2851 1512 2871; x_wconf 90' lang='lat' dir='ltr'><strong>non</strong></span> <span class='ocrx_word' id='word_1_522' title='bbox 1528 2840 1624 2881; x_wconf 89' lang='lat' dir='ltr'><strong>longe</strong></span> 
     </span>
     <span class='ocr_line' id='line_1_94' title="bbox 871 2881 1626 2925; baseline 0 -11"><span class='ocrx_word' id='word_1_523' title='bbox 871 2881 1193 2925; x_wconf 86' lang='lat' dir='ltr'><strong>circumspiciendum</strong></span> <span class='ocrx_word' id='word_1_524' title='bbox 1226 2882 1286 2914; x_wconf 80' lang='lat' dir='ltr'><strong>suit</strong></span> <span class='ocrx_word' id='word_1_525' title='bbox 1314 2889 1429 2925; x_wconf 84' lang='lat' dir='ltr'><strong>poetae.</strong></span> <span class='ocrx_word' id='word_1_526' title='bbox 1477 2884 1626 2915; x_wconf 87' lang='lat' dir='ltr'><strong>Graviter</strong></span> 
     </span>
     <span class='ocr_line' id='line_1_95' title="bbox 872 2924 1623 2969; baseline 0 -13"><span class='ocrx_word' id='word_1_527' title='bbox 872 2925 973 2962; x_wconf 86' lang='lat' dir='ltr'><strong>enim,</strong></span> <span class='ocrx_word' id='word_1_528' title='bbox 1000 2926 1087 2967; x_wconf 88' lang='lat' dir='ltr'><strong>quod</strong></span> <span class='ocrx_word' id='word_1_529' title='bbox 1116 2924 1217 2969; x_wconf 85' lang='lat' dir='ltr'><strong>ipsius</strong></span> <span class='ocrx_word' id='word_1_530' title='bbox 1250 2925 1294 2957; x_wconf 90' lang='lat' dir='ltr'><strong>rei</strong></span> <span class='ocrx_word' id='word_1_531' title='bbox 1325 2926 1446 2958; x_wconf 87' lang='lat' dir='ltr'><strong>ferebat</strong></span> <span class='ocrx_word' id='word_1_532' title='bbox 1474 2925 1623 2962; x_wconf 85' lang='lat' dir='ltr'><strong>narratio,</strong></span> 
     </span>
     <span class='ocr_line' id='line_1_96' title="bbox 874 2968 1626 3012; baseline -0.001 -12"><span class='ocrx_word' id='word_1_533' title='bbox 874 2968 1055 3012; x_wconf 89' lang='lat' dir='ltr'><strong>pudendam</strong></span> <span class='ocrx_word' id='word_1_534' title='bbox 1076 2968 1168 3000; x_wconf 89' lang='lat' dir='ltr'><strong>istam</strong></span> <span class='ocrx_word' id='word_1_535' title='bbox 1187 2969 1326 3000; x_wconf 88' lang='lat' dir='ltr'><strong>militum</strong></span> <span class='ocrx_word' id='word_1_536' title='bbox 1340 2970 1560 3000; x_wconf 89' lang='lat' dir='ltr'><strong>Romanorum</strong></span> <span class='ocrx_word' id='word_1_537' title='bbox 1577 2968 1626 3010; x_wconf 85' lang='lat' dir='ltr'><strong>ig-</strong></span> 
     </span>
     <span class='ocr_line' id='line_1_97' title="bbox 876 3011 1625 3055; baseline -0.003 -11"><span class='ocrx_word' id='word_1_538' title='bbox 876 3013 1000 3044; x_wconf 83' lang='lat' dir='ltr'><strong>naviam</strong></span> <span class='ocrx_word' id='word_1_539' title='bbox 1017 3018 1050 3044; x_wconf 83' lang='lat' dir='ltr'><strong>et</strong></span> <span class='ocrx_word' id='word_1_540' title='bbox 1061 3011 1255 3055; x_wconf 88' lang='lat' dir='ltr'><strong>impietatem</strong></span> <span class='ocrx_word' id='word_1_541' title='bbox 1270 3012 1303 3043; x_wconf 86' lang='lat' dir='ltr'><strong>in</strong></span> <span class='ocrx_word' id='word_1_542' title='bbox 1319 3012 1465 3055; x_wconf 88' lang='lat' dir='ltr'><strong>patriam,</strong></span> <span class='ocrx_word' id='word_1_543' title='bbox 1478 3022 1544 3053; x_wconf 91' lang='lat' dir='ltr'><strong>qua</strong></span> <span class='ocrx_word' id='word_1_544' title='bbox 1560 3022 1625 3042; x_wconf 90' lang='lat' dir='ltr'><strong>non</strong></span> 
     </span>
     <span class='ocr_line' id='line_1_98' title="bbox 875 3054 1627 3099; baseline -0.003 -12"><span class='ocrx_word' id='word_1_545' title='bbox 875 3055 954 3099; x_wconf 82' lang='lat' dir='ltr'><strong>eripi</strong></span> <span class='ocrx_word' id='word_1_546' title='bbox 978 3055 1040 3088; x_wconf 88' lang='lat' dir='ltr'><strong>sibi</strong></span> <span class='ocrx_word' id='word_1_547' title='bbox 1060 3056 1164 3088; x_wconf 83' lang='lat' dir='ltr'><strong>solum</strong></span> <span class='ocrx_word' id='word_1_548' title='bbox 1189 3055 1275 3099; x_wconf 87' lang='lat' dir='ltr'><strong>passi</strong></span> <span class='ocrx_word' id='word_1_549' title='bbox 1299 3061 1406 3088; x_wconf 86' lang='lat' dir='ltr'><strong>essent</strong></span> <span class='ocrx_word' id='word_1_550' title='bbox 1426 3055 1518 3096; x_wconf 82' lang='lat' dir='ltr'><strong>sigua</strong></span> <span class='ocrx_word' id='word_1_551' title='bbox 1541 3054 1627 3086; x_wconf 89' lang='lat' dir='ltr'><strong>mili-</strong></span> 
     </span>
    </p>
   </div>
  </div>
 </body>
</html>
