<?xml version="1.0" encoding="UTF-8"?>
<!DOCTYPE html PUBLIC "-//W3C//DTD XHTML 1.0 Transitional//EN"
    "http://www.w3.org/TR/xhtml1/DTD/xhtml1-transitional.dtd">
<html xmlns="http://www.w3.org/1999/xhtml" xml:lang="en" lang="en">
 <head>
  <title>
</title>
<meta http-equiv="Content-Type" content="text/html;charset=utf-8" />
  <meta name='ocr-system' content='tesseract 3.04.00' />
  <meta name='ocr-capabilities' content='ocr_page ocr_carea ocr_par ocr_line ocrx_word'/>
</head>
<body>
  <div class='ocr_page' id='page_1' title='image "./operahorac00horauoft_0320.png"; bbox 0 0 1884 3288; ppageno 0'>
   <div class='ocr_carea' id='block_1_1' title="bbox 271 197 354 238">
    <p class='ocr_par' dir='ltr' id='par_1_1' title="bbox 271 197 354 238">
     <span class='ocr_line' id='line_1_1' title="bbox 271 197 354 238; baseline -0.012 0"><span class='ocrx_word' id='word_1_1' title='bbox 271 197 354 238; x_wconf 70' lang='lat'>280</span> 
     </span>
    </p>
   </div>
   <div class='ocr_carea' id='block_1_2' title="bbox 875 199 1171 241">
    <p class='ocr_par' dir='ltr' id='par_1_2' title="bbox 875 199 1171 241">
     <span class='ocr_line' id='line_1_2' title="bbox 875 199 1171 241; baseline 0.007 -2"><span class='ocrx_word' id='word_1_2' title='bbox 875 199 1171 241; x_wconf 90' lang='lat' dir='ltr'>EPODON</span> 
     </span>
    </p>
   </div>
   <div class='ocr_carea' id='block_1_3' title="bbox 386 295 1560 487">
    <p class='ocr_par' dir='ltr' id='par_1_3' title="bbox 386 295 1560 487">
     <span class='ocr_line' id='line_1_3' title="bbox 386 295 1560 354; baseline 0.003 -17"><span class='ocrx_word' id='word_1_3' title='bbox 386 295 489 337; x_wconf 93' lang='lat' dir='ltr'>Neu</span> <span class='ocrx_word' id='word_1_4' title='bbox 511 312 716 339; x_wconf 90' lang='lat' dir='ltr'>conversa</span> <span class='ocrx_word' id='word_1_5' title='bbox 736 299 907 340; x_wconf 90' lang='lat' dir='ltr'>domum</span> <span class='ocrx_word' id='word_1_6' title='bbox 926 300 1074 354; x_wconf 83' lang='lat' dir='ltr'>pigeat</span> <span class='ocrx_word' id='word_1_7' title='bbox 1096 300 1199 341; x_wconf 89' lang='lat' dir='ltr'>dare</span> <span class='ocrx_word' id='word_1_8' title='bbox 1220 299 1365 349; x_wconf 86' lang='lat' dir='ltr'>lintea,</span> <span class='ocrx_word' id='word_1_9' title='bbox 1387 299 1560 353; x_wconf 88' lang='lat' dir='ltr'>quando</span> 
     </span>
     <span class='ocr_line' id='line_1_4' title="bbox 441 363 1200 415; baseline 0.005 -12"><span class='ocrx_word' id='word_1_10' title='bbox 441 363 587 405; x_wconf 86' lang='lat' dir='ltr'>Padus</span> <span class='ocrx_word' id='word_1_11' title='bbox 610 364 777 406; x_wconf 88' lang='lat' dir='ltr'>Matina</span> <span class='ocrx_word' id='word_1_12' title='bbox 796 365 946 406; x_wconf 86' lang='lat' dir='ltr'>laverit</span> <span class='ocrx_word' id='word_1_13' title='bbox 967 367 1200 415; x_wconf 88' lang='lat' dir='ltr'>cacumina,</span> 
     </span>
     <span class='ocr_line' id='line_1_5' title="bbox 386 428 1397 487; baseline 0.004 -18"><span class='ocrx_word' id='word_1_14' title='bbox 386 428 436 469; x_wconf 92' lang='lat' dir='ltr'>In</span> <span class='ocrx_word' id='word_1_15' title='bbox 456 445 570 471; x_wconf 86' lang='lat' dir='ltr'>mare</span> <span class='ocrx_word' id='word_1_16' title='bbox 593 446 669 472; x_wconf 90' lang='lat' dir='ltr'>seu</span> <span class='ocrx_word' id='word_1_17' title='bbox 689 431 827 473; x_wconf 89' lang='lat' dir='ltr'>celsus</span> <span class='ocrx_word' id='word_1_18' title='bbox 848 434 1108 486; x_wconf 85' lang='lat' dir='ltr'>procurrerit</span> <span class='ocrx_word' id='word_1_19' title='bbox 1129 432 1397 487; x_wconf 86' lang='lat' dir='ltr'>Apenninus,</span> 
     </span>
    </p>
   </div>
   <div class='ocr_carea' id='block_1_4' title="bbox 301 494 357 533">
    <p class='ocr_par' dir='ltr' id='par_1_4' title="bbox 301 494 357 533">
     <span class='ocr_line' id='line_1_6' title="bbox 301 494 357 533; baseline 0 0"><span class='ocrx_word' id='word_1_20' title='bbox 301 494 357 533; x_wconf 84' lang='lat'>30</span> 
     </span>
    </p>
   </div>
   <div class='ocr_carea' id='block_1_5' title="bbox 442 495 1264 552">
    <p class='ocr_par' dir='ltr' id='par_1_5' title="bbox 442 495 1264 552">
     <span class='ocr_line' id='line_1_7' title="bbox 442 495 1264 552; baseline 0.004 -16"><span class='ocrx_word' id='word_1_21' title='bbox 442 495 655 551; x_wconf 86' lang='lat' dir='ltr'>Novaque</span> <span class='ocrx_word' id='word_1_22' title='bbox 676 505 862 538; x_wconf 84' lang='lat' dir='ltr'>monstra</span> <span class='ocrx_word' id='word_1_23' title='bbox 876 499 1069 552; x_wconf 86' lang='lat' dir='ltr'>junxerit</span> <span class='ocrx_word' id='word_1_24' title='bbox 1088 499 1264 539; x_wconf 84' lang='lat' dir='ltr'>libidine</span> 
     </span>
    </p>
   </div>
   <div class='ocr_carea' id='block_1_6' title="bbox 298 560 1553 1143">
    <p class='ocr_par' dir='ltr' id='par_1_6' title="bbox 387 560 1460 680">
     <span class='ocr_line' id='line_1_8' title="bbox 387 560 1460 618; baseline 0.002 -16"><span class='ocrx_word' id='word_1_25' title='bbox 387 560 531 603; x_wconf 84' lang='lat' dir='ltr'>Mirus</span> <span class='ocrx_word' id='word_1_26' title='bbox 553 577 681 612; x_wconf 84' lang='lat' dir='ltr'>amor,</span> <span class='ocrx_word' id='word_1_27' title='bbox 702 565 823 618; x_wconf 85' lang='lat' dir='ltr'>juvet</span> <span class='ocrx_word' id='word_1_28' title='bbox 843 572 891 604; x_wconf 90' lang='lat' dir='ltr'>ut</span> <span class='ocrx_word' id='word_1_29' title='bbox 912 566 1044 618; x_wconf 80' lang='lat' dir='ltr'>tigres</span> <span class='ocrx_word' id='word_1_30' title='bbox 1068 565 1289 606; x_wconf 81' lang='lat' dir='ltr'>subsidere</span> <span class='ocrx_word' id='word_1_31' title='bbox 1311 566 1460 614; x_wconf 85' lang='lat' dir='ltr'>cervis,</span> 
     </span>
     <span class='ocr_line' id='line_1_9' title="bbox 443 627 1184 680; baseline 0.004 -12"><span class='ocrx_word' id='word_1_32' title='bbox 443 627 728 670; x_wconf 83' lang='lat' dir='ltr'>Adulteretur</span> <span class='ocrx_word' id='word_1_33' title='bbox 748 637 791 671; x_wconf 85' lang='lat' dir='ltr'>et</span> <span class='ocrx_word' id='word_1_34' title='bbox 812 629 1008 671; x_wconf 89' lang='lat' dir='ltr'>columba</span> <span class='ocrx_word' id='word_1_35' title='bbox 1028 630 1156 671; x_wconf 91' lang='lat' dir='ltr'>miluo</span> <span class='ocrx_word' id='word_1_36' title='bbox 1175 648 1184 680; x_wconf 83' lang='lat'>3</span> 
     </span>
    </p>

    <p class='ocr_par' dir='ltr' id='par_1_7' title="bbox 387 693 1423 816">
     <span class='ocr_line' id='line_1_10' title="bbox 387 693 1423 746; baseline 0.003 -13"><span class='ocrx_word' id='word_1_37' title='bbox 387 693 573 735; x_wconf 81' lang='lat' dir='ltr'>Credula</span> <span class='ocrx_word' id='word_1_38' title='bbox 594 711 671 737; x_wconf 88' lang='lat' dir='ltr'>nec</span> <span class='ocrx_word' id='word_1_39' title='bbox 693 711 816 737; x_wconf 87' lang='lat' dir='ltr'>ravos</span> <span class='ocrx_word' id='word_1_40' title='bbox 838 697 1013 737; x_wconf 89' lang='lat' dir='ltr'>timeant</span> <span class='ocrx_word' id='word_1_41' title='bbox 1038 703 1228 739; x_wconf 85' lang='lat' dir='ltr'>armenta</span> <span class='ocrx_word' id='word_1_42' title='bbox 1249 695 1393 736; x_wconf 90' lang='lat' dir='ltr'>leones</span> <span class='ocrx_word' id='word_1_43' title='bbox 1413 714 1423 746; x_wconf 83' lang='lat'><em>3</em></span> 
     </span>
     <span class='ocr_line' id='line_1_11' title="bbox 444 759 1300 816; baseline 0.002 -16"><span class='ocrx_word' id='word_1_44' title='bbox 444 759 659 815; x_wconf 89' lang='lat' dir='ltr'>Ametque</span> <span class='ocrx_word' id='word_1_45' title='bbox 681 761 790 802; x_wconf 86' lang='lat' dir='ltr'>salsa</span> <span class='ocrx_word' id='word_1_46' title='bbox 810 760 924 802; x_wconf 87' lang='lat' dir='ltr'>laevis</span> <span class='ocrx_word' id='word_1_47' title='bbox 946 761 1090 803; x_wconf 86' lang='lat' dir='ltr'>hircus</span> <span class='ocrx_word' id='word_1_48' title='bbox 1115 777 1300 816; x_wconf 86' lang='lat' dir='ltr'>aequora.</span> 
     </span>
    </p>

    <p class='ocr_par' dir='ltr' id='par_1_8' title="bbox 298 824 1552 881">
     <span class='ocr_line' id='line_1_12' title="bbox 298 824 1552 881; baseline 0.003 -17"><span class='ocrx_word' id='word_1_49' title='bbox 298 824 354 864; x_wconf 82' lang='grc'>35</span> <span class='ocrx_word' id='word_1_50' title='bbox 384 825 508 875; x_wconf 88' lang='lat' dir='ltr'>Haec,</span> <span class='ocrx_word' id='word_1_51' title='bbox 530 835 573 867; x_wconf 88' lang='lat' dir='ltr'>et</span> <span class='ocrx_word' id='word_1_52' title='bbox 593 842 688 880; x_wconf 89' lang='lat' dir='ltr'>quae</span> <span class='ocrx_word' id='word_1_53' title='bbox 709 834 910 881; x_wconf 87' lang='lat' dir='ltr'>poterunt</span> <span class='ocrx_word' id='word_1_54' title='bbox 931 829 1094 869; x_wconf 87' lang='lat' dir='ltr'>reditus</span> <span class='ocrx_word' id='word_1_55' title='bbox 1116 829 1368 869; x_wconf 77' lang='lat' dir='ltr'>abscindere</span> <span class='ocrx_word' id='word_1_56' title='bbox 1390 827 1552 877; x_wconf 87' lang='lat' dir='ltr'>dulces,</span> 
     </span>
    </p>

    <p class='ocr_par' dir='ltr' id='par_1_9' title="bbox 445 891 1185 944">
     <span class='ocr_line' id='line_1_13' title="bbox 445 891 1185 944; baseline 0.005 -13"><span class='ocrx_word' id='word_1_57' title='bbox 445 891 606 933; x_wconf 90' lang='lat' dir='ltr'>Eamus</span> <span class='ocrx_word' id='word_1_58' title='bbox 629 895 760 934; x_wconf 88' lang='lat' dir='ltr'>omnis</span> <span class='ocrx_word' id='word_1_59' title='bbox 784 901 1005 935; x_wconf 78' lang='lat' dir='ltr'>exsecrata</span> <span class='ocrx_word' id='word_1_60' title='bbox 1025 895 1185 944; x_wconf 87' lang='lat' dir='ltr'>civitas,</span> 
     </span>
    </p>

    <p class='ocr_par' dir='ltr' id='par_1_10' title="bbox 385 956 1542 1080">
     <span class='ocr_line' id='line_1_14' title="bbox 385 956 1542 1016; baseline 0.002 -18"><span class='ocrx_word' id='word_1_61' title='bbox 385 956 478 998; x_wconf 88' lang='lat' dir='ltr'>Aut</span> <span class='ocrx_word' id='word_1_62' title='bbox 498 973 596 1012; x_wconf 87' lang='lat' dir='ltr'>pars</span> <span class='ocrx_word' id='word_1_63' title='bbox 618 960 789 1001; x_wconf 86' lang='lat' dir='ltr'>indocili</span> <span class='ocrx_word' id='word_1_64' title='bbox 809 961 955 1001; x_wconf 89' lang='lat' dir='ltr'>melior</span> <span class='ocrx_word' id='word_1_65' title='bbox 975 976 1106 1016; x_wconf 83' lang='lat' dir='ltr'>grege</span> <span class='ocrx_word' id='word_1_66' title='bbox 1124 979 1133 1011; x_wconf 93' lang='lat'>;</span> <span class='ocrx_word' id='word_1_67' title='bbox 1165 961 1301 1002; x_wconf 91' lang='lat' dir='ltr'>mollis</span> <span class='ocrx_word' id='word_1_68' title='bbox 1323 968 1365 1002; x_wconf 88' lang='lat' dir='ltr'>et</span> <span class='ocrx_word' id='word_1_69' title='bbox 1387 975 1542 1015; x_wconf 85' lang='lat' dir='ltr'>exspes</span> 
     </span>
     <span class='ocr_line' id='line_1_15' title="bbox 442 1024 1120 1080; baseline 0.006 -16"><span class='ocrx_word' id='word_1_70' title='bbox 442 1024 679 1065; x_wconf 86' lang='lat' dir='ltr'>Inominata</span> <span class='ocrx_word' id='word_1_71' title='bbox 700 1027 933 1080; x_wconf 86' lang='lat' dir='ltr'>perprimat</span> <span class='ocrx_word' id='word_1_72' title='bbox 952 1027 1120 1068; x_wconf 85' lang='lat' dir='ltr'>cubilia.</span> 
     </span>
    </p>

    <p class='ocr_par' dir='ltr' id='par_1_11' title="bbox 386 1089 1553 1143">
     <span class='ocr_line' id='line_1_16' title="bbox 386 1089 1553 1143; baseline 0.003 -13"><span class='ocrx_word' id='word_1_73' title='bbox 386 1089 494 1138; x_wconf 90' lang='lat' dir='ltr'>Vos,</span> <span class='ocrx_word' id='word_1_74' title='bbox 517 1091 673 1143; x_wconf 84' lang='lat' dir='ltr'>quibus</span> <span class='ocrx_word' id='word_1_75' title='bbox 694 1099 760 1132; x_wconf 84' lang='lat' dir='ltr'>est</span> <span class='ocrx_word' id='word_1_76' title='bbox 780 1093 929 1142; x_wconf 86' lang='lat' dir='ltr'>virtus,</span> <span class='ocrx_word' id='word_1_77' title='bbox 952 1093 1200 1138; x_wconf 76' lang='lat' dir='ltr'>muliebrem</span> <span class='ocrx_word' id='word_1_78' title='bbox 1221 1093 1356 1134; x_wconf 76' lang='lat' dir='ltr'>tollite</span> <span class='ocrx_word' id='word_1_79' title='bbox 1376 1093 1553 1142; x_wconf 84' lang='lat' dir='ltr'>luctum,</span> 
     </span>
    </p>
   </div>
   <div class='ocr_carea' id='block_1_7' title="bbox 302 1156 359 1196">
    <p class='ocr_par' dir='ltr' id='par_1_12' title="bbox 302 1156 359 1196">
     <span class='ocr_line' id='line_1_17' title="bbox 302 1156 359 1196; baseline 0 0"><span class='ocrx_word' id='word_1_80' title='bbox 302 1156 359 1196; x_wconf 87' lang='grc'>40</span> 
     </span>
    </p>
   </div>
   <div class='ocr_carea' id='block_1_8' title="bbox 274 1261 1013 2983">
    <p class='ocr_par' dir='ltr' id='par_1_13' title="bbox 274 1261 1013 2896">
     <span class='ocr_line' id='line_1_18' title="bbox 274 1261 1009 1303; baseline 0.007 -13"><span class='ocrx_word' id='word_1_81' title='bbox 274 1261 465 1296; x_wconf 84' lang='lat' dir='ltr'>emerserint,</span> <span class='ocrx_word' id='word_1_82' title='bbox 495 1267 559 1292; x_wconf 86' lang='lat' dir='ltr'>tum</span> <span class='ocrx_word' id='word_1_83' title='bbox 585 1262 615 1292; x_wconf 88' lang='lat' dir='ltr'>in</span> <span class='ocrx_word' id='word_1_84' title='bbox 642 1262 772 1303; x_wconf 88' lang='lat' dir='ltr'>patriam</span> <span class='ocrx_word' id='word_1_85' title='bbox 796 1262 893 1294; x_wconf 90' lang='lat' dir='ltr'>redire</span> <span class='ocrx_word' id='word_1_86' title='bbox 920 1264 1009 1295; x_wconf 89' lang='lat' dir='ltr'>nobis</span> 
     </span>
     <span class='ocr_line' id='line_1_19' title="bbox 276 1301 1007 1347; baseline 0.007 -16"><span class='ocrx_word' id='word_1_87' title='bbox 276 1301 370 1333; x_wconf 84' lang='lat' dir='ltr'>liceat</span> <span class='ocrx_word' id='word_1_88' title='bbox 391 1308 422 1333; x_wconf 86' lang='lat' dir='ltr'>et</span> <span class='ocrx_word' id='word_1_89' title='bbox 444 1303 489 1333; x_wconf 81' lang='lat' dir='ltr'>fas</span> <span class='ocrx_word' id='word_1_90' title='bbox 513 1304 563 1335; x_wconf 86' lang='lat' dir='ltr'>sit.</span> <span class='ocrx_word' id='word_1_91' title='bbox 611 1305 670 1335; x_wconf 86' lang='lat' dir='ltr'>Pro</span> <span class='ocrx_word' id='word_1_92' title='bbox 694 1305 764 1335; x_wconf 85' lang='lat' dir='ltr'>ferri</span> <span class='ocrx_word' id='word_1_93' title='bbox 786 1315 903 1342; x_wconf 79' lang='lat' dir='ltr'>massa,</span> <span class='ocrx_word' id='word_1_94' title='bbox 915 1317 1007 1347; x_wconf 87' lang='lat' dir='ltr'>quam</span> 
     </span>
     <span class='ocr_line' id='line_1_20' title="bbox 276 1344 1009 1387; baseline 0.005 -13"><span class='ocrx_word' id='word_1_95' title='bbox 276 1344 407 1375; x_wconf 84' lang='lat' dir='ltr'>Phocaei</span> <span class='ocrx_word' id='word_1_96' title='bbox 426 1345 648 1386; x_wconf 84' lang='lat' dir='ltr'>jusjurandum</span> <span class='ocrx_word' id='word_1_97' title='bbox 668 1352 850 1387; x_wconf 83' lang='lat' dir='ltr'>peragentes</span> <span class='ocrx_word' id='word_1_98' title='bbox 872 1348 903 1378; x_wconf 91' lang='lat' dir='ltr'>in</span> <span class='ocrx_word' id='word_1_99' title='bbox 926 1358 1009 1378; x_wconf 83' lang='lat' dir='ltr'>mare</span> 
     </span>
     <span class='ocr_line' id='line_1_21' title="bbox 274 1384 1010 1430; baseline 0.007 -15"><span class='ocrx_word' id='word_1_100' title='bbox 274 1384 422 1426; x_wconf 88' lang='lat' dir='ltr'>injecisse</span> <span class='ocrx_word' id='word_1_101' title='bbox 445 1387 603 1424; x_wconf 85' lang='lat' dir='ltr'>dicuntur,</span> <span class='ocrx_word' id='word_1_102' title='bbox 630 1389 778 1419; x_wconf 86' lang='lat' dir='ltr'>Horatius</span> <span class='ocrx_word' id='word_1_103' title='bbox 803 1401 872 1419; x_wconf 70' lang='lat' dir='ltr'>saza</span> <span class='ocrx_word' id='word_1_104' title='bbox 895 1390 1010 1430; x_wconf 84' lang='lat' dir='ltr'>posuit.</span> 
     </span>
     <span class='ocr_line' id='line_1_22' title="bbox 276 1427 1011 1471; baseline 0.007 -14"><span class='ocrx_word' id='word_1_105' title='bbox 276 1427 392 1458; x_wconf 81' lang='lat' dir='ltr'>Levata</span> <span class='ocrx_word' id='word_1_106' title='bbox 420 1431 572 1465; x_wconf 78' lang='lat' dir='ltr'>renarint,</span> <span class='ocrx_word' id='word_1_107' title='bbox 603 1436 709 1460; x_wconf 87' lang='lat' dir='ltr'>ornate</span> <span class='ocrx_word' id='word_1_108' title='bbox 741 1437 772 1462; x_wconf 88' lang='lat' dir='ltr'>et</span> <span class='ocrx_word' id='word_1_109' title='bbox 804 1430 1011 1471; x_wconf 83' lang='lat' dir='ltr'>significanter</span> 
     </span>
     <span class='ocr_line' id='line_1_23' title="bbox 275 1469 1009 1510; baseline 0.008 -12"><span class='ocrx_word' id='word_1_110' title='bbox 275 1479 342 1510; x_wconf 90' lang='lat' dir='ltr'>pro,</span> <span class='ocrx_word' id='word_1_111' title='bbox 370 1469 404 1500; x_wconf 88' lang='lat' dir='ltr'>in</span> <span class='ocrx_word' id='word_1_112' title='bbox 432 1471 528 1501; x_wconf 89' lang='lat' dir='ltr'>altum</span> <span class='ocrx_word' id='word_1_113' title='bbox 559 1472 789 1507; x_wconf 82' lang='lat' dir='ltr'>resurrexerint,</span> <span class='ocrx_word' id='word_1_114' title='bbox 819 1474 1009 1504; x_wconf 82' lang='lat' dir='ltr'>emerserint.</span> 
     </span>
     <span class='ocr_line' id='line_1_24' title="bbox 277 1511 1008 1554; baseline 0.005 -13"><span class='ocrx_word' id='word_1_115' title='bbox 277 1511 423 1542; x_wconf 86' lang='lat' dir='ltr'>Ceterum</span> <span class='ocrx_word' id='word_1_116' title='bbox 448 1513 710 1554; x_wconf 82' lang='lat' dir='ltr'>quemadmodum</span> <span class='ocrx_word' id='word_1_117' title='bbox 732 1514 880 1545; x_wconf 81' lang='lat' dir='ltr'>Horatius</span> <span class='ocrx_word' id='word_1_118' title='bbox 895 1515 927 1545; x_wconf 92' lang='lat' dir='ltr'>in</span> <span class='ocrx_word' id='word_1_119' title='bbox 943 1525 1008 1545; x_wconf 88' lang='lat' dir='ltr'>car-</span> 
     </span>
     <span class='ocr_line' id='line_1_25' title="bbox 275 1553 1010 1598; baseline 0.007 -15"><span class='ocrx_word' id='word_1_120' title='bbox 275 1553 359 1584; x_wconf 89' lang='lat' dir='ltr'>mine</span> <span class='ocrx_word' id='word_1_121' title='bbox 390 1554 582 1595; x_wconf 65' lang='lat' dir='ltr'>praecedente</span> <span class='ocrx_word' id='word_1_122' title='bbox 612 1567 641 1586; x_wconf 88' lang='lat' dir='ltr'>v.</span> <span class='ocrx_word' id='word_1_123' title='bbox 671 1557 691 1586; x_wconf 90' lang='lat'>6</span> <span class='ocrx_word' id='word_1_124' title='bbox 722 1567 793 1597; x_wconf 88' lang='lat' dir='ltr'>sqq.</span> <span class='ocrx_word' id='word_1_125' title='bbox 826 1557 1010 1598; x_wconf 82' lang='lat' dir='ltr'>particulam</span> 
     </span>
     <span class='ocr_line' id='line_1_26' title="bbox 276 1598 1009 1638; baseline 0.007 -14"><span class='ocrx_word' id='word_1_126' title='bbox 276 1605 386 1635; x_wconf 77' lang='lat' dir='ltr'>semper</span> <span class='ocrx_word' id='word_1_127' title='bbox 407 1607 460 1637; x_wconf 90' lang='lat' dir='ltr'>per</span> <span class='ocrx_word' id='word_1_128' title='bbox 480 1607 528 1627; x_wconf 89' lang='lat' dir='ltr'>res</span> <span class='ocrx_word' id='word_1_129' title='bbox 548 1608 619 1638; x_wconf 86' lang='lat' dir='ltr'>quae</span> <span class='ocrx_word' id='word_1_130' title='bbox 638 1603 748 1628; x_wconf 87' lang='lat' dir='ltr'>natura</span> <span class='ocrx_word' id='word_1_131' title='bbox 771 1608 827 1628; x_wconf 86' lang='lat' dir='ltr'>sua</span> <span class='ocrx_word' id='word_1_132' title='bbox 849 1598 906 1628; x_wconf 88' lang='lat' dir='ltr'>sibi</span> <span class='ocrx_word' id='word_1_133' title='bbox 930 1609 1009 1629; x_wconf 85' lang='lat' dir='ltr'>sem-</span> 
     </span>
     <span class='ocr_line' id='line_1_27' title="bbox 277 1638 1011 1680; baseline 0.004 -13"><span class='ocrx_word' id='word_1_134' title='bbox 277 1647 332 1678; x_wconf 89' lang='lat' dir='ltr'>per</span> <span class='ocrx_word' id='word_1_135' title='bbox 341 1644 497 1674; x_wconf 82' lang='lat' dir='ltr'>constant,</span> <span class='ocrx_word' id='word_1_136' title='bbox 511 1638 554 1669; x_wconf 84' lang='lat' dir='ltr'>ita</span> <span class='ocrx_word' id='word_1_137' title='bbox 566 1649 648 1669; x_wconf 90' lang='lat' dir='ltr'>nunc</span> <span class='ocrx_word' id='word_1_138' title='bbox 661 1639 844 1680; x_wconf 80' lang='lat' dir='ltr'>particulam</span> <span class='ocrx_word' id='word_1_139' title='bbox 857 1652 1011 1680; x_wconf 80' lang='lat' dir='ltr'>nunqnam</span> 
     </span>
     <span class='ocr_line' id='line_1_28' title="bbox 276 1681 1010 1723; baseline 0.004 -14"><span class='ocrx_word' id='word_1_140' title='bbox 276 1688 332 1719; x_wconf 88' lang='lat' dir='ltr'>per</span> <span class='ocrx_word' id='word_1_141' title='bbox 354 1689 401 1710; x_wconf 90' lang='lat' dir='ltr'>res</span> <span class='ocrx_word' id='word_1_142' title='bbox 424 1691 495 1721; x_wconf 87' lang='lat' dir='ltr'>quae</span> <span class='ocrx_word' id='word_1_143' title='bbox 522 1686 632 1711; x_wconf 87' lang='lat' dir='ltr'>natura</span> <span class='ocrx_word' id='word_1_144' title='bbox 658 1691 714 1711; x_wconf 86' lang='lat' dir='ltr'>sua</span> <span class='ocrx_word' id='word_1_145' title='bbox 741 1681 805 1712; x_wconf 85' lang='lat' dir='ltr'>fieri</span> <span class='ocrx_word' id='word_1_146' title='bbox 837 1687 1010 1723; x_wconf 87' lang='lat' dir='ltr'>nequeunt,</span> 
     </span>
     <span class='ocr_line' id='line_1_29' title="bbox 276 1721 1009 1764; baseline 0.005 -14"><span class='ocrx_word' id='word_1_147' title='bbox 276 1722 342 1751; x_wconf 84' lang='lat' dir='ltr'>sive</span> <span class='ocrx_word' id='word_1_148' title='bbox 365 1731 418 1762; x_wconf 89' lang='lat' dir='ltr'>per</span> <span class='ocrx_word' id='word_1_149' title='bbox 437 1721 600 1758; x_wconf 78' lang='grc' dir='ltr'><em>ἀδύνατα,</em></span> <span class='ocrx_word' id='word_1_150' title='bbox 624 1722 886 1764; x_wconf 83' lang='lat' dir='ltr'>circumscripsit;</span> <span class='ocrx_word' id='word_1_151' title='bbox 910 1734 1009 1764; x_wconf 87' lang='lat' dir='ltr'>quan-</span> 
     </span>
     <span class='ocr_line' id='line_1_30' title="bbox 277 1765 1011 1806; baseline 0.004 -13"><span class='ocrx_word' id='word_1_152' title='bbox 277 1772 370 1803; x_wconf 88' lang='lat' dir='ltr'>quam</span> <span class='ocrx_word' id='word_1_153' title='bbox 395 1774 467 1794; x_wconf 88' lang='lat' dir='ltr'>eum</span> <span class='ocrx_word' id='word_1_154' title='bbox 490 1765 523 1794; x_wconf 91' lang='lat' dir='ltr'>in</span> <span class='ocrx_word' id='word_1_155' title='bbox 546 1765 584 1795; x_wconf 88' lang='lat' dir='ltr'>iis</span> <span class='ocrx_word' id='word_1_156' title='bbox 608 1765 806 1795; x_wconf 86' lang='lat' dir='ltr'>cumulandis</span> <span class='ocrx_word' id='word_1_157' title='bbox 830 1765 1011 1806; x_wconf 86' lang='lat' dir='ltr'>juveniliter</span> 
     </span>
     <span class='ocr_line' id='line_1_31' title="bbox 277 1804 1008 1848; baseline 0.005 -14"><span class='ocrx_word' id='word_1_158' title='bbox 277 1804 451 1837; x_wconf 86' lang='lat' dir='ltr'>luxuriasse</span> <span class='ocrx_word' id='word_1_159' title='bbox 483 1806 608 1838; x_wconf 86' lang='lat' dir='ltr'>dixeris.</span> <span class='ocrx_word' id='word_1_160' title='bbox 654 1807 722 1836; x_wconf 77' lang='lat' dir='ltr'>Neu</span> <span class='ocrx_word' id='word_1_161' title='bbox 745 1809 860 1848; x_wconf 80' lang='lat' dir='ltr'>pigeat,</span> <span class='ocrx_word' id='word_1_162' title='bbox 884 1814 915 1838; x_wconf 93' lang='lat' dir='ltr'>et</span> <span class='ocrx_word' id='word_1_163' title='bbox 944 1813 1008 1838; x_wconf 86' lang='lat' dir='ltr'>tum</span> 
     </span>
     <span class='ocr_line' id='line_1_32' title="bbox 276 1846 1009 1888; baseline 0.005 -12"><span class='ocrx_word' id='word_1_164' title='bbox 276 1846 409 1888; x_wconf 86' lang='lat' dir='ltr'>placeat.</span> <span class='ocrx_word' id='word_1_165' title='bbox 470 1850 616 1880; x_wconf 83' lang='lat' dir='ltr'>Conversa</span> <span class='ocrx_word' id='word_1_166' title='bbox 647 1850 739 1879; x_wconf 81' lang='lat' dir='ltr'>lintea</span> <span class='ocrx_word' id='word_1_167' title='bbox 775 1852 891 1880; x_wconf 62' lang='lat' dir='ltr'>dantum</span> <span class='ocrx_word' id='word_1_168' title='bbox 926 1852 1009 1887; x_wconf 75' lang='lat' dir='ltr'>clare,</span> 
     </span>
     <span class='ocr_line' id='line_1_33' title="bbox 276 1888 1010 1931; baseline 0.007 -13"><span class='ocrx_word' id='word_1_169' title='bbox 276 1888 403 1919; x_wconf 85' lang='lat' dir='ltr'>domum</span> <span class='ocrx_word' id='word_1_170' title='bbox 415 1891 602 1931; x_wconf 87' lang='lat' dir='ltr'>renavigare.</span> <span class='ocrx_word' id='word_1_171' title='bbox 638 1891 753 1927; x_wconf 78' lang='lat' dir='ltr'>Padus,</span> <span class='ocrx_word' id='word_1_172' title='bbox 766 1891 916 1922; x_wconf 87' lang='lat' dir='ltr'>citerioris</span> <span class='ocrx_word' id='word_1_173' title='bbox 933 1892 1010 1923; x_wconf 87' lang='lat' dir='ltr'>Gal-</span> 
     </span>
     <span class='ocr_line' id='line_1_34' title="bbox 276 1929 1009 1970; baseline 0.007 -11"><span class='ocrx_word' id='word_1_174' title='bbox 276 1929 328 1960; x_wconf 85' lang='lat' dir='ltr'>liae</span> <span class='ocrx_word' id='word_1_175' title='bbox 344 1931 470 1968; x_wconf 86' lang='lat' dir='ltr'>fluvius,</span> <span class='ocrx_word' id='word_1_176' title='bbox 488 1933 610 1963; x_wconf 80' lang='lat' dir='ltr'>Matina</span> <span class='ocrx_word' id='word_1_177' title='bbox 630 1934 735 1963; x_wconf 80' lang='lat' dir='ltr'>laverit</span> <span class='ocrx_word' id='word_1_178' title='bbox 756 1936 925 1970; x_wconf 82' lang='lat' dir='ltr'>cacumina,</span> <span class='ocrx_word' id='word_1_179' title='bbox 942 1945 1009 1965; x_wconf 81' lang='lat' dir='ltr'>mu-</span> 
     </span>
     <span class='ocr_line' id='line_1_35' title="bbox 277 1974 1009 2011; baseline 0.007 -9"><span class='ocrx_word' id='word_1_180' title='bbox 277 1977 341 2002; x_wconf 76' lang='lat' dir='ltr'>tato</span> <span class='ocrx_word' id='word_1_181' title='bbox 363 1982 456 2003; x_wconf 87' lang='lat' dir='ltr'>cursu</span> <span class='ocrx_word' id='word_1_182' title='bbox 480 1974 609 2010; x_wconf 83' lang='lat' dir='ltr'>Matini,</span> <span class='ocrx_word' id='word_1_183' title='bbox 637 1974 794 2005; x_wconf 80' lang='lat' dir='ltr'>Calabriae</span> <span class='ocrx_word' id='word_1_184' title='bbox 816 1976 940 2011; x_wconf 87' lang='lat' dir='ltr'>montis,</span> <span class='ocrx_word' id='word_1_185' title='bbox 964 1977 1009 2007; x_wconf 88' lang='lat' dir='ltr'>al-</span> 
     </span>
     <span class='ocr_line' id='line_1_36' title="bbox 278 2013 1011 2057; baseline 0.007 -14"><span class='ocrx_word' id='word_1_186' title='bbox 278 2013 372 2044; x_wconf 84' lang='lat' dir='ltr'>luerit</span> <span class='ocrx_word' id='word_1_187' title='bbox 390 2020 421 2045; x_wconf 88' lang='lat' dir='ltr'>et</span> <span class='ocrx_word' id='word_1_188' title='bbox 438 2017 626 2057; x_wconf 89' lang='lat' dir='ltr'>superaverit</span> <span class='ocrx_word' id='word_1_189' title='bbox 640 2018 816 2048; x_wconf 87' lang='lat' dir='ltr'>cacumina.</span> <span class='ocrx_word' id='word_1_190' title='bbox 862 2019 931 2056; x_wconf 76' lang='lat' dir='ltr'>Seu,</span> <span class='ocrx_word' id='word_1_191' title='bbox 946 2018 1011 2050; x_wconf 91' lang='lat' dir='ltr'>sive</span> 
     </span>
     <span class='ocr_line' id='line_1_37' title="bbox 279 2056 1013 2100; baseline 0.007 -14"><span class='ocrx_word' id='word_1_192' title='bbox 279 2056 415 2096; x_wconf 88' lang='lat' dir='ltr'>quando.</span> <span class='ocrx_word' id='word_1_193' title='bbox 459 2060 647 2097; x_wconf 79' lang='lat' dir='ltr'>Apenninus,</span> <span class='ocrx_word' id='word_1_194' title='bbox 676 2069 764 2089; x_wconf 90' lang='lat' dir='ltr'>mons</span> <span class='ocrx_word' id='word_1_195' title='bbox 797 2060 888 2100; x_wconf 86' lang='lat' dir='ltr'>longo</span> <span class='ocrx_word' id='word_1_196' title='bbox 911 2066 1013 2100; x_wconf 80' lang='lat' dir='ltr'>tractu</span> 
     </span>
     <span class='ocr_line' id='line_1_38' title="bbox 279 2098 1009 2141; baseline 0.007 -14"><span class='ocrx_word' id='word_1_197' title='bbox 279 2107 333 2138; x_wconf 89' lang='lat' dir='ltr'>per</span> <span class='ocrx_word' id='word_1_198' title='bbox 356 2098 481 2129; x_wconf 89' lang='lat' dir='ltr'>Italiam</span> <span class='ocrx_word' id='word_1_199' title='bbox 507 2108 678 2141; x_wconf 85' lang='lat' dir='ltr'>porrectus.</span> <span class='ocrx_word' id='word_1_200' title='bbox 723 2102 813 2131; x_wconf 84' lang='lat' dir='ltr'>Amor</span> <span class='ocrx_word' id='word_1_201' title='bbox 836 2104 939 2137; x_wconf 76' lang='lat' dir='ltr'>mirus,</span> <span class='ocrx_word' id='word_1_202' title='bbox 964 2102 1009 2133; x_wconf 88' lang='lat' dir='ltr'>in-</span> 
     </span>
     <span class='ocr_line' id='line_1_39' title="bbox 279 2139 1010 2182; baseline 0.008 -14"><span class='ocrx_word' id='word_1_203' title='bbox 279 2139 416 2171; x_wconf 85' lang='lat' dir='ltr'>auditus.</span> <span class='ocrx_word' id='word_1_204' title='bbox 462 2142 599 2172; x_wconf 76' lang='lat' dir='ltr'>Monstra</span> <span class='ocrx_word' id='word_1_205' title='bbox 614 2145 758 2182; x_wconf 62' lang='lat' dir='ltr'>junxerit</span> <span class='ocrx_word' id='word_1_206' title='bbox 776 2155 850 2174; x_wconf 83' lang='lat' dir='ltr'>nova</span> <span class='ocrx_word' id='word_1_207' title='bbox 875 2145 1010 2180; x_wconf 78' lang='lat' dir='ltr'>libidine,</span> 
     </span>
     <span class='ocr_line' id='line_1_40' title="bbox 277 2180 1011 2227; baseline 0.005 -16"><span class='ocrx_word' id='word_1_208' title='bbox 277 2180 407 2212; x_wconf 77' lang='lat' dir='ltr'>diversae</span> <span class='ocrx_word' id='word_1_209' title='bbox 436 2188 554 2214; x_wconf 83' lang='lat' dir='ltr'>naturae</span> <span class='ocrx_word' id='word_1_210' title='bbox 586 2183 744 2219; x_wconf 89' lang='lat' dir='ltr'>animalia,</span> <span class='ocrx_word' id='word_1_211' title='bbox 775 2195 853 2215; x_wconf 90' lang='lat' dir='ltr'>novo</span> <span class='ocrx_word' id='word_1_212' title='bbox 886 2185 925 2215; x_wconf 91' lang='lat' dir='ltr'>iis</span> <span class='ocrx_word' id='word_1_213' title='bbox 957 2196 1011 2227; x_wconf 88' lang='lat' dir='ltr'>per</span> 
     </span>
     <span class='ocr_line' id='line_1_41' title="bbox 279 2222 1010 2267; baseline 0.008 -15"><span class='ocrx_word' id='word_1_214' title='bbox 279 2222 462 2255; x_wconf 84' lang='lat' dir='ltr'>miraculum</span> <span class='ocrx_word' id='word_1_215' title='bbox 480 2225 635 2266; x_wconf 90' lang='lat' dir='ltr'>quoddam</span> <span class='ocrx_word' id='word_1_216' title='bbox 654 2226 770 2267; x_wconf 80' lang='lat' dir='ltr'>injecto</span> <span class='ocrx_word' id='word_1_217' title='bbox 790 2226 950 2262; x_wconf 88' lang='lat' dir='ltr'>instinctu,</span> <span class='ocrx_word' id='word_1_218' title='bbox 971 2227 1010 2258; x_wconf 91' lang='lat' dir='ltr'>ad</span> 
     </span>
     <span class='ocr_line' id='line_1_42' title="bbox 280 2265 1009 2304; baseline 0.005 -9"><span class='ocrx_word' id='word_1_219' title='bbox 280 2265 395 2296; x_wconf 85' lang='lat' dir='ltr'>coitum</span> <span class='ocrx_word' id='word_1_220' title='bbox 421 2266 645 2300; x_wconf 83' lang='lat' dir='ltr'>stimulaverit:</span> <span class='ocrx_word' id='word_1_221' title='bbox 678 2275 725 2304; x_wconf 84' lang='lat' dir='ltr'>ut,</span> <span class='ocrx_word' id='word_1_222' title='bbox 754 2268 807 2304; x_wconf 89' lang='lat' dir='ltr'>ita,</span> <span class='ocrx_word' id='word_1_223' title='bbox 841 2274 897 2299; x_wconf 90' lang='lat' dir='ltr'>ut:</span> <span class='ocrx_word' id='word_1_224' title='bbox 929 2281 1009 2299; x_wconf 84' lang='lat' dir='ltr'>mon-</span> 
     </span>
     <span class='ocr_line' id='line_1_43' title="bbox 279 2307 1011 2352; baseline 0.005 -15"><span class='ocrx_word' id='word_1_225' title='bbox 279 2313 342 2337; x_wconf 70' lang='lat' dir='ltr'>stra</span> <span class='ocrx_word' id='word_1_226' title='bbox 362 2307 429 2349; x_wconf 88' lang='lat' dir='ltr'>jam</span> <span class='ocrx_word' id='word_1_227' title='bbox 444 2308 589 2340; x_wconf 83' lang='lat' dir='ltr'>dicuntur</span> <span class='ocrx_word' id='word_1_228' title='bbox 604 2309 763 2345; x_wconf 84' lang='lat' dir='ltr'>animalia,</span> <span class='ocrx_word' id='word_1_229' title='bbox 780 2321 850 2351; x_wconf 89' lang='lat' dir='ltr'>quae</span> <span class='ocrx_word' id='word_1_230' title='bbox 873 2311 1011 2352; x_wconf 84' lang='lat' dir='ltr'>prodigio</span> 
     </span>
     <span class='ocr_line' id='line_1_44' title="bbox 278 2349 1008 2389; baseline 0.005 -10"><span class='ocrx_word' id='word_1_231' title='bbox 278 2349 412 2389; x_wconf 88' lang='lat' dir='ltr'>quodam</span> <span class='ocrx_word' id='word_1_232' title='bbox 436 2351 530 2382; x_wconf 88' lang='lat' dir='ltr'>aliam</span> <span class='ocrx_word' id='word_1_233' title='bbox 555 2356 695 2385; x_wconf 85' lang='lat' dir='ltr'>naturam</span> <span class='ocrx_word' id='word_1_234' title='bbox 719 2352 863 2386; x_wconf 87' lang='lat' dir='ltr'>induunt.</span> <span class='ocrx_word' id='word_1_235' title='bbox 909 2353 1008 2384; x_wconf 81' lang='lat' dir='ltr'>Subsi-</span> 
     </span>
     <span class='ocr_line' id='line_1_45' title="bbox 278 2393 1008 2435; baseline 0.007 -15"><span class='ocrx_word' id='word_1_236' title='bbox 278 2393 358 2426; x_wconf 80' lang='lat' dir='ltr'>dere,</span> <span class='ocrx_word' id='word_1_237' title='bbox 372 2402 404 2423; x_wconf 88' lang='lat' dir='ltr'>se</span> <span class='ocrx_word' id='word_1_238' title='bbox 420 2394 611 2429; x_wconf 79' lang='lat' dir='ltr'>submittere,</span> <span class='ocrx_word' id='word_1_239' title='bbox 627 2393 743 2435; x_wconf 80' lang='lat' dir='ltr'>subjici</span> <span class='ocrx_word' id='word_1_240' title='bbox 760 2395 908 2428; x_wconf 80' lang='lat' dir='ltr'>maribus,</span> <span class='ocrx_word' id='word_1_241' title='bbox 945 2396 1008 2425; x_wconf 93' lang='lat' dir='ltr'>Lu-</span> 
     </span>
     <span class='ocr_line' id='line_1_46' title="bbox 280 2434 1008 2474; baseline 0.005 -11"><span class='ocrx_word' id='word_1_242' title='bbox 280 2439 356 2464; x_wconf 86' lang='lat' dir='ltr'>cret.</span> <span class='ocrx_word' id='word_1_243' title='bbox 379 2434 419 2472; x_wconf 84' lang='lat' dir='ltr'>iv,</span> <span class='ocrx_word' id='word_1_244' title='bbox 446 2436 538 2472; x_wconf 88' lang='lat'>1191,</span> <span class='ocrx_word' id='word_1_245' title='bbox 560 2436 623 2466; x_wconf 85' lang='lat' dir='ltr'>Nec</span> <span class='ocrx_word' id='word_1_246' title='bbox 647 2439 763 2467; x_wconf 81' lang='lat' dir='ltr'>ratione</span> <span class='ocrx_word' id='word_1_247' title='bbox 783 2437 844 2467; x_wconf 79' lang='lat' dir='ltr'>alia</span> <span class='ocrx_word' id='word_1_248' title='bbox 866 2438 1008 2474; x_wconf 77' lang='lat' dir='ltr'>volucres,</span> 
     </span>
     <span class='ocr_line' id='line_1_47' title="bbox 279 2477 1008 2519; baseline 0.007 -14"><span class='ocrx_word' id='word_1_249' title='bbox 279 2482 415 2507; x_wconf 81' lang='lat' dir='ltr'>armenta</span> <span class='ocrx_word' id='word_1_250' title='bbox 428 2477 577 2518; x_wconf 78' lang='lat' dir='ltr'>j&#39;eroeque,</span> <span class='ocrx_word' id='word_1_251' title='bbox 599 2478 639 2509; x_wconf 79' lang='lat' dir='ltr'>Et</span> <span class='ocrx_word' id='word_1_252' title='bbox 654 2481 779 2518; x_wconf 82' lang='lat' dir='ltr'>pecudes</span> <span class='ocrx_word' id='word_1_253' title='bbox 797 2485 826 2508; x_wconf 86' lang='lat' dir='ltr'>et</span> <span class='ocrx_word' id='word_1_254' title='bbox 848 2490 926 2519; x_wconf 80' lang='lat' dir='ltr'>equae</span> <span class='ocrx_word' id='word_1_255' title='bbox 944 2491 1008 2511; x_wconf 55' lang='lat' dir='ltr'>mar</span> 
     </span>
     <span class='ocr_line' id='line_1_48' title="bbox 280 2518 1007 2560; baseline 0.008 -14"><span class='ocrx_word' id='word_1_256' title='bbox 280 2518 364 2548; x_wconf 74' lang='lat' dir='ltr'>ribus</span> <span class='ocrx_word' id='word_1_257' title='bbox 391 2521 539 2550; x_wconf 80' lang='lat' dir='ltr'>subsidere</span> <span class='ocrx_word' id='word_1_258' title='bbox 566 2527 690 2560; x_wconf 83' lang='lat' dir='ltr'>possent.</span> <span class='ocrx_word' id='word_1_259' title='bbox 733 2522 933 2552; x_wconf 75' lang='lat' dir='ltr'>Adulteretnr</span> <span class='ocrx_word' id='word_1_260' title='bbox 962 2533 1007 2552; x_wconf 82' lang='lat' dir='ltr'>ca-</span> 
     </span>
     <span class='ocr_line' id='line_1_49' title="bbox 280 2559 1008 2604; baseline 0.008 -16"><span class='ocrx_word' id='word_1_261' title='bbox 280 2559 378 2590; x_wconf 75' lang='lat' dir='ltr'>lumba</span> <span class='ocrx_word' id='word_1_262' title='bbox 400 2562 511 2591; x_wconf 78' lang='lat' dir='ltr'>miluo:</span> <span class='ocrx_word' id='word_1_263' title='bbox 539 2562 590 2593; x_wconf 85' lang='lat' dir='ltr'>Cl.</span> <span class='ocrx_word' id='word_1_264' title='bbox 612 2562 746 2593; x_wconf 88' lang='lat' dir='ltr'>Mitsch.</span> <span class='ocrx_word' id='word_1_265' title='bbox 767 2569 926 2604; x_wconf 85' lang='lat' dir='ltr'>comparat</span> <span class='ocrx_word' id='word_1_266' title='bbox 944 2564 1008 2594; x_wconf 90' lang='lat' dir='ltr'>Lu-</span> 
     </span>
     <span class='ocr_line' id='line_1_50' title="bbox 280 2600 1009 2647; baseline 0.007 -16"><span class='ocrx_word' id='word_1_267' title='bbox 280 2600 362 2633; x_wconf 88' lang='lat' dir='ltr'>cian.</span> <span class='ocrx_word' id='word_1_268' title='bbox 388 2614 444 2634; x_wconf 79' lang='lat' dir='ltr'>nn.</span> <span class='ocrx_word' id='word_1_269' title='bbox 467 2603 543 2639; x_wconf 81' lang='lat' dir='ltr'>xxii,</span> <span class='ocrx_word' id='word_1_270' title='bbox 564 2606 591 2640; x_wconf 79' lang='lat' dir='ltr'>l,</span> <span class='ocrx_word' id='word_1_271' title='bbox 616 2604 740 2646; x_wconf 81' lang='grc' dir='ltr'>τράγος</span> <span class='ocrx_word' id='word_1_272' title='bbox 754 2605 900 2645; x_wconf 78' lang='grc' dir='ltr'>μοιχεύει</span> <span class='ocrx_word' id='word_1_273' title='bbox 916 2607 1009 2647; x_wconf 84' lang='grc' dir='ltr'><strong><em>αἶγα.</em></strong></span> 
     </span>
     <span class='ocr_line' id='line_1_51' title="bbox 282 2643 1008 2687; baseline 0.006 -14"><span class='ocrx_word' id='word_1_274' title='bbox 282 2643 425 2681; x_wconf 81' lang='lat' dir='ltr'>Credula,</span> <span class='ocrx_word' id='word_1_275' title='bbox 438 2645 476 2677; x_wconf 88' lang='lat' dir='ltr'>de</span> <span class='ocrx_word' id='word_1_276' title='bbox 487 2646 653 2677; x_wconf 86' lang='lat' dir='ltr'>securitate</span> <span class='ocrx_word' id='word_1_277' title='bbox 668 2656 725 2677; x_wconf 92' lang='lat' dir='ltr'>sua</span> <span class='ocrx_word' id='word_1_278' title='bbox 739 2657 899 2687; x_wconf 86' lang='lat' dir='ltr'>persuasa.</span> <span class='ocrx_word' id='word_1_279' title='bbox 948 2648 1008 2677; x_wconf 79' lang='lat' dir='ltr'>Ra-</span> 
     </span>
     <span class='ocr_line' id='line_1_52' title="bbox 277 2687 1010 2728; baseline 0.007 -13"><span class='ocrx_word' id='word_1_280' title='bbox 277 2696 343 2716; x_wconf 83' lang='lat' dir='ltr'>vos:</span> <span class='ocrx_word' id='word_1_281' title='bbox 374 2687 545 2728; x_wconf 84' lang='lat' dir='ltr'>explicant‚</span> <span class='ocrx_word' id='word_1_282' title='bbox 570 2689 651 2720; x_wconf 85' lang='lat' dir='ltr'>ravis</span> <span class='ocrx_word' id='word_1_283' title='bbox 673 2689 772 2720; x_wconf 90' lang='lat' dir='ltr'>oculis</span> <span class='ocrx_word' id='word_1_284' title='bbox 791 2689 983 2720; x_wconf 84' lang='lat' dir='ltr'>truculentos</span> <span class='ocrx_word' id='word_1_285' title='bbox 1001 2702 1010 2728; x_wconf 82' lang='lat'>;</span> 
     </span>
     <span class='ocr_line' id='line_1_53' title="bbox 280 2727 1008 2766; baseline 0.007 -9"><span class='ocrx_word' id='word_1_286' title='bbox 280 2727 335 2758; x_wconf 82' lang='lat' dir='ltr'>sed</span> <span class='ocrx_word' id='word_1_287' title='bbox 360 2728 400 2759; x_wconf 87' lang='lat' dir='ltr'>cf.</span> <span class='ocrx_word' id='word_1_288' title='bbox 422 2729 460 2760; x_wconf 91' lang='lat' dir='ltr'>ad</span> <span class='ocrx_word' id='word_1_289' title='bbox 483 2729 528 2766; x_wconf 81' lang='lat' dir='ltr'>iii,</span> <span class='ocrx_word' id='word_1_290' title='bbox 558 2731 611 2766; x_wconf 86' lang='lat'>27,</span> <span class='ocrx_word' id='word_1_291' title='bbox 640 2731 680 2765; x_wconf 66' lang='grc'>3.,</span> <span class='ocrx_word' id='word_1_292' title='bbox 717 2731 832 2761; x_wconf 68' lang='lat' dir='ltr'>Hir-cus</span> <span class='ocrx_word' id='word_1_293' title='bbox 854 2732 943 2766; x_wconf 65' lang='lat' dir='ltr'>lavis,</span> <span class='ocrx_word' id='word_1_294' title='bbox 970 2742 1008 2762; x_wconf 85' lang='lat' dir='ltr'>ex</span> 
     </span>
     <span class='ocr_line' id='line_1_54' title="bbox 280 2769 1006 2815; baseline 0.006 -16"><span class='ocrx_word' id='word_1_295' title='bbox 280 2769 365 2801; x_wconf 86' lang='lat' dir='ltr'>hirco</span> <span class='ocrx_word' id='word_1_296' title='bbox 389 2770 482 2812; x_wconf 87' lang='lat' dir='ltr'>piscis</span> <span class='ocrx_word' id='word_1_297' title='bbox 505 2771 601 2803; x_wconf 88' lang='lat' dir='ltr'>instar</span> <span class='ocrx_word' id='word_1_298' title='bbox 627 2771 714 2803; x_wconf 77' lang='lat' dir='ltr'>laevis</span> <span class='ocrx_word' id='word_1_299' title='bbox 737 2772 856 2803; x_wconf 82' lang='lat' dir='ltr'>factus:</span> <span class='ocrx_word' id='word_1_300' title='bbox 882 2783 1006 2815; x_wconf 87' lang='lat' dir='ltr'>compa-</span> 
     </span>
     <span class='ocr_line' id='line_1_55' title="bbox 279 2813 1007 2855; baseline 0.007 -13"><span class='ocrx_word' id='word_1_301' title='bbox 279 2818 350 2842; x_wconf 88' lang='lat' dir='ltr'>rant</span> <span class='ocrx_word' id='word_1_302' title='bbox 362 2813 545 2844; x_wconf 88' lang='lat' dir='ltr'>Archiloch.</span> <span class='ocrx_word' id='word_1_303' title='bbox 558 2814 621 2851; x_wconf 84' lang='lat' dir='ltr'>xvi,</span> <span class='ocrx_word' id='word_1_304' title='bbox 635 2815 653 2845; x_wconf 95' lang='lat'><strong>7</strong></span> <span class='ocrx_word' id='word_1_305' title='bbox 669 2824 737 2855; x_wconf 89' lang='lat' dir='ltr'>sqq.</span> <span class='ocrx_word' id='word_1_306' title='bbox 754 2814 885 2847; x_wconf 82' lang='lat' dir='ltr'>Antliol.</span> <span class='ocrx_word' id='word_1_307' title='bbox 901 2815 1007 2847; x_wconf 79' lang='lat' dir='ltr'>Graec.</span> 
     </span>
     <span class='ocr_line' id='line_1_56' title="bbox 277 2854 470 2896; baseline 0.01 -12"><span class='ocrx_word' id='word_1_308' title='bbox 277 2854 315 2884; x_wconf 88' lang='grc' dir='ltr'>Τ.</span> <span class='ocrx_word' id='word_1_309' title='bbox 331 2854 352 2890; x_wconf 88' lang='lat' dir='ltr'>i,</span> <span class='ocrx_word' id='word_1_310' title='bbox 370 2865 400 2896; x_wconf 89' lang='lat' dir='ltr'>p.</span> <span class='ocrx_word' id='word_1_311' title='bbox 416 2856 470 2887; x_wconf 82' lang='lat'>44.</span> 
     </span>
    </p>

    <p class='ocr_par' dir='ltr' id='par_1_14' title="bbox 275 2897 1004 2983">
     <span class='ocr_line' id='line_1_57' title="bbox 321 2897 1004 2945; baseline 0.003 -18"><span class='ocrx_word' id='word_1_312' title='bbox 321 2897 458 2928; x_wconf 80' lang='lat'><strong>35-38,</strong></span> <span class='ocrx_word' id='word_1_313' title='bbox 479 2899 668 2934; x_wconf 69' lang='lat' dir='ltr'>Abscinslere,</span> <span class='ocrx_word' id='word_1_314' title='bbox 692 2898 884 2945; x_wconf 85' lang='lat' dir='ltr'>abrumpere,</span> <span class='ocrx_word' id='word_1_315' title='bbox 910 2898 1004 2930; x_wconf 86' lang='lat' dir='ltr'>inter-</span> 
     </span>
     <span class='ocr_line' id='line_1_58' title="bbox 275 2938 1003 2983; baseline 0.005 -15"><span class='ocrx_word' id='word_1_316' title='bbox 275 2938 412 2972; x_wconf 77' lang='lat' dir='ltr'>cludere.</span> <span class='ocrx_word' id='word_1_317' title='bbox 458 2940 583 2972; x_wconf 79' lang='lat' dir='ltr'>Reditus</span> <span class='ocrx_word' id='word_1_318' title='bbox 611 2941 722 2976; x_wconf 81' lang='lat' dir='ltr'>dulces,</span> <span class='ocrx_word' id='word_1_319' title='bbox 748 2941 863 2974; x_wconf 76' lang='lat' dir='ltr'>reditus</span> <span class='ocrx_word' id='word_1_320' title='bbox 890 2940 921 2976; x_wconf 76' lang='lat' dir='ltr'>‘m</span> <span class='ocrx_word' id='word_1_321' title='bbox 950 2952 1003 2983; x_wconf 81' lang='lat' dir='ltr'>pa—</span> 
     </span>
    </p>
   </div>
   <div class='ocr_carea' id='block_1_9' title="bbox 445 1156 1190 1211">
    <p class='ocr_par' dir='ltr' id='par_1_15' title="bbox 445 1156 1190 1211">
     <span class='ocr_line' id='line_1_59' title="bbox 445 1156 1190 1211; baseline 0.005 -15"><span class='ocrx_word' id='word_1_322' title='bbox 445 1156 632 1197; x_wconf 82' lang='lat' dir='ltr'>Etrusca</span> <span class='ocrx_word' id='word_1_323' title='bbox 652 1164 810 1211; x_wconf 82' lang='lat' dir='ltr'>praeter</span> <span class='ocrx_word' id='word_1_324' title='bbox 830 1166 873 1199; x_wconf 91' lang='lat' dir='ltr'>et</span> <span class='ocrx_word' id='word_1_325' title='bbox 893 1158 1030 1200; x_wconf 86' lang='lat' dir='ltr'>volate</span> <span class='ocrx_word' id='word_1_326' title='bbox 1051 1159 1190 1200; x_wconf 59' lang='lat' dir='ltr'>litora?</span> 
     </span>
    </p>
   </div>
   <div class='ocr_carea' id='block_1_10' title="bbox 1042 1263 1787 2984">
    <p class='ocr_par' dir='ltr' id='par_1_16' title="bbox 1051 1263 1785 1671">
     <span class='ocr_line' id='line_1_60' title="bbox 1052 1263 1784 1305; baseline 0.001 -11"><span class='ocrx_word' id='word_1_327' title='bbox 1052 1264 1154 1300; x_wconf 89' lang='lat' dir='ltr'>triam,</span> <span class='ocrx_word' id='word_1_328' title='bbox 1171 1275 1252 1305; x_wconf 85' lang='lat' dir='ltr'>quae,</span> <span class='ocrx_word' id='word_1_329' title='bbox 1275 1270 1310 1296; x_wconf 88' lang='lat' dir='ltr'>ut</span> <span class='ocrx_word' id='word_1_330' title='bbox 1327 1265 1461 1296; x_wconf 89' lang='lat' dir='ltr'>Ovidius</span> <span class='ocrx_word' id='word_1_331' title='bbox 1485 1275 1523 1295; x_wconf 87' lang='lat' dir='ltr'>ex</span> <span class='ocrx_word' id='word_1_332' title='bbox 1546 1264 1642 1296; x_wconf 80' lang='lat' dir='ltr'>Pont.</span> <span class='ocrx_word' id='word_1_333' title='bbox 1658 1263 1681 1301; x_wconf 90' lang='lat' dir='ltr'>i,</span> <span class='ocrx_word' id='word_1_334' title='bbox 1695 1265 1727 1300; x_wconf 89' lang='grc'>3,</span> <span class='ocrx_word' id='word_1_335' title='bbox 1742 1266 1784 1296; x_wconf 88' lang='grc'>35</span> 
     </span>
     <span class='ocr_line' id='line_1_61' title="bbox 1052 1306 1785 1347; baseline 0.003 -12"><span class='ocrx_word' id='word_1_336' title='bbox 1052 1306 1202 1346; x_wconf 87' lang='lat' dir='ltr'>loquitur,</span> <span class='ocrx_word' id='word_1_337' title='bbox 1239 1309 1397 1338; x_wconf 82' lang='lat' dir='ltr'>dulcedine</span> <span class='ocrx_word' id='word_1_338' title='bbox 1436 1309 1564 1347; x_wconf 80' lang='lat' dir='ltr'>quadam</span> <span class='ocrx_word' id='word_1_339' title='bbox 1600 1317 1650 1337; x_wconf 81' lang='lat' dir='ltr'>nos</span> <span class='ocrx_word' id='word_1_340' title='bbox 1685 1313 1785 1346; x_wconf 83' lang='lat' dir='ltr'>captos</span> 
     </span>
     <span class='ocr_line' id='line_1_62' title="bbox 1052 1348 1783 1390; baseline 0.001 -12"><span class='ocrx_word' id='word_1_341' title='bbox 1052 1353 1147 1379; x_wconf 85' lang='lat' dir='ltr'>tenet.</span> <span class='ocrx_word' id='word_1_342' title='bbox 1193 1349 1366 1383; x_wconf 58' lang='lat' dir='ltr'>Eat-sacrata,</span> <span class='ocrx_word' id='word_1_343' title='bbox 1380 1348 1583 1390; x_wconf 85' lang='lat' dir='ltr'>jurejurando</span> <span class='ocrx_word' id='word_1_344' title='bbox 1596 1354 1627 1379; x_wconf 88' lang='lat' dir='ltr'>et</span> <span class='ocrx_word' id='word_1_345' title='bbox 1641 1358 1783 1380; x_wconf 85' lang='lat' dir='ltr'>exsecra-</span> 
     </span>
     <span class='ocr_line' id='line_1_63' title="bbox 1053 1390 1783 1431; baseline 0 -11"><span class='ocrx_word' id='word_1_346' title='bbox 1053 1390 1149 1425; x_wconf 84' lang='lat' dir='ltr'>tione.</span> <span class='ocrx_word' id='word_1_347' title='bbox 1176 1400 1209 1421; x_wconf 90' lang='lat' dir='ltr'>se</span> <span class='ocrx_word' id='word_1_348' title='bbox 1239 1401 1398 1431; x_wconf 88' lang='lat' dir='ltr'>nunquam</span> <span class='ocrx_word' id='word_1_349' title='bbox 1429 1390 1595 1422; x_wconf 83' lang='lat' dir='ltr'>redituram</span> <span class='ocrx_word' id='word_1_350' title='bbox 1620 1400 1700 1425; x_wconf 86' lang='lat' dir='ltr'>esse,</span> <span class='ocrx_word' id='word_1_351' title='bbox 1728 1391 1783 1421; x_wconf 92' lang='lat' dir='ltr'>ob-</span> 
     </span>
     <span class='ocr_line' id='line_1_64' title="bbox 1053 1431 1784 1473; baseline 0.003 -12"><span class='ocrx_word' id='word_1_352' title='bbox 1053 1431 1172 1463; x_wconf 86' lang='lat' dir='ltr'>stricta.</span> <span class='ocrx_word' id='word_1_353' title='bbox 1219 1433 1333 1468; x_wconf 83' lang='lat' dir='ltr'>Mollis,</span> <span class='ocrx_word' id='word_1_354' title='bbox 1361 1443 1423 1473; x_wconf 63' lang='lat' dir='ltr'>prae</span> <span class='ocrx_word' id='word_1_355' title='bbox 1449 1432 1582 1464; x_wconf 81' lang='lat' dir='ltr'>mollitia</span> <span class='ocrx_word' id='word_1_356' title='bbox 1603 1439 1634 1464; x_wconf 88' lang='lat' dir='ltr'>et</span> <span class='ocrx_word' id='word_1_357' title='bbox 1659 1432 1784 1472; x_wconf 82' lang='lat' dir='ltr'>ignavia</span> 
     </span>
     <span class='ocr_line' id='line_1_65' title="bbox 1053 1474 1784 1514; baseline 0.003 -11"><span class='ocrx_word' id='word_1_358' title='bbox 1053 1474 1198 1504; x_wconf 78' lang='lat' dir='ltr'>maritimi</span> <span class='ocrx_word' id='word_1_359' title='bbox 1218 1474 1335 1505; x_wconf 89' lang='lat' dir='ltr'>itineris</span> <span class='ocrx_word' id='word_1_360' title='bbox 1351 1474 1471 1504; x_wconf 85' lang='lat' dir='ltr'>labores</span> <span class='ocrx_word' id='word_1_361' title='bbox 1490 1474 1621 1514; x_wconf 68' lang='lat' dir='ltr'>fugiens.</span> <span class='ocrx_word' id='word_1_362' title='bbox 1665 1475 1784 1514; x_wconf 69' lang='lat' dir='ltr'>Esspes,</span> 
     </span>
     <span class='ocr_line' id='line_1_66' title="bbox 1053 1515 1783 1558; baseline 0.003 -13"><span class='ocrx_word' id='word_1_363' title='bbox 1053 1516 1208 1556; x_wconf 85' lang='lat' dir='ltr'>abjectum</span> <span class='ocrx_word' id='word_1_364' title='bbox 1225 1516 1362 1546; x_wconf 85' lang='lat' dir='ltr'>animum</span> <span class='ocrx_word' id='word_1_365' title='bbox 1380 1517 1419 1546; x_wconf 90' lang='lat' dir='ltr'>ad</span> <span class='ocrx_word' id='word_1_366' title='bbox 1442 1515 1577 1546; x_wconf 88' lang='lat' dir='ltr'>melioris</span> <span class='ocrx_word' id='word_1_367' title='bbox 1593 1515 1681 1547; x_wconf 84' lang='lat' dir='ltr'>sortis</span> <span class='ocrx_word' id='word_1_368' title='bbox 1696 1526 1783 1558; x_wconf 84' lang='lat' dir='ltr'>spem</span> 
     </span>
     <span class='ocr_line' id='line_1_67' title="bbox 1051 1556 1782 1598; baseline 0.001 -11"><span class='ocrx_word' id='word_1_369' title='bbox 1051 1556 1133 1588; x_wconf 90' lang='lat' dir='ltr'>haud</span> <span class='ocrx_word' id='word_1_370' title='bbox 1158 1557 1316 1588; x_wconf 84' lang='lat' dir='ltr'>attollens.</span> <span class='ocrx_word' id='word_1_371' title='bbox 1361 1558 1532 1588; x_wconf 75' lang='lat' dir='ltr'>Innminata</span> <span class='ocrx_word' id='word_1_372' title='bbox 1547 1561 1711 1598; x_wconf 72' lang='lat' dir='ltr'>per-primm</span> <span class='ocrx_word' id='word_1_373' title='bbox 1726 1570 1782 1589; x_wconf 84' lang='lat' dir='ltr'>cu·</span> 
     </span>
     <span class='ocr_line' id='line_1_68' title="bbox 1052 1599 1782 1641; baseline 0.003 -12"><span class='ocrx_word' id='word_1_374' title='bbox 1052 1600 1138 1634; x_wconf 76' lang='lat' dir='ltr'>bilia,</span> <span class='ocrx_word' id='word_1_375' title='bbox 1163 1599 1294 1640; x_wconf 84' lang='lat' dir='ltr'>graviter</span> <span class='ocrx_word' id='word_1_376' title='bbox 1313 1610 1378 1640; x_wconf 90' lang='lat' dir='ltr'>pro,</span> <span class='ocrx_word' id='word_1_377' title='bbox 1399 1599 1593 1641; x_wconf 81' lang='lat' dir='ltr'>inauspicato</span> <span class='ocrx_word' id='word_1_378' title='bbox 1613 1600 1697 1630; x_wconf 88' lang='lat' dir='ltr'>domi</span> <span class='ocrx_word' id='word_1_379' title='bbox 1715 1610 1782 1632; x_wconf 89' lang='lat' dir='ltr'>ma-</span> 
     </span>
     <span class='ocr_line' id='line_1_69' title="bbox 1054 1647 1136 1671; baseline 0 -1"><span class='ocrx_word' id='word_1_380' title='bbox 1054 1647 1136 1671; x_wconf 82' lang='lat' dir='ltr'>neat.</span> 
     </span>
    </p>

    <p class='ocr_par' dir='ltr' id='par_1_17' title="bbox 1042 1683 1787 2984">
     <span class='ocr_line' id='line_1_70' title="bbox 1096 1683 1783 1720; baseline 0.006 -8"><span class='ocrx_word' id='word_1_381' title='bbox 1096 1683 1233 1713; x_wconf 87' lang='lat'>39—54.</span> <span class='ocrx_word' id='word_1_382' title='bbox 1257 1683 1435 1715; x_wconf 81' lang='lat' dir='ltr'>Muliebrem</span> <span class='ocrx_word' id='word_1_383' title='bbox 1458 1685 1554 1714; x_wconf 72' lang='lat' dir='ltr'>tollite</span> <span class='ocrx_word' id='word_1_384' title='bbox 1576 1685 1703 1720; x_wconf 79' lang='lat' dir='ltr'>luctum,</span> <span class='ocrx_word' id='word_1_385' title='bbox 1728 1694 1783 1716; x_wconf 88' lang='lat' dir='ltr'>no-</span> 
     </span>
     <span class='ocr_line' id='line_1_71' title="bbox 1054 1724 1784 1767; baseline 0.004 -13"><span class='ocrx_word' id='word_1_386' title='bbox 1054 1724 1110 1755; x_wconf 87' lang='lat' dir='ltr'>lite</span> <span class='ocrx_word' id='word_1_387' title='bbox 1139 1725 1197 1755; x_wconf 86' lang='lat' dir='ltr'>sub</span> <span class='ocrx_word' id='word_1_388' title='bbox 1225 1725 1363 1756; x_wconf 80' lang='lat' dir='ltr'>discessu</span> <span class='ocrx_word' id='word_1_389' title='bbox 1394 1736 1431 1756; x_wconf 89' lang='lat' dir='ltr'>ex</span> <span class='ocrx_word' id='word_1_390' title='bbox 1465 1726 1562 1767; x_wconf 85' lang='lat' dir='ltr'>patria</span> <span class='ocrx_word' id='word_1_391' title='bbox 1593 1725 1784 1758; x_wconf 83' lang='lat' dir='ltr'>muliebriter</span> 
     </span>
     <span class='ocr_line' id='line_1_72' title="bbox 1054 1766 1783 1803; baseline 0.004 -7"><span class='ocrx_word' id='word_1_392' title='bbox 1054 1766 1227 1803; x_wconf 85' lang='lat' dir='ltr'>lamentari,</span> <span class='ocrx_word' id='word_1_393' title='bbox 1250 1768 1304 1797; x_wconf 89' lang='lat' dir='ltr'>sed</span> <span class='ocrx_word' id='word_1_394' title='bbox 1322 1766 1380 1797; x_wconf 87' lang='lat' dir='ltr'>viri</span> <span class='ocrx_word' id='word_1_395' title='bbox 1399 1772 1505 1799; x_wconf 88' lang='lat' dir='ltr'>estote.</span> <span class='ocrx_word' id='word_1_396' title='bbox 1549 1767 1708 1799; x_wconf 76' lang='lat' dir='ltr'>Orationis</span> <span class='ocrx_word' id='word_1_397' title='bbox 1731 1779 1783 1800; x_wconf 89' lang='lat' dir='ltr'>co-</span> 
     </span>
     <span class='ocr_line' id='line_1_73' title="bbox 1054 1808 1785 1846; baseline 0.004 -7"><span class='ocrx_word' id='word_1_398' title='bbox 1054 1808 1160 1844; x_wconf 88' lang='lat' dir='ltr'>lorem,</span> <span class='ocrx_word' id='word_1_399' title='bbox 1192 1810 1374 1840; x_wconf 87' lang='lat' dir='ltr'>observante</span> <span class='ocrx_word' id='word_1_400' title='bbox 1407 1809 1670 1846; x_wconf 82' lang='lat' dir='ltr'>Mitscherlichio.</span> <span class='ocrx_word' id='word_1_401' title='bbox 1696 1810 1785 1842; x_wconf 84' lang='lat' dir='ltr'>duxit</span> 
     </span>
     <span class='ocr_line' id='line_1_74' title="bbox 1054 1851 1784 1893; baseline 0.007 -13"><span class='ocrx_word' id='word_1_402' title='bbox 1054 1851 1203 1881; x_wconf 85' lang='lat' dir='ltr'>Horatius</span> <span class='ocrx_word' id='word_1_403' title='bbox 1226 1862 1264 1882; x_wconf 88' lang='lat' dir='ltr'>ex</span> <span class='ocrx_word' id='word_1_404' title='bbox 1292 1851 1482 1882; x_wconf 83' lang='lat' dir='ltr'>Archilocho</span> <span class='ocrx_word' id='word_1_405' title='bbox 1509 1851 1558 1893; x_wconf 88' lang='lat' dir='ltr'>(in</span> <span class='ocrx_word' id='word_1_406' title='bbox 1590 1852 1678 1884; x_wconf 84' lang='lat' dir='ltr'>Stob.</span> <span class='ocrx_word' id='word_1_407' title='bbox 1701 1853 1784 1885; x_wconf 76' lang='lat' dir='ltr'>Flor-</span> 
     </span>
     <span class='ocr_line' id='line_1_75' title="bbox 1054 1892 1784 1935; baseline 0.005 -13"><span class='ocrx_word' id='word_1_408' title='bbox 1054 1893 1142 1924; x_wconf 87' lang='lat' dir='ltr'>Grot.</span> <span class='ocrx_word' id='word_1_409' title='bbox 1160 1904 1192 1934; x_wconf 87' lang='lat' dir='ltr'>p.</span> <span class='ocrx_word' id='word_1_410' title='bbox 1209 1892 1302 1933; x_wconf 84' lang='lat'>513),</span> <span class='ocrx_word' id='word_1_411' title='bbox 1324 1895 1425 1931; x_wconf 82' lang='grc' dir='ltr'>τλῆτε</span> <span class='ocrx_word' id='word_1_412' title='bbox 1448 1896 1639 1935; x_wconf 81' lang='grc' dir='ltr'>γυναικεῖον</span> <span class='ocrx_word' id='word_1_413' title='bbox 1663 1893 1784 1933; x_wconf 77' lang='grc' dir='ltr'>πένθος</span> 
     </span>
     <span class='ocr_line' id='line_1_76' title="bbox 1054 1934 1783 1977; baseline 0.004 -12"><span class='ocrx_word' id='word_1_414' title='bbox 1054 1934 1280 1977; x_wconf 85' lang='grc' dir='ltr'>ἀπωσάμενοι.</span> <span class='ocrx_word' id='word_1_415' title='bbox 1324 1936 1456 1967; x_wconf 75' lang='lat' dir='ltr'>Etrusca</span> <span class='ocrx_word' id='word_1_416' title='bbox 1468 1943 1575 1975; x_wconf 77' lang='lat' dir='ltr'>proeter</span> <span class='ocrx_word' id='word_1_417' title='bbox 1590 1943 1618 1967; x_wconf 84' lang='lat' dir='ltr'>et</span> <span class='ocrx_word' id='word_1_418' title='bbox 1632 1937 1728 1968; x_wconf 71' lang='lat' dir='ltr'>volate</span> <span class='ocrx_word' id='word_1_419' title='bbox 1744 1938 1783 1968; x_wconf 81' lang='lat' dir='ltr'>li-</span> 
     </span>
     <span class='ocr_line' id='line_1_77' title="bbox 1053 1978 1787 2019; baseline 0.004 -13"><span class='ocrx_word' id='word_1_420' title='bbox 1053 1983 1130 2012; x_wconf 80' lang='lat' dir='ltr'>tora,</span> <span class='ocrx_word' id='word_1_421' title='bbox 1148 1978 1240 2008; x_wconf 80' lang='lat' dir='ltr'>celeri</span> <span class='ocrx_word' id='word_1_422' title='bbox 1258 1987 1351 2007; x_wconf 88' lang='lat' dir='ltr'>cursu</span> <span class='ocrx_word' id='word_1_423' title='bbox 1370 1987 1454 2009; x_wconf 82' lang='lat' dir='ltr'>mare</span> <span class='ocrx_word' id='word_1_424' title='bbox 1471 1978 1666 2019; x_wconf 86' lang='lat' dir='ltr'>Tyrrhenum</span> <span class='ocrx_word' id='word_1_425' title='bbox 1684 1985 1787 2010; x_wconf 80' lang='lat' dir='ltr'>trans-</span> 
     </span>
     <span class='ocr_line' id='line_1_78' title="bbox 1054 2019 1785 2060; baseline 0.005 -12"><span class='ocrx_word' id='word_1_426' title='bbox 1054 2019 1135 2050; x_wconf 89' lang='lat' dir='ltr'>vecti</span> <span class='ocrx_word' id='word_1_427' title='bbox 1163 2021 1324 2050; x_wconf 85' lang='lat' dir='ltr'>Oceanum</span> <span class='ocrx_word' id='word_1_428' title='bbox 1353 2029 1460 2050; x_wconf 83' lang='lat' dir='ltr'>versus</span> <span class='ocrx_word' id='word_1_429' title='bbox 1489 2020 1653 2060; x_wconf 72' lang='lat' dir='ltr'>navigate:</span> <span class='ocrx_word' id='word_1_430' title='bbox 1685 2022 1785 2054; x_wconf 70' lang='lat' dir='ltr'>volare</span> 
     </span>
     <span class='ocr_line' id='line_1_79' title="bbox 1054 2060 1783 2104; baseline 0.007 -14"><span class='ocrx_word' id='word_1_431' title='bbox 1054 2060 1092 2091; x_wconf 88' lang='lat' dir='ltr'>de</span> <span class='ocrx_word' id='word_1_432' title='bbox 1120 2061 1213 2092; x_wconf 88' lang='lat' dir='ltr'>celeri</span> <span class='ocrx_word' id='word_1_433' title='bbox 1243 2072 1347 2096; x_wconf 88' lang='lat' dir='ltr'>cursu,</span> <span class='ocrx_word' id='word_1_434' title='bbox 1379 2071 1449 2104; x_wconf 85' lang='lat' dir='ltr'>sup.</span> <span class='ocrx_word' id='word_1_435' title='bbox 1475 2062 1580 2093; x_wconf 85' lang='lat' dir='ltr'>Carm.</span> <span class='ocrx_word' id='word_1_436' title='bbox 1607 2062 1650 2098; x_wconf 85' lang='lat' dir='ltr'>iv,</span> <span class='ocrx_word' id='word_1_437' title='bbox 1674 2064 1706 2098; x_wconf 89' lang='lat'>5,</span> <span class='ocrx_word' id='word_1_438' title='bbox 1731 2064 1783 2099; x_wconf 82' lang='lat'>19,</span> 
     </span>
     <span class='ocr_line' id='line_1_80' title="bbox 1055 2103 1784 2142; baseline 0.005 -10"><span class='ocrx_word' id='word_1_439' title='bbox 1055 2103 1203 2133; x_wconf 71' lang='lat' dir='ltr'>Pacatum</span> <span class='ocrx_word' id='word_1_440' title='bbox 1219 2105 1348 2134; x_wconf 75' lang='lat' dir='ltr'>volitant</span> <span class='ocrx_word' id='word_1_441' title='bbox 1365 2115 1417 2142; x_wconf 79' lang='lat' dir='ltr'>per</span> <span class='ocrx_word' id='word_1_442' title='bbox 1440 2115 1521 2134; x_wconf 79' lang='lat' dir='ltr'>mure</span> <span class='ocrx_word' id='word_1_443' title='bbox 1535 2106 1663 2135; x_wconf 79' lang='lat' dir='ltr'>navitoe:</span> <span class='ocrx_word' id='word_1_444' title='bbox 1685 2105 1727 2135; x_wconf 88' lang='lat' dir='ltr'>cf.</span> <span class='ocrx_word' id='word_1_445' title='bbox 1743 2106 1784 2137; x_wconf 86' lang='lat' dir='ltr'>ad</span> 
     </span>
     <span class='ocr_line' id='line_1_81' title="bbox 1055 2145 1781 2180; baseline 0.006 -6"><span class='ocrx_word' id='word_1_446' title='bbox 1055 2145 1079 2173; x_wconf 89' lang='lat' dir='ltr'>C</span> <span class='ocrx_word' id='word_1_447' title='bbox 1084 2145 1174 2174; x_wconf 90' lang='lat' dir='ltr'>atull.</span> <span class='ocrx_word' id='word_1_448' title='bbox 1189 2145 1231 2180; x_wconf 88' lang='lat' dir='ltr'>iv,</span> <span class='ocrx_word' id='word_1_449' title='bbox 1245 2147 1276 2176; x_wconf 89' lang='lat'>5.</span> <span class='ocrx_word' id='word_1_450' title='bbox 1314 2146 1375 2176; x_wconf 87' lang='lat' dir='ltr'>Nos</span> <span class='ocrx_word' id='word_1_451' title='bbox 1390 2153 1488 2177; x_wconf 81' lang='lat' dir='ltr'>munet</span> <span class='ocrx_word' id='word_1_452' title='bbox 1505 2146 1639 2177; x_wconf 78' lang='lat' dir='ltr'>Oceanus</span> <span class='ocrx_word' id='word_1_453' title='bbox 1652 2148 1781 2178; x_wconf 82' lang='lat' dir='ltr'>circum-</span> 
     </span>
     <span class='ocr_line' id='line_1_82' title="bbox 1053 2187 1783 2229; baseline 0.005 -13"><span class='ocrx_word' id='word_1_454' title='bbox 1053 2188 1169 2226; x_wconf 77' lang='lat' dir='ltr'>vagus!</span> <span class='ocrx_word' id='word_1_455' title='bbox 1199 2198 1285 2217; x_wconf 83' lang='lat' dir='ltr'>arva.</span> <span class='ocrx_word' id='word_1_456' title='bbox 1329 2187 1610 2224; x_wconf 88' lang='lat' dir='ltr'>Mitscherlichius,</span> <span class='ocrx_word' id='word_1_457' title='bbox 1636 2188 1690 2229; x_wconf 89' lang='lat' dir='ltr'>qui</span> <span class='ocrx_word' id='word_1_458' title='bbox 1710 2200 1783 2220; x_wconf 81' lang='lat' dir='ltr'>arva</span> 
     </span>
     <span class='ocr_line' id='line_1_83' title="bbox 1052 2229 1783 2270; baseline 0.005 -12"><span class='ocrx_word' id='word_1_459' title='bbox 1052 2237 1123 2258; x_wconf 88' lang='lat' dir='ltr'>cum</span> <span class='ocrx_word' id='word_1_460' title='bbox 1139 2230 1348 2270; x_wconf 78' lang='lat' dir='ltr'>circumvagus</span> <span class='ocrx_word' id='word_1_461' title='bbox 1366 2229 1483 2270; x_wconf 85' lang='lat' dir='ltr'>jungit,</span> <span class='ocrx_word' id='word_1_462' title='bbox 1508 2229 1592 2260; x_wconf 88' lang='lat' dir='ltr'>hunc</span> <span class='ocrx_word' id='word_1_463' title='bbox 1614 2230 1717 2261; x_wconf 92' lang='lat' dir='ltr'>locum</span> <span class='ocrx_word' id='word_1_464' title='bbox 1739 2230 1783 2262; x_wconf 81' lang='lat' dir='ltr'>ita</span> 
     </span>
     <span class='ocr_line' id='line_1_84' title="bbox 1052 2269 1782 2313; baseline 0.005 -14"><span class='ocrx_word' id='word_1_465' title='bbox 1052 2269 1208 2310; x_wconf 77' lang='lat' dir='ltr'>explicat:</span> <span class='ocrx_word' id='word_1_466' title='bbox 1233 2274 1253 2287; x_wconf 88' lang='lat'><strong>“</strong></span> <span class='ocrx_word' id='word_1_467' title='bbox 1268 2280 1329 2311; x_wconf 86' lang='lat' dir='ltr'>qua</span> <span class='ocrx_word' id='word_1_468' title='bbox 1352 2280 1426 2301; x_wconf 83' lang='lat' dir='ltr'>arva</span> <span class='ocrx_word' id='word_1_469' title='bbox 1449 2270 1557 2307; x_wconf 83' lang='lat' dir='ltr'>ambit,</span> <span class='ocrx_word' id='word_1_470' title='bbox 1578 2272 1716 2313; x_wconf 83' lang='lat' dir='ltr'>adeoque</span> <span class='ocrx_word' id='word_1_471' title='bbox 1734 2273 1782 2304; x_wconf 85' lang='lat' dir='ltr'>in·</span> 
     </span>
     <span class='ocr_line' id='line_1_85' title="bbox 1053 2312 1781 2355; baseline 0.005 -14"><span class='ocrx_word' id='word_1_472' title='bbox 1053 2312 1138 2342; x_wconf 89' lang='lat' dir='ltr'>sulas</span> <span class='ocrx_word' id='word_1_473' title='bbox 1166 2312 1198 2342; x_wconf 89' lang='lat' dir='ltr'>in</span> <span class='ocrx_word' id='word_1_474' title='bbox 1230 2313 1357 2343; x_wconf 89' lang='lat' dir='ltr'>Oceano</span> <span class='ocrx_word' id='word_1_475' title='bbox 1383 2312 1471 2348; x_wconf 79' lang='lat' dir='ltr'>sitas,</span> <span class='ocrx_word' id='word_1_476' title='bbox 1493 2323 1547 2354; x_wconf 90' lang='lat' dir='ltr'>pro</span> <span class='ocrx_word' id='word_1_477' title='bbox 1569 2313 1702 2355; x_wconf 82' lang='lat' dir='ltr'>vulgari,</span> <span class='ocrx_word' id='word_1_478' title='bbox 1725 2325 1781 2346; x_wconf 84' lang='lat' dir='ltr'>nos</span> 
     </span>
     <span class='ocr_line' id='line_1_86' title="bbox 1052 2354 1782 2390; baseline 0.007 -7"><span class='ocrx_word' id='word_1_479' title='bbox 1052 2359 1180 2384; x_wconf 88' lang='lat' dir='ltr'>manent</span> <span class='ocrx_word' id='word_1_480' title='bbox 1202 2364 1275 2384; x_wconf 89' lang='lat' dir='ltr'>arva</span> <span class='ocrx_word' id='word_1_481' title='bbox 1296 2355 1424 2385; x_wconf 85' lang='lat' dir='ltr'>Oceano</span> <span class='ocrx_word' id='word_1_482' title='bbox 1442 2354 1661 2386; x_wconf 86' lang='lat' dir='ltr'>circumflua.&#39;&#39;</span> <span class='ocrx_word' id='word_1_483' title='bbox 1695 2356 1782 2390; x_wconf 84' lang='lat' dir='ltr'>Mihi</span> 
     </span>
     <span class='ocr_line' id='line_1_87' title="bbox 1052 2395 1781 2439; baseline 0.005 -14"><span class='ocrx_word' id='word_1_484' title='bbox 1052 2395 1174 2436; x_wconf 87' lang='lat' dir='ltr'>quidem</span> <span class='ocrx_word' id='word_1_485' title='bbox 1192 2396 1309 2427; x_wconf 83' lang='lat' dir='ltr'>locutio</span> <span class='ocrx_word' id='word_1_486' title='bbox 1324 2398 1531 2437; x_wconf 80' lang='lat' dir='ltr'>circumvagus</span> <span class='ocrx_word' id='word_1_487' title='bbox 1541 2408 1628 2432; x_wconf 79' lang='lat' dir='ltr'>arva,</span> <span class='ocrx_word' id='word_1_488' title='bbox 1642 2408 1710 2439; x_wconf 88' lang='lat' dir='ltr'>pro,</span> <span class='ocrx_word' id='word_1_489' title='bbox 1727 2409 1781 2429; x_wconf 82' lang='lat' dir='ltr'>va-</span> 
     </span>
     <span class='ocr_line' id='line_1_88' title="bbox 1052 2438 1782 2479; baseline 0.004 -12"><span class='ocrx_word' id='word_1_490' title='bbox 1052 2447 1110 2477; x_wconf 87' lang='lat' dir='ltr'>gus</span> <span class='ocrx_word' id='word_1_491' title='bbox 1133 2438 1250 2468; x_wconf 89' lang='lat' dir='ltr'>circum</span> <span class='ocrx_word' id='word_1_492' title='bbox 1273 2449 1357 2474; x_wconf 89' lang='lat' dir='ltr'>arva,</span> <span class='ocrx_word' id='word_1_493' title='bbox 1380 2438 1546 2470; x_wconf 86' lang='lat' dir='ltr'>durissima</span> <span class='ocrx_word' id='word_1_494' title='bbox 1573 2438 1733 2479; x_wconf 33' lang='lat' dir='ltr'>videtur?</span> <span class='ocrx_word' id='word_1_495' title='bbox 1746 2446 1782 2473; x_wconf 91' lang='lat' dir='ltr'>ut</span> 
     </span>
     <span class='ocr_line' id='line_1_89' title="bbox 1053 2479 1781 2523; baseline 0.001 -11"><span class='ocrx_word' id='word_1_496' title='bbox 1053 2479 1131 2512; x_wconf 85' lang='lat' dir='ltr'>nihil</span> <span class='ocrx_word' id='word_1_497' title='bbox 1156 2479 1272 2516; x_wconf 85' lang='lat' dir='ltr'>dicam,</span> <span class='ocrx_word' id='word_1_498' title='bbox 1302 2486 1364 2511; x_wconf 85' lang='lat' dir='ltr'>tam</span> <span class='ocrx_word' id='word_1_499' title='bbox 1390 2481 1452 2511; x_wconf 88' lang='lat' dir='ltr'>vim</span> <span class='ocrx_word' id='word_1_500' title='bbox 1481 2480 1668 2523; x_wconf 80' lang='lat' dir='ltr'>repetitionis</span> <span class='ocrx_word' id='word_1_501' title='bbox 1697 2484 1781 2514; x_wconf 77' lang='lat' dir='ltr'>beata</span> 
     </span>
     <span class='ocr_line' id='line_1_90' title="bbox 1052 2522 1781 2565; baseline 0.007 -14"><span class='ocrx_word' id='word_1_502' title='bbox 1052 2533 1136 2557; x_wconf 79' lang='lat' dir='ltr'>arva,</span> <span class='ocrx_word' id='word_1_503' title='bbox 1169 2532 1261 2563; x_wconf 89' lang='lat' dir='ltr'>quam</span> <span class='ocrx_word' id='word_1_504' title='bbox 1291 2522 1439 2554; x_wconf 86' lang='lat' dir='ltr'>orationis</span> <span class='ocrx_word' id='word_1_505' title='bbox 1470 2523 1651 2564; x_wconf 78' lang='lat' dir='ltr'>gravitatem</span> <span class='ocrx_word' id='word_1_506' title='bbox 1687 2529 1781 2565; x_wconf 83' lang='lat' dir='ltr'>atque</span> 
     </span>
     <span class='ocr_line' id='line_1_91' title="bbox 1053 2564 1781 2607; baseline 0.004 -13"><span class='ocrx_word' id='word_1_507' title='bbox 1053 2574 1167 2596; x_wconf 82' lang='lat' dir='ltr'>nexum</span> <span class='ocrx_word' id='word_1_508' title='bbox 1191 2564 1299 2605; x_wconf 84' lang='lat' dir='ltr'>perire,</span> <span class='ocrx_word' id='word_1_509' title='bbox 1322 2565 1349 2595; x_wconf 92' lang='lat' dir='ltr'>si</span> <span class='ocrx_word' id='word_1_510' title='bbox 1370 2575 1444 2595; x_wconf 84' lang='lat' dir='ltr'>arva</span> <span class='ocrx_word' id='word_1_511' title='bbox 1470 2564 1570 2606; x_wconf 87' lang='lat' dir='ltr'>priore</span> <span class='ocrx_word' id='word_1_512' title='bbox 1592 2565 1660 2597; x_wconf 87' lang='lat' dir='ltr'>loco</span> <span class='ocrx_word' id='word_1_513' title='bbox 1681 2566 1781 2607; x_wconf 85' lang='lat' dir='ltr'>posita</span> 
     </span>
     <span class='ocr_line' id='line_1_92' title="bbox 1053 2606 1779 2648; baseline 0.006 -13"><span class='ocrx_word' id='word_1_514' title='bbox 1053 2606 1091 2636; x_wconf 89' lang='lat' dir='ltr'>ad</span> <span class='ocrx_word' id='word_1_515' title='bbox 1115 2607 1324 2647; x_wconf 77' lang='lat' dir='ltr'>circumvagus</span> <span class='ocrx_word' id='word_1_516' title='bbox 1347 2607 1502 2638; x_wconf 80' lang='lat' dir='ltr'>referatur.</span> <span class='ocrx_word' id='word_1_517' title='bbox 1547 2607 1623 2648; x_wconf 83' lang='lat' dir='ltr'>Sup.</span> <span class='ocrx_word' id='word_1_518' title='bbox 1639 2607 1660 2645; x_wconf 88' lang='lat' dir='ltr'>i,</span> <span class='ocrx_word' id='word_1_519' title='bbox 1679 2609 1731 2644; x_wconf 86' lang='lat'>34,</span> <span class='ocrx_word' id='word_1_520' title='bbox 1747 2610 1779 2647; x_wconf 87' lang='lat'>9,</span> 
     </span>
     <span class='ocr_line' id='line_1_93' title="bbox 1042 2648 1781 2691; baseline 0.005 -13"><span class='ocrx_word' id='word_1_521' title='bbox 1042 2649 1179 2689; x_wconf 78' lang='lat' dir='ltr'>flumina</span> <span class='ocrx_word' id='word_1_522' title='bbox 1207 2648 1389 2690; x_wconf 77' lang='lat' dir='ltr'>simpliciter</span> <span class='ocrx_word' id='word_1_523' title='bbox 1415 2648 1560 2680; x_wconf 91' lang='lat' dir='ltr'>dicuntur</span> <span class='ocrx_word' id='word_1_524' title='bbox 1589 2660 1686 2691; x_wconf 58' lang='lat' dir='ltr'>vagam</span> <span class='ocrx_word' id='word_1_525' title='bbox 1723 2660 1781 2682; x_wconf 86' lang='lat' dir='ltr'>cur</span> 
     </span>
     <span class='ocr_line' id='line_1_94' title="bbox 1054 2690 1780 2732; baseline 0.004 -12"><span class='ocrx_word' id='word_1_526' title='bbox 1054 2700 1115 2720; x_wconf 88' lang='lat' dir='ltr'>uon</span> <span class='ocrx_word' id='word_1_527' title='bbox 1133 2700 1221 2730; x_wconf 85' lang='lat' dir='ltr'>aeque</span> <span class='ocrx_word' id='word_1_528' title='bbox 1241 2692 1279 2720; x_wconf 89' lang='lat' dir='ltr'>ad</span> <span class='ocrx_word' id='word_1_529' title='bbox 1296 2701 1358 2721; x_wconf 91' lang='lat' dir='ltr'>rem</span> <span class='ocrx_word' id='word_1_530' title='bbox 1377 2691 1509 2722; x_wconf 78' lang='lat' dir='ltr'>Oceanus</span> <span class='ocrx_word' id='word_1_531' title='bbox 1522 2690 1705 2732; x_wconf 85' lang='lat' dir='ltr'>simpliciter</span> <span class='ocrx_word' id='word_1_532' title='bbox 1717 2692 1780 2724; x_wconf 89' lang='lat' dir='ltr'>dici</span> 
     </span>
     <span class='ocr_line' id='line_1_95' title="bbox 1052 2732 1778 2774; baseline 0.003 -12"><span class='ocrx_word' id='word_1_533' title='bbox 1052 2732 1149 2773; x_wconf 88' lang='lat' dir='ltr'>possit</span> <span class='ocrx_word' id='word_1_534' title='bbox 1175 2734 1404 2774; x_wconf 74' lang='lat' dir='ltr'>eircumvagus?</span> <span class='ocrx_word' id='word_1_535' title='bbox 1438 2733 1469 2767; x_wconf 85' lang='lat' dir='ltr'>h.</span> <span class='ocrx_word' id='word_1_536' title='bbox 1494 2742 1524 2763; x_wconf 87' lang='lat' dir='ltr'>e.</span> <span class='ocrx_word' id='word_1_537' title='bbox 1545 2733 1607 2764; x_wconf 90' lang='lat' dir='ltr'>late</span> <span class='ocrx_word' id='word_1_538' title='bbox 1633 2732 1778 2770; x_wconf 79' lang='lat' dir='ltr'>diffusus,</span> 
     </span>
     <span class='ocr_line' id='line_1_96' title="bbox 1051 2774 1777 2814; baseline 0.003 -10"><span class='ocrx_word' id='word_1_539' title='bbox 1051 2783 1169 2814; x_wconf 88' lang='lat' dir='ltr'>vagans</span> <span class='ocrx_word' id='word_1_540' title='bbox 1185 2774 1298 2805; x_wconf 85' lang='lat' dir='ltr'>circum</span> <span class='ocrx_word' id='word_1_541' title='bbox 1315 2780 1409 2805; x_wconf 86' lang='lat' dir='ltr'>terras</span> <span class='ocrx_word' id='word_1_542' title='bbox 1421 2779 1452 2805; x_wconf 84' lang='lat' dir='ltr'>et</span> <span class='ocrx_word' id='word_1_543' title='bbox 1462 2774 1596 2805; x_wconf 77' lang='lat' dir='ltr'>insulas.</span> <span class='ocrx_word' id='word_1_544' title='bbox 1641 2775 1777 2808; x_wconf 86' lang='lat' dir='ltr'>Sensus:</span> 
     </span>
     <span class='ocr_line' id='line_1_97' title="bbox 1051 2817 1778 2858; baseline 0.003 -12"><span class='ocrx_word' id='word_1_545' title='bbox 1051 2821 1136 2846; x_wconf 87' lang='lat' dir='ltr'>trans</span> <span class='ocrx_word' id='word_1_546' title='bbox 1166 2817 1328 2847; x_wconf 87' lang='lat' dir='ltr'>Oceanum</span> <span class='ocrx_word' id='word_1_547' title='bbox 1365 2817 1608 2857; x_wconf 84' lang='lat' dir='ltr'>circumvagum,</span> <span class='ocrx_word' id='word_1_548' title='bbox 1636 2817 1691 2858; x_wconf 89' lang='lat' dir='ltr'>qui</span> <span class='ocrx_word' id='word_1_549' title='bbox 1720 2827 1778 2849; x_wconf 81' lang='lat' dir='ltr'>nos</span> 
     </span>
     <span class='ocr_line' id='line_1_98' title="bbox 1049 2858 1776 2900; baseline -0.001 -12"><span class='ocrx_word' id='word_1_550' title='bbox 1049 2864 1154 2889; x_wconf 84' lang='lat' dir='ltr'>manet</span> <span class='ocrx_word' id='word_1_551' title='bbox 1174 2858 1378 2899; x_wconf 86' lang='lat' dir='ltr'>superandus,</span> <span class='ocrx_word' id='word_1_552' title='bbox 1394 2863 1535 2899; x_wconf 84' lang='lat' dir='ltr'>petamus</span> <span class='ocrx_word' id='word_1_553' title='bbox 1552 2868 1636 2894; x_wconf 82' lang='lat' dir='ltr'>arva,</span> <span class='ocrx_word' id='word_1_554' title='bbox 1659 2864 1691 2890; x_wconf 88' lang='lat' dir='ltr'>et</span> <span class='ocrx_word' id='word_1_555' title='bbox 1705 2859 1776 2900; x_wconf 86' lang='lat' dir='ltr'>qui-</span> 
     </span>
     <span class='ocr_line' id='line_1_99' title="bbox 1048 2899 1775 2932; baseline 0.001 -1"><span class='ocrx_word' id='word_1_556' title='bbox 1048 2899 1118 2931; x_wconf 89' lang='lat' dir='ltr'>dem</span> <span class='ocrx_word' id='word_1_557' title='bbox 1149 2900 1241 2932; x_wconf 86' lang='lat' dir='ltr'>beata</span> <span class='ocrx_word' id='word_1_558' title='bbox 1269 2910 1341 2931; x_wconf 87' lang='lat' dir='ltr'>arva</span> <span class='ocrx_word' id='word_1_559' title='bbox 1364 2906 1396 2930; x_wconf 85' lang='lat' dir='ltr'>et</span> <span class='ocrx_word' id='word_1_560' title='bbox 1418 2899 1530 2930; x_wconf 84' lang='lat' dir='ltr'>divites</span> <span class='ocrx_word' id='word_1_561' title='bbox 1551 2900 1680 2932; x_wconf 83' lang='lat' dir='ltr'>insulas.</span> <span class='ocrx_word' id='word_1_562' title='bbox 1722 2900 1775 2932; x_wconf 87' lang='lat' dir='ltr'>Sic</span> 
     </span>
     <span class='ocr_line' id='line_1_100' title="bbox 1048 2941 1775 2984; baseline 0.003 -12"><span class='ocrx_word' id='word_1_563' title='bbox 1048 2942 1111 2975; x_wconf 82' lang='lat' dir='ltr'>sere</span> <span class='ocrx_word' id='word_1_564' title='bbox 1137 2941 1221 2984; x_wconf 86' lang='lat' dir='ltr'>apud</span> <span class='ocrx_word' id='word_1_565' title='bbox 1247 2942 1337 2984; x_wconf 81' lang='lat' dir='ltr'>Virg.</span> <span class='ocrx_word' id='word_1_566' title='bbox 1367 2943 1443 2978; x_wconf 66' lang='grc' dir='ltr'>ΑΕΗ.</span> <span class='ocrx_word' id='word_1_567' title='bbox 1468 2941 1522 2979; x_wconf 72' lang='lat' dir='ltr'>vii.</span> <span class='ocrx_word' id='word_1_568' title='bbox 1543 2942 1775 2980; x_wconf 46' lang='lat' dir='ltr'>assemanus</span> 
     </span>
    </p>
   </div>
  </div>
 </body>
</html>
