1884 3288
309 187 392 227 106

863 189 1258 234 CARMINUM

641 286 832 341 Tinguet
852 291 1136 342 pavimentum
1157 294 1390 346 superbum

701 352 958 396 Pontificum
978 358 1144 410 potiore
1165 359 1310 399 coenis.

856 581 1128 624 CARMEN
1159 585 1262 627 XV.

587 745 681 785 «JAM
702 760 839 799 pauca
859 753 1001 787 aratro
1016 747 1172 800 jugera
1192 748 1322 801 regiae

591 811 732 852 Moles
754 811 1017 865 relinquent:
1051 814 1239 867 undique
1259 814 1384 855 latius

645 877 837 918 Extenta
857 879 1046 919 visentur
1068 879 1256 920 Lucrino

702 944 864 998 Stagna
882 944 1001 985 lacu:
1033 944 1318 998 platanusque
1340 945 1494 987 caelebs

532 1009 559 1048 5
590 1008 772 1049 Evincet
793 1009 941 1058 ulmos,
962 1017 1053 1050 tum
1073 1009 1259 1059 violaria,
1281 1018 1324 1051 et

590 1073 777 1126 Myrtus,
800 1081 844 1115 et
864 1076 998 1115 omnis
1020 1076 1143 1128 copia
1162 1077 1341 1124 narium,

647 1140 863 1193 Spargent
883 1140 1047 1180 olivetis
1073 1141 1247 1181 odorem

699 1205 931 1246 Fertilibus
953 1206 1124 1246 domino
1146 1206 1304 1259 priori:

590 1270 703 1311 Tum
726 1272 863 1324 spissa
883 1272 1009 1312 ramis
1029 1271 1176 1312 laurea
1196 1271 1383 1312 fervidos

505 1335 558 1375 10
587 1335 806 1376 Excludet
826 1337 950 1377 ictus.

304 1443 430 1484 profuso
443 1443 509 1474 vini
526 1454 584 1474 usu
605 1444 748 1475 similiter
767 1445 878 1476 Cicero
898 1445 1038 1487 Philipp.

305 1484 340 1520 ii,
356 1486 409 1521 41,
424 1487 570 1516 natabant
588 1489 759 1526 pavimenta
774 1498 864 1523 mern,
881 1489 1038 1517 madebant

301 1528 440 1566 parietes.
483 1527 658 1565 Superbum,
680 1528 892 1568 splendidum,
915 1529 1038 1568 magni-

304 1568 410 1603 ficum,
432 1568 591 1599 tessellato
612 1570 726 1610 quippe
749 1580 840 1610 opere
863 1570 897 1600 in
920 1570 1038 1600 beatio-

304 1620 371 1640 rum
388 1610 533 1640 domibus
548 1620 587 1640 ex
601 1620 751 1641 marmore
766 1611 900 1641 factum:
926 1615 1040 1650 potiore

305 1651 490 1690 Pontificum
522 1654 623 1686 coenis,
656 1652 783 1682 meliore
815 1658 846 1683 et
878 1653 1039 1691 nobiliore,

303 1702 398 1732 quam
414 1692 500 1733 quod
520 1692 552 1722 in
576 1693 678 1724 coenis
693 1693 881 1724 Pontificum
903 1694 1040 1732 bibitur;

303 1744 399 1764 sacrae
421 1734 523 1775 epulae
538 1734 634 1769 enim,
649 1745 728 1775 quas
750 1735 920 1765 Pontifices
942 1746 1039 1778 appa-

305 1776 426 1810 rabant,
442 1781 505 1806 tam
529 1775 624 1806 lautae
648 1783 680 1807 et
698 1776 835 1817 opiparae
856 1777 991 1814 fuerunt,
1007 1783 1043 1808 ut

303 1816 407 1847 locum
437 1817 547 1847 darent
570 1819 746 1859 proverbio,
776 1819 875 1848 Mart.
905 1819 959 1853 xii,
989 1821 1041 1856 48,

307 1859 356 1894 12,
378 1857 448 1888 Non
469 1860 588 1889 Albana
609 1861 682 1890 mihi
705 1862 743 1889 sit
764 1861 926 1891 comissatio
946 1863 1038 1895 tanti,

304 1899 368 1929 Nec
392 1900 583 1939 Capitolinae,
603 1901 842 1941 Pontficuvnque
862 1903 973 1941 dapes:
997 1903 1039 1933 cf.

304 1941 450 1972 Macrob.
468 1941 502 1976 ii,
519 1943 551 1972 9.

515 2024 714 2054 CARMEN
746 2025 822 2055 XV.

348 2065 400 2095 Ad
424 2065 547 2099 luxum.
563 2065 618 2105 qui
633 2070 698 2095 tum
721 2067 854 2096 Romam
880 2066 1037 2107 immigra-

303 2111 399 2140 verat‚
419 2107 593 2147 pertinebat
614 2117 652 2137 ea
673 2107 815 2149 inprimis
836 2108 1037 2148 magnificen-

303 2147 359 2182 tia.
375 2158 446 2188 quae
462 2148 501 2178 ab
516 2148 696 2178 hominibus
718 2149 847 2195 privatis
863 2149 895 2178 in
911 2150 1037 2191 amplis-

304 2188 451 2219 simorum
469 2189 681 2225 aedificiorum,
697 2191 899 2231 piscinarum,
916 2201 978 2220 non
998 2191 1038 2222 ad

303 2240 499 2261 communem
522 2230 702 2267 utilitatem,
719 2232 774 2262 sed
797 2233 837 2262 ad
861 2231 962 2262 solam
983 2243 1037 2263 vo-

302 2271 451 2312 luptatem
467 2273 688 2314 spectantium,
706 2284 764 2304 usu
780 2279 874 2314 atque
890 2274 1038 2314 possessi-

302 2323 362 2343 one
388 2315 572 2354 ponebatur.
616 2315 655 2345 In
684 2315 742 2345 hoc
771 2315 915 2344 insanum
941 2315 1038 2355 igitur

303 2364 356 2395 per
369 2355 479 2386 luxum
501 2361 596 2396 atque
616 2356 779 2387 libidinem
798 2356 948 2397 pereundi
970 2367 1036 2397 per-

302 2395 458 2436 dendique
480 2397 584 2427 omnia
608 2397 743 2428 studium
764 2398 914 2428 nobiliore
935 2398 1037 2439 indig-

303 2437 438 2468 nationis
460 2438 574 2469 affectu
594 2439 742 2469 Horatius
763 2439 796 2469 in
817 2439 876 2469 hoc
901 2441 1039 2471 carmine

302 2478 477 2518 invehitur3
499 2485 697 2521 veterumque
719 2481 935 2511 Romanorum
950 2492 1038 2512 seve-

302 2519 381 2551 riore
401 2520 580 2562 disciplina,
594 2521 782 2562 frugalitate,
799 2527 831 2553 et
847 2522 1039 2554 continentia

303 2566 375 2592 ante
398 2562 506 2593 oculos
550 2563 639 2598 osita,
656 2569 808 2604 quantum
831 2573 850 2594 a
869 2564 1039 2604 majoribus

303 2603 368 2634 suis
402 2613 486 2635 nunc
520 2573 774 2645 ‹iizgeneraverint
804 2605 954 2642 Romani,
989 2616 1034 2637 os-

304 2643 417 2676 tendit.

349 2686 463 2716 1-10.
484 2686 566 2722 Jam,
586 2687 670 2718 brevi
693 2687 766 2718 inde
785 2692 935 2728 tempore.
980 2688 1040 2718 Re-

299 2730 358 2776 gia·
379 2727 485 2762 Moles,
500 2728 692 2769 amplissima
715 2734 748 2759 et
770 2729 854 2769 regio
876 2729 1040 2770 splendore

302 2779 337 2800 m
360 2769 457 2800 altum
481 2770 595 2800 educta
618 2770 762 2806 aedificia,
787 2771 895 2811 qualia
916 2775 983 2802 tum
1006 2771 1039 2803 in

1010 1336 1116 1377 Non
1136 1337 1196 1377 ita.
1217 1335 1393 1377 Romuli

1081 1451 1209 1477 vocatur
1221 1449 1307 1477 moles
1320 1447 1489 1487 propinqua
1503 1448 1642 1478 nubibus.
1679 1448 1817 1490 Undique

1081 1489 1228 1524 visentur,
1245 1488 1362 1529 ubique
1377 1487 1556 1530 conspicere
1570 1488 1688 1520 licebit.
1725 1491 1816 1531 Stag-

1082 1540 1134 1564 na,
1151 1529 1292 1570 intellige
1315 1529 1452 1570 piscinas
1474 1530 1623 1565 marinas,
1638 1530 1704 1562 nive
1722 1533 1818 1563 maris

1082 1570 1279 1611 particulam,
1295 1581 1388 1611 quam
1413 1570 1537 1602 ditiores
1548 1573 1647 1610 jactis
1665 1574 1698 1604 in
1717 1574 1816 1604 altum

1082 1613 1206 1642 molibus
1225 1614 1278 1683 lm
1299 1613 1356 1642 inf.
1379 1612 1424 1647 iii,
1443 1614 1473 1647 1,
1489 1613 1531 1643 33
1552 1612 1684 1653 dicitur)
1705 1614 1777 1646 ideo
1797 1625 1817 1646 a

1082 1653 1159 1683 mari
1180 1663 1230 1684 sec
1246 1659 1383 1689 userant,
1399 1660 1436 1684 ut
1454 1654 1564 1695 quovis
1585 1654 1662 1685 anni
1680 1661 1817 1697 tempore

1083 1694 1217 1735 piscium
1233 1695 1274 1725 ibi
1299 1695 1449 1726 haberent
1467 1696 1607 1737 copiam:
1630 1697 1720 1729 locus
1733 1697 1816 1728 elas-

1083 1736 1168 1767 sicus
1194 1736 1234 1767 de
1257 1737 1315 1767 hoc
1345 1737 1438 1767 luxus
1466 1738 1679 1768 Romanorum
1705 1749 1818 1778 genere

1084 1783 1131 1808 est
1153 1778 1236 1819 apud
1252 1779 1344 1809 Varr.
1364 1779 1408 1808 R.
1425 1779 1469 1809 R.
1490 1778 1536 1814 iii,
1556 1780 1593 1811 17
1609 1790 1616 1809 :
1641 1779 1684 1810 ef.
1697 1780 1817 1812 Tibull.

1084 1819 1117 1854 ii,
1142 1821 1173 1855 3,
1199 1821 1251 1854 45,
1275 1819 1346 1850 Cic.
1370 1819 1469 1851 Attic.
1492 1820 1514 1857 i,
1538 1821 1590 1858 16,
1613 1821 1664 1852 17.
1706 1822 1816 1854 Latius

1082 1867 1200 1891 extenta
1230 1862 1364 1892 Lucrino
1391 1863 1472 1898 lacu,
1501 1861 1590 1893 lacus
1619 1862 1748 1894 Lucrini
1777 1865 1817 1895 ad

1084 1902 1178 1932 Baias
1202 1903 1234 1933 in
1251 1903 1427 1944 Campania
1446 1903 1688 1944 magnitudinem
1704 1914 1815 1946 super-

1082 1943 1188 1982 antia3
1209 1949 1359 1975 vocantur
1384 1944 1451 1975 haec
1479 1951 1589 1984 stagna
1611 1944 1669 1975 inf.
1693 1946 1759 1977 Sat.
1781 1946 1816 1978 ii.

1083 1986 1115 2019 5,
1132 1986 1173 2015 44
1189 1987 1315 2016 cetaria.
1357 1986 1562 2026 Plotanusque
1575 1987 1674 2018 caleb:
1688 1987 1817 2020 Evincct

1081 2027 1185 2061 ulmos,
1205 2027 1351 2068 platanis,
1374 2037 1436 2057 non
1461 2027 1605 2058 utilitatis
1625 2028 1680 2059 sed
1703 2028 1779 2060 volu
1804 2047 1816 2054 -

1082 2067 1153 2097 tatis
1166 2077 1262 2098 causa
1275 2068 1415 2102 consitis,
1426 2067 1536 2100 cedere
1547 2069 1709 2100 debebunt
1718 2070 1795 2100 ulmi
1805 2083 1816 2110 ;

1081 2108 1202 2140 scilicet
1217 2109 1294 2140 ulmi
1308 2110 1336 2140 ei
1352 2109 1506 2150 praecipue
1521 2109 1556 2141 in
1572 2110 1669 2141 Italia
1687 2111 1816 2143 inservi-

1080 2150 1176 2180 ebant
1204 2150 1285 2185 usui.
1311 2157 1347 2182 ut
1370 2151 1447 2181 vites
1474 2161 1546 2182 cum
1573 2161 1679 2183 earum
1705 2157 1816 2184 trunco

1076 2190 1292 2231 jungerentur,
1323 2192 1407 2223 unde
1439 2192 1516 2223 vites
1545 2193 1639 2224 ulmos
1672 2196 1818 2226 maritare

1080 2232 1238 2269 dicuntur,
1261 2233 1429 2265 Columell.
1454 2244 1484 2269 v,
1505 2235 1539 2265 6.
1582 2235 1695 2276 Itaque
1715 2236 1816 2274 plata-

1080 2285 1149 2309 nus,
1175 2285 1246 2315 quae
1273 2285 1336 2306 non
1362 2275 1525 2307 commode
1549 2275 1688 2308 adhiberi
1713 2281 1818 2318 posset

1077 2315 1247 2356 jungendis
1275 2327 1346 2347 cum
1374 2326 1412 2347 ea
1436 2317 1553 2348 vitibus
1578 2317 1725 2359 (pulchre
1749 2328 1816 2359 pro,

1080 2356 1231 2397 inutilis),
1245 2358 1313 2398 jam
1329 2358 1445 2388 dicitur
1466 2360 1576 2390 celebs.
1620 2359 1817 2396 Tum—tum,

1079 2409 1312 2440 porro—porro.
1360 2400 1505 2434 Violaria,
1529 2400 1600 2431 loca
1620 2399 1713 2431 violis
1739 2410 1816 2432 con·

1081 2439 1150 2470 sita.
1197 2442 1300 2471 Omnis
1326 2442 1409 2479 copia
1433 2443 1567 2477 narium,
1592 2441 1745 2483 quidquid
1769 2447 1818 2477 est

1080 2481 1190 2511 florum
1212 2482 1290 2513 bene
1311 2482 1473 2513 olentium.
1517 2483 1669 2524 Spargant
1689 2485 1816 2521 odorem,

1081 2523 1239 2563 eleganter
1271 2534 1326 2565 pro
1354 2523 1488 2562 vulgari.
1520 2524 1687 2561 florebunt..
1713 2530 1816 2561 erunt,

1081 2564 1312 2605 conspicientur
1330 2575 1339 2601 ;
1370 2566 1484 2596 olivetis
1516 2575 1584 2607 pro,
1617 2565 1651 2596 in
1683 2565 1818 2599 olivetis.

1081 2606 1260 2642 Horatium,
1276 2611 1311 2637 ut
1321 2605 1388 2646 jam
1405 2606 1581 2638 observavit
1600 2606 1653 2638 Cl.
1667 2607 1815 2645 Mitsch„

1082 2652 1154 2678 ante
1174 2647 1281 2678 oculos
1300 2647 1446 2678 habuisse
1465 2647 1587 2679 videtur
1605 2647 1738 2684 Quinct.
1760 2649 1816 2680 In-

1084 2689 1150 2719 stit.
1165 2690 1254 2719 Orat.
1265 2688 1329 2724 viii,
1343 2690 1375 2724 3,
1388 2689 1438 2720 An
1449 2699 1501 2729 ego
1505 2689 1649 2731 fundum
1660 2691 1817 2722 cultiorem

1079 2735 1194 2768 putem,
1211 2731 1243 2760 in
1263 2741 1319 2770 quo
1339 2731 1413 2761 mihi
1435 2732 1501 2770 quia
1519 2732 1680 2763 ostenderit
1701 2732 1770 2762 luia
1787 2738 1816 2764 et

1082 2773 1306 2812 violas—quam
1327 2773 1380 2803 uhi
1401 2772 1492 2811 plena
1509 2773 1618 2808 messis,
1637 2779 1694 2803 aut
1709 2783 1817 2813 graves

302 2810 388 2842 villis
419 2810 484 2841 suis
509 2817 668 2843 exstruere
700 2812 844 2843 solebant
872 2812 1036 2844 beatiores.
1069 2813 1189 2854 fructu.
1219 2815 1293 2844 vites
1320 2814 1436 2844 erunt?
1478 2813 1616 2844 Sterilem
1642 2815 1817 2853 platanum,

305 2853 390 2884 Hinc
415 2851 506 2890 illud,
534 2853 619 2893 quod
649 2853 682 2884 in
712 2854 789 2884 villa
818 2863 875 2884 sua
903 2854 1039 2885 habebat
1080 2861 1234 2895 tonsasque
1248 2860 1370 2896 myrtos,
1385 2865 1475 2894 quam
1494 2857 1637 2886 maritam
1650 2856 1767 2886 ulmum
1787 2863 1817 2887 et

304 2895 478 2932 Maecenas,
489 2894 631 2926 similiter
645 2905 771 2936 quoque
785 2895 842 2926 inf.
858 2895 904 2932 iii,
916 2897 970 2932 29,
986 2898 1036 2932 10,

1080 2898 1180 2927 uberes
1207 2897 1286 2927 oleas
1311 2898 1560 2936 praeoptaverint?
1615 2897 1692 2928 Tum
1723 2898 1816 2936 spissa
