1904 3314
663 221 890 265 LIBER
928 222 989 274 II,
1021 225 1061 266 6.

1554 224 1634 266 411

213 325 467 378 Instituunt‚
489 326 550 368 sic
572 324 656 367 Dis
678 324 897 380 placitum,
920 331 968 365 tu
989 323 1188 365 carminis
1210 330 1305 365 esto

211 394 493 450 Principium.
554 393 711 434 Romae
733 406 986 447 sponsorem
1008 406 1075 432 me
1097 392 1228 446 rapis.

1291 391 1392 441 Eia,

211 461 286 504 Ne
305 463 425 518 prior
445 461 585 503 officio
605 461 836 515 quisquam
855 459 1136 513 respondeat,
1160 462 1294 513 urge!

123 529 183 571 25
212 529 313 572 Sive
334 528 496 584 Aquilo
516 528 631 570 radit
653 535 806 577 terras,
829 541 907 568 seu
931 527 1086 567 bruma
1107 526 1290 567 nivalem

211 597 424 639 Interiore
444 597 557 638 diem
579 611 687 652 gyro
709 594 857 645 trahit,
879 594 942 635 ire
964 608 1141 635 necesse
1163 601 1244 635 est.

212 665 466 715 Postmodo,
487 664 606 719 quod
627 663 685 705 mi
706 663 835 712 obsit,
858 661 973 703 clare
995 669 1250 716 certumque
1271 661 1433 712 locuto,

212 733 488 775 Luctandum
508 733 554 774 in
574 733 704 774 turba
724 738 768 773 et
789 730 989 772 facienda
1009 731 1167 785 injuria
1188 730 1338 772 tardis.

213 800 335 849 Quid
355 801 437 843 tibi
456 801 534 851 vis,
556 802 721 850 insane,
744 806 788 841 et
809 813 938 854 quam
959 813 1051 839 rem
1073 798 1199 853 agis?
1231 798 1455 852 improbus
1479 807 1606 855 urget

99 871 102 874 ’
124 869 184 911 30
212 868 339 910 Iratis
359 869 579 924 precibus.

639 868 714 910 Tu
736 866 885 922 pulses
907 880 1032 906 omne
1054 865 1174 919 quod
1198 865 1358 915 obstat,

211 934 285 978 Ad
309 936 600 979 Maecenatem
619 935 796 977 memori
819 934 855 975 si
876 940 1019 975 mente
1041 947 1257 974 recurras.

213 1004 314 1047 Hoc
328 1005 468 1061 juvat,
490 1012 534 1046 et
555 1003 670 1046 melli
690 1011 770 1054 est,
792 1017 879 1044 non
900 1002 1093 1043 mentiar.

1155 1000 1219 1042 At
1241 1001 1366 1042 simul
1387 1009 1502 1044 atras

215 1071 410 1114 Ventum
430 1079 497 1114 est
519 1071 755 1126 Esquilias,
778 1069 917 1112 aliena
938 1069 1115 1124 negotia
1136 1077 1311 1111 centum

215 1139 304 1182 Per
323 1148 455 1196 caput
475 1149 519 1182 et
539 1141 654 1182 circa
676 1138 837 1180 saliunt
857 1137 986 1179 latus.

1048 1136 1167 1178 Ante
1190 1137 1425 1179 secundam

126 1207 184 1249 35
214 1207 404 1250 Roscius
427 1210 592 1258 orabat,
616 1207 699 1248 sibi
720 1207 898 1248 adesses
921 1204 978 1246 ad
1000 1203 1159 1246 Puteal
1180 1218 1291 1246 cras.

98 1355 204 1382 turam
219 1350 399 1383 necessaria
423 1356 481 1382 aut
494 1350 714 1382 vendebantur
730 1356 786 1382 aut
802 1351 848 1382 lo-

98 1393 268 1430 cabantur,
283 1400 438 1435 quaestus,
460 1394 526 1425 sive
545 1400 743 1435 quaestuosus
764 1395 848 1435 (ein-

101 1437 255 1478 traglich)
273 1436 343 1468 fuit.

143 1480 286 1511 20-22.
331 1480 444 1511 Nexus
467 1479 639 1510 orationis:
666 1479 699 1510 in
724 1480 802 1510 urbe
830 1488 848 1509 a

99 1522 203 1564 prima
213 1522 276 1554 diei
293 1522 367 1554 luce
381 1522 504 1553 infinita
520 1522 692 1554 officiorum
706 1521 847 1562 negotio-

98 1575 234 1614 rumque
257 1575 373 1606 genera
392 1564 486 1596 modo
507 1565 569 1596 huc
589 1565 683 1595 modo
703 1565 781 1596 illuc
798 1574 848 1595 me

99 1607 227 1656 rapiunt
240 1607 446 1649 traduntque.
491 1608 642 1638 Horatius
666 1607 762 1647 igitur
779 1607 846 1655 jam

100 1650 257 1682 matutina
280 1650 314 1682 in
337 1651 416 1681 urbe
440 1651 567 1698 negotia
592 1657 788 1686 narraturus,
814 1661 848 1680 ιιι

99 1691 145 1724 rei
179 1693 346 1725 narrandae
381 1692 548 1741 principio,
581 1692 627 1723 uti
659 1693 722 1724 sere
757 1699 849 1741 poeta

99 1735 212 1778 epicus
226 1736 394 1778 Calliopen
408 1735 457 1766 vel
477 1735 571 1766 aliam
592 1736 735 1771 Musam,
751 1735 847 1777 signi-

101 1779 234 1810 ficanter
264 1780 459 1811 Matutinum
485 1785 615 1819 patrem,
642 1779 771 1814 Junum,
799 1778 847 1809 in-

101 1826 204 1853 vocat.
248 1823 354 1854 Janus
397 1822 572 1852 Matutinus
609 1821 736 1857 dicitur,
774 1822 850 1863 quia

100 1864 172 1906 ejus
188 1864 285 1896 favori
301 1875 364 1897 non
382 1864 604 1906 uniuscunque
619 1865 695 1895 anni
712 1870 848 1901 tanturn,

100 1907 157 1939 sed
176 1907 272 1939 etiam
287 1907 507 1949 uniuscunque
530 1907 591 1938 diei
614 1907 801 1950 principium
818 1914 849 1939 et

101 1950 230 1993 incepta
258 1951 583 1982 commendabantur:
606 1958 704 1990 pater,
729 1957 766 1981 ut
789 1950 847 1981 inf.

101 1992 205 2035 Epist.
241 1993 264 2029 i,
297 1995 348 2030 16,
383 1995 437 2025 59.
468 1993 544 2024 .Seu
581 1993 661 2024 Jane
695 1995 847 2024 lubentius

101 2038 211 2068 nudis:
232 2036 400 2068 cumulant
411 2041 511 2078 poetae
524 2036 588 2072 dei,
599 2047 691 2078 quem
705 2036 847 2075 laudant

102 2078 251 2110 nomina:
275 2089 349 2122 sup.
375 2080 483 2111 Carm.
503 2079 584 2110 Saec.
602 2090 632 2110 v.
652 2081 703 2114 15,
721 2080 790 2111 Sive
810 2086 846 2111 tu

101 2121 229 2154 Lucane
236 2125 346 2162 probus
356 2124 468 2159 vocari,
480 2125 540 2153 sire
553 2122 718 2154 Genitalis.
746 2123 846 2158 Unde,

102 2164 198 2206 cujus
212 2165 328 2197 favore.

146 2208 200 2240 23.
236 2207 338 2240 Romae.
355 2218 519 2248 sponsorem
535 2218 579 2238 me
598 2210 700 2247 rapis.-
725 2208 847 2239 Janum

102 2249 337 2298 disperdentem
349 2250 442 2292 quasi
453 2257 485 2282 et
500 2250 714 2299 assignantem
730 2250 856 2299 cuique,

102 2292 232 2326 diurnos
261 2293 386 2326 labores
416 2293 577 2341 appellare
608 2293 727 2335 pergit:
757 2293 783 2324 si
812 2304 845 2324 ιιι

101 2336 180 2368 urbe
195 2346 310 2373 versor,
321 2346 413 2368 mane
429 2335 535 2367 statim
550 2347 601 2368 me
616 2346 796 2385 sponsorem
813 2336 847 2368 in

100 2377 204 2410 forum
226 2389 390 2428 properare
408 2378 524 2426 jubes;
546 2381 607 2415 eia,
623 2379 680 2415 ais
696 2391 785 2422 urge,
808 2390 848 2411 ne

99 2420 216 2464 quinte
251 2421 313 2453 rior
327 2422 400 2454 huic
413 2421 516 2453 officio
532 2421 720 2454 satisfaciat.
744 2423 784 2453 F
775 2435 848 2454 m—

101 2474 193 2513 urge,
210 2465 221 2496 i
244 2475 294 2496 em
318 2470 367 2497 est
386 2465 472 2507 quod
492 2465 583 2505 Virg.
609 2466 690 2497 AEn.
718 2465 759 2504 iv,
783 2467 846 2498 569

101 2506 195 2544 dicit,
214 2507 273 2539 Eia
286 2519 354 2551 age,
370 2519 476 2547 rumpe
489 2519 598 2538 moras.

144 2550 200 2587 25,
226 2551 280 2583 26.
325 2550 436 2587 Radit,
460 2549 676 2590 significanter
697 2560 754 2593 pro
777 2551 847 2582 vui-

102 2591 182 2634 gari,
212 2594 344 2636 perflat3
377 2603 451 2624 nam
488 2593 566 2624 dum
597 2593 717 2624 Auster
749 2599 847 2625 terras

102 2635 239 2678 perflat,
240 2636 348 2668 sordes
370 2635 552 2668 abradendo
571 2646 624 2668 eas
641 2635 732 2677 quasi
755 2635 846 2678 polit,

103 2685 227 2721 purgat.
251 2685 284 2711 et
306 2679 467 2711 exsiccat:
494 2689 566 2720 sup.
594 2679 694 2720 Epod.
717 2679 769 2714 16,
795 2681 848 2715 55,

102 2727 140 2752 nrt
155 2733 248 2764 neque
266 2723 364 2764 largis
378 2724 515 2763 Aquosus
531 2733 606 2752 arza
625 2723 718 2752 radat
734 2722 848 2764 (inun-

104 2762 232 2796 datione
245 2766 389 2802 abradat,
403 2765 542 2804 deterat)
558 2766 717 2795 imbribus.
764 2765 849 2795 Bru-

102 2817 153 2838 ιια
167 2806 319 2840 Interim-e
333 2810 410 2840 diem
424 2819 504 2850 gyro
521 2809 629 2843 trahit,
646 2808 759 2838 bruma
772 2807 852 2846 die-s,

105 2848 222 2892 quibus
251 2856 334 2883 terra
363 2850 436 2882 nive
465 2850 656 2892 contegitur,
684 2850 853 2890 contrahit,

99 2892 330 2926 -oontractiores
361 2899 394 2926 et
421 2893 577 2925 breviores
607 2893 720 2925 reddit.
766 2894 853 2934 Gyrv

104 2936 263 2973 interime,
297 2936 440 2974 minimo,
475 2935 673 2968 brevissimo.
734 2937 853 2968 Aratus

105 2977 192 3019 apud
221 2978 407 3011 Ciceronem
437 2979 477 3011 de
509 2980 586 3010 Nat.
616 2981 659 3010 D.
686 2978 722 3014 ii,
746 2980 783 3009 41
813 2978 852 3012 de

104 3023 285 3063 uynoturn,
302 3023 383 3054 Nam
404 3034 496 3054 cursu
511 3024 657 3054 interiore
676 3023 760 3053 breui
780 3033 849 3054 con-

893 1351 1028 1380 vertitur
1041 1350 1119 1379 orbe.
1166 1350 1208 1380 Et
1226 1347 1270 1379 sic
1283 1359 1383 1390 gyrus
1398 1348 1432 1379 in
1446 1348 1531 1381 circo
1547 1357 1640 1382 metae

893 1391 1056 1434 proximus
1071 1391 1187 1422 dicitur
1203 1394 1343 1422 interior.

936 1435 992 1470 27.
1015 1435 1070 1465 28.
1114 1435 1251 1464 Sensus.
1276 1433 1451 1482 postmodo,
1475 1435 1529 1465 ubi
1554 1435 1642 1467 clara

891 1487 969 1508 voce
1001 1483 1032 1508 et
1066 1483 1151 1508 certa
1186 1477 1248 1508 fide
1278 1476 1418 1518 promisi,
1447 1477 1533 1518 quod
1563 1478 1642 1510 mihi

891 1520 1009 1551 damno
1031 1531 1101 1552 esse
1124 1520 1223 1568 possit
1247 1519 1392 1562 (sponsio
1416 1520 1500 1551 enim
1525 1520 1642 1553 damno

892 1570 938 1594 est
962 1563 1119 1605 sponsori,
1140 1563 1166 1593 si
1192 1574 1220 1594 et
1245 1573 1314 1594 vere
1339 1563 1554 1605 praestandum
1579 1571 1640 1601 est,

890 1606 977 1647 quod
1002 1617 1035 1638 se
1056 1617 1111 1648 pro
1132 1606 1240 1646 aliquo
1258 1611 1407 1647 praestare
1424 1606 1505 1637 velle
1525 1608 1641 1649 promi-

891 1649 964 1689 sit),
986 1649 1131 1680 redeunti
1156 1648 1233 1679 mihi
1256 1659 1273 1679 e
1296 1648 1363 1679 foro
1383 1649 1569 1680 luctandum
1595 1656 1643 1682 est

891 1691 924 1722 in
952 1693 1044 1722 turba
1075 1691 1251 1729 hominum,
1275 1690 1308 1722 vi
1338 1691 1556 1723 submovendo
1587 1704 1642 1724 eos

893 1734 949 1776 qui
966 1734 1054 1765 tarde
1070 1734 1255 1776 procedunt.

936 1778 990 1813 29,
1018 1778 1072 1808 30.
1119 1777 1162 1807 Et
1186 1787 1276 1816 quam
1299 1788 1362 1807 rem
1386 1778 1475 1818 agis?
1520 1778 1640 1810 Sensus

893 1819 990 1862 hujus
1014 1820 1094 1850 loci:
1121 1825 1189 1850 tum
1212 1819 1306 1850 homo
1329 1819 1460 1860 quidam
1486 1819 1639 1868 importu-

893 1873 952 1893 nus
974 1871 1006 1894 et
1028 1862 1187 1898 inficetus,
1208 1873 1302 1904 quern
1326 1872 1343 1892 e
1363 1862 1414 1893 via
1436 1873 1565 1899 removi,
1590 1875 1639 1896 me

892 1905 1066 1936 insectatur
1097 1905 1376 1956 imprecationibus
1404 1911 1457 1936 et*
1466 1907 1642 1948 opprobriis

891 1948 1064 1984 his.Q1‹id
1093 1951 1147 1979 tibi
1176 1951 1232 1983 vis,
1261 1950 1378 1985 ius-‚ane
1405 1955 1432 1979 e!
1461 1961 1549 1990 quum
1577 1962 1638 1981 rem

890 1994 978 2033 agis?
1025 1992 1077 2022 Ad
1092 1991 1174 2022 hauc
1191 1991 1287 2032 igitur
1303 1990 1549 2032 explicationem
1566 2003 1638 2024 mu-

891 2035 954 2065 tavi
976 2034 1070 2076 hujus
1091 2033 1151 2065 ioci
1174 2033 1420 2068 distinctionem,
1438 2045 1531 2076 quarn
1549 2035 1639 2066 exhi-

889 2078 1025 2110 buerunt
1055 2078 1218 2109 Gesnerus
1247 2083 1279 2108 et
1309 2076 1642 2113 Heindorfius,Q11i‹1

892 2123 947 2152 tibi
965 2123 1018 2157 tis,
1033 2122 1149 2155 insane,
1163 2126 1191 2151 et
1207 2131 1295 2161 quam
1313 2130 1373 2150 rem
1388 2122 1453 2161 agis
1468 2122 1640 2168 improbus?

891 2164 1065 2204 Impffobus:
1093 2162 1282 2204 significatio
1312 2161 1409 2205 hujus
1440 2164 1538 2200 vocis,
1566 2176 1639 2207 quae

890 2207 954 2238 late
978 2212 1077 2248 patet,
1098 2205 1369 2237 accommodanda
1389 2213 1436 2237 est
1456 2208 1499 2239 rei
1520 2188 1559 2238 de
1575 2218 1640 2250 qua

890 2260 991 2281 sermo
1014 2255 1082 2288 est3
1103 2249 1170 2291 jam
1180 2251 1340 2297 inmprobus
1360 2254 1419 2284 est,
1436 2251 1640 2290 importunus,

891 2292 986 2323 homo
987 2293 1114 2341 plenus
1126 2292 1205 2323 ruris
1217 2298 1248 2323 et
1263 2291 1490 2324 inficetiarum:
1513 2293 1555 2324 cf.
1568 2304 1641 2336 sup.

892 2336 961 2367 Sat.
986 2335 1020 2373 ii,
1037 2337 1068 2370 3.
1085 2336 1162 2366 200.
1211 2335 1255 2365 Tu
1276 2336 1385 2373 pulses,
1405 2342 1491 2372 cett„
1507 2342 1539 2367 tu
1562 2337 1641 2369 velis

892 2378 942 2410 vel
963 2378 1047 2409 ausis
1063 2389 1173 2410 omnes
1197 2378 1229 2408 in
1246 2378 1297 2408 via
1312 2378 1368 2409 tibi
1387 2379 1550 2411 obstantes
1567 2380 1640 2422 pul-

892 2432 960 2453 sare
977 2423 1064 2463 (neS,
1079 2424 1123 2453 du
1142 2422 1283 2452 m'o'chtest
1303 2422 1379 2452 wohl
1393 2434 1470 2463 ger-n
1490 2424 1566 2453 alles
1585 2435 1641 2455 aus

891 2467 957 2496 dem
993 2465 1083 2506 Il'ege
1116 2467 1243 2502 stossen)
1275 2464 1402 2505 quoties
1433 2465 1491 2496 tibi
1527 2465 1641 2498 domus

892 2508 1095 2543 Maecenatis,
1118 2518 1241 2549 semper
1262 2506 1369 2538 animo
1391 2513 1447 2539 tuo
1470 2508 1642 2541 obversan-

893 2550 946 2588 tis,
961 2550 1057 2582 celeri
1071 2561 1168 2582 cursu
1185 2550 1354 2592 repetenda
1370 2551 1422 2581 sit.

934 2594 1075 2625 32—34.
1121 2594 1188 2624 Hoc
1205 2596 1315 2634 juvat,
1340 2599 1414 2625 cett.
1440 2593 1520 2624 nihil
1547 2606 1638 2632 sane,

891 2636 1003 2673 fateor,
1016 2636 1198 2678 contingere
1213 2636 1291 2667 mihi
1309 2642 1411 2678 potest
1426 2636 1486 2668 hoc
1503 2637 1542 2668 ad
1556 2639 1640 2670 Mae-

892 2685 1037 2711 cenatem
1065 2678 1167 2711 reditu
1188 2679 1378 2721 jucundius,
1402 2679 1482 2710 nihil
1506 2681 1643 2714 dulcius.

894 2726 989 2754 Atros
1006 2722 1173 2764 Esquilias,
1189 2722 1223 2753 in
1242 2722 1433 2754 Maecenatis
1453 2722 1549 2760 aedes,
1565 2724 1642 2756 sitas

894 2765 928 2796 in
964 2766 1043 2796 atris
1079 2766 1244 2807 Esquiliis.
1306 2765 1452 2807 Esquiliae
1491 2766 1643 2798 dicuntur

895 2816 982 2844 atrae,
1022 2807 1099 2850 quia
1142 2814 1233 2840 antea
1275 2820 1430 2840 commune
1469 2811 1643 2849 sepulcrum

894 2853 988 2892 plebi,
1014 2857 1050 2882 ut
1074 2851 1191 2883 Noster
1210 2851 1352 2893 loquitur
1373 2862 1446 2894 sup.
1472 2852 1540 2884 Sat.
1563 2852 1586 2888 i,
1612 2854 1644 2890 8,

899 2896 952 2931 10,
967 2894 1011 2926 ibi
1025 2901 1162 2926 steterat.
1207 2896 1330 2931 Aliena,
1346 2905 1402 2936 pro
1418 2894 1490 2925 aliis
1507 2895 1643 2938 suscipi-

896 2938 990 2969 enda.
1036 2938 1099 2969 Per
1123 2945 1215 2978 caput
1242 2945 1272 2969 et
1300 2939 1384 2968 circa
1407 2939 1526 2968 saliunt
1549 2939 1644 2974 lutus,

896 2991 947 3013 me
967 2981 1107 3012 obruunt
1122 2987 1153 3012 et
1172 2986 1329 3023 premunt,
1346 2981 1410 3016 vel,
1428 2985 1464 3010 ut
1481 2979 1645 3011 Terentius

897 3023 1049 3066 loquitur,
1065 3025 1314 3056 circumvallant.
1359 3023 1421 3054 Per
1441 3029 1535 3063 caput
1554 3023 1646 3055 salire
