1904 3314
23 2976 30 3003 ἲ
89 2981 177 3020 quasi
205 2986 343 3013 mortuus
368 2981 402 3011 in
421 2979 556 3021 feretro.

673 179 897 222 LIBER
926 179 989 230 ΙΙ,
1019 182 1061 222 2.

1556 186 1641 227 519

219 287 450 342 Praecipue
471 297 603 340 quum
625 296 672 324 se
691 280 881 343 numeris
903 280 1176 322 commendat
1195 286 1240 322 et
1261 288 1377 323 arte:

216 355 363 397 Discit
382 353 495 396 enim
515 350 642 393 citius
663 347 944 403 meminitque
964 346 1169 388 libentius
1190 346 1297 389 illud

218 421 353 469 Quod
374 420 471 475 quis
491 417 678 467 deridet,
699 430 831 471 quam
851 415 970 470 quod
994 415 1152 469 probat
1171 422 1216 456 et
1235 422 1480 458 veneratur.

214 487 293 530 Nil
313 501 456 529 moror
477 485 663 528 officium
683 484 804 539 quod
824 497 892 525 me
913 490 1080 538 gravat,
1103 497 1153 524 ac
1173 498 1314 539 neque.
1336 484 1439 526 ficto

98 556 185 598 265
215 555 268 598 In
288 556 414 611 pejus
435 552 557 595 vultu
576 552 765 607 proponi
786 565 938 593 cereus
960 565 1158 614 usquam,

121 623 123 625 ’
211 622 311 665 Nec
330 636 463 678 prave
484 619 608 662 factis
631 619 829 661 decorari
852 619 1049 659 versibus
1072 625 1201 672 opto:

211 689 286 732 Ne
305 690 487 732 rubeam
507 687 660 743 pingui
680 687 868 728 donatus
889 700 1083 736 munere,
1105 691 1150 727 et
1171 700 1258 727 una

212 758 325 800 Cum
345 757 556 812 scriptore
576 770 672 797 meo
694 769 826 810 capsa
846 761 1076 809 porrectus
1098 761 1264 809 aperta,

210 825 400 868 Deferat
420 825 464 867 in
483 825 626 866 vicum
646 823 906 865 vendentem
929 830 999 864 tus
1021 829 1066 864 et
1086 822 1264 873 odores,

31 884 34 885 ⁷
95 893 181 936 270
211 892 273 935 Et
293 893 434 948 piper,
455 898 500 935 et
521 891 735 947 quidquid
757 890 920 933 chartis
942 890 1140 932 amicitur
1161 890 1335 945 ineptis.

656 1099 980 1141 EPISTOLA
1010 1099 1070 1141 II.

510 1239 588 1270 AD
645 1238 888 1270 JULIUM
947 1238 1223 1270 FLORUM.

206 1354 379 1404 FLORE,
402 1355 518 1395 bono
539 1353 744 1408 claroque
765 1353 907 1395 fidelis
929 1354 1064 1395 amice
1087 1354 1273 1403 Neroni,

206 1423 255 1464 Si
275 1422 372 1477 quis
394 1421 507 1463 forte
529 1421 630 1464 velit
653 1436 836 1476 puerum
858 1421 936 1462 tibi
959 1422 1152 1463 vendere
1174 1429 1322 1463 natum

131 1567 209 1598 258.
242 1567 377 1606 Recipit,
403 1565 553 1602 admittit,
581 1565 662 1596 tradi
692 1565 750 1597 tibi
780 1576 836 1608 pa-

90 1609 176 1642 titur.

132 1653 209 1683 259.
232 1652 396 1688 Recusem,
409 1662 472 1682 non
488 1650 619 1693 possint,
634 1651 686 1682 cui
702 1651 836 1682 serendae

89 1694 172 1726 vires
194 1694 329 1744 impares
349 1694 423 1731 sint,
446 1700 482 1725 ut
503 1704 574 1736 sup.
590 1705 620 1725 v.
634 1695 710 1731 208,
725 1700 756 1724 et
777 1694 834 1724 inf.

88 1737 123 1769 in
143 1737 246 1781 Epist.
268 1737 308 1768 ad
334 1737 400 1769 Pis.
414 1738 468 1775 39,
483 1744 511 1767 et
536 1743 651 1768 versate
674 1739 741 1773 diu,
764 1738 836 1777 quid

79 1780 172 1823 ferro
185 1787 335 1817 recusent,
355 1781 440 1815 Quid
456 1781 577 1811 valeant
594 1780 722 1811 humeri.

131 1824 318 1856 260—270.
342 1823 497 1854 sedulitas
512 1830 626 1857 autem,
643 1829 718 1854 cett.
756 1822 836 1853 Sen-

86 1876 162 1898 sus:
186 1866 284 1898 stulta
308 1871 414 1897 autem
437 1871 485 1896 est
507 1865 647 1896 officiosa
665 1866 727 1896 ista
743 1864 836 1895 sedu-

87 1908 160 1941 litas
185 1909 274 1952 (noS,
299 1909 600 1950 Zudringlichkeit),
623 1918 688 1950 qua
709 1907 781 1949 quis
807 1907 836 1939 ei

87 1963 173 1993 quem
199 1953 307 1993 diligit
336 1953 486 1994 (patrono
517 1951 592 1991 suo)
622 1962 654 1982 se
685 1951 836 1988 obtrudit,

86 1994 246 2038 praecipue
259 2005 334 2026 cum
354 2005 389 2026 se
407 1994 582 2025 carminum
600 1993 835 2041 componendo-

87 2048 159 2069 rum
193 2043 260 2070 arte
291 2037 518 2074 commendat-3
554 2043 707 2085 patronus
736 2047 834 2072 enim,

88 2081 173 2122 quod
189 2080 263 2122 quis
276 2080 483 2112 deridendum
504 2080 651 2128 propinat
673 2085 705 2110 et
726 2079 834 2120 exagi-

88 2127 146 2162 tat,
160 2123 255 2156 citius
277 2122 404 2164 (discit)
427 2121 547 2165 arripit,
563 2129 595 2154 et
618 2123 779 2154 lubentius
802 2122 836 2152 in

86 2165 239 2198 memoria
266 2171 365 2202 tenet,
390 2176 487 2213 quam
510 2176 549 2197 ea
574 2176 646 2207 quae
670 2165 780 2206 probat
805 2171 837 2196 et

86 2208 211 2241 laudat.
261 2209 336 2240 Jam
365 2207 516 2240 Horatius
542 2209 756 2240 Maecenatem
783 2207 834 2239 vel

87 2251 187 2283 alium
203 2255 383 2294 patronum,
398 2251 453 2282 cui
467 2251 596 2282 molesta
617 2256 666 2283 est
688 2251 747 2281 ista
763 2261 832 2282 car-

86 2293 230 2326 minibus
249 2304 282 2326 se
297 2294 589 2326 commendantium
606 2293 771 2330 sedulitas,
787 2294 833 2325 lo-

87 2342 238 2385 quantem
281 2336 417 2368 inducit.
481 2337 591 2378 Apage
634 2336 831 2368 sedulitatem

86 2379 190 2419 istam,
205 2390 279 2422 quoe
294 2379 372 2410 mihi
392 2379 526 2411 molesta
540 2386 609 2419 est;
634 2379 679 2410 uti
693 2389 753 2420 ego
771 2390 834 2411 non

85 2422 180 2455 vultu
193 2424 366 2466 depravato
384 2422 418 2453 in
434 2432 505 2453 cera
520 2422 624 2463 effingi
641 2428 672 2453 et
688 2422 832 2469 proponi,

87 2465 133 2498 ita
147 2475 206 2497 nec
222 2476 316 2508 prave
327 2464 420 2497 factis
434 2464 574 2496 versibus
587 2464 739 2496 celebrari
752 2465 833 2502 volo,

87 2518 128 2541 ne
141 2508 280 2540 donatus
297 2509 427 2551 (pingui
442 2507 584 2547 munere)
602 2507 742 2539 carmine
762 2507 832 2550 pin-

86 2551 143 2600 gui
166 2551 314 2583 Minerva
335 2551 429 2588 facto,
447 2561 511 2581 rem
535 2550 716 2592 pudendam
739 2561 834 2592 expe-

86 2594 161 2630 τίαν,
176 2600 210 2627 et
223 2594 256 2626 iu
271 2603 346 2625 arca
364 2598 474 2641 aperta
495 2598 658 2640 porrectus
677 2603 744 2624 una
760 2603 834 2624 cum

161 2647 180 2668 a
195 2647 265 2669 meo
278 2635 431 2668 deserar
423 2646 456 2666 m
478 2646 596 2671 vicum,
612 2635 689 2666 ubi
682 2646 715 2667 ln
731 2636 834 2667 taber-

88 2679 140 2711 nis
165 2678 394 2728 (Kramliideyr)
424 2678 604 2709 venduntur
637 2683 687 2710 tus
720 2683 752 2710 et
786 2689 835 2710 res

86 2722 262 2759 odoriferae,
278 2728 311 2753 et
328 2732 430 2769 plper,
448 2727 480 2753 et
502 2720 659 2762 quidquid
682 2720 834 2753 mercium

87 2765 204 2797 chartis
218 2764 387 2796 inutilibus
404 2763 586 2795 involvitur.

129 2809 208 2839 260.
230 2808 342 2844 Stulte,
359 2818 423 2839 non
442 2807 483 2838 ad
501 2809 620 2848 diligit,
638 2805 692 2837 sed
716 2806 756 2838 ad
779 2819 834 2838 ur-

61 2849 63 2851 ’
84 2857 137 2893 get
151 2850 354 2893 *referendum
367 2849 492 2881 videtur
503 2862 513 2889 5
536 2849 628 2892 posui
652 2848 746 2891 igitur
766 2855 836 2892 post

88 2894 182 2926 stulte
195 2893 430 2926 distinctionem
447 2893 611 2924 minorem.

133 2937 214 2968 268.
237 2937 418 2968 Por-rectus:
443 2946 508 2967 non
524 2936 605 2967 male
626 2936 698 2966 Vet.
713 2934 836 2971 Schol.,

608 2978 672 3010 Sed
699 2977 778 3010 mihi
803 2977 837 3009 in

881 1576 959 1597 voce
974 1572 1130 1605 porrectus
1147 1565 1271 1609 lepida
1265 1576 1369 1607 imago
1383 1566 1480 1597 latere
1491 1564 1631 1605 videtur;

883 1607 1031 1640 laudatus
1047 1620 1067 1640 a
1082 1609 1165 1640 malo
1183 1615 1276 1651 poeta
1292 1619 1358 1640 una
1373 1619 1445 1640 cum
1467 1608 1633 1641 laudatore

883 1661 939 1682 suo
963 1651 996 1682 in
1021 1658 1130 1694 aperta.
1152 1662 1224 1683 arca
1244 1652 1334 1693 jacet
1353 1658 1524 1691 porrectus,
1547 1651 1580 1681 h.
1601 1662 1631 1683 e.

881 1693 1023 1725 omnium
1041 1694 1240 1742 conspectui,
1257 1699 1399 1736 quantus
1416 1699 1555 1735 quantus
1571 1699 1631 1730 est,

880 1737 1066 1778 expositu53
1099 1744 1131 1768 et
1155 1736 1229 1767 hinc
1255 1747 1323 1778 pro,
1345 1742 1460 1776 operta,
1484 1737 1577 1784 quod
1597 1736 1632 1768 in

881 1779 1024 1820 pluribus
1054 1779 1144 1810 editt.
1171 1779 1348 1816 exhibetur,
1372 1779 1488 1810 rectius
1518 1779 1578 1820 leg1
1571 1778 1633 1810 tur

881 1829 998 1862 apertu,
1016 1828 1053 1853 ut
1066 1827 1115 1853 est
1132 1822 1164 1853 in
1188 1821 1331 1864 plurimis
1347 1821 1449 1854 Codd.
1466 1790 1578 1863 apudgl
1570 1822 1630 1853 Fe-

883 1875 933 1895 am
949 1877 957 1903 ;
981 1876 1028 1896 res
1045 1865 1130 1896 enim
1146 1865 1275 1896 inutiles
1291 1870 1322 1896 et
1343 1865 1464 1895 nullius
1483 1866 1544 1896 l'ere
1561 1874 1629 1895 mo-

882 1908 979 1939 menti
1009 1908 1085 1950 poni
1115 1914 1147 1939 et
1183 1907 1300 1950 portari
1335 1907 1439 1939 solent
1473 1906 1506 1938 in
1535 1909 1633 1947 capsis

879 1953 1004 1990 apertis-

924 1995 998 2024 270.
1022 1993 1145 2024 Charcis
1164 1995 1284 2033 ineptis,
1301 1991 1518 2040 significanter
1539 1994 1628 2024 chur-

881 2042 916 2066 τω
946 2036 1096 2068 dicuntur
1126 2039 1246 2075 ineptae,
1275 2046 1360 2077 quae,
1389 2034 1465 2076 quia
1493 2034 1630 2078 ineptias

879 2088 952 2109 suas
972 2079 1010 2109 iis
1033 2078 1196 2110 mandavit
1217 2077 1322 2109 malus
1344 2084 1447 2126 poeta,
1472 2079 1629 2110 mercibus

879 2122 1067 2153 amiciendis
1082 2122 1269 2153 inserviunt.
1314 2122 1397 2151 Sunt
1410 2120 1506 2162 igitur
1516 2123 1628 2154 chartae

879 2166 986 2205 ineptae
1002 2164 1089 2206 quod
1104 2175 1160 2196 nos
1175 2174 1338 2200 vocamuS,
1356 2164 1551 2196 Maculatur.

1105 2249 1331 2282 EPISTOLA
1355 2248 1403 2281 Il.

922 2294 1096 2335 Postquam
1122 2298 1214 2335 poeta
1236 2303 1256 2324 a
1278 2292 1522 2340 reprehensione
1545 2293 1566 2325 J
1570 2293 1628 2324 ulu

879 2337 903 2366 F
907 2335 976 2373 lori
989 2335 1075 2378 quod
1088 2335 1170 2366 nihil
1183 2335 1287 2367 adhuc
1305 2335 1480 2367 litterarum
1497 2336 1537 2367 ad
1553 2347 1626 2368 eum

878 2379 1038 2421 scripserit
1060 2389 1093 2410 se
1142 2379 1277 2420 urgavit,
1300 2384 1332 2409 et
1357 2388 1470 2410 causas
1491 2390 1531 2411 ex
1554 2379 1627 2421 qui-

878 2422 950 2459 bus,
968 2422 1077 2453 relicto
1092 2390 1188 2463 piane
1226 2432 1332 2453 oeseos
1347 2421 1464 2457 studio,
1483 2421 1576 2454 unice
1593 2433 1627 2453 in

878 2471 1038 2513 posterum
1062 2432 1270 2507 philosopliiae
1293 2474 1421 2507 operam
1444 2464 1520 2496 dare
1538 2465 1626 2501 velit,

878 2507 1046 2550 exposuit,
1070 2515 1237 2550 praecepta,
1254 2518 1326 2549 quae
1351 2517 1408 2538 nos
1424 2507 1582 2550 sapienter
1596 2515 1628 2540 et

877 2550 1011 2582 feliciter
1026 2551 1129 2581 vivere
1145 2550 1292 2586 doceant,
1310 2549 1471 2592 adspergit
1484 2551 1626 2582 saluber-

878 2593 968 2624 rima.
1012 2593 1092 2624 Haec
1118 2592 1273 2640 Epistola,
1290 2593 1323 2624 in
1338 2603 1403 2634 qua
1424 2594 1548 2642 egregie
1571 2605 1627 2626 ex-

879 2646 985 2677 pressa
1009 2642 1055 2667 est
1077 2635 1157 2666 ratio
1181 2646 1247 2677 qua
1271 2636 1310 2666 ad
1335 2646 1369 2667 se
1390 2635 1526 2668 invicem
1550 2637 1626 2667 scri-

880 2679 952 2710 bere
966 2678 1070 2709 solent
1081 2677 1329 2716 familiarissimi,
1342 2688 1405 2710 non
1420 2679 1488 2711 sine
1503 2690 1627 2711 summa

878 2721 1039 2763 voluptate
1067 2720 1131 2762 legi
1160 2727 1275 2763 potest.
1321 2721 1458 2753 Mirifice
1483 2722 1627 2764 inprimis

878 2764 1018 2795 delectat
1058 2763 1227 2806 descriptio
1270 2763 1450 2805 mangonis,
1487 2775 1626 2801 servum,

878 2818 972 2848 quem
1000 2806 1185 2838 venditurus
1214 2811 1275 2843 est,
1298 2814 1509 2839 mercatorum
1541 2818 1627 2839 more

877 2850 1039 2882 verbosius
1052 2850 1162 2881 emtori
1173 2850 1446 2889 commendantis;
1470 2856 1536 2881 tum
1553 2860 1625 2880 nar-

880 2892 960 2924 ratio
983 2893 1022 2925 de
1046 2892 1146 2924 milite
1168 2893 1320 2934 quodam,
1342 2893 1411 2934 qui,
1435 2903 1509 2924 cum
1530 2898 1624 2924 noctu

880 2935 967 2968 omni
983 2935 1121 2978 pecunia
1135 2936 1278 2983 privatus
1293 2935 1333 2967 de
1355 2936 1477 2976 integro
1492 2934 1552 2964 sibi
1570 2945 1626 2976 pa-

880 2984 979 3012 rasset
1004 2979 1089 3011 unde
1113 2979 1241 3015 viveret,
1263 2978 1352 3010 nulla
1376 2978 1490 3010 deinde
1513 2977 1626 3008 adhor-
