<?xml version="1.0" encoding="UTF-8"?>
<!DOCTYPE html PUBLIC "-//W3C//DTD XHTML 1.0 Transitional//EN"
    "http://www.w3.org/TR/xhtml1/DTD/xhtml1-transitional.dtd">
<html xmlns="http://www.w3.org/1999/xhtml" xml:lang="en" lang="en">
 <head>
  <title>
</title>
<meta http-equiv="Content-Type" content="text/html;charset=utf-8" />
  <meta name='ocr-system' content='tesseract 3.04.00' />
  <meta name='ocr-capabilities' content='ocr_page ocr_carea ocr_par ocr_line ocrx_word'/>
</head>
<body>
  <div class='ocr_page' id='page_1' title='image "./operahorac00horauoft_0027.png"; bbox 0 0 1884 3288; ppageno 0'>
   <div class='ocr_carea' id='block_1_1' title="bbox 0 0 100 322">
    <p class='ocr_par' dir='ltr' id='par_1_1' title="bbox 0 0 100 322">
     <span class='ocr_line' id='line_1_1' title="bbox 0 0 100 322; baseline 0 0"><span class='ocrx_word' id='word_1_1' title='bbox 0 0 100 322; x_wconf 95' lang='lat' dir='ltr'><strong>  </strong></span> 
     </span>
    </p>
   </div>
   <div class='ocr_carea' id='block_1_2' title="bbox 413 211 1605 256">
    <p class='ocr_par' dir='ltr' id='par_1_2' title="bbox 413 211 1605 256">
     <span class='ocr_line' id='line_1_2' title="bbox 413 211 1605 256; baseline 0.003 -2"><span class='ocrx_word' id='word_1_2' title='bbox 413 211 692 255; x_wconf 93' lang='lat' dir='ltr'><strong>HORATII</strong></span> <span class='ocrx_word' id='word_1_3' title='bbox 722 211 881 255; x_wconf 89' lang='lat' dir='ltr'><strong>VITA</strong></span> <span class='ocrx_word' id='word_1_4' title='bbox 912 212 954 254; x_wconf 91' lang='lat' dir='ltr'>E</span> <span class='ocrx_word' id='word_1_5' title='bbox 986 212 1336 256; x_wconf 88' lang='lat' dir='ltr'>SUETONIO.</span> <span class='ocrx_word' id='word_1_6' title='bbox 1574 230 1605 256; x_wconf 90' lang='lat' dir='ltr'>x</span> 
     </span>
    </p>
   </div>
   <div class='ocr_carea' id='block_1_3' title="bbox 39 313 1643 385">
    <p class='ocr_par' dir='ltr' id='par_1_3' title="bbox 39 313 1643 385">
     <span class='ocr_line' id='line_1_3' title="bbox 39 313 1643 385; baseline 0.002 -20"><span class='ocrx_word' id='word_1_7' title='bbox 39 314 65 385; x_wconf 49' lang='lat' dir='ltr'><strong><em>ff</em></strong></span> <span class='ocrx_word' id='word_1_8' title='bbox 102 322 200 378; x_wconf 87' lang='lat' dir='ltr'><strong>ipso</strong></span> <span class='ocrx_word' id='word_1_9' title='bbox 218 324 263 366; x_wconf 90' lang='lat' dir='ltr'><strong>in</strong></span> <span class='ocrx_word' id='word_1_10' title='bbox 288 324 441 366; x_wconf 83' lang='lat' dir='ltr'><strong>Satiris</strong></span> <span class='ocrx_word' id='word_1_11' title='bbox 451 326 482 350; x_wconf 78' lang='lat'><strong>¹4</strong></span> <span class='ocrx_word' id='word_1_12' title='bbox 501 325 778 376; x_wconf 82' lang='lat' dir='ltr'><strong>describitur,</strong></span> <span class='ocrx_word' id='word_1_13' title='bbox 801 331 846 367; x_wconf 83' lang='lat' dir='ltr'><strong>et</strong></span> <span class='ocrx_word' id='word_1_14' title='bbox 869 326 924 367; x_wconf 89' lang='lat' dir='ltr'><strong>ab</strong></span> <span class='ocrx_word' id='word_1_15' title='bbox 945 324 1154 381; x_wconf 86' lang='lat' dir='ltr'><strong>Augusto</strong></span> <span class='ocrx_word' id='word_1_16' title='bbox 1181 325 1264 368; x_wconf 88' lang='lat' dir='ltr'><strong>hac</strong></span> <span class='ocrx_word' id='word_1_17' title='bbox 1291 313 1499 381; x_wconf 79' lang='lat' dir='ltr'><strong>epistola:</strong></span> <span class='ocrx_word' id='word_1_18' title='bbox 1533 327 1643 369; x_wconf 84' lang='lat' dir='ltr'><strong>Per-</strong></span> 
     </span>
    </p>
   </div>
   <div class='ocr_carea' id='block_1_4' title="bbox 66 396 1643 618">
    <p class='ocr_par' dir='ltr' id='par_1_4' title="bbox 66 396 1643 618">
     <span class='ocr_line' id='line_1_4' title="bbox 66 396 1643 460; baseline 0.003 -18"><span class='ocrx_word' id='word_1_19' title='bbox 66 447 67 451; x_wconf 12' lang='lat'><em>*</em></span> <span class='ocrx_word' id='word_1_20' title='bbox 100 396 202 443; x_wconf 62' lang='lat' dir='ltr'><strong>tulit</strong></span> <span class='ocrx_word' id='word_1_21' title='bbox 229 403 291 444; x_wconf 85' lang='lat' dir='ltr'><strong>ad</strong></span> <span class='ocrx_word' id='word_1_22' title='bbox 315 416 380 443; x_wconf 83' lang='lat' dir='ltr'><strong>me</strong></span> <span class='ocrx_word' id='word_1_23' title='bbox 402 401 689 459; x_wconf 71' lang='lat' dir='ltr'><strong>Dionysius1⁵</strong></span> <span class='ocrx_word' id='word_1_24' title='bbox 718 404 908 445; x_wconf 79' lang='lat' dir='ltr'><em>libellum</em></span> <span class='ocrx_word' id='word_1_25' title='bbox 933 410 1064 453; x_wconf 80' lang='lat' dir='ltr'><strong>tuum,</strong></span> <span class='ocrx_word' id='word_1_26' title='bbox 1089 419 1213 460; x_wconf 83' lang='lat' dir='ltr'><strong>quem</strong></span> <span class='ocrx_word' id='word_1_27' title='bbox 1238 419 1335 460; x_wconf 85' lang='lat' dir='ltr'><strong>ego,</strong></span> <span class='ocrx_word' id='word_1_28' title='bbox 1360 420 1414 446; x_wconf 78' lang='lat' dir='ltr'><strong>ne</strong></span> <span class='ocrx_word' id='word_1_29' title='bbox 1445 419 1643 447; x_wconf 76' lang='lat' dir='ltr'><strong><em>accusem</em></strong></span> 
     </span>
     <span class='ocr_line' id='line_1_5' title="bbox 101 479 1642 537; baseline 0.001 -15"><span class='ocrx_word' id='word_1_30' title='bbox 101 479 367 530; x_wconf 76' lang='lat' dir='ltr'><strong>brevitatem,</strong></span> <span class='ocrx_word' id='word_1_31' title='bbox 396 481 792 537; x_wconf 79' lang='lat' dir='ltr'><strong>quantuluscunque</strong></span> <span class='ocrx_word' id='word_1_32' title='bbox 824 488 901 531; x_wconf 86' lang='lat' dir='ltr'><strong>est,</strong></span> <span class='ocrx_word' id='word_1_33' title='bbox 933 482 1031 523; x_wconf 81' lang='lat' dir='ltr'><strong>boni</strong></span> <span class='ocrx_word' id='word_1_34' title='bbox 1059 483 1246 524; x_wconf 80' lang='lat' dir='ltr'><strong>consulo.</strong></span> <span class='ocrx_word' id='word_1_35' title='bbox 1315 482 1468 525; x_wconf 82' lang='lat' dir='ltr'><strong>Vereri</strong></span> <span class='ocrx_word' id='word_1_36' title='bbox 1500 489 1642 524; x_wconf 79' lang='lat' dir='ltr'><strong>autem</strong></span> 
     </span>
     <span class='ocr_line' id='line_1_6' title="bbox 98 557 1640 618; baseline 0.002 -19"><span class='ocrx_word' id='word_1_37' title='bbox 98 557 204 600; x_wconf 68' lang='lat' dir='ltr'><strong>mihi</strong></span> <span class='ocrx_word' id='word_1_38' title='bbox 228 558 403 608; x_wconf 84' lang='lat' dir='ltr'><strong>videris,</strong></span> <span class='ocrx_word' id='word_1_39' title='bbox 425 574 478 600; x_wconf 80' lang='lat' dir='ltr'><strong>ne</strong></span> <span class='ocrx_word' id='word_1_40' title='bbox 502 560 690 613; x_wconf 75' lang='lat' dir='ltr'><strong>majores</strong></span> <span class='ocrx_word' id='word_1_41' title='bbox 714 560 852 601; x_wconf 80' lang='lat' dir='ltr'><em>libelli</em></span> <span class='ocrx_word' id='word_1_42' title='bbox 880 561 943 601; x_wconf 79' lang='lat' dir='ltr'><strong>tui</strong></span> <span class='ocrx_word' id='word_1_43' title='bbox 970 561 1059 601; x_wconf 81' lang='lat' dir='ltr'><strong>sint</strong></span> <span class='ocrx_word' id='word_1_44' title='bbox 1083 577 1212 617; x_wconf 83' lang='lat' dir='ltr'><strong>quam</strong></span> <span class='ocrx_word' id='word_1_45' title='bbox 1242 562 1337 618; x_wconf 79' lang='lat' dir='ltr'><strong>ipse</strong></span> <span class='ocrx_word' id='word_1_46' title='bbox 1363 575 1424 602; x_wconf 84' lang='lat' dir='ltr'><strong>es.</strong></span> <span class='ocrx_word' id='word_1_47' title='bbox 1486 560 1578 601; x_wconf 80' lang='lat' dir='ltr'><strong>Sed</strong></span> <span class='ocrx_word' id='word_1_48' title='bbox 1601 561 1640 602; x_wconf 88' lang='lat' dir='ltr'><strong>si</strong></span> 
     </span>
    </p>
   </div>
   <div class='ocr_carea' id='block_1_5' title="bbox 97 636 1643 695">
    <p class='ocr_par' dir='ltr' id='par_1_5' title="bbox 47 636 1643 703">
     <span class='ocr_line' id='line_1_7' title="bbox 97 636 1643 695; baseline 0.001 -16.969"><span class='ocrx_word' id='word_1_49' title='bbox 97 636 181 679; x_wconf 76' lang='lat' dir='ltr'><strong>tihi</strong></span> <span class='ocrx_word' id='word_1_50' title='bbox 200 640 375 678; x_wconf 72' lang='lat' dir='ltr'><strong>statura</strong></span> <span class='ocrx_word' id='word_1_51' title='bbox 391 638 524 689; x_wconf 75' lang='lat' dir='ltr'><strong>deest,</strong></span> <span class='ocrx_word' id='word_1_52' title='bbox 541 641 838 694; x_wconf 77' lang='lat' dir='ltr'><strong>corpusculum</strong></span> <span class='ocrx_word' id='word_1_53' title='bbox 853 655 935 682; x_wconf 83' lang='lat' dir='ltr'><strong>non</strong></span> <span class='ocrx_word' id='word_1_54' title='bbox 957 641 1089 682; x_wconf 81' lang='lat' dir='ltr'><strong>deest.</strong></span> <span class='ocrx_word' id='word_1_55' title='bbox 1131 641 1291 695; x_wconf 83' lang='lat' dir='ltr'><strong>Itaque</strong></span> <span class='ocrx_word' id='word_1_56' title='bbox 1308 639 1457 680; x_wconf 80' lang='lat' dir='ltr'><em>licebit</em></span> <span class='ocrx_word' id='word_1_57' title='bbox 1477 639 1522 679; x_wconf 77' lang='lat' dir='ltr'><strong>in</strong></span> <span class='ocrx_word' id='word_1_58' title='bbox 1542 653 1643 680; x_wconf 80' lang='lat' dir='ltr'><strong>sex-</strong></span> 
     </span>
    </p>
   </div>
   <div class='ocr_carea' id='block_1_6' title="bbox 0 834 63 3288">
    <p class='ocr_par' dir='ltr' id='par_1_6' title="bbox 0 834 63 3288">
     <span class='ocr_line' id='line_1_8' title="bbox 0 834 63 3288; baseline 0 0"><span class='ocrx_word' id='word_1_59' title='bbox 0 834 63 3288; x_wconf 95' lang='lat' dir='ltr'><strong> </strong></span> 
     </span>
    </p>
   </div>
   <div class='ocr_carea' id='block_1_7' title="bbox 96 715 1640 773">
    <p class='ocr_par' dir='ltr' id='par_1_7' title="bbox 96 715 1640 773">
     <span class='ocr_line' id='line_1_9' title="bbox 96 715 1640 773; baseline -0.002 -12"><span class='ocrx_word' id='word_1_60' title='bbox 96 719 290 761; x_wconf 68' lang='grc' dir='ltr'><strong>ἐανιίοῑοῑ6</strong></span> <span class='ocrx_word' id='word_1_61' title='bbox 304 718 474 761; x_wconf 81' lang='lat' dir='ltr'><strong>scribas</strong></span> <span class='ocrx_word' id='word_1_62' title='bbox 486 735 502 759; x_wconf 90' lang='lat'><strong>.·</strong></span> <span class='ocrx_word' id='word_1_63' title='bbox 532 732 659 773; x_wconf 80' lang='lat' dir='ltr'><strong>quum</strong></span> <span class='ocrx_word' id='word_1_64' title='bbox 675 718 882 759; x_wconf 81' lang='lat' dir='ltr'><strong>circuitus</strong></span> <span class='ocrx_word' id='word_1_65' title='bbox 895 719 1120 760; x_wconf 77' lang='lat' dir='ltr'><strong>voluminis</strong></span> <span class='ocrx_word' id='word_1_66' title='bbox 1138 719 1201 759; x_wconf 82' lang='lat' dir='ltr'><strong>tui</strong></span> <span class='ocrx_word' id='word_1_67' title='bbox 1217 719 1277 760; x_wconf 79' lang='lat' dir='ltr'><strong>sit</strong></span> <span class='ocrx_word' id='word_1_68' title='bbox 1298 715 1640 770; x_wconf 60' lang='lat' dir='ltr'><strong>beyxmssea‘ravoe,</strong></span> 
     </span>
    </p>
   </div>
   <div class='ocr_carea' id='block_1_8' title="bbox 0 785 1640 1482">
    <p class='ocr_par' dir='ltr' id='par_1_8' title="bbox 0 785 1640 1482">
     <span class='ocr_line' id='line_1_10' title="bbox 0 785 1640 853; baseline -0.003 -11"><span class='ocrx_word' id='word_1_69' title='bbox 0 828 2 837; x_wconf 70' lang='lat'>‚</span> <span class='ocrx_word' id='word_1_70' title='bbox 54 785 58 811; x_wconf 30' lang='grc' dir='ltr'>ἶ</span> <span class='ocrx_word' id='word_1_71' title='bbox 95 799 209 842; x_wconf 69' lang='lat' dir='ltr'><strong>sieut</strong></span> <span class='ocrx_word' id='word_1_72' title='bbox 238 804 304 840; x_wconf 78' lang='lat' dir='ltr'><strong>est</strong></span> <span class='ocrx_word' id='word_1_73' title='bbox 329 797 556 840; x_wconf 74' lang='lat' dir='ltr'><strong>ventriculi·</strong></span> <span class='ocrx_word' id='word_1_74' title='bbox 583 798 660 839; x_wconf 80' lang='lat' dir='ltr'><strong>tui.</strong></span> <span class='ocrx_word' id='word_1_75' title='bbox 721 797 848 839; x_wconf 88' lang='lat' dir='ltr'><strong>Vixit</strong></span> <span class='ocrx_word' id='word_1_76' title='bbox 878 796 1113 853; x_wconf 89' lang='lat' dir='ltr'><strong>plurimum</strong></span> <span class='ocrx_word' id='word_1_77' title='bbox 1142 797 1186 838; x_wconf 89' lang='lat' dir='ltr'><strong>in</strong></span> <span class='ocrx_word' id='word_1_78' title='bbox 1217 811 1393 838; x_wconf 87' lang='lat' dir='ltr'><strong>secessu</strong></span> <span class='ocrx_word' id='word_1_79' title='bbox 1423 796 1538 837; x_wconf 84' lang='lat' dir='ltr'><strong>ruris</strong></span> <span class='ocrx_word' id='word_1_80' title='bbox 1571 796 1640 837; x_wconf 88' lang='lat' dir='ltr'><strong>sui</strong></span> 
     </span>
     <span class='ocr_line' id='line_1_11' title="bbox 42 858 1639 930; baseline -0.003 -11"><span class='ocrx_word' id='word_1_81' title='bbox 42 858 57 913; x_wconf 35' lang='grc' dir='ltr'>Τ</span> <span class='ocrx_word' id='word_1_82' title='bbox 96 876 248 919; x_wconf 85' lang='lat' dir='ltr'><strong>Sabini</strong></span> <span class='ocrx_word' id='word_1_83' title='bbox 267 882 343 918; x_wconf 88' lang='lat' dir='ltr'><strong>aut</strong></span> <span class='ocrx_word' id='word_1_84' title='bbox 363 874 649 918; x_wconf 84' lang='lat' dir='ltr'><strong>Tiburtini¹⁷:</strong></span> <span class='ocrx_word' id='word_1_85' title='bbox 683 875 925 930; x_wconf 90' lang='lat' dir='ltr'><strong>domusque</strong></span> <span class='ocrx_word' id='word_1_86' title='bbox 953 875 1048 930; x_wconf 92' lang='lat' dir='ltr'><strong>ejus</strong></span> <span class='ocrx_word' id='word_1_87' title='bbox 1071 875 1318 916; x_wconf 88' lang='lat' dir='ltr'><strong>ostenditur</strong></span> <span class='ocrx_word' id='word_1_88' title='bbox 1339 875 1455 916; x_wconf 86' lang='lat' dir='ltr'><strong>circa</strong></span> <span class='ocrx_word' id='word_1_89' title='bbox 1474 873 1639 915; x_wconf 86' lang='lat' dir='ltr'><strong>Tibur-</strong></span> 
     </span>
     <span class='ocr_line' id='line_1_12' title="bbox 46 942 1640 1008; baseline -0.003 -11"><span class='ocrx_word' id='word_1_90' title='bbox 46 942 49 943; x_wconf 28' lang='lat'><em>⁷</em></span> <span class='ocrx_word' id='word_1_91' title='bbox 95 954 175 997; x_wconf 78' lang='lat' dir='ltr'><strong>tini</strong></span> <span class='ocrx_word' id='word_1_92' title='bbox 199 953 405 996; x_wconf 88' lang='lat' dir='ltr'><strong>luculum.</strong></span> <span class='ocrx_word' id='word_1_93' title='bbox 466 953 698 995; x_wconf 85' lang='lat' dir='ltr'><strong>Venerunt</strong></span> <span class='ocrx_word' id='word_1_94' title='bbox 722 953 766 994; x_wconf 91' lang='lat' dir='ltr'><strong>in</strong></span> <span class='ocrx_word' id='word_1_95' title='bbox 792 968 944 994; x_wconf 88' lang='lat' dir='ltr'><strong>manus</strong></span> <span class='ocrx_word' id='word_1_96' title='bbox 975 960 1020 994; x_wconf 90' lang='lat' dir='ltr'><strong>et</strong></span> <span class='ocrx_word' id='word_1_97' title='bbox 1048 953 1162 1008; x_wconf 82' lang='lat' dir='ltr'><strong>elegi</strong></span> <span class='ocrx_word' id='word_1_98' title='bbox 1191 954 1273 995; x_wconf 89' lang='lat' dir='ltr'><strong>sub</strong></span> <span class='ocrx_word' id='word_1_99' title='bbox 1301 952 1429 995; x_wconf 89' lang='lat' dir='ltr'><strong>titulo</strong></span> <span class='ocrx_word' id='word_1_100' title='bbox 1461 952 1573 1007; x_wconf 87' lang='lat' dir='ltr'><strong>ejus,</strong></span> <span class='ocrx_word' id='word_1_101' title='bbox 1595 958 1640 994; x_wconf 91' lang='lat' dir='ltr'><strong>et</strong></span> 
     </span>
     <span class='ocr_line' id='line_1_13' title="bbox 47 1031 1639 1089; baseline -0.003 -13"><span class='ocrx_word' id='word_1_102' title='bbox 47 1031 49 1034; x_wconf 67' lang='grc'><strong>’</strong></span> <span class='ocrx_word' id='word_1_103' title='bbox 94 1032 278 1089; x_wconf 86' lang='lat' dir='ltr'><strong>epistola</strong></span> <span class='ocrx_word' id='word_1_104' title='bbox 297 1047 430 1088; x_wconf 83' lang='lat' dir='ltr'><strong>prosa</strong></span> <span class='ocrx_word' id='word_1_105' title='bbox 450 1031 658 1082; x_wconf 86' lang='lat' dir='ltr'><strong>oratione,</strong></span> <span class='ocrx_word' id='word_1_106' title='bbox 681 1032 806 1086; x_wconf 86' lang='lat' dir='ltr'><strong>quasi</strong></span> <span class='ocrx_word' id='word_1_107' title='bbox 827 1032 1168 1074; x_wconf 86' lang='lat' dir='ltr'><strong>commendantis</strong></span> <span class='ocrx_word' id='word_1_108' title='bbox 1191 1047 1236 1073; x_wconf 91' lang='lat' dir='ltr'><strong>se</strong></span> <span class='ocrx_word' id='word_1_109' title='bbox 1260 1031 1523 1074; x_wconf 86' lang='lat' dir='ltr'><strong>Maecenati:</strong></span> <span class='ocrx_word' id='word_1_110' title='bbox 1558 1031 1639 1072; x_wconf 86' lang='lat' dir='ltr'><strong>sed</strong></span> 
     </span>
     <span class='ocr_line' id='line_1_14' title="bbox 24 1098 1638 1168; baseline -0.002 -13"><span class='ocrx_word' id='word_1_111' title='bbox 24 1098 46 1163; x_wconf 45' lang='lat' dir='ltr'><em>J</em></span> <span class='ocrx_word' id='word_1_112' title='bbox 92 1118 282 1168; x_wconf 84' lang='lat' dir='ltr'><strong>utraque</strong></span> <span class='ocrx_word' id='word_1_113' title='bbox 316 1110 425 1153; x_wconf 76' lang='lat' dir='ltr'><strong>falsa</strong></span> <span class='ocrx_word' id='word_1_114' title='bbox 453 1117 576 1166; x_wconf 89' lang='lat' dir='ltr'><strong>puto.</strong></span> <span class='ocrx_word' id='word_1_115' title='bbox 638 1109 755 1152; x_wconf 85' lang='lat' dir='ltr'><strong>Nam</strong></span> <span class='ocrx_word' id='word_1_116' title='bbox 789 1109 902 1166; x_wconf 88' lang='lat' dir='ltr'><strong>elegi</strong></span> <span class='ocrx_word' id='word_1_117' title='bbox 931 1109 1149 1166; x_wconf 77' lang='lat' dir='ltr'><strong>vulgareS,</strong></span> <span class='ocrx_word' id='word_1_118' title='bbox 1181 1109 1365 1166; x_wconf 86' lang='lat' dir='ltr'><strong>epistola</strong></span> <span class='ocrx_word' id='word_1_119' title='bbox 1400 1111 1529 1152; x_wconf 83' lang='lat' dir='ltr'><strong>etiam</strong></span> <span class='ocrx_word' id='word_1_120' title='bbox 1560 1111 1638 1152; x_wconf 93' lang='lat' dir='ltr'><strong>ob-</strong></span> 
     </span>
     <span class='ocr_line' id='line_1_15' title="bbox 94 1188 1639 1245; baseline -0.001 -12.088"><span class='ocrx_word' id='word_1_121' title='bbox 94 1204 246 1240; x_wconf 74' lang='lat' dir='ltr'><strong>scura3</strong></span> <span class='ocrx_word' id='word_1_122' title='bbox 277 1203 366 1245; x_wconf 92' lang='lat' dir='ltr'><strong>quo</strong></span> <span class='ocrx_word' id='word_1_123' title='bbox 385 1188 491 1231; x_wconf 83' lang='lat' dir='ltr'><strong>vitio</strong></span> <span class='ocrx_word' id='word_1_124' title='bbox 510 1189 682 1231; x_wconf 88' lang='lat' dir='ltr'><strong>minime</strong></span> <span class='ocrx_word' id='word_1_125' title='bbox 702 1189 949 1231; x_wconf 87' lang='lat' dir='ltr'><strong>tenebatur.</strong></span> <span class='ocrx_word' id='word_1_126' title='bbox 1009 1188 1156 1230; x_wconf 87' lang='lat' dir='ltr'><strong>Natus</strong></span> <span class='ocrx_word' id='word_1_127' title='bbox 1177 1195 1245 1230; x_wconf 88' lang='lat' dir='ltr'><strong>est</strong></span> <span class='ocrx_word' id='word_1_128' title='bbox 1267 1195 1393 1231; x_wconf 86' lang='lat' dir='ltr'><strong>sexto</strong></span> <span class='ocrx_word' id='word_1_129' title='bbox 1415 1189 1523 1231; x_wconf 86' lang='lat' dir='ltr'><strong>Idus</strong></span> <span class='ocrx_word' id='word_1_130' title='bbox 1545 1188 1639 1231; x_wconf 88' lang='lat' dir='ltr'><strong>De-</strong></span> 
     </span>
     <span class='ocr_line' id='line_1_16' title="bbox 92 1267 1638 1324; baseline -0.001 -12.084"><span class='ocrx_word' id='word_1_131' title='bbox 92 1269 304 1319; x_wconf 86' lang='lat' dir='ltr'><strong>cembres,</strong></span> <span class='ocrx_word' id='word_1_132' title='bbox 321 1267 463 1310; x_wconf 90' lang='lat' dir='ltr'><strong>Lucio</strong></span> <span class='ocrx_word' id='word_1_133' title='bbox 477 1267 609 1310; x_wconf 89' lang='lat' dir='ltr'><strong>Cotta</strong></span> <span class='ocrx_word' id='word_1_134' title='bbox 629 1274 674 1310; x_wconf 89' lang='lat' dir='ltr'><strong>et</strong></span> <span class='ocrx_word' id='word_1_135' title='bbox 693 1268 835 1310; x_wconf 87' lang='lat' dir='ltr'><strong>Lucio</strong></span> <span class='ocrx_word' id='word_1_136' title='bbox 852 1268 1083 1324; x_wconf 80' lang='lat' dir='ltr'><strong>Torquato</strong></span> <span class='ocrx_word' id='word_1_137' title='bbox 1105 1267 1387 1311; x_wconf 87' lang='lat' dir='ltr'><strong>Consulibus.</strong></span> <span class='ocrx_word' id='word_1_138' title='bbox 1430 1267 1638 1310; x_wconf 84' lang='lat' dir='ltr'><strong>Decessit</strong></span> 
     </span>
     <span class='ocr_line' id='line_1_17' title="bbox 23 1346 1637 1411; baseline -0.001 -20"><span class='ocrx_word' id='word_1_139' title='bbox 23 1370 37 1411; x_wconf 33' lang='lat'><strong>32</strong></span> <span class='ocrx_word' id='word_1_140' title='bbox 93 1349 248 1406; x_wconf 84' lang='lat' dir='ltr'><strong>quinto</strong></span> <span class='ocrx_word' id='word_1_141' title='bbox 288 1346 380 1390; x_wconf 85' lang='lat' dir='ltr'><strong>Cal.</strong></span> <span class='ocrx_word' id='word_1_142' title='bbox 418 1347 649 1398; x_wconf 70' lang='lat' dir='ltr'><strong>Decemb„</strong></span> <span class='ocrx_word' id='word_1_143' title='bbox 686 1348 794 1390; x_wconf 86' lang='lat' dir='ltr'><strong>Caio</strong></span> <span class='ocrx_word' id='word_1_144' title='bbox 829 1348 1000 1390; x_wconf 86' lang='lat' dir='ltr'><strong>Marcio</strong></span> <span class='ocrx_word' id='word_1_145' title='bbox 1042 1347 1298 1398; x_wconf 90' lang='lat' dir='ltr'><strong>Censorino,</strong></span> <span class='ocrx_word' id='word_1_146' title='bbox 1338 1347 1444 1389; x_wconf 81' lang='lat' dir='ltr'><strong>Caio</strong></span> <span class='ocrx_word' id='word_1_147' title='bbox 1481 1347 1637 1390; x_wconf 90' lang='lat' dir='ltr'><strong>Asinio</strong></span> 
     </span>
     <span class='ocr_line' id='line_1_18' title="bbox 22 1413 1636 1482; baseline -0.002 -12"><span class='ocrx_word' id='word_1_148' title='bbox 22 1413 47 1464; x_wconf 19' lang='lat' dir='ltr'><strong>VI*¹</strong></span> <span class='ocrx_word' id='word_1_149' title='bbox 91 1427 225 1471; x_wconf 85' lang='lat' dir='ltr'><strong>Gallo</strong></span> <span class='ocrx_word' id='word_1_150' title='bbox 257 1425 539 1477; x_wconf 87' lang='lat' dir='ltr'><strong>Consulibus,</strong></span> <span class='ocrx_word' id='word_1_151' title='bbox 569 1433 672 1482; x_wconf 90' lang='lat' dir='ltr'><strong>post</strong></span> <span class='ocrx_word' id='word_1_152' title='bbox 704 1427 907 1469; x_wconf 74' lang='lat' dir='ltr'><strong>nonum¹¹3</strong></span> <span class='ocrx_word' id='word_1_153' title='bbox 942 1432 987 1468; x_wconf 86' lang='lat' dir='ltr'><strong>et</strong></span> <span class='ocrx_word' id='word_1_154' title='bbox 1016 1426 1427 1482; x_wconf 87' lang='lat' dir='ltr'><strong>quinquagesimum</strong></span> <span class='ocrx_word' id='word_1_155' title='bbox 1462 1440 1636 1476; x_wconf 82' lang='lat' dir='ltr'><strong>annum,</strong></span> 
     </span>
    </p>
   </div>
   <div class='ocr_carea' id='block_1_9' title="bbox 87 1503 1638 1561">
    <p class='ocr_par' dir='ltr' id='par_1_9' title="bbox 87 1503 1638 1561">
     <span class='ocr_line' id='line_1_19' title="bbox 87 1503 1638 1561; baseline -0.002 -12"><span class='ocrx_word' id='word_1_156' title='bbox 87 1505 268 1549; x_wconf 85' lang='lat' dir='ltr'><strong>haerede</strong></span> <span class='ocrx_word' id='word_1_157' title='bbox 287 1504 496 1561; x_wconf 85' lang='lat' dir='ltr'><strong>Augusto</strong></span> <span class='ocrx_word' id='word_1_158' title='bbox 519 1504 700 1560; x_wconf 78' lang='lat' dir='ltr'><strong>palam¹⁹</strong></span> <span class='ocrx_word' id='word_1_159' title='bbox 723 1511 998 1560; x_wconf 82' lang='lat' dir='ltr'><strong>nuncupato:</strong></span> <span class='ocrx_word' id='word_1_160' title='bbox 1031 1519 1178 1559; x_wconf 90' lang='lat' dir='ltr'><strong>quum,</strong></span> <span class='ocrx_word' id='word_1_161' title='bbox 1201 1511 1386 1560; x_wconf 87' lang='lat' dir='ltr'><strong>urgente</strong></span> <span class='ocrx_word' id='word_1_162' title='bbox 1407 1505 1450 1546; x_wconf 92' lang='lat' dir='ltr'><strong>vi</strong></span> <span class='ocrx_word' id='word_1_163' title='bbox 1470 1503 1638 1546; x_wconf 85' lang='lat' dir='ltr'><strong>valetu-</strong></span> 
     </span>
    </p>
   </div>
   <div class='ocr_carea' id='block_1_10' title="bbox 19 1566 1637 1718">
    <p class='ocr_par' dir='ltr' id='par_1_10' title="bbox 19 1566 1637 1718">
     <span class='ocr_line' id='line_1_20' title="bbox 33 1566 1637 1639; baseline -0.002 -12"><span class='ocrx_word' id='word_1_164' title='bbox 33 1566 37 1607; x_wconf 39' lang='grc' dir='ltr'><strong>Ῑ</strong></span> <span class='ocrx_word' id='word_1_165' title='bbox 91 1585 331 1635; x_wconf 71' lang='grc' dir='ltr'><strong>ἆίῐιίε,’ῐιοιι</strong></span> <span class='ocrx_word' id='word_1_166' title='bbox 361 1584 582 1626; x_wconf 85' lang='lat' dir='ltr'><strong>sufficeret</strong></span> <span class='ocrx_word' id='word_1_167' title='bbox 605 1585 663 1626; x_wconf 87' lang='lat' dir='ltr'><strong>ad</strong></span> <span class='ocrx_word' id='word_1_168' title='bbox 691 1583 987 1639; x_wconf 84' lang='lat' dir='ltr'><strong>obsignandas</strong></span> <span class='ocrx_word' id='word_1_169' title='bbox 1009 1583 1259 1625; x_wconf 88' lang='lat' dir='ltr'><strong>testamenti</strong></span> <span class='ocrx_word' id='word_1_170' title='bbox 1286 1582 1474 1624; x_wconf 86' lang='lat' dir='ltr'><strong>tabulas.</strong></span> <span class='ocrx_word' id='word_1_171' title='bbox 1537 1582 1637 1624; x_wconf 86' lang='lat' dir='ltr'><strong>Hu-</strong></span> 
     </span>
     <span class='ocr_line' id='line_1_21' title="bbox 19 1647 1634 1718; baseline -0.002 -11"><span class='ocrx_word' id='word_1_172' title='bbox 19 1647 35 1715; x_wconf 25' lang='lat'><strong>³]</strong></span> <span class='ocrx_word' id='word_1_173' title='bbox 91 1670 234 1706; x_wconf 81' lang='lat' dir='ltr'><strong>matus</strong></span> <span class='ocrx_word' id='word_1_174' title='bbox 274 1669 320 1706; x_wconf 84' lang='lat' dir='ltr'><strong>et</strong></span> <span class='ocrx_word' id='word_1_175' title='bbox 359 1663 562 1706; x_wconf 86' lang='lat' dir='ltr'><strong>conditus</strong></span> <span class='ocrx_word' id='word_1_176' title='bbox 598 1669 666 1705; x_wconf 91' lang='lat' dir='ltr'><strong>est</strong></span> <span class='ocrx_word' id='word_1_177' title='bbox 705 1663 911 1705; x_wconf 84' lang='lat' dir='ltr'><strong>extremis</strong></span> <span class='ocrx_word' id='word_1_178' title='bbox 948 1661 1176 1718; x_wconf 89' lang='lat' dir='ltr'><strong>Esquiliis,</strong></span> <span class='ocrx_word' id='word_1_179' title='bbox 1206 1662 1338 1717; x_wconf 83' lang='lat' dir='ltr'><strong>juxta</strong></span> <span class='ocrx_word' id='word_1_180' title='bbox 1375 1660 1634 1704; x_wconf 85' lang='lat' dir='ltr'><strong>Maecenatis</strong></span> 
     </span>
    </p>
   </div>
   <div class='ocr_carea' id='block_1_11' title="bbox 25 1736 318 1785">
    <p class='ocr_par' dir='ltr' id='par_1_11' title="bbox 25 1736 318 1785">
     <span class='ocr_line' id='line_1_22' title="bbox 25 1736 318 1785; baseline -0.003 0"><span class='ocrx_word' id='word_1_181' title='bbox 25 1736 38 1779; x_wconf 70' lang='lat' dir='ltr'><strong>·f</strong></span> <span class='ocrx_word' id='word_1_182' title='bbox 90 1741 318 1785; x_wconf 85' lang='lat' dir='ltr'><strong>tumulum.</strong></span> 
     </span>
    </p>
   </div>
   <div class='ocr_carea' id='block_1_12' title="bbox 22 1912 1636 2056">
    <p class='ocr_par' dir='ltr' id='par_1_12' title="bbox 22 1912 1636 2056">
     <span class='ocr_line' id='line_1_23' title="bbox 22 1912 1636 1974; baseline -0.003 -10"><span class='ocrx_word' id='word_1_183' title='bbox 22 1912 29 1927; x_wconf 27' lang='grc' dir='ltr'><em>ἰ</em></span> <span class='ocrx_word' id='word_1_184' title='bbox 88 1931 136 1964; x_wconf 80' lang='lat' dir='ltr'><strong>sic</strong></span> <span class='ocrx_word' id='word_1_185' title='bbox 159 1931 224 1964; x_wconf 81' lang='lat' dir='ltr'><strong>fere</strong></span> <span class='ocrx_word' id='word_1_186' title='bbox 247 1931 332 1974; x_wconf 86' lang='lat' dir='ltr'><strong>apud</strong></span> <span class='ocrx_word' id='word_1_187' title='bbox 357 1931 481 1964; x_wconf 81' lang='lat' dir='ltr'><strong>Catull.</strong></span> <span class='ocrx_word' id='word_1_188' title='bbox 506 1931 566 1968; x_wconf 85' lang='lat' dir='ltr'><strong>liii,</strong></span> <span class='ocrx_word' id='word_1_189' title='bbox 592 1933 612 1962; x_wconf 89' lang='lat'>5</span> <span class='ocrx_word' id='word_1_190' title='bbox 636 1931 838 1970; x_wconf 73' lang='lat' dir='ltr'><strong>salaputium.</strong></span> <span class='ocrx_word' id='word_1_191' title='bbox 879 1934 953 1965; x_wconf 86' lang='lat' dir='ltr'><strong>stat,</strong></span> <span class='ocrx_word' id='word_1_192' title='bbox 979 1928 1251 1960; x_wconf 88' lang='lat' dir='ltr'><strong>convolvebantur</strong></span> <span class='ocrx_word' id='word_1_193' title='bbox 1272 1937 1367 1970; x_wconf 86' lang='lat' dir='ltr'><strong>super</strong></span> <span class='ocrx_word' id='word_1_194' title='bbox 1388 1927 1519 1963; x_wconf 84' lang='lat' dir='ltr'><strong>bacillo,</strong></span> <span class='ocrx_word' id='word_1_195' title='bbox 1543 1928 1636 1970; x_wconf 89' lang='lat' dir='ltr'><strong>cujus</strong></span> 
     </span>
     <span class='ocr_line' id='line_1_24' title="bbox 30 1971 1631 2017; baseline -0.004 -9"><span class='ocrx_word' id='word_1_196' title='bbox 30 1984 34 2008; x_wconf 76' lang='lat' dir='ltr'><strong>j</strong></span> <span class='ocrx_word' id='word_1_197' title='bbox 90 1976 144 2007; x_wconf 87' lang='grc'><strong>13.</strong></span> <span class='ocrx_word' id='word_1_198' title='bbox 167 1974 326 2013; x_wconf 81' lang='lat' dir='ltr'><strong>Eclogam,</strong></span> <span class='ocrx_word' id='word_1_199' title='bbox 347 1985 461 2017; x_wconf 83' lang='lat' dir='ltr'><strong>nempe</strong></span> <span class='ocrx_word' id='word_1_200' title='bbox 482 1974 585 2016; x_wconf 85' lang='lat' dir='ltr'><strong>Epist.</strong></span> <span class='ocrx_word' id='word_1_201' title='bbox 599 1973 634 2009; x_wconf 85' lang='lat' dir='ltr'><strong>ii,</strong></span> <span class='ocrx_word' id='word_1_202' title='bbox 653 1975 682 2004; x_wconf 91' lang='lat'><strong>1.</strong></span> <span class='ocrx_word' id='word_1_203' title='bbox 723 1974 773 2004; x_wconf 85' lang='lat'><strong>14.</strong></span> <span class='ocrx_word' id='word_1_204' title='bbox 797 1972 838 2003; x_wconf 80' lang='lat' dir='ltr'><strong>In</strong></span> <span class='ocrx_word' id='word_1_205' title='bbox 880 1971 1014 2004; x_wconf 84' lang='lat' dir='ltr'><strong>brevitas</strong></span> <span class='ocrx_word' id='word_1_206' title='bbox 1031 1971 1100 2013; x_wconf 89' lang='lat' dir='ltr'><strong>jam</strong></span> <span class='ocrx_word' id='word_1_207' title='bbox 1122 1981 1177 2012; x_wconf 79' lang='lat' dir='ltr'><strong>per</strong></span> <span class='ocrx_word' id='word_1_208' title='bbox 1195 1979 1378 2001; x_wconf 85' lang='lat' dir='ltr'><strong>mensuram</strong></span> <span class='ocrx_word' id='word_1_209' title='bbox 1400 1971 1555 2002; x_wconf 76' lang='lat' dir='ltr'><strong>sextarioli</strong></span> <span class='ocrx_word' id='word_1_210' title='bbox 1576 1971 1631 2002; x_wconf 87' lang='lat' dir='ltr'><strong>de-</strong></span> 
     </span>
     <span class='ocr_line' id='line_1_25' title="bbox 27 2012 1633 2056; baseline -0.003 -6"><span class='ocrx_word' id='word_1_211' title='bbox 27 2023 29 2025; x_wconf 85' lang='lat'>&#39;</span> <span class='ocrx_word' id='word_1_212' title='bbox 87 2019 210 2054; x_wconf 77' lang='lat' dir='ltr'><strong>Satiris,</strong></span> <span class='ocrx_word' id='word_1_213' title='bbox 237 2017 305 2048; x_wconf 77' lang='lat' dir='ltr'><strong>Sat.</strong></span> <span class='ocrx_word' id='word_1_214' title='bbox 329 2015 364 2054; x_wconf 87' lang='lat' dir='ltr'><strong>ii,</strong></span> <span class='ocrx_word' id='word_1_215' title='bbox 394 2017 426 2053; x_wconf 88' lang='lat'><strong>3,</strong></span> <span class='ocrx_word' id='word_1_216' title='bbox 458 2017 534 2048; x_wconf 86' lang='lat'>309.</span> <span class='ocrx_word' id='word_1_217' title='bbox 581 2018 633 2047; x_wconf 87' lang='grc'><strong>15.</strong></span> <span class='ocrx_word' id='word_1_218' title='bbox 658 2017 836 2056; x_wconf 79' lang='lat' dir='ltr'><strong>Dionysius,</strong></span> <span class='ocrx_word' id='word_1_219' title='bbox 881 2014 1034 2056; x_wconf 84' lang='lat' dir='ltr'><strong>signatur.</strong></span> <span class='ocrx_word' id='word_1_220' title='bbox 1088 2012 1372 2055; x_wconf 78' lang='grc' dir='ltr'><em>Ὀγκωδέστατος,</em></span> <span class='ocrx_word' id='word_1_221' title='bbox 1407 2013 1633 2045; x_wconf 82' lang='lat' dir='ltr'><strong>crassissimus.</strong></span> 
     </span>
    </p>
   </div>
   <div class='ocr_carea' id='block_1_13' title="bbox 82 2055 1633 2232">
    <p class='ocr_par' dir='ltr' id='par_1_13' title="bbox 82 2055 1633 2232">
     <span class='ocr_line' id='line_1_26' title="bbox 86 2055 1633 2102; baseline -0.003 -10"><span class='ocrx_word' id='word_1_222' title='bbox 86 2070 194 2093; x_wconf 78' lang='lat' dir='ltr'><strong>servus</strong></span> <span class='ocrx_word' id='word_1_223' title='bbox 207 2059 257 2091; x_wconf 81' lang='lat' dir='ltr'><strong>vel</strong></span> <span class='ocrx_word' id='word_1_224' title='bbox 273 2058 402 2091; x_wconf 83' lang='lat' dir='ltr'><strong>libertus</strong></span> <span class='ocrx_word' id='word_1_225' title='bbox 418 2059 566 2102; x_wconf 88' lang='lat' dir='ltr'><strong>Augusti.</strong></span> <span class='ocrx_word' id='word_1_226' title='bbox 606 2060 659 2090; x_wconf 87' lang='lat'><strong>16.</strong></span> <span class='ocrx_word' id='word_1_227' title='bbox 683 2059 723 2089; x_wconf 90' lang='grc' dir='ltr'><strong>Ιη</strong></span> <span class='ocrx_word' id='word_1_228' title='bbox 738 2064 836 2089; x_wconf 74' lang='lat' dir='ltr'><strong>sexta·</strong></span> <span class='ocrx_word' id='word_1_229' title='bbox 884 2058 936 2089; x_wconf 92' lang='lat'><strong>17.</strong></span> <span class='ocrx_word' id='word_1_230' title='bbox 968 2058 1076 2088; x_wconf 76' lang='lat' dir='ltr'><strong>Sabini</strong></span> <span class='ocrx_word' id='word_1_231' title='bbox 1092 2064 1148 2088; x_wconf 82' lang='lat' dir='ltr'><strong>aut</strong></span> <span class='ocrx_word' id='word_1_232' title='bbox 1164 2056 1341 2086; x_wconf 80' lang='lat' dir='ltr'><strong>Tiburtini:</strong></span> <span class='ocrx_word' id='word_1_233' title='bbox 1362 2055 1438 2087; x_wconf 84' lang='lat' dir='ltr'><strong>villa</strong></span> <span class='ocrx_word' id='word_1_234' title='bbox 1455 2056 1633 2088; x_wconf 84' lang='lat' dir='ltr'><strong>Horatiana</strong></span> 
     </span>
     <span class='ocr_line' id='line_1_27' title="bbox 84 2098 1630 2144; baseline -0.003 -9"><span class='ocrx_word' id='word_1_235' title='bbox 84 2105 162 2135; x_wconf 72' lang='lat' dir='ltr'><strong>riola</strong></span> <span class='ocrx_word' id='word_1_236' title='bbox 181 2103 330 2134; x_wconf 75' lang='lat' dir='ltr'><strong>scribere.-</strong></span> <span class='ocrx_word' id='word_1_237' title='bbox 354 2112 485 2134; x_wconf 83' lang='lat' dir='ltr'><strong>sensus:</strong></span> <span class='ocrx_word' id='word_1_238' title='bbox 510 2103 627 2144; x_wconf 84' lang='lat' dir='ltr'><strong>Itaque</strong></span> <span class='ocrx_word' id='word_1_239' title='bbox 647 2101 756 2132; x_wconf 87' lang='lat' dir='ltr'><strong>licebit</strong></span> <span class='ocrx_word' id='word_1_240' title='bbox 775 2100 834 2132; x_wconf 87' lang='lat' dir='ltr'><strong>tibi</strong></span> <span class='ocrx_word' id='word_1_241' title='bbox 877 2110 992 2142; x_wconf 86' lang='lat' dir='ltr'><strong>nempe</strong></span> <span class='ocrx_word' id='word_1_242' title='bbox 1014 2099 1060 2130; x_wconf 87' lang='lat' dir='ltr'><strong>ita</strong></span> <span class='ocrx_word' id='word_1_243' title='bbox 1082 2099 1143 2130; x_wconf 81' lang='lat' dir='ltr'><strong>sita</strong></span> <span class='ocrx_word' id='word_1_244' title='bbox 1166 2098 1236 2135; x_wconf 82' lang='lat' dir='ltr'><strong>fuit,</strong></span> <span class='ocrx_word' id='word_1_245' title='bbox 1257 2104 1293 2130; x_wconf 82' lang='lat' dir='ltr'><strong>ut</strong></span> <span class='ocrx_word' id='word_1_246' title='bbox 1313 2104 1378 2130; x_wconf 88' lang='lat' dir='ltr'><strong>tam</strong></span> <span class='ocrx_word' id='word_1_247' title='bbox 1398 2099 1511 2130; x_wconf 84' lang='lat' dir='ltr'><strong>Sabina</strong></span> <span class='ocrx_word' id='word_1_248' title='bbox 1532 2110 1630 2141; x_wconf 85' lang='lat' dir='ltr'><strong>quam</strong></span> 
     </span>
     <span class='ocr_line' id='line_1_28' title="bbox 84 2141 1629 2189; baseline -0.003 -11"><span class='ocrx_word' id='word_1_249' title='bbox 84 2145 215 2189; x_wconf 87' lang='lat' dir='ltr'><strong>quidem</strong></span> <span class='ocrx_word' id='word_1_250' title='bbox 225 2143 367 2177; x_wconf 82' lang='lat' dir='ltr'><strong>breviore</strong></span> <span class='ocrx_word' id='word_1_251' title='bbox 378 2144 549 2177; x_wconf 87' lang='lat' dir='ltr'><strong>voluminis</strong></span> <span class='ocrx_word' id='word_1_252' title='bbox 559 2145 658 2177; x_wconf 78' lang='lat' dir='ltr'><strong>forma</strong></span> <span class='ocrx_word' id='word_1_253' title='bbox 669 2144 729 2180; x_wconf 87' lang='lat' dir='ltr'><strong>uti,</strong></span> <span class='ocrx_word' id='word_1_254' title='bbox 739 2143 834 2175; x_wconf 91' lang='lat' dir='ltr'><strong>modo</strong></span> <span class='ocrx_word' id='word_1_255' title='bbox 879 2143 1044 2174; x_wconf 78' lang='lat' dir='ltr'><strong>Tiburtina</strong></span> <span class='ocrx_word' id='word_1_256' title='bbox 1055 2141 1160 2174; x_wconf 87' lang='lat' dir='ltr'><strong>vocari</strong></span> <span class='ocrx_word' id='word_1_257' title='bbox 1174 2147 1289 2184; x_wconf 84' lang='lat' dir='ltr'><strong>posset.</strong></span> <span class='ocrx_word' id='word_1_258' title='bbox 1323 2142 1372 2173; x_wconf 87' lang='lat'><strong>18.</strong></span> <span class='ocrx_word' id='word_1_259' title='bbox 1385 2141 1509 2173; x_wconf 83' lang='lat' dir='ltr'><strong>Nonum</strong></span> <span class='ocrx_word' id='word_1_260' title='bbox 1521 2155 1530 2173; x_wconf 90' lang='lat'><em>:</em></span> <span class='ocrx_word' id='word_1_261' title='bbox 1549 2148 1629 2174; x_wconf 85' lang='lat' dir='ltr'><strong>tem-</strong></span> 
     </span>
     <span class='ocr_line' id='line_1_29' title="bbox 82 2185 1628 2232; baseline -0.003 -12"><span class='ocrx_word' id='word_1_262' title='bbox 82 2189 188 2232; x_wconf 80' lang='lat' dir='ltr'><strong>ipsum</strong></span> <span class='ocrx_word' id='word_1_263' title='bbox 202 2187 353 2220; x_wconf 81' lang='lat' dir='ltr'><strong>volumen</strong></span> <span class='ocrx_word' id='word_1_264' title='bbox 374 2199 466 2231; x_wconf 78' lang='lat' dir='ltr'><strong>aeque</strong></span> <span class='ocrx_word' id='word_1_265' title='bbox 483 2198 625 2220; x_wconf 82' lang='lat' dir='ltr'><strong>crassum</strong></span> <span class='ocrx_word' id='word_1_266' title='bbox 644 2198 682 2219; x_wconf 80' lang='lat' dir='ltr'><strong>ac</strong></span> <span class='ocrx_word' id='word_1_267' title='bbox 702 2197 833 2229; x_wconf 85' lang='lat' dir='ltr'><strong>corpus-</strong></span> <span class='ocrx_word' id='word_1_268' title='bbox 877 2196 988 2229; x_wconf 86' lang='lat' dir='ltr'><strong>porum</strong></span> <span class='ocrx_word' id='word_1_269' title='bbox 1008 2185 1086 2217; x_wconf 86' lang='lat' dir='ltr'><strong>ratio</strong></span> <span class='ocrx_word' id='word_1_270' title='bbox 1104 2185 1255 2227; x_wconf 84' lang='lat' dir='ltr'><strong>postulat,</strong></span> <span class='ocrx_word' id='word_1_271' title='bbox 1273 2186 1442 2225; x_wconf 79' lang='lat' dir='ltr'><strong>septimum.</strong></span> <span class='ocrx_word' id='word_1_272' title='bbox 1488 2187 1539 2218; x_wconf 87' lang='lat'><strong>19.</strong></span> <span class='ocrx_word' id='word_1_273' title='bbox 1562 2186 1628 2217; x_wconf 88' lang='lat' dir='ltr'><strong>Pa-</strong></span> 
     </span>
    </p>
   </div>
   <div class='ocr_carea' id='block_1_14' title="bbox 31 2227 1326 2270">
    <p class='ocr_par' dir='ltr' id='par_1_14' title="bbox 31 2227 1326 2270">
     <span class='ocr_line' id='line_1_30' title="bbox 31 2227 1326 2270; baseline -0.004 -6"><span class='ocrx_word' id='word_1_274' title='bbox 31 2248 33 2250; x_wconf 97' lang='lat'>·</span> <span class='ocrx_word' id='word_1_275' title='bbox 84 2231 195 2265; x_wconf 81' lang='lat' dir='ltr'><strong>culum</strong></span> <span class='ocrx_word' id='word_1_276' title='bbox 209 2236 300 2264; x_wconf 78' lang='lat' dir='ltr'><strong>tuum</strong></span> <span class='ocrx_word' id='word_1_277' title='bbox 314 2230 367 2263; x_wconf 82' lang='lat' dir='ltr'><strong>sit.</strong></span> <span class='ocrx_word' id='word_1_278' title='bbox 411 2230 598 2270; x_wconf 85' lang='lat' dir='ltr'><strong>Volumina,</strong></span> <span class='ocrx_word' id='word_1_279' title='bbox 614 2236 650 2263; x_wconf 91' lang='lat' dir='ltr'><strong>ut</strong></span> <span class='ocrx_word' id='word_1_280' title='bbox 665 2230 741 2262; x_wconf 78' lang='lat' dir='ltr'><strong>satis</strong></span> <span class='ocrx_word' id='word_1_281' title='bbox 757 2241 833 2262; x_wconf 88' lang='lat' dir='ltr'><strong>con·</strong></span> <span class='ocrx_word' id='word_1_282' title='bbox 879 2231 951 2267; x_wconf 87' lang='lat' dir='ltr'><em>lam,</em></span> <span class='ocrx_word' id='word_1_283' title='bbox 966 2238 1044 2261; x_wconf 85' lang='lat' dir='ltr'><strong>voce</strong></span> <span class='ocrx_word' id='word_1_284' title='bbox 1058 2238 1165 2260; x_wconf 86' lang='lat' dir='ltr'><strong>coram</strong></span> <span class='ocrx_word' id='word_1_285' title='bbox 1178 2227 1326 2261; x_wconf 82' lang='lat' dir='ltr'><strong>testibus.</strong></span> 
     </span>
    </p>
   </div>
   <div class='ocr_carea' id='block_1_15' title="bbox 840 3023 911 3064">
    <p class='ocr_par' dir='ltr' id='par_1_15' title="bbox 840 3023 911 3064">
     <span class='ocr_line' id='line_1_31' title="bbox 840 3023 911 3064; baseline 0 0"><span class='ocrx_word' id='word_1_286' title='bbox 840 3023 911 3064; x_wconf 59' lang='lat'><strong>&lt;22</strong></span> 
     </span>
    </p>
   </div>
  </div>
 </body>
</html>
