1904 3314
29 3293 46 3314 :⁴¹
27 3218 50 3286 »μευ

687 211 915 255 LIBER
946 211 1006 263 ΙΙ,
1038 212 1079 254 5.

1564 214 1651 256 403

227 309 333 352 Non
355 312 459 355 satis
479 319 546 356 est
566 312 762 356 Ithacam
781 314 944 364 revehi,
960 315 1212 369 patriosque
1232 320 1413 370 penates

169 375 198 416 5
226 376 502 435 Adspicere?

563 382 606 424 Ο
627 382 734 423 nulli
755 382 994 437 quidquam
1014 383 1206 432 mentite,
1229 383 1351 424 vides
1375 389 1422 424 ut

226 445 388 489 Nudus
412 450 620 505 inopsque
642 450 818 491 domum
838 451 1028 499 redeam,
1052 457 1094 491 te
1112 458 1227 501 vate,
1250 465 1392 505 neque
1413 449 1499 492 illic

225 513 321 556 Aut
341 516 555 571 apotheca
575 518 720 572 procis
742 517 905 558 intacta
925 525 1007 567 est,
1029 525 1104 558 aut
1125 532 1258 572 pecus
1277 535 1285 568 ;
1319 519 1440 573 atqui

224 580 288 623 Et
306 597 460 638 genuS,
482 591 526 626 et
546 585 696 635 virtus,
720 586 803 626 nisi
824 600 921 627 cum
942 600 1004 636 re,
1027 585 1150 627 vilior
1171 585 1270 641 alga
1290 593 1370 628 est.

225 649 417 698 Quando
439 653 708 708 pauperiem,
730 654 871 694 missis
893 654 1164 709 ambagibus,
1188 654 1356 703 horres,

139 716 194 758 10
224 717 406 773 Accipe,
427 734 514 774 qua
535 722 701 762 ratione
723 735 857 776 queas
879 721 1110 763 ditescere.

1172 721 1369 772 Turdus,

223 784 325 827 Sive
334 785 464 828 .aliud
485 788 654 842 privum
675 788 853 829 dabitur
873 788 967 838 tibi,
991 788 1164 830 devolet
1185 788 1300 838 illuc,

222 852 316 895 Res
338 855 415 896 ubi
435 870 591 911 magna
611 857 735 906 nitet,
758 857 934 897 domino
957 871 1083 906 sene3
1117 856 1262 898 dulcia
1281 871 1423 911 poma,

223 920 286 963 Et
306 937 591 979 quoscunque
613 924 724 966 feret
745 925 888 966 cultus
910 926 989 967 tibi
1010 925 1173 967 fundus
1194 924 1400 975 honores,

221 986 340 1031 Ante
362 989 522 1032 Larem
543 998 691 1047 gustet
711 992 998 1034 venerabilior
1022 992 1138 1034 Lare
1160 993 1280 1034 dives
1299 1010 1307 1040 ;

139 1055 191 1096 15
223 1055 328 1108 Qui,
350 1060 544 1113 quamvis
565 1061 769 1116 perjurus
791 1062 887 1111 erit,
911 1062 1002 1102 sine
1025 1068 1171 1116 gente,
1194 1067 1400 1102 cruentus

222 1123 446 1181 Sanguine
468 1127 676 1179 fraterno,
700 1128 933 1184 fugitivus3
966 1144 1020 1170 ne
1043 1136 1186 1170 tamen
1206 1127 1268 1169 illi

223 1191 298 1235 Tu
319 1209 462 1236 comes
485 1197 693 1245 exterior,
717 1198 751 1238 si
773 1197 982 1252 postulet,
1004 1198 1067 1238 ire
1088 1210 1278 1238 recuses,

222 1259 342 1302 Utne
365 1269 507 1317 tegam
527 1279 688 1318 spurco
712 1265 865 1306 Damae
886 1264 1030 1306 latus?
1062 1264 1178 1305 haud
1204 1265 1264 1304 ita
1285 1263 1436 1319 Trojae

220 1327 300 1369 Me
320 1330 452 1383 gessi,
475 1338 647 1371 certans
670 1346 842 1385 semper
864 1332 1130 1372 melioribus.

133 1394 192 1436 20
223 1394 400 1451 Pauper
421 1397 522 1438 eris.

222 1459 285 1505 Et
304 1465 523 1519 quondam
543 1466 708 1520 majora
729 1465 821 1507 tuli.

1194 1331 1319 1385 Ergo

582 1397 760 1439 Fortem
784 1399 864 1440 hoc
887 1400 1075 1439 animum
1097 1397 1283 1439 tolerare
1299 1398 1491 1452 jubebo:

883 1466 958 1507 Tu
979 1466 1193 1521 protinus,
1217 1465 1334 1506 unde

223 1530 412 1573 Divitias
433 1532 620 1587 aerisque
641 1548 776 1584 ruam,
799 1533 870 1574 dic
891 1548 1046 1588 augur,
1068 1546 1261 1574 acervos.

224 1598 334 1640 Dixi
353 1600 572 1655 equidem,
595 1609 638 1642 et
660 1601 775 1642 dico.

106 1721 229 1758 modos,
240 1721 358 1764 quibus
373 1722 504 1754 amissas
518 1733 567 1754 res
583 1732 726 1765 reparare
741 1723 854 1765 possit,

106 1764 227 1796 discere
248 1764 350 1808 eupit,
380 1766 450 1808 ipse
481 1766 623 1797 omniurn
653 1765 853 1797 fallaciarum

106 1807 324 1850 peritissimus.
370 1809 478 1839 Dnlnso
491 1809 652 1850 eleganter
666 1815 698 1840 et
720 1810 855 1848 graviter

107 1860 176 1893 pro,
201 1850 270 1882 tibi.
315 1851 368 1883 Sic
394 1851 479 1883 enim
510 1852 695 1893 designatur
722 1852 855 1893 Ulysses

108 1892 193 1930 talis,
222 1893 328 1935 qualis
355 1901 434 1930 erat,
464 1895 700 1938 πολύτροπος,
740 1900 776 1925 ut
813 1895 854 1925 ab

107 1936 249 1968 Homero
271 1936 306 1967 iu
329 1937 430 1980 primo
451 1937 558 1969 statim
582 1947 673 1969 versu
700 1937 853 1979 Odysseae

106 1983 250 2010 vocatur.
501 2012 507 2018 ,

151 2021 183 2052 6.
210 2022 250 2054 Te
273 2028 354 2058 vate,
380 2028 417 2054 ut
441 2028 475 2054 tu
500 2022 567 2065 ipse
591 2022 781 2055 vaticinatus
801 2033 853 2055 es:

109 2064 243 2096 Homer.
260 2065 380 2108 Odyss.
396 2065 439 2104 xi,
457 2067 517 2097 110
530 2076 600 2109 sqq.

152 2107 184 2138 7.
207 2108 372 2148 Apotheca,
391 2108 475 2140 cella
494 2109 625 2144 vinaria,
641 2108 674 2139 iu
697 2108 854 2151 superiore

107 2148 225 2182 edium
254 2156 356 2194 parte,
385 2151 485 2186 fumo.
517 2162 582 2194 quo
617 2152 856 2183 contraheretur

106 2192 183 2224 vino
202 2193 377 2230 maturitas.
402 2195 529 2237 pervia3
554 2195 628 2226 hinc
650 2195 722 2226 cadi
735 2195 855 2237 fumosi

62 2283 69 2290 ι
108 2235 238 2268 Falerni
252 2237 338 2280 apud
353 2237 474 2269 Tibull.
491 2237 525 2273 ii,
544 2239 574 2273 1,
591 2238 647 2268 27.

152 2279 186 2310 Β.
210 2279 253 2310 Et
269 2291 380 2322 genus,
401 2286 430 2311 et
451 2282 563 2316 virtus,
583 2282 643 2311 nisi
660 2291 729 2311 cum
744 2291 788 2315 re,
804 2291 852 2311 sc.

107 2320 275 2361 familiari;
299 2321 374 2354 hinc
387 2332 459 2365 sup.
477 2324 543 2354 Sat.
558 2323 592 2358 ii.
615 2324 648 2360 3,
669 2324 723 2360 95,
748 2323 854 2355 Omnis

105 2365 187 2396 enim
200 2375 259 2400 res,
276 2365 503 2408 Virttmsama,
514 2367 615 2403 decus,
627 2368 733 2397 divina
746 2367 852 2397 huma-

106 2417 206 2448 mque
218 2408 356 2447 pulchris
372 2409 501 2440 Divitiis
514 2416 638 2449 parent.
675 2410 772 2440 Vilior
781 2411 854 2451 alga

105 2455 161 2483 eut.
181 2451 276 2526 dizo,
287 2451 476 2494 proverbiali
493 2452 653 2483 locutione
665 2451 704 2483 de
719 2463 752 2484 re
767 2452 853 2483 vilis-

107 2491 204 2524 sima:
255 2493 313 2536 irg-
324 2493 658 2535 Eel.vii,42,pr‹y'ecta
671 2496 761 2526 vilior
770 2497 855 2534 algu.

155 2536 209 2567 11.
231 2537 300 2568 Sive
312 2538 413 2574 aliud,
431 2543 508 2569 cett.
523 2537 571 2568 vel
588 2537 614 2568 si
631 2537 687 2568 tibi
703 2543 751 2569 est
767 2538 856 2569 aliud

108 2577 260 2620 quiddam
283 2583 416 2620 privum,
439 2579 613 2623 peculiare,
628 2580 800 2621 singulare,
816 2581 855 2612 de

107 2629 147 2652 oo
159 2621 247 2664 quod
260 2621 358 2654 alicui
373 2629 420 2654 est
442 2622 618 2666 proprium,
632 2624 718 2664 quod
742 2623 857 2665 aliquis

107 2672 175 2706 pra
187 2663 260 2695 aliis
274 2664 391 2703 haben
413 2676 488 2708 ergo
505 2665 627 2707 aliquid
642 2666 715 2700 rari,
731 2667 808 2708 (nos
823 2666 858 2698 in

109 2705 177 2738 vita
190 2708 352 2740 communi
367 2708 472 2740 dicere
495 2709 644 2744 solemus,
669 2715 758 2740 etwas
781 2711 858 2741 deli-

110 2749 204 2788 butes,
232 2750 417 2792 bemdres,)
452 2751 547 2794 quale
580 2762 636 2793 pro
664 2753 858 2784 munusculo

111 2791 223 2824 amicit
256 2793 340 2825 mitti
375 2794 466 2831 solet,
500 2800 537 2826 ut
573 2796 696 2832 tardus,
732 2794 787 2836 qui
819 2795 859 2827 ad

110 2834 243 2868 uriom
256 2846 346 2868 escas
399 2837 505 2874 rtinet,
520 2843 563 2873 et,
580 2847 653 2879 quae
669 2842 859 2878 sequuntur,

112 2877 272 2910 fluctuum
300 2879 335 2910 in
386 2879 463 2911 ortis
502 2879 673 2922 fundisque
706 2879 861 2922 primitiae.

113 2919 236 2953 Eodem
268 2921 350 2954 redit
380 2933 400 2954 a
429 2923 572 2955 Gesnero
601 2923 731 2954 defensa
769 2923 862 2955 lectio

111 2964 256 3002 primum.
272 2975 346 3006 qum
361 2972 474 2997 nostrae
491 2965 638 2998 lectionis
654 2964 776 2997 videtur
794 2977 863 2999 esse

113 3004 340 3048 interpretatio.
386 3008 524 3040 Dabitur
539 3010 607 3046 tibi,
619 3009 677 3039 tibi
687 3009 863 3051 continget.

839 1601 1001 1656 Captes
1024 1608 1194 1642 astutus
1217 1600 1381 1655 ubique

902 1723 1040 1759 Devolet,
1067 1724 1305 1756 accommodate
1335 1723 1375 1754 ad
1404 1722 1523 1754 alatum
1555 1721 1650 1764 quasi

899 1776 1018 1797 munus
1036 1768 1136 1797 turdi.

945 1810 995 1839 13.
1023 1809 1170 1845 Honores,
1184 1809 1305 1840 fructus
1316 1807 1516 1849 insigniores,
1525 1807 1648 1839 scilicet

899 1851 1065 1893 primitiaS‚
1083 1862 1155 1892 quae
1171 1851 1273 1883 offerri
1289 1851 1434 1882 solebant
1451 1850 1599 1882 Laribus.

947 1895 995 1925 16.
1016 1894 1194 1936 fugitivus,
1210 1905 1318 1926 servus
1331 1903 1482 1935 nequam,
1495 1894 1550 1935 qui
1562 1893 1646 1925 clam

898 1947 915 1968 e
930 1938 1023 1968 domo
1040 1937 1106 1968 heri
1122 1938 1257 1978 aufugit.

945 1981 998 2011 17.
1011 1980 1106 2010 Im—
1114 1983 1255 2016 exterior,
1268 1990 1287 2010 a
1297 1978 1423 2010 sinistro
1433 1978 1520 2009 illius
1530 1978 1645 2017 latere;

899 2025 1040 2060 exterior,
1055 2022 1147 2063 quasi
1163 2023 1247 2054 adsit
1261 2023 1302 2053 ad
1315 2021 1549 2053 defendendum
1566 2021 1648 2053 inte-

897 2066 1022 2101 riorem,
1049 2065 1144 2107 cujus
1169 2066 1328 2097 sinistrum
1365 2065 1448 2095 latus
1485 2067 1560 2106 tegit
1597 2065 1647 2096 vel

898 2111 1028 2146 claudit,
1050 2111 1190 2139 interiore
1212 2116 1262 2140 est
1285 2107 1432 2146 inferior;
1456 2106 1532 2143 sive,
1551 2107 1577 2138 is
1591 2107 1646 2149 qui

898 2152 923 2182 it
936 2153 1078 2186 exterior,
1093 2154 1268 2182 interiorem
1289 2150 1351 2182 sibi
1374 2149 1423 2181 vel
1447 2150 1647 2186 auctoritate,

899 2195 950 2226 vel
966 2194 1134 2235 dignitate,
1149 2195 1197 2226 vel
1215 2195 1333 2225 honore
1346 2193 1477 2228 anteire.
1489 2193 1648 2225 ostendit:

898 2238 1008 2269 Schol.
1036 2238 1130 2272 Acin,
1161 2239 1306 2273 exterior,
1334 2237 1516 2273 sinisterior,
1547 2239 1580 2268 in
1605 2239 1647 2269 si-

896 2283 993 2312 nistra
1007 2287 1095 2320 purte
1109 2282 1236 2320 positus.

942 2325 995 2355 18.
1024 2323 1105 2354 Utne
1131 2330 1241 2365 tegam,
1268 2328 1344 2354 cett.
1370 2328 1446 2354 tune
1472 2333 1523 2355 me
1547 2323 1646 2364 (eate-

896 2365 1023 2405 riorem)
1054 2365 1215 2397 sinistrum
1247 2366 1330 2397 latus
1367 2365 1474 2408 spurci
1510 2365 1648 2408 alicujus

898 2409 1048 2444 hominis,
1065 2408 1117 2440 cui
1132 2419 1223 2440 servo
1239 2415 1312 2441 ante
1330 2419 1444 2440 nomen
1460 2409 1562 2439 Damae
1576 2409 1648 2445 fuit,

899 2452 1048 2484 claudere
1061 2451 1179 2494 jubes!

947 2497 998 2526 19.
1048 2496 1238 2532 Melioribus,
1275 2505 1324 2526 me
1363 2494 1649 2537 praestantioribus,

900 2537 1094 2574 fortioribus,
1112 2544 1148 2568 ut
1164 2538 1306 2575 Achille,
1328 2537 1438 2579 Ajace.

941 2582 998 2612 21.
1024 2581 1064 2612 Et
1089 2583 1238 2621 quondam
1261 2583 1377 2621 majora
1402 2581 1484 2611 tuli.-
1520 2580 1651 2611 Homer.

901 2624 1020 2665 Odyss.
1044 2635 1074 2659 v,
1098 2625 1175 2659 223,
1201 2624 1258 2654 ubi
1290 2624 1432 2664 Ulysses‚
1458 2621 1552 2662 Ἠδη
1583 2624 1650 2665 γὰρ

900 2666 996 2709 μάλα
1021 2665 1123 2698 πόλλ’
1147 2667 1282 2698 ἔπαθον
1305 2667 1362 2698 καὶ
1378 2665 1479 2698 πόλλ’
1497 2665 1651 2708 ἐμόγησα

904 2709 1041 2752 Κύμασι
1057 2710 1113 2740 καὶ
1131 2709 1282 2752 πολέμῳ.

946 2755 1001 2783 ⁴22.
1028 2753 1142 2790 Ruam,
1167 2763 1288 2789 eruam,
1318 2750 1478 2788 effodiam,
1508 2757 1653 2794 respectu

903 2795 1013 2826 habito
1046 2796 1110 2826 loci
1138 2795 1194 2826 ubi
1224 2805 1348 2831 aurum,
1379 2799 1558 2836 argentum,
1592 2804 1655 2825 aera

903 2837 1016 2875 latent,
1033 2839 1093 2869 sub
1108 2844 1189 2869 terra
1202 2837 1337 2873 scilicet,
1349 2837 1434 2868 unde
1446 2837 1563 2869 debent
1574 2839 1655 2872 erui,

905 2881 1022 2919 effodi;
1046 2881 1154 2923 itaque
1169 2893 1259 2912 ruam
1270 2881 1339 2923 jam
1363 2880 1580 2921 significanter
1602 2890 1657 2921 pro

905 2924 1041 2965 vulgari,
1058 2924 1135 2955 mihi
1152 2934 1272 2966 parem,
1286 2922 1448 2963 colligam.
1459 2924 1526 2953 aeris
1538 2933 1658 2953 acervos

906 2979 1008 3003 ruam,
1037 2977 1082 2998 aes
1107 2965 1314 3008 (pecuniam)
1341 2976 1546 3001 coacervem;
1571 2975 1658 2994 ruere

909 3020 963 3052 pro
978 3021 1083 3042 eruere
1106 3010 1244 3053 passim:
1272 3008 1378 3040 Lucil.
1401 3008 1487 3050 apud
1513 3009 1597 3037 Non.
1614 3006 1659 3042 iv,

847 3055 936 3085 nd?-
