1904 3314
40 2644 54 2682 ,s
108 2639 238 2683 originis
266 2642 423 2675 animum.

109 2689 183 2727 post
194 2694 268 2716 eum
292 2685 403 2725 Stoici,
418 2686 582 2718 hominum
604 2697 727 2718 ammos
742 2686 858 2718 divinae

110 2727 226 2759 mentis
239 2734 271 2760 et
285 2729 401 2761 auimae
423 2730 536 2761 mundi
559 2729 743 2772 σπέρματα
766 2730 860 2772 quasi

110 2774 144 2800 ex
161 2769 425 2815 άποσπάσματα
441 2763 510 2805 es'se
526 2774 720 2804 statuebant.
767 2773 860 2814 Virg.

693 172 918 215 LIBER
950 171 1010 224 11,
1041 175 1082 216 2.

1572 178 1652 220 371

138 273 196 317 80
227 273 368 326 Alter,
391 275 468 317 ubi
489 275 607 318 dicto
628 275 756 316 citius
777 282 929 317 curata
950 275 1097 329 sopori

223 343 426 386 Membra
446 344 581 394 dedit,
603 351 784 398 vegetus
804 343 1063 397 praescripta
1083 343 1140 384 ad
1161 343 1305 385 munia
1327 345 1481 398 surgit.

222 411 310 454 Hic
333 419 474 454 tamen
494 411 551 452 ad
570 409 722 452 melius
745 410 906 464 poterit
927 417 1226 451 transcurrere
1248 412 1483 465 quondam,

221 479 322 521 Sive
343 480 458 522 diem
477 478 636 520 festum
656 477 830 519 rediens
853 477 1079 519 advexerit
1099 493 1254 528 annus,

221 546 312 589 Seu
331 561 528 590 recreare
549 545 666 588 volet
686 550 911 587 tenuatum
932 559 1107 600 corpus,
1131 546 1260 587 ubive

131 615 190 656 85
218 615 446 658 Accedent
466 615 580 666 anni,
603 622 647 657 et
668 615 844 656 tractari
866 613 1034 656 mollius
1056 622 1162 656 aetas

217 683 437 726 Imbecilla
458 683 587 725 volet.

649 683 755 724 Tibi
775 682 980 737 quidnam
1001 682 1181 724 accedet
1202 683 1258 724 ad
1282 683 1421 734 istam,

219 751 363 800 Quam
383 766 494 807 puer
514 759 559 793 et
579 750 747 793 validus
768 751 1011 806 praesumiS,
1034 750 1270 801 mollitiem,
1294 767 1372 793 seu

217 819 344 862 Dura
365 818 568 861 valetudo
589 819 806 869 inciderit,
828 833 907 861 seu
928 819 1054 861 tarda
1077 828 1280 861 senectus
1298 822 1314 861 2

216 886 464 930 Rancidum
485 902 638 943 aprum
658 888 825 943 antiqui
845 887 1098 938 laudabant,
1121 904 1209 930 non
1229 889 1332 943 quia
1353 903 1485 930 nasus

129 954 190 997 90
219 954 309 998 Illis
329 954 474 998 nullus
495 962 615 1007 erat3
649 956 742 1006 sed,
765 956 914 1006 credo,
937 956 1018 998 hac
1039 964 1196 1007 mente,
1220 957 1339 1011 quod
1363 957 1523 1012 hospes

217 1023 410 1066 Tardius
432 1024 666 1066 adveniens
689 1025 884 1066 vitiatum
905 1026 1188 1075 commodius,
1211 1040 1342 1080 quam

217 1090 443 1147 Integrum
464 1091 579 1133 edax
599 1092 799 1133 dominus
822 1101 1112 1134 consumeret.

1175 1093 1274 1134 Hos
1296 1093 1460 1135 utinam
1482 1093 1595 1135 inter

218 1159 392 1203 Heroas
414 1167 563 1202 natum
582 1159 736 1202 Tellus
758 1175 825 1202 me
846 1161 984 1216 prima
1007 1161 1178 1202 tulisset
1197 1163 1206 1202 !

218 1227 314 1270 Das
336 1228 498 1283 aliquid
520 1229 658 1279 famae,
681 1245 780 1284 quae
800 1229 988 1271 carmine
1010 1231 1176 1285 gratior
1197 1245 1345 1272 aurem

128 1296 187 1339 95
219 1295 422 1352 Occupet
443 1297 673 1338 humanam
691 1299 707 1339 ἓ

103 1447 152 1477 ne,
166 1450 235 1472 cum
247 1446 431 1482 peccassent,
449 1441 562 1472 caedere
584 1447 658 1472 tunc
675 1441 701 1472 ei
717 1452 775 1472 non
797 1452 851 1472 va·

105 1488 201 1514 caret.

147 1526 201 1556 68.
227 1524 372 1561 Unctam,
403 1525 495 1557 sorde
523 1525 746 1568 iuquinatam3
777 1526 851 1558 hinc

103 1565 162 1599 inf.
183 1567 224 1600 de
243 1567 341 1599 servis
364 1569 430 1600 Sat.
454 1568 488 1604 ii,
513 1571 546 1605 4,
570 1570 624 1606 78,
649 1570 768 1612 Magna
792 1582 852 1601 mo·

103 1617 175 1642 vent
200 1612 348 1642 stomacho
367 1612 519 1654 fastidia,
553 1623 604 1643 seu.
639 1623 717 1651 puer
752 1615 854 1644 unctis

106 1653 266 1685 Tractavit
287 1655 411 1686 calicem
432 1655 581 1691 manibus,
603 1656 676 1685 dum
690 1655 790 1698 farm
814 1657 853 1687 li-

105 1699 228 1738 gur-rit.

149 1740 203 1772 71.
237 1740 335 1771 Varioe
359 1751 417 1776 res,
442 1740 528 1772 varia
551 1739 693 1772 ciborum
718 1750 854 1782 genera;

105 1791 147 1824 op
169 1782 274 1814 ouitur
288 1794 353 1814 esca
368 1784 505 1824 simplex.

148 1793 191 1857 32
200 1837 271 1868 sqq.
296 1827 390 1862 Escae,
403 1827 477 1862 Quae
486 1827 607 1866 simplex
621 1827 693 1857 olim
705 1828 759 1858 tibi
771 1828 852 1858 sede-

105 1869 162 1906 rit,
175 1868 208 1900 in
219 1869 416 1900 stomachum
433 1869 574 1901 demissa
590 1869 668 1900 nihil
682 1869 727 1900 ibi
741 1870 855 1900 moles·

104 1910 158 1942 tim
185 1918 218 1944 et
239 1911 327 1943 taedii
350 1911 555 1950 excitaverit3
588 1911 694 1944 tenuis
716 1912 800 1944 enim
823 1918 856 1944 et

103 1954 238 1997 simplex
249 1954 353 1986 victus
364 1955 472 1997 quiete
486 1962 518 1986 et
529 1955 596 1987 sine
609 1955 754 1987 molestia
764 1955 853 1987 sedet

104 1995 138 2029 iu
157 1998 337 2030 stomacho:
364 2008 432 2034 nos,
455 1999 595 2040 eirffache
610 1999 721 2039 Speise,
739 2001 786 2030 die
802 2000 853 2029 dir

105 2047 186 2072 tamt
204 2042 281 2072 wohl
301 2041 466 2072 bekommen
489 2044 538 2073 ist.
583 2043 624 2072 At
646 2043 750 2078 simul,
765 2048 854 2078 cett..

107 2087 142 2114 at
165 2083 193 2114 si
216 2083 301 2116 elixa
322 2083 418 2115 simul
441 2083 531 2122 assis,
554 2084 721 2133 conchylia
745 2086 852 2128 (Mus-
887 2088 1041 2126 juvenum
1079 2085 1212 2126 vigilam
1243 2095 1367 2124 corpora
1399 2089 1510 2114 noctes.

103 2125 210 2167 chela)
227 2127 322 2158 simul
337 2127 438 2158 turdis
460 2127 624 2159 miscueris
640 2140 647 2158 :
674 2138 708 2159 in
726 2140 850 2160 ἠυξ-συε-

103 2170 150 2216 ris
179 2169 294 2201 ultima
318 2170 443 2212 syllaba
468 2181 523 2214 per
552 2181 707 2202 caesuram
738 2171 851 2214 produ·

106 2217 202 2244 cltur.

149 2255 202 2287 76.
226 2255 363 2293 Pituita,
389 2255 488 2288 tribus
515 2256 649 2299 syllabis
679 2257 850 2300 pronunci-

105 2297 238 2334 andum,
254 2305 291 2330 ut
303 2297 360 2330 inf.
376 2299 479 2342 Epist.
493 2300 516 2336 i,
538 2302 564 2337 l,
581 2310 662 2331 verS.
681 2301 740 2332 ult.

58 2373 65 2379 ⁴
149 2341 206 2373 77.
231 2341 323 2373 caena
351 2343 455 2380 dubia,
479 2343 520 2374 ob
541 2353 690 2385 magnam
712 2342 850 2374 lautissi-

43 2410 46 2411 γ
106 2392 228 2416 marum
255 2384 422 2427 epularum
451 2385 587 2429 copiam,
617 2386 672 2417 ubi
705 2386 851 2422 conviva,

129 2425 186 2459 uid
206 2426 404 2470 potissimum
426 2435 544 2467 sumat,
565 2429 708 2461 dubitet:
734 2429 853 2461 locutio

135 2469 295 2502 areauna
310 2471 438 2503 Phorm.
454 2472 490 2508 ii,
506 2473 539 2508 2,
554 2474 608 2504 28.

151 2512 208 2544 78.
233 2513 335 2551 Villis,
351 2515 490 2547 suaviter
505 2516 544 2547 de
559 2515 651 2553 cibis,
667 2515 722 2558 qui
739 2521 853 2558 praeter

108 2554 237 2588 modum
249 2563 427 2589 sumuntur.

150 2598 204 2630 79.
229 2599 350 2632 Divinae
375 2602 564 2641 particulam
593 2612 688 2637 aare,
714 2600 855 2632 coelestis

477 2644 553 2676 Jam
585 2643 796 2692 PythagoraS,
825 2649 858 2676 et

113 2811 196 2844 AEn.
222 2813 266 2852 vi,
295 2815 372 2851 730,
402 2816 516 2858 Igneus
547 2823 589 2848 est
619 2817 688 2846 ollis
718 2818 804 2858 vigm-
832 2823 861 2847 et

113 2857 236 2888 almis
267 2859 352 2901 mig«)
380 2859 561 2895 Seminibus,
588 2858 644 2890 ubi
667 2858 731 2889 vid.
755 2860 861 2901 Heyn.

114 2901 148 2929 et
161 2897 307 2931 Lambin.
323 2901 364 2933 ad
380 2901 413 2932 h.
426 2902 448 2932 l.
461 2908 491 2934 et
507 2913 580 2945 quae
595 2901 671 2933 olim
685 2902 863 2934 notavimus

114 2937 278 3024 ὶὶξιέὲῗς.
294 2944 384 2977 Vett.
402 2945 511 2977 Poett.
535 2945 575 2976 ad
597 2944 656 2976 Sil.
672 2944 748 2976 Ital.
764 2956 794 2976 v.
811 2947 865 2985 71,

770 1297 975 1339 Grandes
998 1298 1169 1340 rhombi
1190 1300 1442 1354 patinaeque

942 1440 996 1471 80.
1021 1440 1115 1471 Dicto
1137 1442 1246 1471 citius:
1272 1439 1321 1471 hae
1339 1450 1432 1471 voces
1449 1449 1512 1470 non
1529 1439 1568 1470 ad
1594 1449 1648 1470 vo-

897 1493 965 1514 cem
980 1486 1089 1524 snpori,
1106 1484 1161 1514 sed
1177 1483 1217 1515 ad
1236 1490 1349 1514 curata
1366 1484 1494 1514 membra
1511 1482 1645 1513 referen-

897 1525 946 1557 dae
962 1532 1056 1563 sunt;
1078 1537 1179 1558 sermo
1194 1526 1262 1568 jam
1283 1532 1332 1558 est
1351 1525 1390 1558 de
1409 1535 1504 1557 coeua
1521 1525 1647 1566 frugali,

897 1580 970 1611 quae
986 1581 1076 1600 coenae
1096 1572 1195 1601 dubia:
1211 1569 1403 1612 opponitur;
1428 1574 1499 1611 post
1518 1578 1647 1600 coenam

897 1613 1052 1653 frugalem
1068 1612 1153 1644 dicto
1170 1612 1264 1643 citius
1285 1618 1444 1655 peractam
1468 1621 1598 1642 somnus
1616 1617 1649 1643 et

898 1654 1024 1698 placida
1039 1655 1130 1696 quies
1145 1656 1281 1696 capitur.

942 1698 1083 1729 82—84.
1109 1698 1172 1728 Hic
1189 1705 1301 1730 cannen.
1318 1702 1394 1728 cett.
1429 1697 1549 1728 Verum
1562 1696 1649 1727 enim

898 1751 970 1772 vero
986 1740 1048 1776 hic,
1072 1739 1127 1781 qui
1150 1740 1238 1772 tenui
1259 1740 1346 1771 victu
1368 1745 1536 1771 contentus
1561 1739 1647 1778 vivit,

897 1783 1011 1825 poterit
1027 1782 1215 1826 (quondum)
1235 1792 1464 1824 nonnunquam
1486 1789 1645 1814 transcur-

897 1837 964 1857 rere
979 1828 1019 1857 ad
1043 1827 1159 1862 melius,
1180 1826 1312 1857 transire
1333 1826 1373 1856 ad
1394 1825 1512 1856 victum
1537 1826 1649 1856 melio-

898 1880 962 1901 rem
986 1869 1051 1900 sive
1075 1868 1253 1906 lautiorem,
1277 1868 1391 1912 poterit
1416 1879 1646 1911 nonuunquam

898 1911 1018 1943 lautius
1035 1911 1151 1943 vivere.

940 1956 994 1986 84.
1021 1956 1204 1990 Tenuutum,
1222 1959 1420 1986 attenuatum
1437 1954 1599 1985 laboribus
1616 1960 1649 1985 et

896 1998 1088 2029 exhaustum
1127 1997 1258 2028 viribus.
1317 1998 1438 2028 Notum
1477 2003 1525 2028 est
1565 1997 1647 2028 illud

898 2041 1008 2073 Ovidii
1032 2041 1090 2077 (de
1111 2041 1181 2072 Art.
1206 2041 1280 2071 Am.
1306 2040 1329 2076 ἰ,
1358 2041 1454 2078 735),
1473 2042 1647 2071 Attenuant

1569 2084 1645 2119 Pro,

896 2130 1007 2169 ubique
1038 2127 1206 2169 legendum
1244 2137 1313 2158 esse
1349 2127 1436 2157 ubive
1474 2127 1559 2169 (pro,
1596 2126 1645 2157 vel

895 2170 1043 2213 quando)
1090 2170 1302 2212 conjeceram,
1341 2176 1510 2210 antequam
1557 2175 1647 2200 notas

898 2213 1037 2246 Bentleii
1053 2213 1196 2256 inspexi:
1222 2213 1264 2244 cf.
1280 2223 1350 2254 sup.
1367 2212 1406 2243 ad
1424 2224 1454 2244 v.
1471 2214 1524 2243 42.

940 2258 1082 2288 86-88.
1107 2257 1174 2288 Tibi
1185 2258 1344 2298 quidnam.
1361 2261 1436 2287 cett.
1476 2256 1647 2293 Quomodo

895 2301 935 2332 ad
968 2300 1143 2331 molliorem
1169 2300 1279 2335 vitam,
1306 2309 1401 2340 quam
1424 2299 1492 2341 jam
1516 2309 1594 2341 puer
1615 2305 1648 2329 et

896 2349 989 2376 aetate
1022 2342 1168 2374 validiore
1205 2342 1365 2386 praecipiS‚
1404 2352 1487 2373 nova
1523 2342 1581 2372 tibi
1614 2342 1647 2372 in

896 2387 1005 2418 morbo
1034 2387 1142 2428 aliquo
1172 2387 1220 2417 vel
1253 2385 1286 2416 in
1309 2391 1474 2416 senectute
1497 2386 1648 2417 accedere

897 2435 999 2472 potest
1027 2428 1237 2471 jucunditas'!
1270 2438 1343 2460 narn
1371 2427 1558 2470 jucunditas
1591 2428 1649 2458 illa

892 2473 959 2516 jam
977 2477 1135 2515 praecepta
1150 2478 1210 2503 est.

939 2517 1082 2547 90-92.
1108 2515 1216 2551 Credo,
1241 2519 1277 2546 ut
1296 2521 1383 2555 pulo,
1410 2516 1537 2551 scilicet,
1567 2515 1650 2545 vide·

898 2560 979 2596 lieet,
1000 2559 1040 2590 de
1063 2558 1157 2589 rebus
1182 2568 1262 2600 quas
1285 2558 1436 2590 ridemus.
1486 2559 1648 2591 Vitiorum.

900 2601 976 2633 vitio
1003 2601 1080 2632 mali
1111 2601 1217 2632 odoris
1245 2607 1442 2644 corruptum,
1474 2600 1652 2632 rancidum.

903 2645 1105 2680 Commodius,
1120 2644 1342 2687 opportunius,
1361 2654 1400 2676 ne
1415 2644 1550 2680 deesset,
1566 2643 1653 2686 quod

901 2687 1051 2719 dominus
1067 2693 1238 2730 apponeret
1251 2687 1372 2718 tardius
1382 2686 1562 2718 advenienti
1581 2687 1654 2717 hos-

907 2730 976 2773 piti,
994 2730 1165 2773 praecipue,
1186 2729 1271 2773 quod
1291 2729 1413 2762 rancidi
1435 2731 1501 2773 apri
1519 2740 1592 2761 caro
1615 2729 1655 2759 ad

904 2774 1054 2805 lautiores
1084 2774 1197 2816 epulas
1227 2773 1431 2805 referebatur.
1482 2773 1656 2814 Integrum,

906 2823 1076 2854 recentem,
1106 2817 1248 2848 nondum
1278 2816 1448 2855 vitiatum;
1478 2827 1550 2847 nam
1583 2826 1658 2857 aper

906 2863 1024 2902 integer
1039 2860 1210 2902 opponitur
1225 2861 1366 2892 rancido.

950 2905 1005 2940 92,
1021 2904 1075 2935 93.
1100 2903 1163 2935 Hos
1182 2905 1301 2934 utinam
1318 2904 1400 2933 inter
1420 2901 1535 2932 Heroas
1551 2906 1657 2930 natum

912 2946 1013 2978 Tellus
1036 2958 1083 2978 me
1105 2948 1206 2986 prima
1230 2947 1370 2977 tulisset!
1418 2944 1547 2976 Utinam
1565 2942 1656 2989 vixis-

909 2999 975 3020 sem
1005 2995 1098 3021 aetate
1127 2989 1184 3020 illa
1215 2988 1363 3020 heroica!
1423 2986 1459 3017 Id
1491 2995 1551 3015 non
1582 2994 1663 3015 serio

850 3033 939 3064 nb2
