1904 3314
301 187 386 226 380

839 183 1276 226 SATIRARUM

414 286 460 327 Si
482 285 588 327 male
610 300 698 327 rem
719 300 884 340 gerere,
909 287 1046 328 insani
1066 294 1157 336 est;
1191 293 1338 328 contra
1358 287 1482 336 bene,
1504 286 1622 336 sani3

328 353 383 394 75
419 353 619 394 Putidius
640 352 773 393 multo
796 354 1016 394 cerebrum
1038 362 1103 394 est
1126 353 1243 406 (mihi
1264 353 1407 406 crede)
1430 351 1591 402 Perilli,

417 419 648 468 Dictantis,
673 419 789 472 quod
810 425 857 459 tu
879 434 1093 473 nunquam
1114 420 1348 460 rescribere
1370 419 1525 473 possis.

418 485 598 534 Audire,
622 492 750 539 atque
774 493 915 540 togam
931 487 1066 540 jubeo
1088 502 1355 541 componere,
1378 485 1570 540 quisquis

419 551 667 592 Ambitione
688 552 795 592 mala
817 559 891 593 aut
912 554 1077 607 argenti
1098 553 1227 607 pallet
1249 567 1404 602 amore,

420 619 628 671 Quisquis
650 617 820 659 luxuria
841 619 1005 660 tristive
1028 620 1344 672 superstitione,

336 684 392 724 80
423 684 514 724 Aut
533 683 615 725 alio
636 685 787 725 mentis
809 686 956 726 morbo
977 684 1107 734 calet3
1139 685 1224 725 huc
1246 685 1422 738 propius
1447 699 1528 734 me,

422 750 540 791 Dum
561 750 696 790 doceo
717 751 900 792 insanire
922 766 1064 792 omnes
1086 766 1176 799 vos,
1201 751 1348 792 ordine
1369 752 1496 792 adite.

425 817 585 857 Danda
604 824 670 857 est
691 816 898 858 hellebori
918 816 1050 858 multo
1070 832 1171 871 pars
1194 818 1372 860 maxima
1392 818 1550 858 avaris:

424 882 587 923 Nescio
609 898 663 923 an
685 883 934 937 Anticyram
954 884 1062 924 ratio
1083 881 1164 924 illis
1187 884 1373 924 destinet
1392 898 1570 925 omnem.

419 949 632 990 Haeredes
656 949 832 990 Staberi
854 965 1060 990 summam
1081 950 1268 991 incidere
1291 949 1513 1004 sepulcro:

338 1016 393 1055 85
421 1015 485 1056 Ni
507 1016 567 1056 sie
589 1015 804 1065 fecissent,
827 1016 1107 1070 gladiatorum
1129 1016 1233 1056 dare
1254 1023 1424 1056 centum

427 1082 630 1123 Damnati
651 1083 813 1137 populo
834 1084 967 1137 paria,
990 1090 1118 1136 atque
1139 1082 1328 1136 epulum,
1351 1082 1526 1123 arbitrio
1547 1081 1664 1132 Arri,

427 1148 647 1189 Frumenti
669 1156 875 1202 quantum
894 1150 1014 1190 metit
1035 1148 1200 1189 Africa.

427 1215 514 1255 Seu
535 1222 651 1256 recte
673 1215 756 1256 hoc
777 1214 913 1265 volui3
946 1230 999 1256 ne
1022 1216 1078 1256 sis
1099 1222 1279 1270 patruus
1299 1215 1414 1256 mihi.

314 1334 405 1365 bitor.
449 1335 581 1365 Rectam
596 1334 692 1375 hujus
715 1334 885 1366 locutionis
907 1334 1046 1376 explica-

316 1377 430 1407 tionem
458 1376 535 1406 mihi
563 1377 764 1417 suppeditare
791 1377 911 1407 videtur
941 1387 1046 1407 versus

316 1424 378 1449 tam
397 1419 584 1459 praecedens,
601 1428 695 1458 quam
710 1419 923 1460 subsequens:
946 1419 1048 1448 malus

317 1460 438 1491 debitor
452 1460 484 1490 in
499 1470 589 1490 versu
606 1460 799 1502 praecedente
819 1466 946 1491 vocatur
971 1461 1047 1491 Pro-

320 1510 392 1537 teus.
410 1502 496 1543 quia,
507 1501 589 1532 sicut
606 1504 747 1540 Proteus,
763 1503 853 1533 modo
865 1503 945 1532 hanc.
959 1502 1050 1533 modo

323 1544 410 1574 illam
439 1544 567 1574 formam
593 1545 738 1582 assumit;
763 1545 923 1575 nonnullae
948 1550 1050 1574 autem

321 1587 437 1623 formae‚
462 1586 494 1616 in
515 1596 594 1626 quas
610 1586 720 1616 mutari
742 1587 820 1617 solet
842 1588 971 1617 Proteus
995 1586 1053 1624 (cf.

322 1629 451 1659 Homer.
480 1629 592 1669 Odyss,
619 1628 663 1664 iv,
693 1629 756 1658 456
781 1629 881 1669 sqq.),
908 1629 939 1659 in
964 1638 1054 1658 versu

321 1671 531 1711 subsequente
545 1675 824 1700 commemorantur
839 1682 846 1708 ;
868 1670 978 1710 quodsi
994 1669 1052 1709 igi-

322 1718 372 1743 tur
387 1711 489 1742 malus
504 1712 622 1742 debitor
638 1712 742 1742 Protei
758 1723 841 1743 more
864 1712 896 1742 in
919 1712 1052 1742 alienam

323 1754 450 1785 sormam
467 1760 604 1784 mutatus
619 1754 708 1789 ridet,
724 1764 785 1784 non
803 1755 868 1784 suis
884 1754 981 1794 genis,
992 1764 1054 1784 non

324 1806 381 1827 suo
396 1806 460 1830 ore,
476 1797 530 1826 sed
557 1795 645 1837 genis
660 1796 708 1827 vel
732 1806 783 1827 ore
803 1796 914 1826 alieuae
935 1796 1053 1832 formae,

324 1849 418 1879 quam
441 1837 555 1875 induit,
579 1838 676 1875 ridet3
699 1839 777 1869 bene
794 1837 887 1878 igitur
910 1838 1056 1869 Horatius

326 1880 515 1911 locutionem
532 1882 616 1910 malis
633 1882 738 1911 alienis
761 1883 858 1911 ridere
881 1890 1055 1911 accommo-

327 1922 413 1952 davit
427 1927 489 1951 tam
505 1922 690 1968 praecedenti
713 1933 806 1964 quam
831 1923 970 1964 proximo
992 1933 1056 1954 ver-

326 1964 374 1994 sui
388 1975 396 1999 3
419 1963 554 2003 imagine
568 1964 650 1994 enim
668 1964 732 1995 sive
747 1964 976 2005 comparatione
985 1965 1059 1994 mali

327 2005 474 2036 debitoris
487 2015 556 2035 cum
576 2006 686 2037 Proteo
701 2007 834 2042 sublata,
848 2008 933 2037 matis
956 2009 1057 2038 nden-

330 2055 386 2078 tem
411 2049 517 2078 alienis
540 2047 608 2082 erit,
630 2049 721 2078 modo
743 2048 801 2078 hoc
818 2049 908 2079 modo
923 2049 978 2078 illo
993 2050 1058 2079 cal-

331 2089 394 2120 lide
409 2089 547 2124 invento,
564 2089 656 2120 modo
679 2090 736 2120 hac
760 2090 851 2120 modo
878 2091 932 2120 illa
953 2091 1060 2121 dolosa

331 2137 396 2162 arte
432 2131 620 2162 eludentem.
679 2133 824 2163 Ceterum
865 2132 1059 2168 Wielandus,

331 2174 385 2215 qui
403 2183 464 2204 non
479 2183 546 2204 raro
562 2173 733 2208 Bendeios,
757 2174 925 2211 Gesneros,
940 2180 970 2204 et
984 2174 1061 2204 alios

334 2216 397 2246 alto
428 2214 592 2256 supercilio
621 2216 760 2250 damnat,
791 2215 822 2245 in
853 2216 910 2246 hoc
939 2226 1062 2256 quoque

334 2258 414 2292 loeo,
431 2263 466 2287 ut
483 2257 513 2287 in
527 2257 667 2298 pluribus
683 2258 765 2293 aliis,
791 2258 872 2288 haud
897 2257 962 2288 leve
977 2268 1062 2288 com-

334 2299 418 2330 misit
431 2299 537 2330 vitium
553 2310 560 2335 ;
583 2299 673 2330 vertit
687 2299 781 2336 enim,
799 2301 852 2329 der
868 2301 941 2330 iiber
952 2302 1065 2330 audrei·

332 2342 467 2372 Schaden
490 2342 589 2378 lacht,·
612 2351 650 2372 ex
671 2342 757 2372 metri
780 2341 862 2372 enim
889 2341 1063 2382 ignorantia

335 2385 415 2414 milla
429 2393 447 2413 a
462 2384 574 2413 malum
591 2393 651 2413 non
675 2383 835 2422 distinxit;
859 2384 902 2414 uti
926 2384 1002 2415 alibi
1024 2395 1063 2416 ex

337 2428 417 2457 hieros
430 2424 503 2456 fecit
518 2426 618 2455 herus.

379 2469 430 2500 75.
453 2467 583 2498 Perilli:
610 2468 766 2503 Perillius,
790 2474 825 2498 ut
846 2478 883 2498 ex
906 2468 1062 2509 sequenti-

336 2511 396 2542 bus
419 2515 556 2551 apparet,
581 2510 746 2540 foenerator
772 2509 832 2540 fuit
860 2511 1066 2548 avarissimus,

337 2552 390 2594 qui
407 2562 462 2594 pro
489 2552 622 2582 nummis
642 2551 674 2581 in
696 2551 814 2582 foenore
836 2552 944 2593 positis
959 2563 1067 2583 usuras

336 2605 459 2626 omnem
484 2593 608 2624 modum
633 2600 814 2634 superantes
829 2593 983 2634 exigebat,
1006 2595 1066 2632 vel,

337 2637 422 2679 quod
445 2646 514 2677 sup.
541 2637 606 2666 Sat.
634 2635 656 2670 i,
685 2637 718 2671 2,
751 2637 789 2666 14
812 2635 938 2673 dicitur,
963 2639 1068 2678 quinas

338 2680 482 2710 mercedes
494 2680 584 2717 capiti
599 2679 758 2709 exsec-nbat.

381 2721 434 2752 76.
459 2721 623 2754 metantis,
641 2720 804 2761 pecuniam
820 2725 928 2751 mutuo
943 2731 1068 2751 sumen-

339 2769 401 2795 tem
427 2762 560 2794 scribere
584 2762 616 2792 in
640 2762 815 2803 syngrapha
835 2762 997 2803 jubentis:
1023 2773 1069 2793 re-

340 2806 467 2837 scribere
483 2803 586 2846 (quod
602 2805 777 2845 oppositum
793 2810 838 2835 est
861 2807 910 2845 τῷ
931 2807 1067 2842 scribere,

341 2847 374 2879 h.
389 2858 419 2879 e.
434 2846 549 2889 scripta
563 2846 737 2888 syngrapha
752 2856 784 2877 se
807 2846 974 2877 debitorem
998 2858 1067 2888 pro-

340 2889 435 2929 fiteri)
451 2894 507 2927 est,
523 2889 652 2924 solvere,
675 2889 800 2927 reddere
822 2887 960 2919 debitum
977 2900 983 2919 ε
1010 2889 1070 2921 vid.

343 2930 493 2975 imprimis
506 2931 612 2964 Bentl.
628 2930 685 2964 inf.
699 2930 737 2962 ad
757 2930 855 2972 Epist.
871 2929 952 2968 iifl,
972 2932 1042 2962 105.
1069 2949 1071 2951 -

1263 1149 1360 1189 Sive
1381 1163 1462 1203 ego
1483 1162 1626 1202 prave,

1476 1214 1620 1256 Credo

1133 1336 1188 1365 77.
1210 1335 1345 1365 Narrata
1369 1334 1471 1365 adhuc
1499 1333 1638 1365 Stertinii
1669 1339 1824 1383 praecepta

1091 1377 1131 1407 ad
1148 1376 1258 1418 ipsius,
1275 1377 1328 1417 qui
1343 1386 1379 1407 ea
1395 1376 1542 1411 narravit,
1565 1375 1750 1424 Damasippi
1773 1387 1820 1407 m-

1091 1419 1210 1449 saniam
1249 1418 1424 1459 pertinent;
1469 1428 1554 1450 nunc
1593 1419 1820 1461 Damasippus,

1091 1460 1180 1501 quasi
1194 1460 1321 1497 diceret,
1343 1461 1439 1490 Paulo
1449 1462 1563 1499 majora
1572 1471 1724 1497 canamus,
1740 1466 1825 1491 tran·

1093 1504 1134 1532 sit
1156 1502 1194 1532 ad
1222 1512 1260 1533 ea
1283 1512 1354 1543 quae
1383 1502 1421 1532 ad
1448 1511 1554 1533 omnes
1577 1501 1718 1533 homines
1736 1512 1824 1545 spec-

1093 1550 1180 1581 tant;
1204 1544 1308 1584 itaque
1323 1554 1428 1574 omnes
1450 1549 1566 1575 attente
1588 1553 1620 1574 se
1642 1544 1760 1580 audire,
1781 1550 1824 1580 et,

1095 1591 1167 1625 toga
1180 1585 1319 1616 modeste
1329 1586 1471 1622 collecta,
1485 1586 1544 1616 sibi
1555 1585 1671 1617 dicenti
1684 1586 1824 1618 adsidere

1093 1627 1194 1668 jubet.
1242 1628 1349 1667 Togam
1379 1639 1563 1667 componere:
1601 1627 1708 1660 Schol.
1736 1628 1827 1666 Aer„

1097 1670 1177 1700 Nam
1194 1671 1245 1709 qui
1262 1671 1336 1700 mule
1350 1672 1504 1709 composita
1520 1677 1587 1712 toga
1601 1672 1692 1706 sedet,
1706 1672 1827 1702 videtur

1097 1713 1287 1753 negligenter
1300 1715 1417 1743 audire.

1140 1755 1192 1785 78.
1232 1755 1342 1791 Pallet,
1379 1754 1536 1795 eleganter
1569 1764 1635 1796 pro,
1673 1754 1828 1795 agitatum

1099 1796 1183 1826 avari
1197 1796 1291 1832 enim,
1307 1795 1362 1838 qui
1384 1796 1518 1827 habendi
1539 1795 1709 1839 cupiditate
1730 1796 1828 1828 curis-

1099 1848 1160 1879 que
1189 1839 1227 1868 de
1254 1838 1292 1868 iis
1328 1848 1398 1879 quae
1436 1838 1603 1880 possident,
1639 1837 1829 1875 cruciantur,

1097 1882 1211 1920 pallere
1226 1881 1338 1911 solent.

1144 1924 1198 1953 80.
1230 1923 1324 1957 Calet,
1352 1928 1473 1957 aestuat,
1504 1928 1538 1953 ut
1566 1923 1628 1954 fere
1657 1922 1735 1954 febri
1764 1932 1831 1954 cor-

1102 1964 1191 2006 repti.
1205 1965 1360 2005 eleganter
1375 1975 1428 2006 pro
1445 1964 1575 2004 vulgari,
1591 1964 1723 1996 laborat.

1145 2007 1196 2038 82.
1228 2008 1399 2037 Hellebori:
1423 2007 1602 2038 helleborum
1623 2005 1830 2048 (Nieswun),

1103 2049 1196 2089 cujus
1209 2047 1348 2090 inprimis
1364 2049 1448 2079 ferax
1466 2049 1525 2079 suit
1539 2048 1643 2080 insula.
1665 2048 1831 2090 Anticyra,

1104 2091 1143 2121 ad
1157 2090 1258 2120 sinum
1276 2090 1509 2122 Corinthiacum
1525 2091 1594 2127 sita,
1611 2091 1734 2123 cerebro
1756 2101 1831 2134 pur-

1104 2133 1207 2173 gando
1222 2132 1437 2163 adhibebatur.

1146 2175 1198 2205 83.
1223 2175 1327 2205 Nescio
1340 2187 1381 2205 an
1392 2177 1570 2214 Anticyram
1579 2175 1660 2205 ratio
1668 2175 1731 2206 {llis
1742 2176 1833 2206 desti-

1105 2222 1154 2246 net
1170 2227 1294 2250 omnem,
1311 2226 1376 2258 pro,
1393 2216 1459 2247 sine
1469 2215 1564 2246 dubio
1577 2215 1655 2246 ratio
1666 2215 1730 2247 illis
1739 2216 1833 2248 desti-

1106 2263 1161 2288 nat
1171 2268 1291 2288 omnem
1305 2258 1498 2299 Anticyram.
1516 2258 1564 2288 De
1574 2257 1729 2289 locutione
1739 2259 1834 2290 nescio

1106 2300 1156 2330 vel
1181 2301 1260 2330 haud
1285 2302 1342 2330 scio
1365 2312 1416 2335 an,
1440 2309 1500 2341 qua
1525 2309 1586 2330 non
1603 2299 1670 2330 sine
1686 2299 1837 2331 modestia

1107 2342 1223 2382 aliqua,
1254 2351 1478 2382 nonnunquam
1503 2341 1597 2372 etiam
1629 2352 1699 2372 cum
1730 2341 1838 2382 aliqua

1106 2383 1244 2415 irrisione
1273 2384 1450 2415 dubitanter
1479 2384 1636 2424 loquimur
1662 2383 1701 2415 de
1731 2384 1835 2421 rebus,

1107 2436 1185 2467 quas
1209 2426 1296 2456 nullo
1325 2426 1415 2457 modo
1441 2426 1472 2456 in
1499 2425 1723 2456 dubitationem
1745 2435 1839 2457 voca-

1107 2478 1188 2504 mus,
1212 2468 1332 2499 erudite
1355 2468 1417 2508 egit
1442 2468 1475 2498 in
1500 2467 1648 2509 peculiari
1666 2467 1773 2499 libello
1793 2468 1837 2499 G.

1109 2511 1171 2541 Ph.
1185 2510 1362 2552 Schuppius
1374 2512 1483 2551 Progr.
1497 2510 1735 2541 Schol.Hanov.
1746 2511 1839 2542 1820.

1110 2553 1229 2584 Omnes
1243 2563 1279 2584 ae
1295 2552 1434 2593 singulos
1450 2557 1599 2594 (quorum
1613 2551 1696 2583 haud
1706 2551 1839 2593 exiguus

1110 2605 1256 2626 numerus
1271 2594 1348 2634 est),
1363 2594 1416 2636 qui
1429 2601 1502 2625 ante
1515 2593 1708 2636 Schuppium
1723 2599 1755 2625 at
1771 2599 1839 2636 post

1109 2648 1181 2668 eum
1205 2638 1242 2668 de
1270 2637 1399 2667 formula
1423 2638 1505 2667 haud
1528 2638 1584 2667 scio
1607 2636 1656 2667 vel
1681 2637 1776 2667 nescio
1798 2647 1839 2667 cm

1110 2679 1233 2720 copiose
1252 2684 1283 2710 et
1303 2678 1456 2710 subtiliter
1473 2677 1682 2719 disputarunt,
1705 2677 1838 2719 diligen-

1111 2721 1229 2752 tissime
1245 2720 1395 2752 indicavit
1408 2721 1454 2752 vir
1475 2719 1675 2751 doctissimus
1695 2719 1840 2750 Kraftius

1112 2763 1149 2794 ad
1175 2763 1288 2794 Select.
1304 2763 1423 2794 Mureti
1449 2761 1549 2804 Epist.
1565 2766 1598 2793 et
1616 2763 1710 2793 Orat.»
1728 2771 1759 2804 p.
1773 2762 1836 2792 307

1112 2815 1212 2846 usque
1242 2805 1280 2836 ad
1310 2816 1343 2847 p.
1371 2805 1444 2836 313.
1500 2804 1569 2834 Nec
1594 2809 1700 2835 tamen
1725 2802 1773 2834 illi
1799 2803 1840 2835 de

1113 2849 1242 2883 ratione,
1266 2857 1304 2878 ex
1326 2857 1390 2888 qua
1412 2851 1483 2888 post
1504 2846 1585 2876 haud
1599 2847 1658 2877 scio
1674 2845 1724 2876 vel
1743 2847 1840 2877 nescio

1114 2895 1168 2921 aut
1182 2888 1364 2937 simpliciter
1377 2901 1416 2920 an
1429 2893 1482 2919 aut
1492 2899 1532 2919 em
1541 2899 1600 2918 non
1608 2886 1840 2929 subjiciendum

1110 2931 1165 2971 sit,
1194 2937 1269 2963 satis
1297 2931 1378 2964 inter
1405 2941 1437 2963 se
1465 2929 1674 2962 consentiunt.
1726 2930 1840 2962 Ratio.-
