1884 3288
338 197 420 239 144

894 197 1295 242 CARMINUM

675 297 773 339 Jam
793 311 906 339 nunc
927 305 971 339 et
991 298 1178 339 incestos
1199 311 1363 338 amores

730 366 801 407 De
823 372 970 406 tenero
991 365 1220 406 meditatur
1244 363 1391 419 ungui.

531 434 587 474 25
617 433 727 474 Mox
742 433 937 488 juniores
959 433 1114 486 quaerit
1135 431 1354 472 adulteros

615 500 734 541 Inter
753 499 892 540 mariti
912 499 1007 538 vina
1024 513 1032 538 :
1064 513 1204 551 neque
1225 497 1358 551 eligit,

674 566 757 607 Cui
777 566 908 606 donet
929 564 1192 617 impermissa
1211 563 1366 616 raptim

729 632 916 680 Gaudia,
938 629 1168 670 luminibus
1190 630 1391 678 remotis;

616 698 704 739 Sed
720 699 841 752 jussa
861 711 1002 738 coram
1023 711 1107 736 non
1129 696 1218 736 sine
1241 695 1411 736 conscio

529 764 585 804 30
615 763 764 817 Surgit
785 763 947 811 marito,
971 776 1046 802 seu
1068 768 1191 802 vocat
1211 762 1396 810 institor,

671 830 759 870 Seu
779 829 896 869 navis
919 828 1128 882 Hispanae
1148 828 1366 882 magister,

727 896 1004 936 Dedecorum
1026 895 1240 949 pretiosus
1262 901 1411 935 emtor.

611 962 715 1004 Non
734 962 801 1003 his
818 963 1022 1017 juventus
1044 968 1137 1003 orta
1157 962 1408 1015 parentibus

613 1028 768 1070 Infecit
788 1043 937 1082 aequor
959 1029 1165 1082 sanguine
1188 1027 1370 1076 Punico,

527 1095 583 1136 35

670 1095 971 1149 Pyrrhumque
992 1102 1035 1136 et
1056 1095 1271 1148 ingentem
1292 1093 1448 1136 cecidit

725 1161 1003 1211 Antiochum,
1027 1160 1402 1215 Hannibalemque
1424 1161 1589 1202 dirum:

614 1228 702 1269 Sed
723 1229 982 1269 rusticorum
1001 1227 1190 1268 mascula
1210 1227 1389 1269 militum

614 1295 779 1345 Proles,
804 1294 986 1336 Sabellis
1008 1295 1136 1336 (locta
1154 1294 1372 1348 ligonibus

668 1363 858 1404 versare
879 1361 1042 1417 glebas,
1065 1369 1108 1402 et
1131 1376 1289 1403 severae

527 1429 585 1470 40

329 1517 424 1549 Iones
450 1515 534 1548 enim
563 1527 635 1548 cum
659 1517 698 1548 ad
720 1516 814 1548 vitam
842 1515 1011 1547 molliorem
1035 1520 1066 1546 et

328 1559 491 1591 libidinem
514 1559 713 1601 procliviores
731 1564 846 1593 essent.
865 1568 972 1589 eorum
995 1567 1066 1599 pro-

328 1602 406 1632 tervi
419 1602 499 1633 etad
513 1602 672 1632 libidinem
687 1600 885 1632 excitandam
901 1599 1067 1641 compositi

329 1654 430 1674 mores
450 1643 483 1674 in
501 1644 697 1685 proverbium
714 1643 882 1680 abierunt;
905 1641 977 1672 hinc
997 1641 1065 1672 Ἰω-

330 1687 408 1724 νικὴ
424 1686 577 1727 ὄρχησις,
598 1686 628 1716 h.
644 1696 672 1716 e.
688 1685 813 1715 saltatio
829 1684 959 1718 lasciva.
983 1684 1066 1724 apud

330 1728 452 1759 Athen.
470 1729 492 1763 i,
509 1729 559 1763 19,
577 1729 674 1769 p.22,
691 1733 720 1757 et
735 1726 896 1758 διακινεῖν
910 1725 1067 1762 Ἰωνικῶς

332 1770 417 1811 apud
443 1770 605 1812 Aristoph.
636 1769 787 1801 Concion.
813 1770 888 1800 913.
915 1773 946 1799 et
970 1768 1068 1798 Thes·

331 1812 440 1853 moph.
467 1814 538 1846 170,
573 1811 626 1843 ubi
655 1811 823 1843 Scholiast.
851 1811 887 1842 τὸ
914 1810 1068 1847 Ἰωνικῶς

331 1855 472 1895 explicat
497 1854 625 1896 ἁβρῶς,
657 1857 836 1896 τρυφερῶς.
885 1854 986 1884 Motus
1011 1863 1066 1894 pro

333 1897 513 1933 saltatione,
528 1903 564 1927 ut
577 1899 685 1927 moveri
711 1907 766 1938 pro
786 1897 921 1926 saltare:
943 1895 984 1926 cf.
1006 1895 1065 1927 inf.

334 1938 374 1968 ad
399 1940 499 1979 Epist.
514 1938 554 1969 ad
578 1938 645 1969 Pis.
666 1949 696 1969 v.
719 1940 795 1969 214.
840 1939 961 1973 Dor-eri,
983 1947 1027 1968 sc.
1048 1947 1065 1968 a

332 1981 545 2022 pantomimis,
567 1980 779 2015 histrionibus,
797 1980 844 2010 vel
862 1981 965 2010 lateris
986 1982 1065 2010 arti-

319 2023 450 2062 ficibus,
482 2028 518 2053 ut
546 2023 698 2064 ejusmodi
728 2022 875 2064 nequitiae
902 2021 1067 2062 magistros

325 2065 473 2107 ·appellat
490 2065 584 2096 Ovid.
599 2065 668 2095 Art.
688 2065 761 2095 Am.
776 2064 822 2099 iii,
838 2066 912 2099 351,
929 2065 985 2094 ubi
1002 2064 1065 2095 vid.

330 2107 444 2138 Burm.
489 2108 622 2141 Gaudet,
640 2107 670 2137 vi
691 2106 831 2138 libidinis
851 2116 962 2147 nempe
978 2116 994 2135 a
1011 2116 1065 2147 pa-

331 2150 470 2180 rentibus
481 2149 583 2180 insitae
598 2150 786 2180 stimulante.
828 2149 976 2188 Pingitur
988 2150 1066 2178 arti-

328 2192 398 2227 fms,
412 2202 444 2223 se
460 2191 619 2233 componit
634 2191 673 2222 ad
689 2202 742 2222 eas
758 2197 849 2228 artes,
865 2189 979 2231 quibus
995 2190 1065 2220 libi-

322 2234 458 2266 ·dinosos
472 2234 510 2265 ad
526 2234 665 2264 libidinis
680 2234 799 2264 fructus
819 2233 899 2274 apud
923 2242 957 2262 se
978 2232 1065 2274 capi-

323 2277 429 2307 ·endos
444 2276 596 2318 pelliciat.
639 2277 765 2307 Artibus
779 2281 826 2306 est
841 2284 931 2305 casus
946 2275 1066 2306 tertius.

332 2319 381 2349 De
410 2325 508 2349 tenero
541 2320 650 2359 ungui,
681 2319 715 2354 ἐξ
745 2318 893 2349 ἁπαλῶν
920 2316 1066 2357 ὀνύχων.

331 2361 464 2401 Egregie
479 2361 518 2391 ad
534 2371 598 2392 rem
615 2361 666 2392 Cl.
686 2360 819 2391 Mitsch.
838 2370 911 2390 cum
934 2359 1065 2390 Horatio

326 2409 491 2445 comparat
513 2403 714 2445 Epigramma
730 2401 972 2434 Automedontis
995 2402 1062 2431 An-

331 2445 411 2476 thol.
435 2446 538 2477 Graec.
559 2446 596 2476 T.
616 2445 649 2482 ii,
666 2455 762 2476 carm.
780 2446 811 2482 3,
833 2455 864 2486 p.
889 2445 947 2474 191
971 2443 1063 2482 (edit.

329 2488 490 2523 Jacobs),
506 2487 560 2518 ubi
576 2487 717 2518 Asiatica
732 2486 873 2518 saltatrix
889 2485 932 2517 sic
949 2486 1064 2517 descri-

328 2529 431 2561 bitur:
459 2530 530 2568 Τὴν
547 2530 615 2561 ἀπὸ
637 2532 699 2568 τῆς
718 2528 833 2567 Ἀσίης
847 2527 1064 2570 ὀρχηστρίδα,

329 2573 397 2611 τὴν
419 2571 636 2613 κακοτέχνοις
661 2571 840 2614 Σχήμασιν
862 2570 895 2606 ἐξ
918 2570 1066 2603 ἁπαλῶν

330 2614 513 2656 κινυμένην
524 2615 669 2656 ὀνύχων.
691 2619 714 2646 Α
723 2613 807 2649 ἶνέω,
818 2614 880 2654 οὐχ
889 2613 938 2644 ὅτι
949 2613 1064 2644 πάντα

331 2658 548 2693 παθαίνεται,
561 2657 627 2689 οὐδ’
642 2657 691 2688 ὅτι
708 2656 830 2697 βάλλει
845 2657 913 2692 Τὰς
925 2654 1065 2693 ἁπαλὰς

328 2698 387 2731 ὧδε
402 2701 458 2732 καὶ
474 2699 533 2731 ὧδε
548 2699 657 2742 χέρας·
683 2699 724 2730 cf.
746 2698 917 2730 Animadv.
933 2699 1063 2730 Jacobs.

330 2742 392 2773 vol.
407 2741 442 2778 ii,
460 2752 530 2784 pars
545 2742 580 2778 ii,
598 2754 629 2784 p.
650 2743 723 2772 129.

372 2786 512 2815 25-32,
525 2785 606 2821 Mox,
617 2784 732 2826 conjux
742 2792 853 2824 nempe
864 2781 945 2812 sacta
957 2793 963 2811 :
982 2784 1063 2812 inter

329 2829 435 2857 marin·
451 2829 533 2863 vimi,
549 2826 582 2857 in
602 2825 844 2868 compotatione,
862 2824 912 2854 cui
932 2824 1063 2855 maritus

328 2868 465 2900 interest.
497 2869 555 2900 Cui
572 2872 659 2900 donet
670 2869 850 2907 imper-missa
865 2868 996 2907 gaudia,
1011 2866 1063 2897 cui

328 2911 431 2942 furtim
454 2911 502 2942 sui
523 2912 643 2954 copiam
669 2910 785 2948 faciat3
809 2911 939 2950 gaudia,
963 2909 1002 2939 de
1024 2909 1062 2939 li-

327 2954 443 2986 bidinis
462 2953 563 2985 fructu
584 2953 720 2996 passim3
743 2955 866 2992 raptim,
886 2951 1003 2988 furtim,
1026 2961 1062 2982 ne

727 1429 883 1470 Matris
907 1429 961 1470 ad
983 1428 1206 1469 arbitrium
1226 1428 1384 1469 recisos

1108 1514 1239 1545 maritus
1262 1515 1340 1546 forte
1362 1514 1557 1552 interveniat,
1579 1514 1742 1546 commodo
1764 1520 1841 1546 tem-

1108 1557 1191 1599 poris
1207 1562 1362 1588 momento
1376 1563 1478 1588 utens.
1521 1557 1701 1588 Luminibus
1711 1560 1841 1593 remotis.

1109 1599 1246 1630 tenebrae
1265 1599 1347 1630 enim
1368 1599 1447 1630 alias
1465 1599 1594 1630 furtivos
1610 1609 1729 1631 amores
1743 1599 1843 1631 celare
1868 1602 1869 1605 ’

1110 1641 1223 1672 solent.
1266 1642 1374 1672 Coram
1403 1652 1461 1671 mm
1488 1643 1552 1672 sine
1579 1645 1692 1672 conscio
1720 1644 1842 1677 marito.

1110 1693 1214 1714 coram
1236 1683 1376 1714 convivis
1397 1693 1454 1715 nec
1479 1682 1578 1714 inscio
1601 1683 1733 1722 marito;
1756 1684 1843 1725 ejus-

1109 1726 1192 1756 modi
1204 1725 1332 1756 maritus
1342 1726 1425 1767 apud
1438 1726 1557 1757 Juven.
1569 1726 1592 1762 i,
1605 1727 1660 1762 55.
1671 1727 1710 1757 ad
1720 1727 1841 1758 calicem

1110 1770 1255 1808 vigilanti
1282 1774 1405 1798 stertere
1433 1779 1503 1798 miso
1532 1767 1660 1799 dicitur.
1704 1768 1842 1806 Institor,

1110 1810 1162 1840 cui
1177 1820 1194 1840 a
1209 1816 1376 1842 mercatore
1389 1810 1420 1841 id
1431 1810 1522 1841 datur
1537 1810 1665 1851 negotii,
1679 1815 1714 1841 ut
1725 1820 1843 1842 merces

1110 1852 1245 1882 ostiatim
1273 1853 1399 1884 venales
1427 1852 1635 1888 circumferat,
1664 1853 1844 1884 mercatoris

1111 1894 1311 1926 administer:
1332 1894 1399 1936 jam
1419 1904 1492 1925 vero
1509 1905 1580 1926 cum
1600 1894 1790 1936 temporibus
1805 1895 1843 1926 li-

1110 1936 1191 1967 berae
1220 1936 1402 1979 reipublicae
1426 1936 1494 1978 ipsa
1519 1943 1693 1968 mercatura
1713 1936 1843 1968 honesto

1109 1979 1177 2009 cive
1201 1980 1345 2010 Romano
1365 1978 1495 2020 indigna
1516 1978 1691 2014 haberetur,
1707 1989 1765 2010 nec
1782 1979 1843 2011 nisi

1110 2030 1126 2051 a
1154 2021 1230 2052 faece
1256 2021 1356 2064 plebis
1382 2021 1597 2062 libertinisque
1626 2027 1842 2061 exerceretur;

1109 2063 1220 2094 mulier
1235 2074 1321 2100 saue,
1336 2063 1485 2094 institoris
1499 2063 1578 2094 adeo
1590 2062 1712 2094 libidini
1727 2074 1842 2096 morem

1109 2115 1231 2145 gerens,
1251 2105 1421 2148 turpissimi
1444 2105 1554 2145 flagitii
1571 2105 1698 2148 culpam
1717 2112 1841 2140 contra,-

1110 2147 1182 2178 here
1204 2148 1339 2179 debebat
1352 2160 1360 2186 ;
1390 2147 1463 2178 hinc
1486 2149 1637 2179 Horatius
1658 2147 1716 2178 ins.
1740 2149 1843 2190 Epod.

1112 2190 1162 2224 17,
1189 2191 1232 2220 20
1253 2190 1476 2220 contumeliose
1498 2189 1538 2221 de
1561 2189 1707 2226 Canidia,
1730 2191 1843 2222 Amata

1108 2233 1238 2262 multum
1259 2234 1363 2263 nautis
1383 2239 1412 2262 et
1436 2233 1633 2263 institoribus.
1676 2232 1735 2262 Seu
1757 2235 1843 2264 navis

1110 2274 1253 2313 Hispanae
1264 2277 1417 2315 magister,
1429 2283 1484 2304 seu
1494 2274 1560 2316 ipse
1572 2279 1723 2305 mercator
1735 2286 1742 2312 ;
1757 2274 1842 2307 ideo·

1109 2326 1170 2357 que
1199 2317 1265 2347 sine
1293 2316 1378 2346 omni
1403 2315 1594 2351 discrimine,
1619 2315 1684 2347 sive
1706 2315 1844 2348 famulus

1109 2358 1172 2389 sive
1186 2358 1331 2389 dominus
1343 2369 1376 2389 se
1387 2358 1415 2389 ei
1429 2358 1539 2390 offerat
1554 2357 1742 2390 adulterum.
1769 2359 1840 2390 Μα-

1105 2402 1201 2440 gister
1215 2403 1311 2435 navis,
1328 2400 1407 2431 alias
1427 2405 1476 2432 est
1497 2399 1682 2437 navarchus,
1697 2400 1753 2432 sed
1770 2411 1841 2432 cum

1109 2443 1140 2472 h.
1158 2443 1178 2474 l.
1195 2445 1328 2473 institam·
1344 2447 1527 2484 opponatur,
1542 2442 1608 2485 ipse
1625 2441 1770 2474 domiuus
1786 2454 1842 2475 na·

1109 2484 1167 2519 vis,
1181 2485 1376 2516 naviculator
1389 2485 1437 2516 vel
1451 2491 1604 2516 mercator
1617 2484 1841 2526 intelligendus

1107 2532 1164 2558 est.
1202 2528 1234 2557 H
1236 2530 1356 2566 ispanae,
1366 2537 1421 2569 pro
1431 2527 1541 2568 quavis
1552 2527 1624 2558 navi
1639 2527 1821 2558 mercatoria
1833 2540 1841 2567 ;

1109 2576 1294 2600 mercatores
1311 2570 1395 2600 enim
1415 2568 1551 2600 Romani
1569 2569 1602 2600 in
1622 2569 1776 2611 Hispania
1792 2570 1841 2600 in-

1107 2612 1214 2653 primis
1226 2617 1383 2653 quaestum
1399 2611 1502 2643 facere
1517 2611 1672 2642 solebant.
1709 2611 1840 2642 Dedeco-

1106 2665 1176 2684 rum
1207 2657 1351 2693 pretiosus
1380 2661 1483 2690 emtor,
1512 2653 1643 2695 pretium
1674 2663 1730 2695 pro
1758 2653 1843 2696 turpi

1107 2695 1249 2727 libidinis
1265 2696 1367 2727 fructu
1382 2695 1518 2726 solvens.

1149 2739 1289 2769 33—44.
1306 2737 1471 2779 Ejusmodi
1484 2736 1645 2779 flagitiosis
1657 2737 1842 2779 parentibus

1107 2780 1191 2811 haud
1204 2785 1270 2812 orta
1281 2785 1330 2812 est
1342 2781 1419 2811 olim
1433 2779 1487 2810 illa
1499 2779 1609 2827 pubes,
1621 2789 1693 2821 quae
1709 2779 1740 2810 in
1756 2780 1840 2812 bello

1107 2823 1229 2854 Punico
1251 2823 1350 2864 primo
1370 2832 1456 2853 mare
1478 2821 1620 2853 Siculum
1640 2822 1840 2863 Carthagini·

1106 2865 1227 2896 ensium
1239 2865 1392 2904 sanguine
1405 2863 1525 2899 infecit,
1540 2869 1572 2894 et
1587 2863 1752 2905 Pyrrhum,
1770 2866 1838 2895 An-

1106 2907 1258 2942 tiochum,
1287 2907 1562 2947 Hannibalemque
1585 2905 1672 2944 vicit,
1694 2906 1748 2938 sed
1770 2917 1840 2949 pro-

1106 2955 1202 2991 gnata
1221 2954 1269 2981 est
1290 2949 1352 2980 ruri
1374 2959 1393 2980 a
1415 2949 1549 2980 robustis
1571 2947 1765 2990 parentibuS,
1785 2949 1841 2991 qui
