1904 3314
649 203 878 246 LIBER
910 205 947 256 Ι,
984 206 1048 247 19.

1535 212 1620 254 493

82 307 166 350 100
195 308 419 351 Virtutem
439 307 639 350 doctrina
659 314 800 363 paret,
822 315 1036 350 naturane
1057 309 1192 351 donet
1209 325 1218 352 ε

196 376 320 424 Quid
341 377 504 418 minuat
524 390 666 424 curas,
689 375 796 430 quid
817 382 860 417 te
881 375 962 416 tibi
982 377 1140 418 reddat
1160 378 1368 420 amicum:

198 444 320 492 Quid
341 459 452 500 pure
472 442 738 498 tranquillet,
760 442 915 493 honos,
937 458 992 484 an
1013 443 1141 486 dulce
1161 444 1379 497 lucellum,

196 510 272 554 An
293 517 512 553 secretum
532 511 627 560 iter,
651 517 696 552 et
716 509 904 552 fallentis
927 511 1079 552 semita
1098 512 1211 554 vitae.

201 579 281 622 Me
301 579 472 635 quoties
493 578 636 620 reficit
656 578 827 634 gelidus
850 578 1061 634 Digentia
1083 581 1215 628 rivus,

91 645 174 688 105
205 645 348 694 Quem
370 644 580 687 Mandela
599 646 725 696 bibit,
747 661 936 701 rugosus
959 645 1124 701 frigore
1145 662 1301 702 pagus,

201 713 324 762 Quid
347 715 510 756 sentire
530 721 676 769 putaS,
698 714 802 768 quid
825 714 982 764 credis,
1005 714 1155 764 amice,
1179 715 1377 770 precari?

201 780 269 822 Sit
289 780 395 822 mihi
415 781 534 836 quod
555 795 670 823 nunc
693 789 783 832 est;
817 781 944 823 etiam
965 781 1130 823 minus:
1163 790 1206 823 et
1228 782 1333 824 mihi
1354 783 1506 834 vivam,

201 847 337 896 Quod
359 857 561 904 superest
582 850 676 900 aevi,
696 850 731 890 si
754 849 860 904 quid
884 863 1115 904 superesse
1138 849 1290 891 volunt
1314 850 1398 891 Di:

201 916 270 958 Sit
289 916 405 958 bona
423 915 634 958 librorum
654 924 699 959 et
718 917 906 972 provisae
927 917 1065 972 frugis
1090 918 1133 959 in
1154 933 1315 960 annum

90 983 172 1026 110
202 983 365 1039 Copia3
397 999 483 1026 neu
503 984 670 1027 fluitem
690 985 838 1027 dubiae
860 999 937 1040 spe
957 985 1185 1040 pendulus
1207 986 1342 1028 horae.

202 1051 294 1093 Sed
315 1051 418 1093 satis
440 1058 508 1094 est
530 1067 655 1094 orare
676 1052 834 1096 Jovem
853 1068 953 1107 quae
983 1053 1119 1094 donat
1141 1061 1185 1095 et
1206 1053 1372 1095 aufert:

205 1117 299 1160 Det
317 1118 463 1169 vitam,
486 1119 561 1161 det
583 1134 705 1175 opes,
729 1134 903 1175 aequum
924 1118 983 1160 mi
1003 1121 1189 1161 animum
1210 1121 1305 1176 ipse
1327 1122 1506 1175 parabo.

618 1287 941 1331 EPISTOLA
972 1289 1104 1331 XIX.

580 1437 659 1469 AD
706 1437 1142 1470 MAECENATEM.

208 1545 380 1587 Pmsco
402 1545 438 1586 si
457 1545 618 1594 credis,
641 1544 863 1586 Maecenas
885 1545 1029 1596 docte,
1064 1546 1256 1596 Cratino,

208 1612 346 1655 Nulla
365 1613 539 1668 placere
561 1613 652 1662 diu,
674 1627 755 1654 nec
776 1613 921 1654 vivere
943 1614 1132 1655 carmina
1153 1621 1352 1669 possunt,

97 1725 275 1768 exporrige.
322 1725 518 1766 Plerumque,
535 1735 598 1756 non
617 1735 697 1760 raro,
713 1723 843 1766 saepius,

97 1778 340 1810 nonnunquam,
355 1774 391 1799 ut
403 1768 468 1800 Od.
486 1768 507 1806 i,
519 1770 572 1804 34,
588 1769 624 1805 73
649 1767 714 1798 Od.
729 1767 774 1801 iii,
790 1768 845 1802 21,

100 1812 162 1850 143
186 1812 252 1842 Sat.
267 1811 291 1847 i,
313 1812 363 1847 10,
385 1812 446 1848 153
471 1811 539 1841 Sat.
555 1810 589 1846 ii,
603 1812 636 1845 5,
655 1812 720 1848 55;
744 1809 847 1852 Epist.

97 1853 139 1884 ad
154 1853 220 1885 Pis.
236 1864 267 1884 v.
285 1855 324 1884 14
340 1860 373 1885 et
388 1855 442 1890 95,
455 1859 486 1884 et
503 1853 616 1896 passim
634 1852 722 1884 alibi.

141 1898 196 1928 95.
222 1896 359 1936 Occupat
384 1897 503 1927 obscuri
529 1897 674 1937 speciem:
707 1893 844 1937 speciem

97 1949 163 1981 prae
178 1949 212 1971 se
232 1939 292 1970 fert
308 1939 456 1976 hominis,
471 1949 545 1981 quae
568 1937 696 1976 sentiat,
710 1937 847 1978 tegentis

99 1987 131 2013 et
141 1981 387 2013 dissimulantis:
406 1991 476 2018 nos,
488 1983 696 2014 ver-schtossen.
726 1983 847 2018 Acerbi,

101 2025 216 2056 acerba
229 2024 395 2056 minantis.

144 2068 198 2099 96.
215 2067 304 2098 Inter
320 2073 443 2103 cuncta,
458 2065 630 2109 praecipue,
641 2071 715 2098 ante
729 2065 847 2097 omnia.

143 2111 200 2142 98.
216 2109 336 2151 Semper
344 2111 428 2150 inops
439 2111 550 2150 cupido
563 2121 570 2139 .-
594 2109 718 2140 scilicet
733 2108 850 2150 cupido

103 2163 176 2194 quae
192 2163 355 2194 nunquam
372 2152 519 2184 exsatiari
539 2158 652 2194 potest,
669 2158 716 2182 est
736 2157 767 2182 et
782 2162 849 2182 ma-

103 2200 159 2226 net
174 2205 298 2238 semper
313 2195 425 2238 inops3
450 2197 495 2226 uti
514 2197 596 2226 dives
615 2197 698 2226 inter
715 2205 782 2234 opes
801 2196 851 2225 in·

103 2249 175 2278 ops3
203 2237 266 2268 nisi
289 2238 363 2280 quis
387 2249 501 2278 semper
527 2238 568 2268 ad
594 2239 691 2278 agitet
715 2242 746 2268 et
770 2243 852 2268 vexet

104 2280 219 2312 referre
235 2280 337 2316 malit,
357 2291 469 2322 semper
490 2282 575 2320 inops
596 2290 661 2311 una
681 2289 758 2310 voce
779 2290 850 2321 pro-

106 2322 252 2355 nunciari
281 2329 394 2366 potest,
421 2328 459 2354 ut
486 2334 599 2363 semper
622 2324 738 2353 lenibus
766 2322 852 2366 apud

107 2366 234 2398 Terent.
250 2366 335 2397 And.
351 2366 374 2402 i,
391 2366 424 2403 2,
443 2367 476 2396 4.

152 2409 225 2440 100.
272 2409 423 2440 Virtutem
467 2409 608 2439 doctrina
637 2415 736 2448 paret,
773 2413 850 2439 cett.

107 2456 211 2483 utrum
224 2451 324 2483 virtus
339 2450 504 2494 praeceptis
519 2456 550 2482 et
564 2450 732 2492 disciplina
749 2451 852 2492 parari

184 2493 220 2530 it,
249 2504 291 2525 an
322 2501 444 2525 naturae
474 2493 637 2524 debeatur.
697 2493 854 2535 Respexit

164 2536 262 2568 ratius
273 2537 482 2578 questionem
498 2535 525 2567 εἰ
539 2535 698 2567 διδακτὸν
713 2535 734 2574 ἡ
751 2536 852 2577 ἀρετ-ἠ

109 2589 130 2611 a
145 2580 276 2610 Socrate
289 2579 438 2620 agitatam
454 2583 486 2609 et
501 2578 541 2608 ab
558 2578 716 2609 AEscbine
731 2579 819 2609 Dial.
832 2579 854 2615 i,

109 2627 148 2653 nt
158 2621 227 2664 jam
242 2620 422 2653 observavit
440 2621 614 2657 Gesnerus,
628 2627 658 2652 et
678 2621 806 2652 Platon.
822 2621 855 2652 in

111 2665 247 2696 Menon.
275 2663 435 2713 copiosius
464 2668 643 2694 tractatam.
690 2664 854 2699 Doctrina,

112 2706 294 2750 disciplina,
312 2705 491 2738 institutio:
516 2715 588 2747 sup.
609 2706 674 2736 Od.
694 2705 736 2742 iv,
755 2707 786 2745 4,
802 2707 856 2744 33,

113 2750 266 2781 Doctrina
281 2751 331 2781 sed
345 2751 405 2781 vim
418 2755 570 2789 promovet
585 2750 722 2779 insitam.

161 2793 233 2824 101.
257 2792 340 2827 Quid
360 2799 388 2823 te
406 2793 463 2823 tibi
483 2793 594 2822 reddat
612 2792 755 2826 amicum,
782 2790 860 2832 quid

113 2834 157 2867 ite
180 2840 212 2867 te
236 2843 329 2877 agere
352 2841 385 2867 et
407 2834 524 2866 sentire
546 2833 640 2870 sinat,
663 2838 699 2864 ut
720 2832 779 2863 tibi
799 2833 860 2875 ipsi

137 2877 252 2914 luceas,
267 2877 324 2909 tibi
346 2877 405 2920 ipsi
425 2887 517 2908 carus
538 2876 600 2906 sis:
623 2886 696 2917 sup.
714 2875 818 2918 Epist.
838 2876 861 2913 i,

114 2887 170 2956 ³4,
192 2921 222 2957 1,
246 2920 398 2952 Horatius
411 2921 547 2962 agellum
561 2929 649 2950 suum
669 2929 698 2949 se
716 2920 772 2949 sibi
790 2921 860 2950 red-

114 2963 186 2993 dm
198 2962 255 2994 ait.

164 3005 238 3036 102.
266 3005 351 3040 Quid
369 3015 448 3045 pure
470 3004 664 3045 tranquillet,
685 3002 761 3044 quid
781 3013 862 3045 pura

888 1729 919 1755 et
950 1724 1074 1766 liquida
1104 1726 1337 1768 tranquillitate
1369 1727 1512 1759 animum
1544 1733 1636 1761 tunm

888 1767 1068 1808 perfundat.

935 1811 1008 1841 103.
1030 1811 1184 1841 Set-retum
1207 1813 1278 1848 iter,
1304 1812 1368 1843 vita
1390 1818 1511 1844 secreta
1534 1817 1566 1843 et
1589 1823 1638 1844 re·

889 1858 975 1883 mota
990 1862 1008 1883 a
1024 1853 1152 1894 publica
1169 1854 1250 1885 luce.
1289 1855 1452 1890 Feruentis,
1467 1865 1511 1887 sc.
1528 1856 1637 1887 oculos

892 1894 1066 1930 hominum,
1093 1896 1123 1926 h.
1147 1907 1175 1927 e.
1207 1897 1345 1935 latentis,
1369 1899 1532 1929 obscurae:
1565 1907 1638 1940 sup.

892 1938 993 1979 Epist.
1010 1938 1031 1975 i,
1050 1939 1100 1975 17,
1120 1940 1170 1974 10,
1193 1939 1255 1971 Nec
1274 1942 1350 1971 vixit
1367 1942 1457 1976 male,
1475 1943 1528 1981 qui
1545 1947 1637 1972 natus

891 1981 1218 2023 morierisquesqt'ellit.

937 2024 1012 2054 104.
1060 2025 1209 2064 Digentia
1237 2027 1334 2061 rivus,
1366 2030 1455 2056 ortus
1483 2035 1522 2056 ex
1552 2026 1639 2058 fonte

893 2065 1081 2099 Bandusio:
1107 2066 1148 2097 cf.
1165 2077 1238 2110 sup.
1260 2067 1300 2099 ad
1323 2068 1386 2099 Od.
1408 2067 1454 2105 iii,
1477 2069 1530 2105 13,
1547 2074 1580 2100 et
1598 2069 1639 2100 ad

894 2108 998 2151 Epist.
1014 2109 1036 2147 i,
1056 2110 1106 2145 16,
1125 2111 1177 2140 12.

941 2153 1015 2182 105.
1043 2152 1203 2188 Mandela,
1230 2163 1343 2194 pagus,
1370 2152 1456 2184 haud
1483 2154 1593 2195 procul
1622 2163 1642 2184 a

895 2194 972 2225 villa
992 2194 1125 2225 Horatii.
1172 2195 1312 2236 Rugosus
1321 2196 1461 2238 frigore,
1478 2198 1569 2238 quasi
1586 2197 1641 2227 fri-

895 2247 953 2279 gus
970 2247 1063 2278 rugas
1078 2237 1208 2269 inducat
1224 2238 1297 2280 pagi
1311 2238 1439 2270 incolis.

942 2280 1014 2310 106.
1039 2280 1091 2311 Ad
1105 2283 1217 2312 sentire
1229 2288 1260 2312 et
1273 2284 1392 2321 precari
1407 2281 1530 2324 supple,
1547 2292 1607 2313 me.

944 2323 1015 2354 109.
1042 2323 1171 2354 Procisae
1185 2336 1193 2354 .·
1217 2330 1374 2365 quantum
1390 2324 1487 2366 frugis
1503 2335 1581 2367 opus
1595 2330 1644 2356 est

898 2365 937 2396 iis
961 2366 1017 2407 qui
1043 2365 1103 2396 sibi
1127 2366 1160 2397 in
1183 2377 1282 2397 unum
1309 2377 1427 2398 annum
1455 2368 1642 2409 provident:

892 2410 1172 2451 providere-frugis
1191 2411 1305 2449 copiam
1322 2412 1356 2441 in
1376 2422 1504 2446 annum,
1521 2410 1644 2441 dictum

896 2457 956 2487 est,
973 2457 1009 2481 ut
1029 2451 1115 2493 apud
1134 2452 1220 2483 Plin.
1240 2453 1285 2483 H.
1308 2453 1355 2484 N.
1379 2453 1446 2490 viii,
1463 2454 1518 2488 38,
1540 2455 1642 2493 provi-

897 2495 968 2524 dere
982 2496 1128 2534 pabulum
1146 2497 1175 2525 in
1194 2495 1329 2527 hiemem.

945 2537 1019 2567 110.
1062 2537 1129 2568 Neu
1146 2537 1272 2578 fluitem
1297 2539 1397 2568 dubim
1423 2549 1471 2578 spe
1492 2539 1645 2579 pendulus

899 2579 997 2610 ᾖον-ιε..-
1022 2589 1084 2611 neu
1104 2589 1278 2621 suspensus
1297 2580 1380 2611 inter
1400 2590 1487 2622 spem
1509 2586 1644 2611 metum-

900 2632 963 2662 que
972 2621 1017 2652 de
1033 2620 1131 2652 dubia
1146 2622 1244 2653 futuri
1260 2622 1410 2665 temporis
1426 2629 1508 2655 sorte
1524 2629 1646 2665 pertur-

900 2663 975 2695 ber:
1002 2663 1153 2694 Horatius
1170 2674 1241 2707 sup.
1262 2665 1328 2697 Od.
1342 2665 1365 2701 i,
1385 2667 1437 2703 11,
1455 2667 1487 2702 8,
1505 2665 1545 2696 ad
1563 2666 1646 2697 Leu—

901 2716 1034 2742 conoen,
1059 2707 1158 2747 Carpe
1181 2709 1274 2745 diem,
1294 2720 1384 2749 quam
1405 2710 1563 2740 minimum
1583 2719 1648 2739 cre-

903 2750 980 2779 duta
993 2755 1121 2789 postero.

949 2792 1023 2828 111,
1040 2793 1112 2822 112.
1136 2791 1211 2827 Quoe
1226 2794 1319 2824 donat
1334 2799 1363 2823 et
1378 2792 1499 2834 aufert.-
1522 2803 1560 2824 ea
1576 2803 1647 2834 quae

904 2834 1032 2876 Jupiter
1048 2839 1080 2865 et
1101 2834 1156 2866 dat
1174 2841 1205 2867 et
1225 2836 1338 2872 aufert,
1359 2835 1454 2866 vitam
1474 2835 1598 2866 scilicet
1616 2840 1648 2866 et

904 2887 990 2919 opeS.
1036 2877 1172 2918 Equum
1196 2879 1238 2910 mi
1266 2881 1402 2909 animum
1427 2880 1489 2917 ipse
1512 2878 1646 2916 parabo:

904 2919 990 2961 quod
1020 2919 1134 2951 attinet
1165 2920 1206 2951 ad
1238 2921 1335 2951 animi
1370 2919 1647 2960 tranquillitatem,

904 2972 1000 3036 qulam
1024 2962 1104 2994 deus
1129 2973 1193 2995 non
1219 2963 1286 3002 dat,
1311 2973 1381 2995 eam
1405 2962 1482 2992 mihi
1504 2961 1570 3003 ipse
1594 2970 1650 3002 pa·

905 3014 938 3035 ra
961 3015 991 3036 0.
1584 3020 1600 3041 ο
