1884 3288
439 197 750 244 CARMEN
786 176 1214 241 SJECULARE.

349 306 507 347 Castus
529 302 697 345 AEneas
717 301 872 357 patriae
894 307 1118 355 superstes

349 372 560 414 Liberum
581 369 760 411 munivit
779 369 877 418 iter,
899 368 1083 410 daturus

1513 201 1592 243 291
1654 243 1657 245 .

693 435 829 478 Plura
849 435 1035 477 relictis:

259 508 318 549 45
348 506 424 556 Di,
446 506 609 561 probos
629 519 772 546 mores
795 503 924 546 docili
940 504 1150 558 juventae,

346 573 422 624 Di,
449 573 664 614 senectuti
686 571 869 626 placidae
890 571 1094 625 quietem,

344 639 544 683 Romulae
566 639 686 695 genti
707 639 809 680 date
830 653 1009 693 remque
1030 637 1284 693 prolemque

690 705 752 747 Et
773 706 908 748 decus
931 718 1069 746 omne.

339 774 524 829 Quique
545 788 622 815 vos
643 774 789 815 bubus
811 780 1044 815 veneratur
1065 771 1190 822 albis,

258 843 316 884 50
346 842 500 884 Clarus
523 839 732 883 Anchisae
753 840 1031 896 Venerisque
1053 840 1246 895 sanguis,

346 909 552 966 Imperet,
575 909 763 952 bellante
785 909 919 964 prior,
935 909 1155 964 jacentem

693 977 828 1019 Lenis
850 977 894 1018 in
913 976 1099 1018 hostem.

345 1045 446 1088 Jam
465 1046 574 1088 mari
594 1052 798 1100 terraque
820 1059 970 1086 manus
990 1051 1193 1099 potentes

346 1113 524 1164 Medus,
546 1111 833 1167 Albanasque
855 1113 978 1154 timet
999 1126 1174 1153 secures
1192 1127 1202 1152 ε

259 1182 316 1223 55
345 1180 445 1223 Jam
464 1180 642 1236 Scythae
663 1195 874 1235 responsa
892 1186 1065 1235 petunt,
1089 1179 1269 1234 superbi

695 1248 870 1303 Nuper,
892 1255 936 1290 et
958 1247 1070 1289 Indi.

343 1315 445 1358 Jam
466 1315 614 1365 Fides,
637 1323 680 1357 et
703 1315 813 1365 Pax,
836 1322 881 1356 et
902 1315 1074 1365 Honor,
1098 1315 1340 1370 Pudorque

352 1382 548 1434 Priscus,
571 1390 616 1425 et
636 1383 836 1438 neglecta
857 1382 1000 1424 redire
1022 1382 1177 1423 Virtus

343 1449 496 1493 Audet
514 1467 522 1492 :
556 1458 827 1507 apparetque
848 1451 978 1491 beata
1000 1447 1130 1504 pleno

260 1520 319 1561 60
696 1516 835 1574 Copia
856 1532 1007 1560 cornu.

347 1585 522 1642 Augur,
544 1594 588 1628 et
608 1586 802 1642 fulgente
824 1586 1010 1628 decorus
1032 1600 1136 1628 arcu

348 1654 564 1705 Phoebus,
587 1662 882 1710 acceptusque
903 1669 1056 1696 novem
1078 1654 1294 1704 Camenis,

57 1797 226 1832 decantato
249 1809 283 1831 se
301 1798 474 1841 excepisse,
494 1797 560 1830 sive
579 1796 708 1829 alternis
722 1796 805 1829 ceci-

59 1842 156 1880 nisse,
178 1843 232 1874 vix
257 1841 397 1874 dubitari
426 1846 539 1884 potest.
589 1841 736 1878 Bicornis,
760 1840 806 1871 sic

58 1885 142 1917 enim
165 1890 297 1933 apparet
319 1886 414 1916 Luna
430 1884 540 1926 primis
561 1883 717 1914 novilunii
739 1882 807 1914 die-

58 1928 132 1965 bus,
144 1934 178 1960 et
193 1938 239 1959 sic
253 1929 288 1960 in
303 1928 382 1970 ipsis
395 1927 434 1958 iis
445 1932 522 1958 vett.
539 1926 688 1962 nummis,
702 1926 758 1968 qui
774 1925 807 1956 in

41 1971 243 2016 ,memoriam
273 1970 386 2002 horum
422 1969 571 2001 ludorum
607 1969 807 2000 saecularium

57 2014 168 2046 excusi
198 2019 283 2051 sunt,
315 2012 531 2054 conspicitur:
571 2012 633 2043 vid.
669 2012 807 2053 Boettig.

59 2057 159 2088 Roma
180 2058 207 2088 si
230 2063 362 2089 vestrum
388 2062 431 2087 est
454 2066 539 2094 opus,
568 2054 595 2085 si
621 2055 808 2086 auctoritate

56 2105 160 2132 vestra
173 2099 348 2142 vestrisque
363 2098 514 2141 auspiciis
536 2098 642 2129 Roma
664 2103 713 2129 est
730 2108 806 2129 con-

58 2141 145 2174 dita:
171 2143 247 2174 litus
270 2142 436 2174 Etruscum
459 2148 593 2178 tenuere,
614 2141 754 2178 Italiam,
771 2146 808 2171 ut

58 2195 175 2217 novam
191 2185 296 2218 sedem
312 2184 360 2216 ibi
372 2190 524 2222 tenerent,
537 2183 700 2215 adierunt:
713 2186 806 2223 jussa

54 2239 142 2270 pars,
165 2238 221 2271 per
241 2227 490 2271 appositionem;
517 2236 590 2269 pars
613 2236 726 2268 nempe
749 2226 807 2257 illa

57 2271 280 2314 Trojanorum,
295 2270 351 2313 qui
370 2269 529 2312 Apollinis
549 2269 679 2301 oraculo
696 2268 806 2311 (Virg.

38 2314 140 2350 „AEu-
159 2313 207 2350 iii,
235 2315 279 2346 94
300 2323 372 2356 sqq.
397 2313 440 2349 iv,
467 2313 654 2349 343-346,
678 2312 719 2343 vi.
742 2312 804 2353 59)

38 2354 138 2407 &duni
153 2361 230 2388 sunt
246 2363 367 2388 mutare
386 2356 482 2387 Lares
504 2362 533 2387 et
552 2356 667 2392 urbem,
685 2355 718 2386 h.
740 2365 769 2387 e.
786 2366 805 2386 e

36 2405 139 2482 5¹3¹..ss
140 2398 638 2478 {zfiffifflttmmzfflffl
653 2409 725 2472 231³
722 2408 806 2483 {3¹:15

40 2480 123 2533 3⁶⁸¹
145 2485 206 2518 fuit
232 2486 375 2518 AEneas:
398 2495 454 2525 per
480 2486 637 2517 ardentem
670 2484 802 2525 Trqq'am,

33 2528 114 2588 ff
124 2528 265 2560 ardentis
277 2528 383 2570 Trojae
397 2528 539 2559 flammas
554 2540 563 2567 ;
588 2527 662 2558 hinc
679 2527 804 2558 AEneas

32 2569 142 2615 >aqud
169 2570 262 2613 Virg-
290 2572 374 2604 AEu.
404 2570 438 2609 ii,
469 2571 546 2606 633,
565 2571 727 2610 flammam
754 2571 802 2600 iu-

36 2603 107 2648 ’Ῐθν
131 2621 161 2646 et
189 2615 284 2647 hostes
311 2614 475 2655 Expedior,
506 2615 583 2645 dant
613 2614 673 2644 tela
707 2614 804 2644 Iocum

44 2645 56 2652 ιο

35 2654 240 2703 spumaque
266 2659 424 2690 recedunt.
470 2657 542 2688 Sine
558 2655 694 2698 froude,
719 2656 751 2687 h.
774 2666 805 2688 e.

37 2695 128 2734 ‘stine
149 2710 244 2740 noxa,
266 2706 304 2732 ut
325 2711 398 2743 sup.
421 2699 456 2736 ii,
485 2700 535 2736 19,
559 2700 614 2735 20,
638 2699 724 2740 quod
744 2701 805 2730 iter

41 2738 186 2783 Rerum
221 2743 324 2786 magis
358 2742 508 2785 explicat.
565 2742 683 2778 Castus,
720 2741 806 2784 pius·

39 2780 162 2824 {Phra
174 2783 304 2823 relictis,
325 2785 481 2828 ampliora
494 2795 591 2827 quam
608 2795 680 2827 quae
697 2785 807 2816 relicta

51 2824 173 2871 '‘i-⁸⁰²⁹
203 2828 237 2861 h.
265 2839 295 2862 e.
322 2839 456 2870 regnum
492 2828 603 2860 relicto
634 2827 736 2870 majus
773 2833 806 2859 et

32 2871 228 2921 μᾶν.
274 2872 332 2908 Di,
355 2871 475 2914 Apollo
494 2877 527 2903 et
549 2870 668 2902 Diana.
713 2870 805 2901 Rem-

40 2920 210 2989 ἕωῖθ-ὃ,
141 2914 400 3000 Ψωζῗυὸῗίᾇυε
428 2967 477 2988 vos
510 2957 606 2988 bubus
642 2962 807 3004 veneratur

42 2999 148 3042 1⁴15&
161 3005 238 3033 cett.
280 3001 324 3033 Et
340 3002 520 3042 Augustus,
535 2999 592 3042 qui
604 2999 687 3031 albis
702 2999 807 3031 bubus

851 1795 998 1827 mactatis
1015 1806 1100 1827 nunc
1116 1795 1319 1838 splendidum
1338 1795 1372 1826 in
1387 1800 1528 1828 vestrum
1542 1796 1601 1828 ho-

851 1849 957 1870 norem
970 1839 1110 1870 instituit
1121 1838 1323 1875 sacrificium,
1336 1849 1496 1870 summum
1509 1850 1601 1882 porro

852 1887 959 1913 teneat
980 1882 1160 1924 imperium,
1179 1887 1212 1912 et
1232 1881 1373 1912 hostium
1394 1881 1493 1913 victor
1508 1883 1602 1914 victis

852 1934 886 1956 se
901 1924 1009 1956 mitem
1019 1931 1051 1956 et
1061 1925 1164 1956 lenem
1180 1924 1331 1966 praebeat.
1377 1925 1458 1956 Haec
1473 1931 1602 1956 senten·

852 1967 896 1998 tia
926 1967 1027 1998 multo
1055 1967 1156 2008 magis
1187 1967 1272 1998 favet
1299 1966 1409 2008 gloriae
1449 1967 1600 2009 Augusti,

852 2021 949 2051 quam
966 2010 994 2041 si
1008 2020 1082 2041 cum
1098 2010 1242 2051 Cruquio
1259 2015 1292 2041 et
1307 2009 1454 2041 Bentleio
1471 2010 1599 2051 legeris,

853 2053 985 2094 Quaeque
998 2064 1047 2084 vos
1063 2055 1157 2084 bubus
1179 2059 1345 2084 veneratur
1364 2052 1490 2095 (rogat)
1511 2055 1600 2092 albis,

851 2096 1054 2136 —Impetrm
1098 2096 1205 2127 Bubus
1219 2097 1308 2131 albis,
1324 2096 1389 2126 tale
1401 2095 1486 2127 enim
1501 2097 1600 2128 sacri-

851 2138 957 2170 ficium
973 2139 1147 2180 exigebant
1160 2149 1269 2170 versus
1279 2137 1439 2181 Sibyllini.
1484 2140 1600 2171 Anchi-

850 2193 886 2212 sae
906 2182 1084 2223 Venerisque
1098 2184 1234 2224 sanguis,
1250 2181 1326 2213 hinc
1345 2182 1512 2222 Augustus
1526 2193 1598 2226 sup.

850 2224 890 2261 iv,
907 2226 940 2260 5,
960 2226 988 2260 1,
1008 2225 1098 2256 Divis
1119 2231 1203 2256 ortus
1218 2224 1347 2261 dicitur,
1374 2224 1427 2255 ubi
1446 2224 1513 2257 vid.
1533 2231 1602 2259 not.

850 2268 1008 2299 Jacentem
1032 2270 1107 2299 lenis
1134 2271 1167 2299 in
1192 2269 1312 2305 hostem,
1335 2267 1376 2299 ad
1400 2275 1598 2315 praeceptum

848 2310 1013 2346 Anchisae,
1038 2310 1123 2354 apud
1147 2310 1240 2352 Virg.
1265 2312 1345 2342 AEn.
1380 2320 1422 2346 νι,
1446 2312 1524 2347 852,
1550 2312 1598 2343 Τιι

849 2365 954 2396 regere
976 2355 1100 2394 imperio
1118 2356 1253 2394 populos,
1275 2354 1423 2390 Romane,
1442 2361 1598 2392 memento,

850 2397 908 2429 Hae
925 2398 980 2428 tibi
996 2404 1087 2428 erunt
1107 2404 1201 2433 artes,
1216 2399 1357 2438 pacisque
1373 2399 1522 2436 imponere
1535 2409 1597 2429 mo-

849 2451 923 2478 rem,
955 2440 1087 2472 Parcere
1121 2442 1262 2480 subjectis
1296 2446 1325 2471 et
1360 2441 1511 2471 debellare
1546 2452 1599 2472 su·

844 2484 959 2523 perbos.

891 2526 1033 2558 53—60.
1055 2526 1127 2557 Jam
1142 2527 1221 2557 mari
1234 2532 1388 2567 terraque,
1405 2530 1483 2557 cett.
1512 2526 1596 2558 Vul-

848 2579 954 2610 garem
982 2568 1185 2604 sententiam,
1210 2572 1233 2587 ‘¹
1250 2569 1327 2600 Jam
1351 2567 1495 2600 hostibus
1517 2574 1599 2602 terra

847 2611 990 2653 marique
1005 2611 1097 2643 victis
1116 2621 1220 2642 aureae
1239 2611 1342 2643 aetatis
1363 2611 1502 2644 Romam
1519 2612 1600 2644 redit

848 2654 1019 2691 felicitas,”
1040 2654 1166 2696 egregie
1188 2653 1406 2697 amplificavit.
1464 2655 1597 2687 Medus.-

848 2698 890 2728 cf.
906 2708 977 2740 sup.
991 2698 1034 2733 iv.
1052 2699 1104 2734 14,
1129 2698 1183 2729 42.
1229 2698 1363 2728 Albanas
1383 2707 1512 2734 secures,
1529 2699 1597 2733 Ro-

849 2750 958 2772 manos
979 2740 1094 2776 fasces,
1110 2740 1143 2772 h.
1158 2751 1188 2772 e.
1205 2739 1389 2771 Romanum
1405 2741 1574 2783 imperium
1587 2754 1597 2781 ς

850 2785 989 2815 Albanus
1004 2794 1072 2826 pro.
1090 2783 1271 2819 Romanus,
1287 2783 1363 2826 quia
1378 2784 1457 2814 Atha
1476 2784 1597 2826 Longa,

849 2825 1087 2870 undeqRomarn
1103 2826 1242 2858 deducta
1254 2832 1304 2858 est
1316 2826 1454 2861 colonia.
1474 2827 1598 2858 Roma-

850 2879 962 2900 norum
978 2869 1070 2911 quasi
1085 2874 1184 2900 mater
1208 2869 1280 2900 fuit.
1322 2869 1394 2900 Jam
1417 2870 1535 2910 Scytha·
1551 2881 1599 2901 re-

849 2923 953 2952 sponsa
968 2919 1089 2952 petunt,
1107 2913 1229 2952 superbi
1252 2912 1373 2952 Nuper,
1397 2917 1425 2942 et
1441 2912 1533 2943 Indi.-
1557 2912 1599 2943 cf.

850 2954 891 2986 ad
909 2954 951 2993 iv,
968 2956 1018 2993 14,
1033 2956 1088 2987 42.
1133 2955 1206 2986 Jum
1222 2954 1324 2990 Fides,
1341 2959 1417 2986 cett.
1454 2955 1599 2986 caelicola

851 2997 948 3035 enim,
964 2998 1020 3040 qui
1042 3007 1137 3030 aurea
1161 3003 1268 3033 aetate,
1290 3003 1326 3028 ut
1343 2995 1491 3030 Catullus
1514 2997 1602 3028 canit

800 3042 859 3072 u2
