1884 3288
356 229 415 254 xx
655 213 928 256 HORATII
959 213 1113 255 VITA
1144 213 1184 254 E
1215 213 1557 256 SUETONIO.
1608 189 1612 193 ”

359 338 450 364 rum
478 323 764 379 sufficiebam:
802 339 910 365 nunc
940 324 1302 379 occupatissimus,
1330 330 1371 364 et
1400 325 1600 379 infirmus,
1627 324 1862 366 Horatium

360 405 544 441 nostrum
564 407 650 441 ate
676 401 801 455 cupio
828 401 1052 441 abducere.
1122 399 1264 439 Veniet
1293 413 1396 454 ergo
1425 401 1480 440 ab
1509 400 1593 440 ista
1614 401 1863 455 parasitica

361 478 527 517 mensa⁷
556 478 616 517 ad
638 478 748 518 lianc
775 477 953 531 regiam,
977 482 1017 517 et
1041 490 1117 516 nos
1143 476 1187 515 in
1211 475 1446 515 scribendis
1468 476 1663 530 epistolis
1673 475 1860 530 juvabit.

362 553 430 594 Ac
450 567 503 594 ne
522 553 739 594 recusanti
760 552 931 605 quidem
952 558 1025 592 aut
1046 551 1287 592 succensuit
1307 552 1535 604 quicquam
1549 558 1622 592 aut
1638 553 1861 594 amicitiam

365 644 483 670 suam
515 630 734 682 ingerere⁸
767 628 905 669 desiit.
981 627 1168 684 Exstant
1199 625 1423 681 Epistolae,
1454 643 1509 669 ex
1537 629 1707 682 quibus,
1738 644 1865 684 argu-

362 707 494 747 menti
523 706 673 760 gratia,
694 719 832 759 pauca
854 705 1031 758 subjeci.
1092 703 1216 745 Sume
1237 705 1316 744 tibi
1336 705 1502 758 aliquid
1513 705 1634 759 juris
1653 706 1771 760 apud
1787 720 1864 755 me,

362 789 563 837 tanquam
588 782 627 822 si
655 782 867 822 convictor
887 781 1141 835 miliifueris
1155 798 1170 827 ,·
1201 781 1394 834 quoniam
1417 781 1466 821 id
1487 795 1585 822 usus
1609 781 1711 822 mihi
1731 787 1865 822 tecum

362 873 454 899 esse
474 859 596 907 volui,
621 858 659 898 si
678 872 764 912 per
790 858 1066 898 valetudinem
1096 863 1208 898 tuam
1224 857 1334 911 fieri
1356 857 1511 911 possit.
1573 856 1635 898 Et
1665 858 1862 899 rursus⁹z

369 935 450 976 Tui
479 935 643 989 qualem
674 934 853 974 habeam
886 933 1139 982 memoriam,
1169 933 1334 986 poteris
1359 947 1414 973 ex
1435 932 1679 986 Septimio¹⁰
1701 947 1866 992 quoque

362 1016 505 1051 nostro
525 1010 675 1050 audire
688 1028 703 1057 ,·
734 1024 827 1050 nam
844 1009 1010 1057 incidit,
1033 1014 1078 1048 ut
1095 1008 1167 1048 illo
1188 1009 1471 1063 coramfieret
1491 1023 1519 1050 a
1533 1023 1596 1050 me
1615 1009 1678 1050 tui
1696 1010 1861 1050 mentio.

360 1086 514 1140 Neque
529 1086 567 1126 si
588 1091 631 1125 tu
651 1086 857 1140 superbus
872 1085 1102 1125 amicitiam
1122 1090 1308 1125 nostram
1327 1085 1543 1140 sprevisti,
1557 1084 1651 1125 ideo
1670 1098 1746 1125 nos
1766 1100 1866 1139 quo-

361 1176 442 1217 que
461 1160 891 1216 ἀνθυπερφρονοῦμεν
901 1165 943 1202 ¹¹.
990 1161 1208 1203 Praeterea
1223 1176 1337 1216 saepe
1349 1162 1460 1203 inter
1475 1163 1580 1205 alios
1592 1165 1714 1218 jocos
1721 1163 1864 1218 putis-

364 1239 511 1279 simum
524 1239 712 1294 penem1²
732 1244 775 1278 et
804 1237 1115 1278 homuncionem
1145 1238 1449 1292 lepidissimum
1473 1239 1674 1294 appellat,
1695 1253 1864 1293 unaque

361 1321 404 1356 et
434 1314 566 1355 altera
591 1313 844 1355 liberalitate
872 1312 1160 1367 locupletavit.
1220 1314 1391 1370 Scripta
1417 1317 1589 1370 quidem
1613 1317 1707 1372 ejus
1727 1330 1863 1370 usque

360 1393 471 1433 adeo
491 1391 702 1445 probavit,
723 1404 1007 1443 mansuraque
1027 1398 1237 1444 perpetuo
1253 1393 1450 1446 opinatus
1471 1401 1552 1444 est,
1573 1401 1622 1436 ut
1635 1409 1721 1436 non
1735 1386 1864 1435 modo

362 1468 575 1510 Saeculare
597 1468 779 1508 Carmen
800 1466 1140 1520 componendum
1162 1467 1408 1521 injunxerit,
1434 1471 1511 1512 sed
1534 1477 1577 1512 et
1597 1470 1866 1513 vindelicam

360 1546 578 1587 victoriam
616 1544 784 1586 Tiberii
818 1543 1055 1597 Drusique,
1093 1543 1383 1598 privignorum
1401 1561 1410 1586 :
1451 1561 1634 1600 eumque
1673 1546 1863 1600 coegerit

358 1629 537 1677 propter
555 1622 654 1671 hoc,
675 1621 813 1662 tribus
837 1620 1067 1661 carminum
1093 1617 1225 1668 libriS,
1247 1634 1302 1660 ex
1324 1620 1453 1674 longo
1481 1621 1716 1672 intervallo,
1737 1637 1863 1677 quar-

360 1705 450 1740 tum
470 1698 630 1739 addere
648 1714 657 1738 z
689 1704 790 1751 post
811 1696 1037 1736 Sermones
1059 1692 1230 1748 quoque
1254 1696 1390 1738 lectos
1419 1699 1486 1740 sui
1511 1699 1668 1741 nullam
1687 1701 1866 1742 mentio-

358 1789 455 1816 nem
474 1773 664 1814 habitam
690 1773 752 1834 ita
776 1772 830 1812 sit
855 1776 1060 1824 questus:
1093 1771 1238 1813 Irasci
1262 1788 1326 1814 me
1346 1774 1424 1815 tibi
1443 1775 1566 1826 scito,
1588 1777 1703 1831 quod
1718 1791 1798 1818 non
1818 1778 1863 1818 in

352 1851 574 1907 plerisque
608 1848 813 1904 ejusmodi
844 1847 1022 1900 scriptis
1055 1861 1210 1887 mecum
1233 1849 1500 1903 potissimum
1535 1852 1739 1906 loquaris.
1797 1852 1867 1893 An

359 1926 532 1974 vereris,
551 1940 601 1966 ne
616 1925 735 1980 apud
738 1929 939 1979 posteros
956 1922 1034 1963 tibi
1049 1923 1205 1977 infame
1217 1925 1288 1974 sit,
1306 1927 1420 1979 quod
1431 1928 1622 1968 videaris
1621 1928 1867 1982 familiaris

362 2002 484 2043 nobis
503 2005 623 2043 esse?
683 1999 999 2055 Expressitque
1020 1998 1211 2054 eclogam
1220 1999 1263 2050 1³,
1285 2002 1407 2056 cujus
1429 2003 1594 2044 initium
1613 2011 1703 2046 est:

591 2113 694 2153 Cum
714 2117 775 2152 tot
794 2111 1020 2160 sustineas,
1042 2117 1082 2151 et
1104 2117 1224 2152 tanta
1245 2114 1417 2167 negotia
1437 2115 1565 2164 solus,

587 2189 679 2229 Res
699 2189 840 2228 Italas
860 2189 992 2229 armis
1012 2189 1177 2238 tuteris,
1199 2189 1384 2230 moribus
1404 2205 1540 2240 ornes,

587 2266 780 2321 Legibus
799 2267 987 2307 emendes
998 2284 1013 2313 ‚·
1043 2266 1086 2306 in
1097 2266 1279 2321 publica
1299 2267 1513 2307 commoda
1524 2280 1712 2320 peccem,

571 2341 638 2383 *Si
658 2343 786 2396 longo
807 2357 995 2383 sermone
1015 2357 1154 2384 morer
1173 2349 1246 2383 tua
1267 2349 1473 2397 tempora,
1500 2342 1661 2385 C'aesar.

362 2453 572 2494 Horatius
592 2453 744 2494 habitu
766 2454 956 2507 corporis
978 2454 1119 2494 brevis
1141 2453 1234 2503 fuit,
1257 2460 1385 2508 atque
1407 2454 1588 2504 obesus3
1616 2453 1751 2507 qualis
1771 2469 1796 2496 a
1817 2470 1862 2497 se

358 2650 434 2682 dum
463 2651 646 2682 macilentus
668 2655 759 2686 esset,
784 2650 1004 2690 intelligendus
1029 2655 1088 2682 est.
1130 2655 1277 2692 tempore.
1324 2651 1374 2682 10.
1399 2651 1445 2681 Ex
1459 2651 1615 2690 Septimio:
1639 2651 1710 2682 vide
1728 2651 1766 2682 de
1781 2651 1865 2683 eoin

359 2694 390 2724 6.
411 2694 559 2724 Exti-emis
559 2694 701 2733 judiciis,
713 2697 907 2723 testamento.
942 2693 973 2723 7.
992 2693 1089 2722 Para·
1133 2691 1312 2733 Argum.ad
1324 2692 1466 2729 Od.ii‚6.
1497 2691 1862 2735 11.Ἀνθυπερφρονοῦ-

358 2736 445 2766 silica
467 2746 575 2770 mensa,
599 2734 651 2765 cui
672 2733 755 2775 apud
778 2739 806 2764 te
827 2739 858 2764 et
881 2733 958 2764 alios
981 2734 1088 2773 gratis,
1131 2746 1206 2775 μεν,
1225 2733 1364 2764 vicissim
1380 2733 1502 2776 superbi
1513 2743 1629 2766 sumus.
1666 2735 1717 2766 12.
1734 2735 1862 2766 Putissi-

359 2775 392 2808 h.
411 2787 441 2808 e.
459 2776 546 2807 nullo
568 2775 596 2807 ei
618 2776 760 2817 imposito
778 2775 889 2811 officio,
913 2775 1089 2807 adhibetur.
1131 2787 1211 2806 mum
1223 2787 1326 2815 penem
1339 2775 1415 2808 refer
1427 2776 1466 2807 ad
1478 2785 1531 2807 eas
1541 2775 1778 2823 appellationes,
1792 2777 1863 2818 qui-

359 2819 391 2850 8.
413 2819 565 2860 Ingerere,
583 2828 637 2860 pro
653 2827 827 2858 suggerere,
846 2817 878 2848 h.
899 2827 928 2848 e.
950 2818 1088 2859 probare.
1131 2818 1189 2848 bus
1201 2818 1285 2859 apud
1300 2818 1459 2848 Romanos
1473 2817 1638 2849 familiares
1649 2817 1862 2850 tantuminter

358 2860 388 2892 9.
413 2860 453 2891 Et
474 2871 592 2898 rursus,
613 2870 719 2901 parum
746 2858 858 2891 Latine
881 2869 946 2900 pro,
972 2865 1003 2891 et
1026 2859 1087 2890 alio
1131 2869 1163 2890 se
1179 2869 1233 2902 per
1250 2859 1358 2900 jocum
1373 2859 1406 2891 in
1421 2859 1485 2892 vita
1499 2859 1657 2891 communi
1674 2860 1841 2891 utebantur
1852 2871 1863 2898 3
