1884 3288
301 185 386 226 264
399 210 407 215 ,

899 185 1195 229 EPODON

844 370 1113 413 CARMEN
1145 372 1271 414 VIII.

534 490 728 532 Romam:
745 491 874 546 longo
894 494 1086 547 putidam
1108 501 1150 534 te
1171 494 1343 543 saeculo,

698 558 826 599 Vires
849 559 954 612 quid
974 566 1147 600 enervet
1167 574 1282 600 meas
1300 561 1316 600 2

535 623 681 670 Quum
703 626 756 665 sit
777 626 855 665 tibi
876 626 981 666 dens
1003 633 1108 674 ater,
1131 633 1174 666 et
1195 626 1310 679 rugis
1332 631 1454 666 vetus

703 690 906 731 Frontem
927 698 1123 732 senectus
1145 693 1306 740 exaret,

477 755 504 795 5
534 755 725 808 Hietque
746 757 884 809 turpis
906 757 1016 797 inter
1036 757 1176 796 aridas
1198 762 1319 796 nates

705 820 872 870 Podex,
894 821 1009 862 velut
1029 822 1173 862 crudae
1194 821 1331 862 bovis.

535 887 622 927 Sed
644 887 791 927 incitat
810 902 876 928 me
897 894 1064 941 pectus,
1086 894 1129 928 et
1149 902 1337 928 mammae
1357 892 1522 941 putres,

704 952 877 1006 Equina
897 953 1043 1007 quales
1065 955 1222 1004 ubera3

534 1018 786 1072 Venterque
806 1019 957 1068 mollis,
979 1027 1021 1060 et
1042 1020 1180 1060 femur
1200 1019 1464 1060 tumentibus

454 1084 506 1123 10

706 1083 832 1124 Exile
855 1085 962 1125 suris
985 1085 1192 1125 additum.

537 1150 647 1190 Esto
668 1150 809 1199 beata,
832 1150 959 1191 funus
982 1158 1109 1204 atque
1130 1151 1335 1205 imagines

704 1217 879 1258 Ducant
899 1217 1204 1272 Triumphales
1226 1225 1346 1258 tuum
1363 1234 1372 1267 ;

537 1282 635 1324 Nec
657 1284 710 1324 sit
732 1284 895 1333 marita,
918 1299 1014 1338 quae
1035 1285 1358 1325 rotundioribus

709 1349 879 1390 Onusta
899 1351 1041 1391 baccis
1063 1349 1249 1390 ambulet
1266 1367 1275 1400 ;

314 1445 386 1480 160,
410 1448 527 1485 quando
557 1448 633 1477 leoni
665 1447 786 1477 Fortior·
816 1449 927 1486 eripuit
952 1449 1045 1478 vitam

313 1487 379 1518 leo?
400 1488 454 1518 ubi
477 1488 509 1518 in
533 1488 729 1526 sententiam,
752 1489 833 1519 seras
856 1499 916 1519 non
938 1489 1044 1520 saevire

311 1528 344 1558 in
360 1529 408 1560 sui
423 1530 543 1570 generis
557 1531 646 1566 seras,
667 1530 758 1571 plura
776 1531 920 1572 exempla.
940 1529 1046 1561 attulit

313 1570 365 1602 Cl.
383 1572 528 1613 Ruperti.

357 1614 493 1644 13—16.
532 1613 581 1642 Vis
614 1614 723 1649 acrior,
761 1613 923 1649 divinitus,
961 1613 1046 1644 velut

313 1664 406 1690 noxa,
432 1654 569 1684 immissa
590 1654 702 1685 mentis
726 1655 870 1692 caeeitas;
903 1655 1044 1694 Θεοβλά·

312 1695 400 1736 βεια.
448 1697 546 1736 Culpa
574 1695 689 1737 (ἄτη),
718 1696 833 1727 delicta
861 1701 892 1727 et
915 1697 1045 1733 scelera,

314 1748 386 1778 quae
403 1743 576 1780 perpetrata
590 1747 609 1768 a
625 1738 795 1779 majoribus
818 1744 944 1780 nepotes
961 1739 1045 1770 luere

313 1784 344 1810 et
362 1781 487 1821 expiare
511 1779 646 1811 debent:
670 1781 713 1811 cf.
737 1779 782 1817 iii,
798 1781 828 1816 6,
849 1782 876 1811 l.
923 1781 1045 1817 Tacent,

314 1822 446 1853 tacendo
461 1828 597 1853 mentem
611 1832 699 1852 suam
715 1823 868 1863 aperiunt,
883 1829 914 1853 et
930 1833 962 1854 se
977 1824 1044 1854 cul-

315 1874 364 1905 pae
379 1864 530 1895 obnoxios
544 1863 690 1894 fatentur.
734 1864 804 1895 Cic.
821 1865 853 1895 in
867 1865 961 1896 Catil.
977 1865 998 1902 i,
1014 1867 1045 1902 8,

319 1906 402 1940 Quid
417 1913 469 1941 est,
483 1906 640 1936 Catilina?
655 1908 759 1947 ecquid
775 1909 928 1938 attendis?
943 1910 1047 1948 ecquid

316 1949 530 1979 animadvertis
551 1949 655 1978 horum
674 1950 849 1979 silentium?
870 1951 1046 1988 patiuntur,

316 1995 426 2021 tacent.
469 1990 608 2029 stupent,
632 1989 842 2031 significanter
864 2002 919 2032 pro
948 1992 1045 2029 tenui,

316 2037 402 2062 sunt.

362 2074 500 2104 17—20.
523 2073 669 2104 Romanos
682 2081 791 2115 agunt,
808 2081 918 2114 urgent
933 2080 964 2106 et
979 2086 1047 2117 pre·

317 2121 418 2146 munt.
461 2116 618 2155 Scelusque
641 2116 794 2156 fraternae
825 2119 914 2153 necis,
947 2118 1049 2148 scelus

340 2156 403 2187 uod
427 2157 584 2188 Romulus
598 2157 696 2187 fratris
715 2158 764 2187 sui
779 2159 862 2189 caede
885 2159 1050 2190 commisit.

317 2168 364 2230 ίὶῙι
381 2201 561 2230 immerentis
569 2200 668 2240 fluxit
685 2201 716 2230 in
731 2207 840 2230 terrum
858 2201 943 2230 Remi
958 2201 1049 2232 Sacer

316 2243 468 2280 nepotibus
495 2253 597 2279 cru-or,
621 2246 784 2282 postquam
807 2242 931 2283 sanguis
957 2242 1046 2273 inno-

318 2283 417 2314 centis
446 2283 540 2314 Remi
568 2283 600 2313 in
629 2289 739 2314 terram
769 2284 857 2314 fluxit
885 2285 1048 2324 nepotibus

318 2335 412 2361 sacer,
442 2325 474 2356 h.
507 2335 535 2356 e.
565 2324 750 2372 expiandus,
778 2325 853 2361 sive,
884 2332 1046 2367 postquam

319 2367 477 2398 Romulus
504 2367 704 2408 parricidium
728 2367 892 2409 nepotibus
920 2369 1048 2410 expian-

318 2409 393 2440 dum
423 2409 619 2450 perpetravit.
669 2409 761 2439 Bella
788 2409 893 2440 civilia
921 2411 960 2440 ab
991 2411 1048 2442 hoc

317 2450 490 2492 parricidio,
501 2456 650 2492 tanquam
665 2450 764 2492 prima
781 2452 934 2482 Romame
947 2453 1049 2493 gentis

318 2493 399 2529 labe,
415 2492 524 2535 repetit
547 2503 670 2534 quoque
692 2493 840 2524 Lucanus
859 2493 881 2532 i,
897 2495 950 2530 95,
969 2495 1046 2525 Fra-

318 2541 401 2566 terno
409 2537 498 2574 primi
509 2538 692 2566 maduerunt
702 2538 848 2576 sanguine
857 2538 947 2568 muri.
985 2537 1048 2568 Sed

320 2577 474 2618 Virgilius
497 2577 578 2608 Geo.
600 2577 621 2612 i,
645 2578 720 2612 502,
745 2577 896 2618 majorum
918 2578 1046 2614 scelera,

318 2619 484 2661 nepotibus
501 2629 553 2660 per
566 2619 649 2650 bella
658 2618 763 2650 civilia
775 2620 943 2661 expianda,
955 2620 1048 2652 altius

318 2671 337 2692 a
353 2661 574 2693 Laomedontis
589 2661 732 2703 perjuriis
746 2661 875 2693 derivat.

518 2745 716 2778 CARMEN
742 2745 842 2776 VIII.

359 2788 399 2818 In
426 2787 515 2818 nullo
537 2787 672 2818 carmine
699 2786 798 2826 magis
826 2786 986 2828 pudicitiae
1016 2793 1047 2819 et

314 2829 484 2861 honestatis
499 2830 580 2870 leges
591 2829 739 2870 migrasse
750 2828 872 2860 videtur
886 2830 1046 2866 Horatius,

315 2882 408 2912 quam
428 2871 460 2903 in
476 2871 545 2908 hoc,
566 2871 620 2902 ubi
638 2877 759 2912 turpem
777 2870 950 2903 libidinosae
967 2882 1046 2902 anus

315 2914 443 2946 sormam
462 2913 607 2955 pudenda
628 2913 721 2955 plane
740 2913 889 2954 protervia
909 2914 1044 2956 descrip-

1081 2706 1174 2746 facta
1199 2707 1392 2736 saeculorum:
1418 2704 1460 2735 cf.
1484 2704 1618 2736 Mitsch.

1088 1451 1149 1477 tarn
1174 1447 1268 1478 dedit.
1314 1449 1395 1484 Quae
1417 1446 1544 1488 quidem
1569 1445 1721 1488 protervia
1743 1446 1819 1478 licet

1088 1488 1237 1519 lectorum
1258 1489 1384 1529 cuique,
1402 1489 1456 1529 qui
1473 1499 1534 1519 non
1550 1489 1634 1519 omni
1649 1488 1819 1519 honestatis

1090 1539 1180 1560 sensu
1201 1530 1367 1561 destitutus
1389 1531 1440 1566 sit,
1457 1530 1768 1572 displicereomnino
1787 1535 1821 1561 et

1090 1581 1235 1602 nauseam
1249 1582 1352 1603 creare
1361 1572 1491 1610 debean
1506 1572 1614 1603 eadem
1626 1577 1731 1603 tamen
1742 1577 1818 1603 aeta-

1088 1612 1140 1648 tis,
1158 1623 1220 1654 qua
1237 1613 1294 1644 hoc
1311 1624 1434 1646 carmen
1450 1614 1600 1656 scriptum
1617 1619 1675 1648 est.
1691 1613 1820 1645 licentia.

1088 1660 1119 1685 et
1146 1655 1270 1696 ingenio
1299 1656 1440 1687 excusari
1469 1655 1696 1698 quodammodo
1749 1666 1821 1688 osse

1088 1697 1221 1729 videtur.
1265 1698 1406 1730 Fortasse
1435 1708 1558 1746 quoque
1593 1697 1688 1728 totius
1745 1698 1819 1739 ujus

1088 1739 1235 1770 carminis
1243 1739 1404 1781 spurcities
1420 1739 1610 1773 Archilocho
1625 1739 1674 1771 vel
1695 1739 1748 1770 alii
1764 1750 1820 1782 po.

1089 1787 1148 1812 etae
1166 1782 1291 1817 Graeco,
1307 1792 1400 1823 quem
1422 1782 1571 1813 Horatius
1588 1782 1749 1824 expressit,
1765 1781 1819 1812 tri-

1088 1823 1213 1854 buenda
1228 1829 1284 1855 est.
1329 1824 1435 1864 Fingit
1447 1830 1549 1855 autem
1565 1829 1668 1866 poeta,
1683 1823 1820 1855 vetulam

1091 1865 1226 1906 aliquam
1251 1875 1290 1897 ex
1312 1876 1344 1896 se
1363 1866 1556 1907 quaesivisse,
1571 1865 1648 1906 quid
1666 1865 1718 1901 sit,
1735 1866 1820 1906 quod

1091 1908 1130 1938 ad
1150 1907 1308 1938 libidinem
1325 1918 1432 1939 secum
1452 1907 1655 1939 exercendam
1673 1907 1821 1948 languere

1092 1959 1175 1980 nunc
1191 1956 1221 1980 et
1236 1957 1354 1992 torpere
1367 1949 1519 1992 incipiat?
1563 1950 1746 1991 Respondet
1760 1950 1820 1991 igi-

1090 1996 1139 2022 tur
1153 1991 1181 2022 ei
1197 1991 1228 2022 in
1246 1992 1303 2023 hoc
1319 1993 1467 2027 carmine,
1482 1997 1514 2023 et
1537 1992 1667 2034 torporis
1680 1992 1728 2022 sui
1743 2002 1821 2023 cau-

1090 2043 1152 2069 sas,
1163 2034 1202 2064 ab
1219 2034 1293 2064 anili
1306 2034 1375 2075 ejus
1390 2033 1582 2076 turpitudine
1597 2033 1720 2076 petitas,
1731 2039 1822 2076 petu-

1091 2075 1191 2106 lanter
1205 2076 1314 2118 aperit.

1137 2119 1228 2149 1—6.
1251 2119 1373 2158 Rogare
1395 2120 1480 2159 longo
1497 2119 1635 2158 putidam
1657 2123 1686 2149 te
1704 2119 1820 2155 seculo,
1836 2126 1839 2128 ’

1092 2164 1166 2190 cett.
1184 2170 1293 2190 sensus
1311 2166 1342 2191 et
1358 2170 1476 2192 nexus:
1501 2165 1587 2196 tune,
1602 2159 1696 2208 eujus
1709 2170 1823 2202 corpus

1091 2200 1185 2240 longa
1213 2212 1365 2232 annorum
1394 2201 1572 2243 deturpavit
1595 2212 1698 2236 senes.
1721 2212 1822 2243 rogas,

1090 2252 1145 2272 cur
1168 2242 1205 2273 ad
1230 2254 1294 2274 rem
1320 2249 1422 2274 tecum
1448 2244 1624 2274 habendam
1647 2244 1733 2275 nulla
1755 2254 1822 2275 am·

1090 2283 1173 2325 plius
1201 2285 1340 2316 stimuler
1364 2285 1519 2316 libidine!
1548 2285 1638 2327 quasi
1659 2284 1693 2316 id
1714 2296 1822 2326 rogare

1091 2336 1170 2368 opus
1185 2326 1235 2364 sit,
1252 2338 1322 2358 cum
1335 2327 1375 2357 sit
1389 2327 1444 2358 tibi
1457 2328 1534 2358 dens
1549 2333 1625 2363 ater,
1638 2332 1714 2358 cett.
1757 2328 1820 2359 Ro-

1088 2379 1163 2408 gare
1190 2376 1235 2400 te.-
1258 2369 1394 2417 pleniuS,
1417 2369 1522 2400 fierine
1544 2374 1646 2411 potest
1664 2374 1700 2400 ut
1718 2379 1820 2410 roges,

1093 2411 1142 2441 vel
1167 2411 1350 2453 simpliciter
1373 2421 1439 2452 pro,
1464 2411 1619 2452 rogasne't
1647 2416 1683 2442 ut
1705 2411 1821 2453 passim

1093 2454 1176 2494 apud
1194 2453 1350 2484 Comicus.
1395 2454 1499 2493 Longo
1509 2454 1614 2484 saecuto
1625 2454 1776 2493 putidam,
1788 2453 1820 2485 in

1091 2495 1200 2535 grandi
1209 2495 1275 2536 jam
1289 2501 1389 2530 oetate,
1401 2506 1472 2536 quae
1483 2495 1660 2536 importuna.
1673 2500 1705 2526 et
1719 2495 1822 2527 invisa

1091 2542 1135 2567 est
1153 2538 1352 2575 amatoribus,
1367 2537 1579 2574 constitutam,
1601 2542 1719 2578 turpem
1733 2543 1822 2568 vetu-

1092 2578 1166 2610 lam.
1215 2579 1333 2610 Similis
1360 2589 1484 2611 annosae
1514 2579 1625 2610 vetulae
1653 2579 1821 2622 descriptio

1091 2627 1136 2652 est
1152 2621 1183 2652 in
1199 2621 1339 2663 Priapeis
1355 2631 1448 2652 carm.
1463 2620 1528 2657 lvii,
1548 2622 1577 2657 1,
1596 2621 1708 2652 Cornix
1722 2627 1752 2652 et
1769 2633 1818 2652 ca-

1091 2665 1149 2695 ries
1177 2670 1314 2704 vetusque
1347 2664 1475 2698 bustum,
1509 2663 1610 2694 Turba
1638 2669 1669 2693 et
1695 2665 1822 2702 putrida

1665 2705 1755 2736 Vetus
1776 2717 1821 2737 u-

1090 2754 1205 2782 uectus,
1220 2754 1255 2779 ut
1274 2755 1380 2779 veteres
1402 2757 1480 2778 senes
1503 2747 1586 2788 apud
1607 2746 1727 2778 Tibull.
1746 2747 1768 2784 i,
1788 2749 1820 2786 8,

1089 2791 1143 2820 50.
1189 2789 1328 2820 Frontem
1342 2790 1426 2830 rugis
1439 2795 1537 2819 exaret
1548 2801 1557 2818 .·
1580 2788 1620 2820 cf.
1634 2788 1725 2830 Virg.
1741 2790 1820 2821 AEn.

1089 2831 1144 2867 vii,
1160 2833 1232 2863 417.
1280 2832 1400 2866 Crudae,
1415 2830 1491 2872 quia
1505 2830 1603 2862 cruda
1622 2830 1685 2862 sere
1699 2841 1772 2862 caro
1786 2832 1819 2863 in

1089 2872 1202 2904 macris
1215 2874 1327 2910 bobus,
1344 2873 1500 2915 praecipue
1519 2871 1599 2904 inter
1622 2877 1721 2910 nates,
1741 2883 1818 2904 con-

1089 2915 1228 2957 spicitur.
