1904 3314
646 192 874 235 LIBER
909 191 970 243 11,
1007 193 1049 234 4.

1532 193 1614 235 401

194 294 380 338 Rectius
402 295 618 339 Albanam
639 295 757 338 fumo
779 296 1003 338 duraveris
1026 311 1165 338 uvam.

194 362 324 406 Hanc
344 379 428 420 ego
449 379 548 406 cum
567 362 704 413 malis,
726 378 810 419 ego
831 363 982 404 faecem
1003 365 1168 418 primus
1190 369 1234 404 et
1255 362 1376 413 allec,

195 430 368 473 Primus
389 439 433 474 et
453 432 648 473 invenior
668 432 796 486 piper
817 430 977 481 album,
1001 446 1096 472 cum
1120 431 1208 473 sale
1230 433 1355 486 nigro

106 496 163 539 75
192 497 426 549 Incretum,
447 499 567 554 puris
589 499 951 554 circumposuisse
974 497 1142 541 catillis.

193 565 384 608 Immane
405 574 473 608 est
493 567 657 617 vitium,
681 567 786 608 dare
809 566 937 608 millia
959 576 1081 608 terna
1100 567 1294 618 macello,

193 633 484 689 Angustoque
505 650 638 690 vagos
661 636 805 689 pisces
826 649 985 689 urgere
1007 636 1165 676 catino.

193 701 359 757 Magna
378 709 522 743 movet
543 702 766 744 stomacho
788 702 978 753 fastidia,
1003 717 1080 744 seu
1104 718 1213 758 puer
1234 703 1374 744 unctis

193 767 418 810 Tractavit'
439 768 616 811 calicem
636 770 850 820 manibus,
873 771 977 811 dum
999 770 1115 812 furta
1135 771 1334 826 ligurrit3

106 836 163 878 80
192 836 292 878 Sive
314 837 457 892 gravis
478 838 614 879 veteri
635 844 818 879 craterae
838 837 963 878 limus
986 838 1184 880 adhaesit.

191 903 367 947 Vilibus
388 906 432 946 in
454 906 612 960 scopis,
635 906 678 946 in
699 906 883 960 mappis,
907 906 950 946 in
974 907 1121 956 scobe,
1144 914 1333 961 quantus

195 972 410 1015 Consistit
431 975 630 1015 sumtus?
662 972 888 1028 neglectis,
911 973 1122 1029 flagitium
1143 975 1311 1029 ingens.

77 1099 163 1128 tasse
175 1098 234 1138 jus
248 1098 360 1138 duplex
374 1097 478 1128 simile
501 1097 565 1129 fere
580 1096 652 1128 cibo
674 1097 730 1138 qui
746 1106 824 1129 voce
868 1098 1051 1135 admixtum,
1066 1109 1112 1129 sc.
1133 1098 1257 1131 cribro:
1282 1109 1354 1129 nam
1377 1100 1534 1131 incer-nere
1557 1104 1617 1136 est,

78 1139 318 1179 Franeoganica
333 1139 449 1171 dicitur
467 1140 585 1172 Cresme.

121 1182 175 1213 69.
198 1182 308 1214 Pressa
327 1182 510 1225 Venafrano:
527 1185 603 1223 quad
621 1184 710 1213 bacca
733 1183 824 1213 remi-

78 1225 118 1256 sit
140 1225 245 1255 alIvoe:
267 1225 412 1266 elegante
434 1225 606 1267 periphrasi
630 1236 698 1268 pro,
721 1225 826 1256 oleum

80 1266 322 1307 Venafranum3
353 1269 507 1310 optimum
532 1267 617 1299 enim
641 1269 747 1298 oleum
770 1278 825 1298 ex-

78 1308 272 1352 primebatur
295 1310 330 1341 in
355 1321 429 1351 agro
458 1311 641 1342 Venafrano
667 1310 700 1340 in
730 1311 825 1342 Caru-

122 1351 195 1383 nia:
219 1352 262 1384 cf.
288 1362 360 1396 sup.
390 1352 430 1383 ad
459 1352 522 1383 Od.
545 1351 579 1388 ii,
606 1354 638 1388 6,
665 1353 716 1387 16,
743 1353 827 1383 Plin.

114 1417 124 1427 .
141 1395 186 1427 N.
203 1405 254 1432 xv,
269 1395 301 1427 3.
347 1396 488 1430 Remisit.
511 1394 629 1430 emisit,
655 1395 802 1426 submisit
817 1406 824 1424 ε

79 1436 140 1469 inf.
165 1438 232 1470 Sat.
254 1437 290 1474 ii,
313 1439 346 1474 8,
375 1439 429 1475 45,
454 1438 516 1469 His
539 1440 667 1469 minum
680 1440 739 1479 jus
763 1444 825 1470 est:

79 1481 154 1516 oleo,
171 1482 250 1522 qaod
263 1483 365 1522 prima
386 1480 515 1522 Venafri
537 1481 648 1512 Pressit
665 1481 756 1512 cella.

127 1523 182 1556 ⁷0.
206 1523 484 1563 Picenis—pomis:
507 1523 550 1554 cf.
571 1534 644 1566 sup.
662 1523 729 1553 Sat.
744 1523 778 1560 ii,
793 1525 826 1561 3,

81 1566 159 1598 272.
187 1565 341 1602 Tiburtia,
355 1567 474 1597 Tibure
491 1566 595 1607 (nunc
614 1565 729 1606 Tivoli)
743 1573 828 1597 nata.

127 1609 182 1640 71.
205 1609 287 1640 Nam
299 1609 390 1651 facie
405 1615 562 1649 proesrant,
588 1619 661 1639 nam
687 1609 831 1640 Tiburtia

83 1657 216 1684 externa
240 1657 363 1682 tantum
390 1651 506 1694 specie,
533 1662 594 1683 non
624 1661 732 1689 succo,
753 1663 831 1694 prae-

84 1700 182 1727 stant.
229 1694 399 1731 Venucula,
416 1704 490 1730 uva,
506 1704 579 1735 quae
598 1693 631 1724 in
649 1694 720 1725 ollis
740 1694 834 1725 condi

85 1737 220 1774 nolebat,
235 1747 307 1774 nos,
325 1738 520 1780 Topfrnsinen
534 1750 542 1767 .-
566 1737 609 1768 cf.
625 1736 712 1767 Plin.
730 1738 773 1768 H.
790 1737 835 1768 N.

85 1779 153 1817 xiv,
170 1782 223 1817 14,
248 1780 290 1818 63
314 1779 389 1812 hinc
414 1779 569 1822 ejusmodi
595 1790 660 1810 4ειυιιε
683 1779 832 1811 dicuntur

85 1824 197 1855 allam
214 1823 343 1855 Colum.
359 1822 406 1858 iii,
422 1824 454 1858 2,
473 1821 617 1854 Martial.
634 1822 689 1858 vii,
708 1824 759 1854 19.
795 1824 833 1853 In

86 1865 242 1910 scriptura
265 1865 362 1908 hujus
386 1865 472 1897 vocis
497 1871 572 1896 vett.
601 1864 658 1896 lib.
690 1865 832 1896 variant:

85 1911 250 1947 venucula,
265 1910 451 1946 venuncula,
474 1909 659 1945 vennucula,
682 1910 836 1945 venicula,

86 1952 268 1983 vernacula.

132 1995 189 2026 72.
212 1994 339 2026 Rectius
362 1995 670 2026 Albanam—uvam.-
706 1994 749 2025 cf.
780 1993 836 2025 inf.

90 2035 196 2079 Epist.
224 2037 259 2074 ii.
291 2038 324 2072 8,
353 2037 406 2068 26.
464 2037 646 2075 Damae-ris,
675 2036 837 2068 durabiles

89 2079 275 2116 reddideris,
291 2079 325 2110 h.
337 2090 366 2111 e.
381 2079 564 2111 servaveris.

134 2123 277 2155 73—75.
302 2122 394 2154 Hanc
409 2133 474 2171 ega,
490 2129 566 2154 cett.
582 2122 706 2164 egregie
731 2123 832 2153 Hora-

90 2163 154 2197 tius
176 2165 244 2208 jam
260 2166 416 2208 expressit
430 2165 592 2208 ingenium
608 2171 639 2197 et
659 2175 834 2197 sermonem

90 2217 213 2245 eorum,
227 2209 285 2252 qui
306 2219 340 2240 se
355 2208 473 2252 primos
497 2208 635 2249 alicujus
660 2209 703 2240 rei
726 2207 835 2239 inven-

91 2256 174 2283 tores
197 2261 267 2283 esse
286 2250 412 2293 jactant
437 2257 641 2293 crepantque.
688 2252 768 2291 Ego,
792 2251 837 2282 ait

89 2293 217 2337 sapiens
230 2294 285 2326 ille
299 2294 456 2325 lauterum
472 2294 636 2336 epularum
652 2293 835 2330 instructor,

89 2347 144 2380 ego
169 2339 287 2377 primun
311 2337 391 2368 hanc
413 2337 527 2410 {uvam
558 2337 736 2372 Albanam)
763 2347 837 2368 cum

91 2379 207 2422 punis,
221 2391 275 2424 ego
288 2382 404 2421 primus
432 2390 530 2411 aecem
551 2385 584 2411 et
606 2380 698 2418 allec,
720 2386 751 2411 et
773 2379 837 2422 pri·

90 2431 164 2455 mut
194 2423 284 2466 piper
319 2423 428 2454 album
463 2434 536 2454 curn
571 2423 638 2454 sale
672 2423 761 2464 nigro
785 2433 840 2465 per

89 2464 229 2498 cribrum
243 2465 427 2508 adspersum
449 2465 532 2507 puris
547 2465 664 2496 catillis
681 2466 714 2496 in
731 2476 840 2496 mensa

91 2506 358 2551 circumposuisse
371 2508 527 2546 invenior,
544 2508 610 2539 sive
625 2509 838 2546 inventor-cir-

92 2552 312 2594 conposuisse
335 2551 460 2582 laudor.
507 2552 640 2582 Faecem:
653 2553 733 2593 saex,
756 2551 840 2583 idem

93 2595 182 2668 Ψ
206 2593 266 2626 inf.
284 2595 352 2626 Sat.
375 2594 410 2632 ii,
435 2595 468 2630 8,
494 2595 515 2625 9
530 2595 651 2636 faecula
672 2595 745 2630 Coa,
765 2594 796 2624 h.
813 2605 841 2626 e.

134 2647 156 2669 x
183 2643 256 2668 usta
292 2638 498 2680 (gebrannter
541 2637 739 2676 Weinstein),
777 2637 840 2668 vid.

92 2688 176 2721 qum
193 2679 306 2712 laudat
320 2679 439 2712 Heind.
455 2679 517 2711 fuit
529 2686 635 2711 autem
647 2679 842 2711 condimenti

94 2731 208 2763 genus,
222 2722 310 2764 quod
323 2723 500 2754 addebatur
514 2724 616 2754 alleci.
650 2724 735 2758 Alce,
749 2724 844 2761 halec,

97 2766 190 2804 allex,
202 2765 255 2798 vel
275 2767 342 2797 alex
362 2766 455 2807 (libri
476 2765 611 2802 variant,
635 2771 671 2796 ut
694 2765 753 2796 inf.
780 2767 845 2797 Sat.

95 2805 133 2847 ii,
153 2809 188 2857 β,
209 2807 250 2850 9)
282 2807 405 2840 vilioris
438 2809 530 2851 pretii
559 2819 660 2848 genus
684 2808 844 2850 quoddam

870 1140 994 1181 aliquid
1018 1152 1072 1183 per
1087 1142 1222 1172 cribrum
1241 1141 1336 1172 alicui
1352 1142 1395 1173 rei
1422 1142 1620 1184 adspergere.

873 1183 968 1214 Puris
980 1186 1115 1215 catillis:
1139 1185 1221 1215 bene
1243 1183 1408 1218 doctrinae,
1427 1185 1467 1215 ad
1490 1195 1618 1217 coenam

871 1225 1088 1257 instruendam
1118 1226 1301 1268 spectantis,
1334 1227 1488 1269 professor
1515 1234 1621 1260 noster

871 1269 1073 1300 commendat
1088 1269 1288 1304 munditiem,
1306 1270 1382 1311 quia
1404 1270 1620 1302 immundities

871 1312 1034 1342 stomacho
1049 1312 1174 1343 fastidia
1190 1318 1305 1348 movet,
1322 1312 1361 1343 de
1379 1323 1444 1353 qua
1463 1323 1535 1344 mox
1554 1313 1621 1353 agit

871 1352 946 1384 inde
963 1364 981 1384 a
1004 1365 1034 1385 v.
1054 1355 1107 1385 78.
1153 1355 1428 1394 circumposuisse.-
1453 1355 1538 1397 apud
1562 1366 1620 1386 nos

871 1405 998 1437 quoque
1028 1398 1130 1427 catilli
1163 1398 1223 1438 (les
1250 1396 1399 1435 assietres)
1439 1398 1471 1428 in
1510 1408 1620 1429 mensa

871 1438 1028 1470 convivali
1060 1439 1122 1470 huc
1160 1439 1237 1470 illuc
1274 1439 1472 1482 circumponi
1506 1441 1622 1472 solent.

873 1482 969 1519 Quod
996 1487 1086 1523 putat
1112 1482 1300 1518 Lambinus,
1326 1481 1470 1524 singulos
1493 1483 1621 1514 catillos

872 1524 1007 1565 singulis
1036 1525 1179 1556 convivis
1209 1523 1371 1568 appositos
1409 1525 1518 1563 fuisse,
1558 1537 1622 1558 non

873 1567 1036 1609 probabile
1054 1568 1188 1599 videtur.

919 1611 974 1646 76,
991 1611 1044 1641 77.
1070 1610 1206 1641 Immune
1229 1616 1270 1641 est
1295 1612 1427 1641 vitium:
1462 1616 1496 1642 at
1520 1611 1623 1653 pisces

877 1662 992 1692 magno
1021 1653 1121 1694 pretio
1150 1663 1253 1684 emere
1284 1663 1403 1693 eosque
1428 1652 1462 1683 in
1489 1660 1625 1695 angusto

852 1715 861 1724 .
878 1696 984 1725 catino
1004 1705 1172 1737 apponere.
1198 1695 1237 1726 ad
1260 1695 1399 1726 maxima
1421 1706 1524 1727 coenae
1549 1696 1634 1728 vitia

879 1738 1024 1779 pertinet,
1042 1744 1077 1768 ut
1093 1749 1122 1769 v.
1137 1739 1190 1770 82.
1207 1738 1496 1779 ingensflagitium.
1541 1740 1624 1770 Rem

876 1779 1008 1812 ridicule
1043 1786 1213 1821 exaggerat
1245 1786 1431 1822 praeceptor,
1465 1781 1540 1812 dum
1575 1792 1625 1818 ea,

879 1833 951 1864 quae
978 1823 1084 1865 inepte
1112 1823 1204 1859 fiunt,
1233 1823 1273 1853 ad
1301 1822 1454 1854 immania
1484 1823 1562 1854 vitia
1594 1830 1628 1858 et

880 1865 1021 1906 iugentia
1045 1866 1164 1907 flagitia
1190 1866 1293 1897 refert.
1343 1866 1455 1907 Vagus.-
1487 1867 1627 1899 suaviter

881 1908 920 1939 de
937 1908 1090 1950 piscibus,
1105 1909 1159 1950 qui
1176 1915 1249 1940 ante
1267 1909 1300 1939 in
1316 1909 1423 1951 amplo
1447 1909 1524 1940 mari
1546 1910 1626 1942 libe-

878 1951 944 1982 rius
980 1951 1272 1992 circumvagantur,
1306 1962 1393 1983 nunc
1424 1952 1456 1982 in
1489 1958 1627 1993 angusto

878 1993 984 2025 catino
999 1995 1150 2026 coarctati
1165 2000 1197 2025 et
1211 1995 1382 2036 compressi
1395 1994 1516 2036 jacent.
1565 1995 1626 2026 Ur-

877 2047 967 2079 gere:
992 2037 1036 2068 ita
1049 2037 1243 2068 condensare
1255 2044 1286 2068 et
1298 2038 1491 2080 constipare,
1505 2044 1540 2070 ut
1550 2038 1629 2071 alter

882 2080 1013 2111 alterum
1035 2085 1166 2122 premat,
1184 2080 1264 2112 alter
1283 2079 1373 2111 alteri
1395 2081 1562 2123 impositus
1578 2082 1630 2113 sit.

924 2124 977 2154 78.
1006 2123 1124 2158 Unctis,
1142 2123 1232 2154 sorde
1245 2123 1376 2166 pollutis
1391 2129 1424 2155 et
1440 2124 1628 2166 inquinatis,

880 2171 916 2197 ut
932 2177 1003 2208 sup.
1021 2167 1088 2197 Sat.
1107 2166 1142 2201 ii,
1158 2167 1192 2203 2,
1209 2167 1264 2202 68,
1282 2172 1377 2197 uncta
1393 2179 1484 2208 aqua.

925 2210 977 2240 79.
1004 2210 1086 2239 Dum
1110 2209 1208 2251 furta
1238 2210 1376 2251 ligurrit,
1404 2209 1482 2241 dum
1506 2210 1630 2252 aliquid

880 2262 962 2282 escae
985 2251 1093 2282 furtim
1117 2263 1134 2283 e
1166 2251 1274 2294 patina
1302 2252 1449 2284 manibus
1479 2261 1630 2296 surreptae

881 2293 1029 2335 deglutit,
1046 2301 1077 2325 et
1091 2295 1137 2326 sic
1154 2305 1268 2326 manus
1284 2294 1443 2336 inquinat.

926 2339 979 2368 80.
1003 2338 1116 2369 Gravis
1133 2340 1242 2369 limus:
1259 2349 1361 2369 sermo
1370 2344 1419 2370 est
1429 2339 1470 2370 de
1486 2345 1588 2371 vetere
1599 2343 1632 2371 et

883 2380 1025 2412 obsoleta
1040 2387 1174 2416 cratera,
1189 2391 1261 2423 quae
1279 2381 1374 2422 longa
1386 2392 1541 2413 annorum
1554 2383 1634 2414 serie

884 2423 1021 2454 multum
1045 2424 1124 2459 limi,
1148 2424 1262 2458 sordis,
1291 2424 1341 2455 vel
1373 2424 1525 2465 robiginis
1555 2436 1632 2457 con·

884 2472 1037 2504 traxerat3
1062 2467 1123 2498 nisi
1148 2467 1279 2498 fortasse
1305 2470 1412 2508 grauis
1435 2468 1475 2499 ad
1502 2478 1631 2509 graveo-

885 2509 1015 2540 lentiam
1040 2516 1208 2541 contractae
1234 2509 1336 2540 sordis
1359 2511 1555 2542 referendum
1581 2511 1633 2548 sit,

885 2551 941 2584 ita,
958 2558 994 2582 ut
1006 2554 1112 2593 gravis
1123 2553 1191 2595 jam
1208 2552 1259 2587 sit,
1276 2553 1395 2584 foedus.

929 2596 984 2626 81.
1008 2595 1120 2635 Scapis,
1138 2595 1177 2626 ad
1194 2595 1411 2637 pavimentum
1422 2596 1631 2639 purgandum.

885 2638 1020 2678 Mappr's,
1035 2638 1076 2669 ad
1091 2648 1126 2668 os
1145 2638 1196 2669 vel
1220 2649 1332 2670 manus
1355 2639 1388 2670 in
1415 2650 1507 2671 coena
1529 2639 1632 2671 deter-

886 2680 1026 2721 gendas3
1051 2679 1125 2712 hinc
1142 2692 1249 2721 mappa
1267 2682 1308 2712 ab
1322 2682 1394 2724 ejus
1410 2693 1470 2713 usu
1487 2683 1544 2713 inf.
1563 2682 1586 2718 i,
1603 2685 1634 2721 5,

888 2725 921 2759 8,
939 2723 1055 2755 dicitur
1072 2726 1209 2755 sordida.
1257 2725 1414 2766 Virgilius
1437 2727 1490 2756 has
1514 2737 1637 2766 mappas

890 2773 984 2798 vocat
1011 2767 1090 2798 AEn.
1115 2767 1138 2803 i,
1165 2768 1241 2805 70⁴2,
1267 2769 1425 2799 mantelia.
1470 2768 1509 2800 In
1535 2770 1635 2799 scobe.-

888 2811 966 2841 scobs
990 2810 1038 2841 vel
1066 2812 1157 2841 scobis
1182 2810 1221 2843 de
1245 2811 1386 2853 partibus
1406 2811 1638 2848 minutissimis,

97 2859 232 2926 m
243 2851 420 2884 visceribus
434 2852 649 2883 scombrorum
673 2851 845 2900 praecipue,
891 2863 963 2893 quae
980 2853 1030 2885 vel
1044 2863 1062 2884 e
1080 2853 1172 2889 ferro,
1188 2854 1275 2896 quod
1291 2853 1432 2891 limatur,
1448 2854 1496 2885 vel
1509 2865 1526 2885 e
1539 2854 1638 2895 ligno,

100 2977 147 3011 Ν.

185 2978 273 3017 xxxi,
306 2982 362 3012 44.

255 2894 400 2926 balaeum
425 2905 554 2937 quoque
578 2900 610 2926 et
625 2894 756 2926 aliorum
781 2905 847 2937 prs·
891 2896 977 2937 quod
994 2902 1133 2928 serretur
1146 2897 1315 2928 dolabrave
1337 2897 1526 2938 perforatur,
1553 2895 1638 2927 deci-

99 2935 187 2968 einm
208 2937 402 2969 marinorum
415 2937 590 3012 lffctgetfiijaz-
612 2936 850 3017 vsirgiul-{liriAcllr-l·2
892 2939 975 2970 dunt
989 2939 1078 2981 (nos,
1097 2939 1359 2981 Hammerschlag‚
1377 2939 1537 2981 Eisenfeil,
1561 2939 1638 2980 S'a'g-

894 2981 1003 3023 spa'ne)
1016 2994 1026 3019 ,·
1052 2982 1258 3024 spargebatur
1271 2987 1377 3014 autem
1392 2983 1482 3018 scobs,
1501 2987 1546 3019 ut,
1563 2981 1639 3013 dum

849 3023 906 3056 nd
