1904 3314
0 2737 2 2752 ζ
38 2702 132 2736 ·Pis.
161 2705 238 2736 432.

617 211 767 242 1NDEx
800 210 1064 239 VERBORUM.
1104 231 1108 234 »

69 339 200 415 deba.
245 299 598 390 lfythagoraeFcogpata
625 342 694 372 Sat.
723 339 765 390 ii..
779 319 820 390 ι(ξ,

56 418 58 420 ,
116 406 126 415 .
167 384 209 416 de
227 386 315 417 mille
337 386 420 417 fabae
440 384 552 416 modus
569 394 669 426 quum
688 393 819 426 surripis

69 435 172 459 unum
186 427 250 470 Ep.
266 428 288 464 i,
306 429 357 464 16,
372 429 426 460 55.
469 426 502 459 in
518 427 620 458 cicere
636 432 732 469 atque
748 426 822 458 faba

15 493 18 497 ⁴
67 468 157 501 hona
168 476 202 502 tu
219 471 332 514 perdas
346 472 414 502 Sat.
430 470 465 507 ii,
482 471 514 505 3.
532 470 605 500 182.

129 513 240 545 abella.
276 513 374 556 garrit
389 513 490 544 aniles
505 512 638 544 fabellas
653 513 718 543 Sat.
737 511 771 548 ii,
787 513 821 550 6,

71 553 92 586 7
119 576 128 586 .
172 566 297 588 narrare
314 557 460 588 fabellam
479 556 539 598 Ep.
556 555 589 591 ii,
609 557 637 591 l,
650 556 727 587 200.

102 597 213 640 faber.
258 600 345 632 faber
368 598 479 631 maluit
505 597 586 640 (me)
614 608 684 630 esse
713 599 819 630 Deum

69 640 136 673 Sat.
151 639 175 677 i,
190 642 222 677 8.
236 643 271 674 2.
314 643 401 674 faber
418 651 501 673 unus
522 651 645 682 ungues
665 641 821 684 exprimet

24 700 27 706 =
68 682 132 726 Ep.
147 684 188 716 ad
202 685 270 717 Pis.
287 686 342 717 32.
371 685 450 718 fabri
468 683 594 716 fabrilia
607 690 744 716 tractant
759 685 821 726 Ep.

69 725 105 762 ii,
124 728 154 763 1,
175 729 248 760 116.
291 738 363 760 cras
384 727 574 760 ferramenta
595 727 739 759 Teanum
761 728 820 758 tol-

66 767 154 844 letils.
173 769 253 802 fabri
273 771 336 815 Ep.
351 770 374 807 i·,
392 772 422 806 1,
437 771 494 803 87.
540 770 621 801 fabri
637 770 741 802 eboris
760 771 821 813 Ep.

68 810 104 852 ii,
142 835 152 848 ,
168 813 224 845 96.

100 855 276 898 fabricare.
320 855 428 892 armis,
452 867 526 898 quae
550 861 621 899 post
645 855 818 887 fabricave-

66 903 116 930 nt
130 907 206 930 usus
221 899 289 931 Sat.
302 898 326 935 i,
343 900 376 935 3,
398 900 470 931 102.

101 940 247 984 ]ὃῠνιίι“ε.
291 941 372 973 fabri
388 941 515 974 fabrilia
538 946 676 974 tractant
699 943 761 984 Ep.
784 940 818 977 ii,

99 1027 231 1071 fabula.
279 1028 310 1064 1,
327 1037 392 1059 non
406 1028 505 1070 longa
519 1033 567 1060 est
583 1027 692 1058 fabula
707 1028 775 1058 Sat.
794 1026 816 1062 i,

70 1070 101 1107 l,
117 1071 174 1102 95.
217 1070 339 1107 fabula,
353 1081 419 1112 qua
435 1078 579 1103 narratur
595 1070 723 1103 Graecia
736 1071 817 1101 Bar-

67 1110 168 1150 bflvtiae
185 1113 300 1146 collisa
319 1113 428 1145 duello
453 1116 514 1156 Ep.
535 1114 558 1149 i,
577 1115 610 1149 2,
630 1115 662 1145 6.
708 1113 819 1144 fabula

67 1156 264 1198 quantafui!
291 1157 395 1200 Epod.
409 1159 460 1194 ll,
473 1158 504 1188 8.
536 1156 648 1188 fabula
657 1157 715 1187 fias
728 1156 821 1198 Ep.i,

71 1199 124 1235 13,
148 1201 182 1232 9.
224 1201 257 1236 2,
282 1211 325 1231 sc.
341 1201 447 1242 ficta.-
475 1200 551 1241 quid
579 1200 638 1231 ista
665 1200 740 1230 velit
762 1198 822 1230 sibi

67 1241 190 1278 fabula,
206 1243 264 1274 ede
280 1243 347 1274 Sat.
362 1243 394 1276 ii.
408 1245 443 1279 5,
457 1244 527 1274 61..
556 1248 676 1274 mutato
692 1243 819 1274 nomine

65 1284 108 1316 de
127 1290 159 1317 te
177 1286 286 1317 fabula
304 1293 450 1318 narratur
473 1288 542 1318 Sat.
567 1286 590 1321 i,
617 1287 646 1323 1,
672 1286 726 1317 70.
772 1285 819 1317 fa-

69 1327 156 1360 bulae
176 1329 294 1360 Manes
314 1328 380 1360 Od.
402 1329 423 1365 i,
441 1331 472 1364 4,
492 1330 542 1361 16.
587 1330 618 1366 3,
633 1339 733 1368 poema
758 1339 818 1358 sce-

34 1409 36 1411 >
65 1373 169 1405 nicrum
182 1384 192 1402 .·
229 1370 386 1403 interdum
419 1372 560 1414 speciosa
595 1371 673 1402 locis
709 1370 819 1402 fabula

66 1413 194 1456 Ep.·ad
217 1414 284 1447 Pis.
306 1415 383 1446 320.
427 1414 558 1446 Terenti
578 1416 646 1446 Sat.
665 1413 686 1448 i.
710 1415 743 1449 2,
764 1415 819 1444 21.

61 1456 155 1488 Attae
176 1458 239 1500 Ep.
259 1457 294 1496 ii,
317 1458 348 1494 1,
363 1459 420 1489 80.
464 1457 570 1493 cadat,
591 1467 632 1488 an
653 1462 737 1487 recto
759 1462 820 1487 stet

68 1498 176 1532 fabula
201 1500 268 1532 talo
297 1501 359 1543 Ep.
384 1499 418 1537 ii,
447 1502 476 1538 1,
507 1502 578 1532 176.
624 1510 682 1532 nec
711 1505 820 1541 poscat

65 1542 130 1574 tibi
150 1542 263 1575 fabula
284 1543 370 1575 credi
393 1544 454 1586 Ep.
477 1543 518 1575 ad
542 1543 611 1575 Pis.
635 1544 711 1575 339.
758 1553 819 1574 neu

68 1585 111 1618 sit
124 1585 239 1623 minor,
258 1596 321 1618 neu
341 1586 383 1618 sit
401 1586 514 1629 quinto
535 1586 719 1630 productior
739 1591 815 1617 actu

66 1628 177 1661 fabula
191 1630 254 1672 Ep.
269 1630 310 1661 ad
326 1629 394 1661 Pis.
412 1631 485 1662 190.

98 1672 278 1716 jhbulosus.
323 1673 418 1704 altrix
445 1672 512 1704 Od.
537 1671 583 1708 iii,
607 1673 640 1709 4,
663 1673 698 1704 9.
745 1672 816 1713 Hy-

66 1713 182 1758 daspes
198 1716 263 1748 Od.
277 1714 301 1750 i.
316 1716 371 1752 22,
387 1717 418 1747 7.

98 1759 221 1800 jovem.
268 1760 298 1797 1,
323 1759 403 1790 bene
421 1760 487 1790 Sat.
506 1757 528 1794 i,
551 1760 582 1795 4,
604 1758 656 1789 17.
703 1757 818 1789 melius

66 1800 135 1833 Sat.
151 1801 185 1840 ii,
197 1803 229 1839 6,
246 1802 278 1833 4.
316 1808 401 1834 recte
420 1803 480 1844 Ep.
497 1802 520 1838 i,
537 1803 566 1838 l,
580 1803 644 1839 60;
668 1801 747 1832 ibid.
762 1802 817 1833 63.

65 1843 198 1876 viriliter
220 1846 284 1888 Ep.
303 1845 325 1882 i,
351 1845 400 1881 17,
421 1846 475 1877 38.
520 1855 635 1887 pravus
654 1843 731 1875 facis
752 1845 818 1876 Sat.

65 1886 89 1923 i,
105 1889 138 1924 4,
155 1888 230 1930 79..
257 1888 361 1920 soleas
376 1888 451 1920 fecit
467 1889 535 1919 Sat.
552 1888 574 1923 i,
591 1889 623 1922 3,
646 1889 721 1919 128.
768 1887 818 1918 in-

63 1935 181 1967 certus,
201 1941 366 1963 scamnum
389 1931 548 1963 faceretne
574 1930 723 1973 Priapum
749 1931 815 1962 Sat.

65 1971 88 2009 i,
110 1974 142 2012 8,
157 1974 190 2006 2.
232 1984 342 2006 versus
363 1974 465 2006 facere
485 1975 551 2005 Sat.
573 1973 595 2009 i,
617 1975 667 2012 10,
683 1974 740 2010 2⁸²,
761 1975 816 2010 25,

67 2016 131 2054 '703
155 2017 222 2049 Sat.
238 2017 272 2053 ii,
292 2019 321 2053 l,
337 2020 380 2056 53
403 2019 472 2049 Sat.
490 2017 524 2052 ii,
541 2018 675 2054 7,117;
700 2017 760 2058 Ep.
778 2017 814 2052 ii,

69 2060 99 2098 1,
117 2060 206 2100 266;
230 2061 294 2102 ΕΡ.
313 2060 348 2097 ii,
370 2062 402 2096 2,
424 2062 488 2097 52;
513 2061 572 2102 Ep.
592 2059 632 2090 ad
656 2060 722 2092 Pis.
742 2061 817 2091 427.

59 2102 238 2135 versiculos
259 2103 364 2136 facere
387 2105 457 2135 Sat.
481 2102 508 2139 ἱ,-
534 2104 581 2139 ΙΟ,
604 2104 658 2134 32.
705 2113 816 2146 poema

21 2138 33 2151 ⁸
66 2145 130 2188 Ep.
151 2145 186 2184 ii,
207 2147 241 2183 2,
263 2148 344 2185 1093
370 2147 430 2189 Ep.
454 2146 494 2177 ad
518 2145 588 2177 Pis.
612 2147 688 2177 303.
734 2145 815 2178 adde

126 2194 222 2224 mata,
243 2199 317 2230 quae
341 2189 367 2220 si
394 2189 465 2231 quis
487 2198 584 2220 sanus
607 2189 694 2225 fecit,
718 2199 816 2220 sanus

119 2230 146 2262 's
158 2237 194 2263 et
209 2237 242 2264 tu
265 2232 334 2264 Sat.
354 2231 389 2268 ii,
405 2234 438 2269 3,
455 2233 532 2264 322.
575 2232 670 2263 verba
690 2233 757 2263 Sat.
780 2232 814 2268 ii,

62 2274 98 2310 3,
120 2275 198 2307 231.
242 2275 372 2306 arbitria
395 2275 460 2307 Od.
483 2275 524 2310 iv,
551 2275 583 2313 7,
605 2275 660 2306 22.
704 2275 812 2317 auspi-

63 2316 153 2348 cium
174 2318 237 2360 Ep.
253 2318 276 2354 i,
296 2319 326 2354 1,
343 2319 398 2350 86.
442 2317 580 2349 officium
605 2317 688 2349 facio
711 2318 772 2360 Ep.
789 2318 811 2355 i,

66 2360 119 2396 17.
135 2361 192 2392 21.
239 2361 356 2392 furtum
371 2362 438 2392 Sat.
454 2361 477 2398 i,
493 2363 527 2397 3,
544 2362 587 2392 94
603 2373 611 2400 ;
636 2362 698 2403 Ep.
715 2360 736 2397 i,
757 2362 809 2396 16,

62 2403 119 2435 46.
148 2402 266 2446 injuria
280 2403 427 2436 facienda
441 2405 509 2440 Sat.
524 2404 559 2441 ii,
575 2405 607 2442 6,
622 2404 677 2436 28.
714 2404 815 2435 multa

60 2445 155 2478 nobis
170 2446 256 2478 mala
271 2447 407 2479 facimus
421 2449 480 2490 Ep.
496 2447 531 2484 ii,
551 2448 581 2484 l,
595 2448 674 2479 219.
718 2447 813 2489 quid-

60 2488 109 2565 31}
128 2490 388 2565 {gprobripdmtet
408 2490 511 2539 facere
533 2495 565 2563 eft
589 2490 747 2564 patiEOd3
768 2490 813 2564 iili,

51 2559 57 2564 .
110 2555 120 2569 ,
180 2555 190 2564 .
234 2543 273 2564 su
316 2543 360 2570 e,
398 2543 524 2569 u1,rem
552 2543 639 2564 acras
715 2544 763 2569 .ι,
804 2557 812 2571 ,

60 2574 116 2607 65.
155 2575 258 2607 multa
272 2575 346 2607 tulit
363 2544 500 2618 dicitque
516 2586 593 2618 puer
609 2576 669 2618 Ep.
685 2544 724 2607 :fd
743 2576 811 2608 Pis.

58 2618 138 2650 413.
181 2628 279 2650 causa
293 2629 363 2650 mea
380 2619 539 2667 permulta
560 2618 636 2650 fecit
653 2621 721 2650 Sat.
739 2619 762 2655 i,
779 2621 810 2656 4,

58 2660 119 2692 98.
161 2661 274 2693 dicunt
287 2667 320 2694 et
335 2661 459 2692 faciunt
474 2672 568 2704 prope
585 2661 676 2704 plura
693 2662 756 2704 Ep.
773 2662 812 2694 ad

295 2714 447 2746 magnum
476 2705 564 2740 fecit,
595 2704 681 2746 quod
711 2705 814 2736 verbis

62 2746 179 2779 Graeca
204 2747 328 2779 Latinis
357 2746 487 2779 miscuit
517 2748 587 2779 Sat.
617 2746 639 2783 i,
674 2749 726 2786 10,
756 2750 811 2780 20.

61 2799 103 2823 ne
118 2789 248 2832 longum
270 2790 385 2822 faciam
406 2793 472 2822 Sat.
491 2789 514 2826 i,
530 2791 563 2828 3,
582 2791 664 2828 137;
689 2791 758 2822 Sat.
775 2790 810 2827 ii,

63 2832 96 2870 l,
118 2834 174 2865 57.
220 2833 315 2866 habes
339 2839 514 2869 auctorem,
537 2843 602 2875 quo
628 2833 727 2864 facias
751 2834 811 2866 hoc

60 2874 132 2908 sat.
145 2876 168 2913 i,
185 2878 218 2911 4.
235 2877 309 2909 122.
354 2887 447 2908 nemo
467 2877 528 2908 hoc
550 2886 745 2917 mangonum
765 2877 810 2908 sa-

55 2923 147 2950 eeret
166 2918 224 2953 tibi
242 2920 269 2952 E
293 2943 302 2952 .
321 2919 356 2956 ii,
371 2921 406 2955 2,
426 2921 478 2951 13.
525 2919 607 2952 idem
629 2919 706 2951 facit
725 2920 811 2952 occi-

60 2959 153 2993 denti
169 2962 231 3004 ΕΡ.
246 2973 265 2994 ιι
304 2963 372 2994 Pis.
385 2964 461 2994 467.
497 2962 524 2993 si
540 2962 617 3004 quid
632 2962 702 2993 miri
718 2963 814 2994 faciat

63 3010 180 3036 natura
195 3005 263 3037 Sat.
280 3006 303 3044 i,
319 3007 352 3042 5,
372 3007 444 3038 102.
479 3005 612 3048 jubebat
628 3012 663 3037 ut
680 3006 812 3039 facerem

1533 201 1614 242 641

864 297 942 338 quid
953 298 1022 329 Sat.
1034 298 1056 334 i,
1067 298 1099 334 4,
1119 299 1190 330 122.
1221 298 1335 330 faciam
1347 299 1431 341 quod
1443 300 1538 332 vultis
1549 302 1617 334 Sat.

865 340 888 375 i,
905 342 934 376 1,
951 341 1002 372 16.
1030 351 1069 372 ne
1084 340 1194 377 facias,
1208 341 1294 384 quod
1314 342 1495 374 Ummidius
1511 346 1578 375 Sat.
1591 346 1613 381 i,

868 383 898 420 1,
913 385 968 415 94.
998 383 1151 419 faciasne,
1168 385 1253 425 quod
1269 385 1345 415 olim
1362 391 1501 416 mutatus
1518 387 1612 418 Pole-

866 436 938 457 mon
955 426 1021 457 Sat.
1039 426 1072 458 ii.
1085 427 1118 463 3,
1135 428 1211 458 253.
1250 427 1294 458 nil
1312 427 1406 458 faciet
1419 428 1546 460 sceleris
1561 429 1613 471 pia

864 467 995 500 dextera
1011 470 1078 500 Sat.
1096 469 1130 507 ii,
1149 471 1178 506 1,
1195 471 1250 501 54.
1297 470 1342 500 nil
1361 481 1437 502 sane
1454 471 1529 503 fecit
1544 473 1611 503 Sat.

863 510 898 547 ii,
923 513 956 548 3,
983 513 1055 543 138.
1099 513 1245 553 quamvis
1269 513 1313 544 nil
1335 519 1424 544 extra
1448 524 1612 546 numerum

864 554 978 586 fecisse
995 565 1090 586 curas
1113 556 1174 598 Ep.
1197 556 1221 593 i,
1243 557 1293 592 18,
1311 557 1366 587 59.
1412 562 1444 588 tu
1464 557 1542 588 nihil
1563 557 1614 589 in-

864 597 929 628 vita
951 597 1038 629 dices
1061 596 1196 629 faciesve
1220 598 1368 630 Minerva
1392 600 1455 642 Ep.
1480 601 1521 631 ad
1545 601 1614 634 Pis.

865 641 940 672 385.
986 640 1071 682 quod
1100 642 1179 672 bene
1208 641 1320 673 feceris
1346 642 1410 673 Od.
1434 643 1476 679 iv,
1501 645 1533 682 8,
1556 645 1613 675 21.

865 694 936 725 quae
960 683 1062 715 facere
1086 683 1154 726 ipse
1177 695 1319 716 recusem
1344 686 1405 726 Ep.
1430 685 1464 721 ii,
1490 688 1516 721 1,
1537 688 1613 718 208.

864 726 1079 768 quodeunque
1095 727 1170 758 facit
1188 729 1350 758 Maecenas
1366 729 1432 759 Sat.
1449 728 1524 767 ii,3,
1537 731 1614 760 312.

864 779 953 806 cave,
978 769 1058 800 faxis
1081 776 1110 802 te
1135 770 1313 812 quidquam
1341 771 1508 812 indignum
1536 771 1616 804 ibid.

864 813 918 844 38.
962 812 1041 854 quid
1064 812 1179 845 faciam
1203 813 1268 845 Od.
1291 813 1337 849 iii,
1362 815 1416 852 28,
1439 815 1479 852 2;
1503 815 1568 846 Sat.
1594 815 1615 852 i,

862 855 895 892 3,
918 857 984 893 943
1008 857 1075 887 Sat.
1097 856 1118 892 i,
1132 857 1166 891 9,
1186 858 1250 896 40;
1275 857 1343 888 Sat.
1362 856 1395 895 ii,
1417 858 1444 893 1,
1464 859 1508 893 5;
1533 858 1612 889 ibid.

862 899 930 937 24;
955 900 1016 941 ΕΡ.
1039 899 1074 934 ii,
1094 901 1126 936 2,
1150 901 1205 931 57.
1251 899 1329 941 quid
1349 906 1471 942 oportet
1491 911 1547 931 nos
1569 902 1614 932 fa-

863 943 957 973 cere?
982 944 1049 973 Sat.
1074 941 1095 978 i,
1117 944 1150 978 6,
1179 944 1231 974 18.
1275 944 1354 984 quid
1378 944 1521 975 faceres!
1547 946 1615 977 Sat.

862 984 885 1020 i,
907 986 940 1020 5,
963 986 1018 1016 59.
1063 985 1140 1027 quid
1160 985 1258 1017 facias
1279 986 1349 1017 illi!
1373 987 1440 1017 Sat.
1460 986 1483 1022 i,
1513 989 1539 1023 1,
1561 989 1616 1020 63.

862 1026 1015 1059 incolumi
1034 1029 1192 1070 Mitylene
1208 1029 1342 1077 pulchra
1356 1029 1442 1066 facit,
1459 1030 1544 1071 quod
1562 1042 1614 1072 pe·

863 1070 941 1102 nula
963 1071 1099 1102 solstitio
1123 1073 1186 1114 Ep.
1209 1083 1231 1108 1,
1256 1073 1305 1110 ll,
1335 1074 1380 1105 17.
1427 1073 1503 1113 quid
1527 1074 1614 1105 enim

863 1113 950 1155 Ajax
967 1114 1063 1146 fecit'!
1087 1115 1155 1146 Sat.
1167 1114 1201 1151 ii,
1218 1117 1250 1151 3.
1265 1116 1342 1147 202.
1387 1116 1463 1158 quid
1482 1127 1567 1148 nunc
1584 1123 1614 1148 te

866 1156 971 1188 dicam
989 1157 1116 1188 facere!
1142 1158 1203 1201 Ep.
1215 1158 1237 1194 i,
1255 1160 1286 1194 4,
1303 1159 1335 1189 2.
1381 1160 1534 1201 numquid
1554 1171 1613 1200 ego

868 1199 915 1230 illi
936 1199 1052 1231 faciam
1071 1200 1199 1232 simile‘!
1224 1202 1292 1232 Sat.
1312 1201 1334 1239 i,
1350 1202 1380 1238 4,
1402 1203 1476 1234 137.
1520 1203 1612 1234 inho-

864 1249 988 1274 nestum
1005 1250 1052 1274 est
1072 1249 1104 1274 et
1124 1243 1236 1276 inutile
1255 1245 1343 1276 factu
1365 1245 1431 1276 Sat.
1447 1247 1468 1282 i,
1485 1246 1516 1282 4,
1538 1247 1612 1278 124.

863 1292 1003 1317 sumtum
1034 1287 1102 1317 Sat.
1129 1287 1151 1323 i,
1178 1288 1211 1322 2,
1238 1288 1299 1325 19,
1332 1288 1393 1329 ΕΡ.
1420 1287 1454 1325 ii,
1478 1289 1511 1323 2,
1538 1290 1612 1321 196.

863 1329 961 1359 funus
978 1329 1101 1371 egregie
1118 1329 1237 1361 factum
1255 1332 1322 1361 Sat.
1339 1330 1373 1365 ii,
1390 1333 1422 1366 5,
1443 1332 1517 1362 106.
1555 1341 1612 1363 au-

863 1370 923 1402 laea
943 1371 1051 1403 ruinas
1074 1372 1172 1403 fecere
1196 1374 1264 1405 Sat.
1287 1373 1322 1408 ii,
1344 1375 1377 1409 8,
1393 1375 1447 1405 55.
1493 1378 1526 1410 2,
1542 1377 1610 1406 red-

862 1416 952 1445 dere:
978 1425 1027 1446 me
1048 1415 1150 1446 fecisti
1171 1415 1363 1457 locupletem
1385 1418 1446 1458 Ep.
1469 1417 1490 1452 i,
1510 1418 1542 1454 7,
1563 1419 1614 1450 15.

863 1456 981 1498 pingue
995 1468 1095 1500 pecus
1111 1458 1210 1489 facias
1231 1458 1360 1489 domino
1379 1460 1443 1491 Sat.
1462 1459 1495 1496 ii,
1511 1461 1543 1498 6,
1565 1462 1614 1493 14.

863 1500 947 1540 quod
969 1501 1057 1542 prius
1079 1501 1189 1532 ordine
1216 1501 1344 1533 verbum
1371 1508 1431 1537 est,
1456 1503 1613 1544 posterius

863 1542 962 1574 facias
985 1545 1052 1575 Sat.
1070 1543 1093 1580 i,
1116 1546 1148 1580 4,
1171 1545 1227 1575 59.
1274 1544 1332 1575 hoc
1357 1550 1496 1576 teneram
1518 1546 1614 1579 faciet

860 1587 1300 1662 ..0222531203232223331’f
1463 1595 1613 1666 usses

860 1671 959 1704 virtus
975 1679 1030 1704 tua
1046 1673 1120 1704 fecit
1132 1673 1269 1704 amicum
1286 1674 1353 1704 Sat.
1370 1674 1401 1708 ii,
1416 1677 1446 1711 5,
1461 1676 1513 1706 33.
1542 1675 1608 1707 fac-

861 1720 929 1746 tum
951 1716 1129 1757 corruptius
1150 1716 1240 1747 imbri
1261 1715 1354 1758 (iter)
1377 1718 1443 1748 Sat.
1462 1717 1484 1755 i,
1502 1720 1536 1753 5,
1557 1720 1612 1750 95.

862 1757 926 1788 illis
942 1769 990 1790 me
1006 1759 1082 1790 facit
1096 1758 1234 1790 invisum
1252 1760 1315 1800 Ep.
1332 1760 1354 1795 i,
1376 1762 1424 1795 15,
1439 1762 1470 1792 4.
1515 1772 1612 1803 quem

864 1811 926 1832 non
951 1802 1052 1833 fecere
1079 1801 1257 1833 disertum!
1287 1802 1346 1844 Ep.
1371 1803 1392 1837 i,
1418 1805 1450 1838 5,
1478 1805 1528 1835 19.
1577 1811 1612 1836 ut

863 1844 988 1887 propria
1006 1845 1075 1876 haec
1094 1845 1171 1876 mihi
1189 1856 1318 1876 munera
1340 1845 1422 1876 faxis
1442 1847 1510 1877 Sat.
1527 1847 1561 1882 ii,
1579 1850 1611 1884 6,

862 1889 894 1918 5.
939 1888 1024 1930 quod
1039 1898 1131 1919 cures
1143 1889 1304 1931 proprium
1320 1888 1432 1920 fecisse
1447 1891 1504 1931 Ep.
1521 1890 1543 1926 i,
1560 1892 1611 1928 17,

860 1931 892 1961 5.
938 1931 965 1961 si
989 1941 1091 1973 neque
1116 1931 1267 1973 majorem
1291 1931 1353 1962 feci
1381 1931 1500 1963 ratione
1528 1934 1613 1966 mala

861 1983 937 2010 rem,
958 1984 1015 2005 nec
1039 1985 1110 2005 sum
1134 1974 1276 2005 facturus
1299 1974 1374 2005 vitio
1395 1975 1532 2017 culpave
1553 1977 1612 2007 mi-

861 2026 967 2048 norem
985 2018 1054 2049 Sat.
1071 2017 1106 2053 ii,
1124 2018 1156 2054 6,
1174 2018 1206 2053 6,
1223 2019 1256 2049 7.
1290 2028 1330 2048 ne
1343 2017 1446 2059 majus
1463 2018 1563 2050 facias
1579 2019 1612 2051 id

861 2060 927 2090 Sat.
944 2060 977 2095 ii,
994 2061 1027 2096 3,
1047 2061 1119 2091 177.
1165 2060 1267 2092 facere
1286 2066 1318 2092 et
1339 2071 1463 2092 servare
1483 2062 1611 2094 beatum

861 2103 921 2145 Ep.
941 2103 963 2140 i,
981 2104 1014 2140 6,
1031 2105 1076 2143 23
1100 2102 1179 2135 ibid.
1196 2104 1250 2135 47.
1294 2109 1326 2135 te
1348 2103 1407 2134 hoc
1427 2103 1503 2135 facit
1523 2105 1608 2137 insa-

860 2155 935 2176 num
959 2147 1026 2177 Sat.
1046 2147 1068 2182 i,
1085 2148 1116 2182 2,
1134 2147 1188 2177 97.
1234 2148 1265 2182 3,
1289 2154 1422 2178 nostrum
1444 2149 1534 2183 than,
1554 2160 1611 2189 pro

858 2191 946 2220 verbo
964 2191 1097 2229 prun'me
1115 2191 1325 2221 antecedenti.-
1351 2189 1411 2220 hoc
1429 2190 1547 2222 faciens
1563 2192 1610 2223 vi-

861 2241 929 2262 vam
946 2231 1060 2263 melius
1081 2233 1150 2263 Sat.
1170 2233 1191 2268 i,
1206 2234 1238 2268 4,
1259 2234 1331 2264 135.
1378 2243 1481 2274 neque
1498 2240 1531 2265 tu
1549 2234 1610 2267 hoc

857 2273 936 2306 sacis
963 2274 1061 2316 Argis
1089 2276 1156 2306 Sat.
1182 2275 1217 2312 ii,
1242 2277 1275 2311 3,
1302 2277 1375 2307 132.
1421 2283 1488 2307 tum
1515 2288 1611 2319 gener

857 2317 917 2348 hoc
939 2318 1034 2350 faciet
1052 2319 1119 2349 Sat.
1142 2318 1174 2355 ii,
1197 2320 1229 2352 5.
1249 2319 1302 2350 66.
1349 2329 1406 2350 nec
1428 2321 1524 2351 semel
1547 2321 1607 2353 hoc

857 2360 933 2392 fecit
952 2362 1011 2404 Ep.
1033 2362 1073 2392 ad
1091 2360 1158 2393 Pis.
1173 2363 1248 2393 468.
1294 2361 1430 2393 libenter
1451 2369 1611 2404 quatenus

859 2403 891 2435 id
908 2404 986 2435 facit
998 2406 1064 2436 Sat.
1078 2404 1099 2440 i,
1120 2406 1148 2442 1,
1164 2406 1216 2436 64.
1252 2405 1337 2446 quod
1355 2405 1387 2435 ni
1405 2405 1531 2437 fecisset
1544 2409 1610 2440 Sat.

858 2447 881 2482 i,
893 2448 926 2483 9,
943 2448 995 2478 37.
1040 2453 1178 2489 ternpore
1195 2459 1269 2479 num
1290 2447 1409 2479 faciant
1425 2449 1529 2480 alieno
1542 2451 1610 2482 Sat.

859 2490 880 2526 i.
900 2491 933 2526 4,
955 2491 1008 2522 78.
1054 2501 1116 2521 non
1138 2490 1265 2527 faciam,
1286 2490 1342 2522 ille
1361 2492 1427 2523 Sat.
1451 2491 1474 2529 i,
1498 2493 1530 2528 9,
1555 2495 1609 2526 41.

859 2533 891 2564 ni
915 2533 960 2565 sic
985 2533 1134 2566 fecissent
1157 2534 1224 2565 Sat.
1246 2534 1280 2571 ii,
1302 2535 1334 2570 3,
1357 2536 1412 2565 85.
1459 2536 1490 2572 4,
1515 2539 1610 2568 susci-

853 2587 945 2616 pere:
973 2576 1032 2608 iter
1056 2576 1122 2608 Od.
1146 2576 1168 2612 i,
1191 2578 1246 2613 22,
1271 2578 1315 2614 63
1347 2579 1414 2608 Sat.
1443 2577 1477 2615 ii,
1500 2579 1532 2614 6,
1556 2581 1610 2611 43.

856 2621 888 2655 5,
904 2621 1051 2650 «estimare
1066 2632 1073 2649 .-
1098 2619 1199 2662 pluris
1218 2622 1286 2651 Sat.
1307 2619 1330 2657 i,
1345 2622 1378 2655 9,
1395 2622 1450 2651 23.
1496 2623 1610 2663 quanti

857 2672 908 2694 me
930 2662 1027 2693 facias
1051 2663 1112 2704 Ep.
1135 2661 1157 2698 i,
1177 2663 1209 2698 9,
1230 2665 1262 2694 2.
1308 2663 1340 2699 6,
1364 2665 1487 2700 locutio,
1510 2667 1611 2701 fucere

858 2717 928 2736 cum
950 2707 1071 2746 aliquo.-
1101 2715 1225 2737 mecum
1250 2705 1328 2737 facit
1351 2707 1413 2748 Ep.
1437 2707 1470 2742 ii,
1500 2701 1530 2744 1,
1554 2710 1609 2740 68.

855 2747 1143 2779 mecum'sacientia
1157 2748 1230 2790 jura
1247 2749 1308 2791 Ep.
1325 2748 1360 2785 ii,
1377 2751 1409 2784 2,
1426 2751 1481 2781 23.
1514 2752 1610 2782 versi-

855 2791 920 2822 culi
951 2792 1052 2832 magis
1081 2790 1156 2822 facti
1184 2793 1370 2833 (elaborati)
1403 2794 1472 2823 Sat.
1501 2793 1522 2829 i.
1561 2796 1610 2829 10,

856 2835 910 2866 58.
955 2834 1058 2865 factus
1081 2834 1122 2865 ad
1150 2845 1291 2877 unguem
1318 2835 1411 2866 homo
1436 2836 1503 2868 Sat.
1527 2836 1548 2874 i,
1573 2838 1607 2873 5,

858 2963 888 3004 gi

859 3006 926 3037 Sat.
962 3006 983 3045 i,
1018 3007 1069 3044 10,
1101 3009 1154 3037 44.

816 3062 835 3081 τ
853 3056 864 3080 t

890 2920 1028 2994 lfacetus.
1075 2921 1105 2956 1,
1131 2920 1228 2952 molle
1250 2926 1347 2962 atque
1371 2921 1509 2952 facetum
1536 2921 1610 2952 Vir-

905 2975 913 2994 ι

916 2974 935 2994 o
965 2970 1149 2995 annuerunt
1181 2965 1350 2994 Camoenae
1383 2967 1441 3002 (sc.
1471 2963 1611 3003 carmen)

1211 3009 1243 3042 2,
1279 3006 1428 3043 ἀστεῖος·
1479 3006 1611 3042 facetus,
