1904 3314
664 181 896 225 LIBER
927 181 964 233 1,
994 183 1037 224 6.

1547 182 1627 230 331

116 289 174 331 95
205 289 448 346 Carpentes
469 289 568 338 iter,
591 293 634 329 et
654 286 816 328 factum
837 285 1086 341 corruptius
1108 285 1249 327 imbri.

204 357 390 400 Postera
410 362 645 412 tempestas
665 353 840 404 melior3
873 354 942 396 via
962 354 1087 408 pejor
1108 353 1164 395 ad
1185 367 1325 407 usque

205 425 314 468 Bari
333 426 491 469 moenia
510 423 694 480 piscosi:
728 422 888 464 dehinc
911 422 1075 463 Gnatia
1096 420 1284 476 lymphis

203 493 333 536 Iratis
354 500 578 535 exstructa
599 491 722 533 dedit
743 492 946 546 risusque
961 490 1191 546 jocosque,

202 561 324 604 Dum
345 561 516 603 flamma
538 560 630 601 sine
652 566 750 601 tura
768 558 1011 614 liquescere
1031 557 1175 599 limine
1198 572 1322 599 sacro

93 630 176 672 100
206 628 479 672 Persuadere
502 628 646 683 cupit:
680 628 832 669 credat
852 626 1038 668 Judaeus
1061 624 1244 681 Apella;

202 697 308 740 Non
328 711 433 752 ego:
465 710 651 751 namque
674 696 780 737 deos
802 695 935 737 didici
955 709 1156 736 securum
1177 709 1306 750 agere
1328 709 1491 745 aevum3

205 765 318 815 Nec,
341 765 376 806 si
398 765 504 820 quid
527 765 623 805 miri
645 763 774 805 faeiat
795 770 964 813 natura,
987 763 1094 804 deos
1115 762 1162 804 id

201 833 374 876 Tristes
395 848 452 874 ex
473 832 560 874 alto
581 831 680 874 coeli
702 832 930 874 demittere
953 838 1082 873 tecto.

203 901 504 945 Brundusium
523 901 667 957 longae
686 900 786 942 finis
809 900 1059 955 chartaeque
1080 899 1263 954 viaeque.

673 1095 917 1140 SATIRA
948 1096 1029 1139 Vl.

195 1256 320 1306 NoN,
342 1257 458 1311 quia,
482 1256 718 1306 Maecenas,
744 1255 971 1310 Lydorum
993 1256 1202 1311 quicquid
1227 1257 1445 1299 Etruscos

198 1323 388 1366 Incoluit
408 1322 535 1373 fines,
559 1339 684 1366 nemo
706 1323 960 1378 generosior
981 1331 1049 1365 est
1071 1331 1126 1375 te,

196 1391 297 1434 Nec
317 1391 434 1447 quod
458 1406 564 1433 avus
587 1392 666 1432 tibi
687 1398 906 1432 maternus
929 1391 1012 1432 fuit
1035 1399 1166 1446 atque
1189 1399 1412 1447 paternus,

199 1459 318 1503 Olim
339 1460 415 1515 qui
436 1460 601 1515 magnis
623 1459 874 1515 regionibus
908 1459 1222 1514 imperitarent,

143 1529 171 1571 5
201 1528 266 1570 Ut
286 1527 484 1584 plerique
506 1528 663 1578 solent,
685 1538 791 1569 naso
814 1529 1046 1583 suspendis
1069 1529 1242 1570 adunco

202 1596 402 1652 Ignotos,
425 1603 473 1638 ut
493 1611 561 1638 me
582 1596 785 1638 libertino
807 1603 932 1650 patre
953 1603 1114 1637 natum.

200 1665 312 1707 Cum
333 1664 498 1707 referre
521 1680 669 1720 negas,
692 1662 809 1719 quali
831 1665 886 1705 sit
908 1665 1094 1719 quisque
1117 1672 1298 1720 parente

84 1790 169 1824 usui.

88 1835 182 1866 sima.

128 1879 184 1910 94.
209 1878 323 1914 Rubos,
339 1889 426 1910 nunc
442 1879 542 1910 Ruvo.
571 1878 836 1921 Longum—iter;

86 1920 180 1952 Rubi
194 1921 279 1954 enim
295 1931 314 1953 a
331 1921 475 1954 Canusio
492 1920 711 1952 Brundusium
728 1931 838 1952 versus

87 1963 199 2012 viginti
215 1964 276 1996 tria
298 1964 459 2002 milliaria,
484 1964 660 1996 secundum
679 1963 839 1995 Antonin.

87 2006 165 2039 Iun.
181 2019 213 2051 p.
232 2009 305 2044 116,
322 2007 507 2048 distabant„

129 2051 185 2083 97.
208 2050 288 2082 Bari
303 2053 425 2083 moenia.
471 2051 613 2087 Barium,
634 2050 786 2094 oppidum
804 2049 838 2081 in

86 2092 210 2136 Apulia
255 2093 411 2125 Peucetia
453 2093 659 2130 maritimum,
701 2093 838 2136 piscium

87 2142 230 2180 capturae
244 2142 278 2169 et
292 2143 477 2169 mercaturae
492 2143 716 2180 opportunum.
750 2137 838 2168 Gna-

87 2181 133 2211 tia
163 2180 230 2211 sive
268 2180 419 2223 Egnatia,
455 2181 606 2222 oppidum
645 2179 838 2211 maritimum

87 2223 195 2265 (nunc
211 2223 384 2264 Monopoli)
397 2235 409 2262 ‚·
434 2223 580 2265 Lymphis
594 2223 690 2254 Iratis
703 2230 836 2254 exstruc-

88 2272 133 2303 ta,
151 2266 277 2309 (Schol.
293 2266 415 2308 Cruq.)
439 2267 486 2297 vel
508 2269 579 2308 quia
594 2273 660 2308 eget
676 2268 773 2307 aquis,
790 2268 838 2298 vel

87 2312 166 2350 queml
187 2319 238 2341 eut
262 2310 357 2341 salsas
376 2311 462 2341 habet
483 2316 512 2341 et
534 2321 666 2347 amaras,
690 2311 737 2341 vel
760 2312 838 2351 quod

88 2354 123 2384 in
136 2354 212 2394 pede
225 2355 334 2384 montis
348 2354 408 2384 sita
425 2359 466 2384 est
478 2364 489 2391 ‚·
513 2355 541 2384 ei
556 2355 670 2384 idcirco
692 2355 838 2388 videntur

86 2407 171 2438 aqua
186 2397 292 2434 irasci,
306 2407 375 2427 cum
391 2402 538 2428 torrentes
554 2398 590 2428 de
606 2398 755 2428 montibus
779 2399 835 2427 im-

83 2445 160 2480 pem
173 2449 284 2480 magno
297 2441 491 2471 decurrentes
511 2451 584 2480 saepe
605 2451 731 2482 magnus
753 2441 838 2470 urbis

86 2488 190 2523 partes
204 2484 350 2514 diruunt.

129 2526 184 2558 99.
208 2525 294 2556 Dum
360 2537 439 2556 mma
451 2526 527 2560 sine.
545 2530 623 2556 cett.
643 2525 727 2557 Rem
744 2524 837 2556 illus-

89 2572 151 2600 trae
176 2567 304 2600 Plinius
329 2569 374 2600 H.
391 2569 438 2600 N.
454 2567 489 2606 ii,
517 2569 590 2603 lll,
618 2568 658 2599 In
680 2569 839 2600 Salentino

86 2613 198 2652 oppido
225 2611 364 2654 Egnatia
394 2613 531 2652 imposito
561 2613 646 2654 ligno
670 2614 701 2643 in
732 2622 838 2644 saxum

87 2655 236 2696 quoddam
251 2656 294 2686 ibi
308 2666 444 2691 socrum,
459 2656 600 2695 protinus
609 2656 770 2698 flammam
787 2666 836 2686 ex-

87 2699 178 2730 istere
205 2698 379 2740 (reperitur
411 2700 495 2738 apud
523 2698 699 2738 auctores):
735 2698 775 2730 cf.
799 2698 838 2731 de

87 2739 151 2815 lhae
165 2751 199 2773 re
211 2741 346 2773 Horatio
361 2740 541 2773 incredibili
565 2741 700 2773 Salmas.
716 2741 756 2772 ad
780 2742 838 2773 So„

101 2783 148 2816 in.
162 2793 195 2816 c.
210 2785 244 2816 5.

41 2826 44 2830 ’
136 2827 212 2860 100.
233 2827 362 2859 Judaeus
376 2827 498 2868 Apella,
515 2832 610 2859 notus
625 2826 753 2868 quidam
772 2832 840 2858 tum

90 2869 240 2913 temporis
254 2871 275 2903 J
279 2870 402 2906 udaeus,
419 2871 512 2903 homo
528 2870 776 2913 superstitiosuS,
787 2870 841 2902 cui

90 2921 207 2945 nomen
221 2913 283 2945 fuit
298 2914 422 2954 Apella.

137 2955 211 2987 101.
235 2956 372 2998 Namque
386 2959 453 2988 deos
465 2958 575 2994 didici,
586 2961 662 2988 cett.
673 2967 744 2988 nam
760 2956 838 3000 Epi-

91 3007 188 3030 eurus
223 2999 344 3038 docuit,
389 2999 478 3038 deos,
516 2999 736 3044 imperturbati
781 3000 838 3034 otii

221 1791 380 1825 Posterior
410 1797 494 1835 certe
527 1792 606 1823 ratio
639 1797 684 1823 est
714 1791 834 1834 gravis-

881 1797 1038 1829 amantes,
1067 1802 1114 1823 res
1147 1791 1304 1823 humanas
1336 1803 1399 1824 non
1425 1802 1556 1824 curare:
1593 1793 1635 1825 cf.

883 1835 1012 1867 Lucret.
1030 1835 1072 1870 vi,
1091 1836 1146 1866 57.

928 1879 1004 1909 103.
1031 1879 1155 1915 Tristes,
1173 1877 1329 1920 ejusmodi
1352 1889 1454 1910 rerum
1470 1889 1546 1910 cura
1570 1885 1635 1911 tur-

883 1922 975 1952 batos
990 1921 1083 1963 quasi
1099 1922 1132 1952 in
1148 1921 1205 1952 otii
1221 1921 1402 1953 securitate.

930 1965 1004 1995 104.
1029 1965 1245 1995 Brundusium
1261 1966 1368 2006 Iongae.
1385 1970 1461 1996 cett.
1479 1976 1552 1996 cum
1575 1965 1636 1997 fine

884 2007 1035 2048 longioris
1050 2007 1184 2044 itineris,
1205 2007 1424 2038 Brundusium
1440 2007 1526 2042 facti.
1544 2009 1635 2039 finia-

883 2056 933 2082 tur
945 2061 1072 2093 quoque
1088 2050 1148 2082 hoc
1172 2051 1277 2094 ipsum
1293 2061 1421 2083 carmen
1445 2052 1541 2094 paulo
1564 2052 1634 2083 lon-

882 2103 966 2135 glus·

1129 2180 1215 2211 SAT
1219 2180 1305 2212 IRA
1331 2181 1393 2213 VI.

927 2222 1092 2260 Horatius,
1107 2228 1274 2266 postquam
1290 2224 1448 2267 exposuit,
1461 2223 1538 2266 quid
1554 2223 1634 2256 illud

882 2266 978 2298 suerit
1000 2277 1065 2309 quo
1093 2267 1225 2308 gratiam
1254 2268 1444 2299 Maecenatis
1468 2267 1528 2298 sibi
1548 2279 1632 2298 com-

883 2309 1052 2353 paraverit,
1071 2320 1174 2341 veram
1192 2310 1319 2342 laudem
1336 2321 1399 2342 non
1416 2322 1434 2343 a
1451 2311 1550 2342 nobili
1564 2311 1634 2342 loco

882 2364 945 2396 quo
961 2353 1033 2395 quis
1052 2359 1147 2384 natus
1163 2353 1217 2390 sit,
1233 2354 1287 2385 sed
1312 2364 1331 2385 a
1354 2354 1467 2386 virtute
1490 2360 1634 2398 repeten-

881 2397 955 2428 dam
970 2407 1038 2428 esse
1054 2397 1202 2428 ostendit.

929 2441 1024 2471 l—8.
1051 2440 1132 2476 Non,
1155 2443 1239 2481 quia,
1264 2445 1338 2472 cett.
1362 2451 1496 2473 sensus:
1520 2452 1632 2484 quam-

885 2482 943 2519 vis,
960 2484 1138 2519 Maecenas,
1156 2483 1297 2514 omnium
1322 2484 1527 2516 Etruscorum
1547 2493 1581 2516 tu
1598 2496 1633 2516 es

884 2526 1158 2567 generosissimuS,
1174 2531 1204 2558 et
1219 2538 1275 2569 pro
1292 2526 1412 2569 origine
1423 2533 1478 2559 tua
1490 2539 1527 2560 ex
1540 2535 1634 2568 gente

884 2569 993 2601 Cilnia
1008 2569 1246 2608 nobilissimus3
1270 2575 1388 2609 tamen,
1400 2570 1476 2602 dum
1493 2572 1571 2603 nihil
1586 2583 1632 2603 re-

883 2613 964 2644 ferre
980 2613 1152 2649 existimas.
1170 2613 1259 2654 quali
1284 2619 1373 2656 patre
1399 2614 1517 2656 aliquis
1539 2622 1633 2646 natus

883 2656 935 2693 sit,
960 2655 1067 2693 mod0,
1097 2661 1132 2687 ut
1153 2656 1245 2688 decet
1269 2656 1436 2698 ingenuos,
1464 2658 1635 2690 liberaliter

883 2699 1010 2735 sentiat,
1029 2699 1213 2740 neutiquam
1236 2710 1275 2731 ex
1298 2710 1382 2732 more
1405 2701 1560 2732 nobilium
1584 2702 1633 2742 ig-

883 2742 1018 2780 nobiles,
1040 2747 1076 2773 ut
1100 2752 1162 2778 me,
1178 2742 1234 2784 qui
1258 2743 1406 2775 libertino
1429 2750 1517 2787 patre
1540 2751 1634 2775 natus

884 2795 966 2824 sum,
990 2785 1054 2817 alto
1079 2786 1249 2828 supercilio
1275 2785 1426 2830 despicis.
1474 2788 1634 2829 Lydorum

884 2830 1028 2870 quicquid
1039 2828 1183 2861 Etruscos
1196 2829 1429 2871 Ivzcolustfines,
1441 2841 1541 2861 izemo:
1560 2831 1632 2861 nul-

885 2872 937 2903 lus
961 2871 1104 2904 omnium
1128 2872 1183 2914 qui
1208 2883 1247 2904 ex
1272 2873 1377 2920 Lydia
1401 2873 1573 2914 migrarunt
1601 2874 1633 2904 in

883 2914 1064 2954 Etruriam;
1096 2925 1152 2958 pro
1182 2916 1319 2956 vulgari,
1351 2916 1460 2947 nullus
1491 2916 1631 2946 omnium

883 2959 1088 2990 Etruscorum
1102 2971 1109 2989 :
1135 2958 1392 3000 sequiturautem
1407 2958 1557 2990 Horatius
1568 2969 1634 2995 eos,

882 3001 939 3044 qui
955 3007 1075 3035 veteres
1092 3002 1228 3034 Etruriae
1252 3002 1382 3035 colonos
1407 3002 1512 3043 Lydos
1536 3001 1633 3034 fuisse
