1884 3288
602 182 827 226 LIBER
859 182 944 234 III,
980 184 1046 225 19.

1523 187 1606 228 169

343 285 478 327 Lenis
498 284 689 334 incedas,
711 284 933 338 abeasque
953 284 1099 338 parvis

688 351 867 407 AEquus
889 350 1073 393 alumnis
1090 368 1102 394 ε

285 422 313 463 5
344 421 392 462 Si
411 427 536 463 tener
555 418 686 476 pleno
708 419 826 462 cadit
845 419 1003 461 haedus
1025 435 1155 470 anno,

343 489 492 545 Larga
511 503 591 530 nec
614 489 774 530 desunt
795 487 983 530 Veneris
1006 487 1146 530 sodali

342 556 460 601 Vina
481 565 676 608 craterae,
697 564 821 599 vetus
847 572 924 599 ara
944 556 1080 599 multo

688 626 845 668 Fumat
866 627 1016 668 odore.

341 694 480 736 Ludit
501 694 692 737 herboso
713 709 848 749 pecus
871 709 997 736 omne
1019 708 1188 749 campo,

257 763 311 804 10
341 763 491 811 Quum
511 763 591 804 tibi
611 762 756 804 Nonae
778 762 965 804 redeunt
987 761 1258 802 Decembres
1278 776 1287 801 ε

340 830 500 873 Festus
522 831 566 873 in
586 831 723 887 pratis
744 837 869 872 vacat
891 830 1032 871 otioso

691 899 802 941 Cum
823 900 934 940 bove
956 913 1120 953 pagus:

341 967 463 1010 Inter
483 967 672 1010 audaces
693 967 824 1023 lupus
846 973 964 1008 errat
985 981 1146 1021 agnos:

341 1035 522 1092 Spar-git
542 1043 739 1092 agrestes
762 1036 840 1078 tibi
863 1034 969 1077 silva
990 1034 1170 1076 frondes
1190 1051 1199 1077 :

261 1104 314 1145 15
345 1103 526 1147 Gaudet
545 1105 726 1147 invisam
746 1103 969 1160 pepulisse
991 1103 1135 1145 fossor

686 1172 780 1215 Ter
802 1172 915 1228 pede
937 1179 1111 1214 terram.

603 1330 882 1372 CARMEN
915 1330 1048 1372 XIX.

562 1474 644 1506 AD
693 1475 1097 1507 TELEPHUM.

343 1579 583 1628 QUANTUM
606 1580 740 1622 distet
761 1582 816 1623 ab
838 1580 1003 1623 Inacho

403 1647 592 1698 Code,
612 1664 694 1704 pro
715 1650 859 1705 patria
879 1651 965 1692 non
987 1649 1165 1692 timidus
1187 1649 1310 1699 mori,

53 1800 135 1822 nero
150 1790 282 1823 Curubis
301 1797 331 1822 et
343 1802 434 1832 porco
452 1793 605 1824 bimestri.-
629 1803 750 1824 merum
765 1792 804 1824 li-

52 1833 160 1866 bando
197 1839 231 1866 et
265 1834 412 1872 bostiam,
446 1835 626 1868 bimestrem
661 1847 804 1879 porcum,

51 1876 237 1914 mactando,
263 1877 415 1910 honorem
443 1878 540 1910 facies
566 1879 684 1915 Genio,
714 1880 746 1911 h.
774 1890 804 1912 e.

52 1919 164 1952 letum
174 1919 322 1952 institues
332 1921 511 1953 convivium
524 1933 533 1960 ;
555 1922 705 1953 hilaritati
717 1923 803 1955 enim

52 1961 256 2006 indulgentes
276 1973 312 1996 se
332 1963 438 1997 facere
452 1965 618 2007 putabant,
636 1966 718 2007 quod
738 1966 804 1997 Ge-

52 2005 120 2043 nio,
137 2006 171 2040 h.
193 2017 223 2039 e.
244 2007 400 2050 peculiari
423 2007 580 2050 cujusque
600 2008 673 2041 vitae
695 2008 805 2040 addito

52 2049 190 2088 custodi,
204 2056 332 2092 gratum
346 2056 453 2091 esset3
476 2051 562 2083 uude
579 2051 677 2084 Genio
696 2053 804 2091 libare,

54 2091 191 2125 Genium
208 2094 346 2134 placare,
361 2100 438 2126 cett.
485 2095 604 2126 Curare
624 2094 721 2137 igitur
740 2095 802 2127 Ge-

51 2137 140 2168 nium
155 2147 224 2181 pro,
241 2136 348 2169 Genio
361 2137 494 2180 operari,
510 2138 559 2170 vel
576 2148 667 2170 sacra
687 2139 802 2177 facere,

51 2183 87 2211 et
109 2179 171 2212 hoc
193 2190 262 2223 pro,
289 2179 440 2212 hilaritati
465 2181 649 2223 indulgere:
676 2182 717 2214 cf.
744 2181 803 2213 inf.

52 2221 159 2265 Epist.
171 2224 212 2256 ad
226 2223 295 2255 Pis-
304 2234 336 2255 v.
348 2225 424 2256 210.
449 2224 524 2256 Cum
531 2226 670 2267 Jirmulis
680 2237 803 2266 operum

50 2267 172 2299 solutis.
217 2266 301 2299 Luce
313 2278 399 2298 sacra
415 2267 513 2304 enim,
529 2275 565 2299 ut
579 2268 665 2300 canit
681 2268 802 2300 'ribulL

51 2307 89 2346 ἰὶ,
107 2311 136 2348 l,
151 2311 186 2348 5,
200 2316 309 2342 arator
329 2312 525 2352 requiescere,
541 2318 570 2343 et
589 2323 728 2353 suspenso
749 2323 800 2344 vo-

51 2362 134 2385 me
143 2364 239 2397 grave
252 2365 326 2396 φας
338 2365 452 2386 cessare
465 2356 551 2387 solet.

246 2439 448 2472 CARMEN
473 2439 610 2472 XVIII.

96 2481 194 2515 Hunc
215 2483 370 2525 hymnum
395 2483 428 2515 in
452 2484 599 2515 Faunum
622 2483 692 2526 ipso
718 2484 804 2516 Fau-

52 2525 176 2567 nnlium
188 2526 242 2560 die
255 2526 340 2559 inter
353 2526 597 2559 sacrificandum
611 2533 703 2570 poeta
717 2528 804 2559 ceci-

51 2567 139 2602 n'nse
161 2569 326 2613 putandus
346 2575 418 2609 est3
441 2570 474 2602 iu
489 2570 584 2612 cujus
607 2570 709 2613 prima
731 2571 803 2613 qui-

51 2609 128 2645 dem
142 2618 230 2655 parte
245 2612 298 2656 pie
310 2619 460 2662 precatur
475 2614 634 2651 Faunum,
649 2619 685 2645 ut
700 2624 804 2656 porro,

51 2654 81 2687 ni
101 2665 194 2688 nera
208 2656 280 2700 ejus
294 2662 354 2689 nte
375 2655 533 2693 instituat,
550 2656 699 2699 placidus
720 2657 805 2699 agris

53 2697 120 2731 suis
134 2699 256 2737 adesse,
271 2706 303 2732 et
318 2706 426 2732 tenero
441 2699 574 2742 pecudis
594 2699 689 2732 foetui
705 2702 805 2733 tutela

51 2749 258 2786 mpraeesse
269 2743 366 2783 velit;
390 2743 423 2775 in
437 2744 535 2775 altera
545 2753 619 2775 vero
634 2753 805 2782 summam,

52 2785 108 2817 eui
133 2785 278 2818 homines
306 2787 509 2830 pecudesque
536 2787 567 2818 N
571 2786 642 2818 onis
666 2787 805 2819 Decem-

40 2827 163 2861 ·hibua
180 2829 215 2862 iu
229 2835 295 2862 toto
314 2841 396 2873 pago
410 2835 539 2866 vacent,
554 2829 707 2862 describit
721 2830 803 2862 laeti-

52 2869 141 2907 tium.
166 2873 316 2906 Ceterum
329 2874 379 2906 bis
393 2884 484 2906 sacra
496 2873 669 2916 quotannis
682 2873 804 2913 Fauno,

52 2919 95 2947 u
118 2915 191 2956 deo,
218 2916 254 2948 in
283 2917 378 2960 cujus
407 2917 562 2960 peculiari
591 2917 692 2948 tutela
720 2923 806 2950 esset

54 2966 168 3035 m
183 2959 348 2992 Romanos
369 2961 495 2996 secisse,
517 2959 654 3004 primum
675 2959 804 3002 quidem

197 3003 378 3037 Februariis
404 3003 522 3047 (Ovid.
550 3004 638 3036 Fast.
667 3003 702 3043 ii,
732 3005 806 3044 193,

850 1792 957 1824 Idibus
970 1793 1099 1835 agrestis
1108 1791 1243 1834 fumant
1259 1792 1376 1822 altaria
1392 1790 1529 1832 Fauni),
1545 1791 1602 1824 de-

848 1835 923 1868 inde
945 1835 1050 1867 Nonis
1067 1833 1310 1870 Decembribus,
1326 1839 1363 1865 ut
1385 1845 1424 1866 ex
1447 1834 1507 1866 hoc
1530 1845 1600 1867 car-

847 1878 932 1910 mine
955 1890 987 1910 v.
1016 1879 1066 1915 10,
1087 1877 1252 1914 discimus,
1277 1878 1363 1920 apud
1386 1888 1453 1914 eos,
1478 1877 1534 1919 qui
1561 1879 1602 1910 de

847 1922 936 1953 festis
964 1923 1181 1953 Romanorum
1211 1927 1438 1963 exposuerunt,
1467 1931 1602 1962 cognos-

850 1975 926 1997 cere
941 1965 1026 1996 licet.
1070 1965 1123 1996 De
1137 1964 1247 1994 Fauno
1262 1963 1413 2006 gregibus
1433 1963 1602 1997 incolumi-

848 2013 947 2040 tatem
963 2013 1148 2051 praestante,
1163 2007 1206 2038 ef.
1223 2017 1295 2049 sup.
1311 2007 1335 2042 i,
1354 2007 1404 2038 17.

895 2053 991 2083 1-8.
1022 2051 1237 2092 Nympharum
1249 2050 1438 2093 fugientum
1459 2057 1600 2082 amator:

849 2102 924 2126 nota
958 2100 1007 2126 est
1039 2093 1154 2130 Fauni,
1187 2099 1224 2125 ut
1259 2099 1433 2125 ceterorum
1468 2093 1600 2126 deorum

846 2138 1033 2180 agi-estium,
1050 2137 1212 2169 salacitas.
1257 2136 1362 2172 Lenis,
1380 2136 1478 2173 mitis,
1499 2137 1600 2179 placi-

846 2181 921 2213 duS.
965 2181 1083 2223 AEquus
1119 2182 1222 2221 parvis
1258 2181 1406 2216 alumnis,
1446 2180 1602 2222 propitius

846 2230 954 2257 tenero
969 2225 1072 2267 gregis
1088 2223 1193 2260 soetui,
1206 2223 1298 2265 agnis
1312 2233 1427 2266 nempe
1440 2230 1473 2254 et
1489 2223 1600 2255 haedu·

846 2268 926 2308 leis3
948 2269 995 2300 sic
1018 2269 1122 2300 dulces
1143 2268 1264 2298 alumni
1288 2266 1405 2308 pariter
1430 2266 1470 2298 de
1492 2273 1601 2299 tenera

846 2311 950 2354 gregis
972 2312 1083 2343 subole
1106 2310 1164 2342 inf.
1185 2309 1233 2345 iii,
1256 2311 1311 2345 23,
1328 2310 1359 2341 7.
1406 2309 1472 2348 Qui
1490 2322 1601 2351 parvos

845 2356 984 2386 alumnos
1006 2356 1045 2386 de
1068 2354 1148 2386 ruris
1171 2353 1312 2385 vernulis
1337 2352 1510 2395 explicant,
1534 2364 1601 2385 rem

846 2398 942 2441 cujus
962 2397 1079 2430 nullibi
1103 2397 1183 2428 alias
1207 2396 1240 2427 fit
1261 2396 1382 2427 mentio
1409 2396 1521 2427 Fauno
1546 2397 1601 2427 tri-

847 2441 961 2473 buunt.
1006 2443 1089 2478 Imo,
1113 2440 1170 2482 qui
1196 2439 1355 2470 Faunalia
1381 2439 1602 2477 celebrabant,

851 2484 1012 2523 Faunum,
1038 2490 1075 2515 ut
1099 2483 1203 2525 gregis
1230 2489 1433 2519 servatorem,
1459 2483 1601 2514 venerari

848 2527 1006 2559 solebant.
1043 2528 1077 2558 Si
1094 2535 1179 2558 tener
1192 2527 1282 2566 pleno
1297 2528 1379 2557 cadit
1395 2527 1509 2561 hoedus,
1525 2531 1603 2558 cett.

849 2571 948 2610 addit,
959 2581 996 2603 ex
1008 2570 1142 2602 solemni
1152 2568 1352 2612 precantium
1365 2569 1512 2606 formula,
1521 2579 1599 2600 con-

848 2613 1001 2646 ditionem
1017 2615 1077 2645 sub
1093 2624 1158 2656 qua
1173 2613 1269 2644 deum
1284 2622 1394 2655 preces
1414 2622 1489 2643 suas
1503 2622 1602 2644 exau—

848 2657 989 2690 diturum
1009 2668 1079 2690 esse
1102 2662 1219 2699 sperat.
1263 2659 1355 2687 Anno
1370 2656 1472 2696 pleno,
1487 2655 1603 2696 integri

849 2702 926 2732 anui
941 2707 1053 2734 exacto
1074 2707 1227 2743 tempore,
1242 2709 1298 2742 pro
1314 2699 1450 2740 vulgari,
1467 2703 1603 2741 quotan-

850 2744 912 2777 nis.
955 2746 1079 2777 Veneris
1092 2745 1189 2775 sodali
1204 2749 1330 2774 craterae
1345 2755 1353 2772 :
1378 2742 1517 2773 suaviter
1532 2753 1602 2773 cra-

851 2794 929 2826 tera,
945 2799 964 2820 e
984 2798 1048 2830 qua
1068 2788 1177 2819 vinum
1199 2786 1328 2823 libatur,
1349 2785 1472 2816 Veneris
1491 2785 1602 2816 sodalis

848 2838 999 2870 vocatur;
1031 2830 1180 2862 Bacchus
1209 2829 1294 2862 enim
1324 2835 1357 2860 et
1384 2829 1498 2860 Venus
1527 2838 1605 2859 con-

845 2873 983 2916 junctim
1000 2873 1081 2906 vires
1096 2883 1171 2905 suas
1186 2881 1331 2906 exserere
1345 2871 1447 2903 solent
1461 2883 1468 2901 :
1495 2870 1536 2901 cf.
1550 2870 1604 2902 Cl.

848 2918 985 2950 Mitsch.
1001 2918 1056 2960 qui
1079 2917 1162 2948 inter
1182 2914 1378 2953 alialaudat
1399 2913 1537 2945 Lucian.
1555 2913 1603 2943 A-

849 2971 927 2993 mor.
946 2963 998 2998 12,
1011 2962 1051 2992 T.
1066 2960 1101 2996 ii,
1119 2971 1151 3002 p.
1169 2960 1234 2990 410
1250 2958 1336 3001 (edit
1351 2955 1484 2995 Gesn.)‚
1501 2967 1605 2997 τερπ-

849 3004 972 3049 νοτέρα
985 3005 1052 3048 γὰρ
1067 3002 1250 3046 Ἀφροδίτη
1267 3001 1353 3043 μετὰ
1367 2998 1533 3032 Διονύσου
1548 2998 1605 3030 καὶ
