1904 3314
683 197 909 240 LIBER
941 197 1003 248 11,
1034 201 1076 239 2.

1559 201 1644 242 373

209 303 398 360 Integris
420 305 578 360 opibus
599 303 701 344 novi
722 317 808 344 non
830 302 959 343 latius
980 316 1121 352 usum,
1221 294 1272 322 ’'²“
1287 312 1296 330 ··

212 371 360 420 Quam
381 386 495 414 nune
515 371 683 414 accisis.

746 370 911 414 Videas
934 377 1095 411 metato
1116 370 1161 411 in
1181 370 1322 426 agello

93 438 178 481 115
208 439 321 482 Cum
343 453 501 496 pecore
521 445 565 481 et
587 439 729 495 gnatis
751 438 909 480 fortem
929 438 1132 480 mercede
1155 438 1376 489 colonum,

205 507 311 549 Non
330 522 428 563 ego,
450 514 712 556 narrantem,
735 515 897 549 temere
919 507 992 548 edi
1012 505 1109 548 luce
1131 507 1329 562 profesta

210 575 465 631 Quidquam
486 583 646 631 praeter
667 575 764 618 olus
786 575 966 617 fumosae
987 590 1086 617 cum
1107 575 1220 630 pede
1241 590 1413 630 pernae3

202 642 272 686 Ac
292 643 408 694 mihi,
432 658 510 685 seu
529 643 708 700 longum
728 651 829 700 post
850 650 1021 698 tempus
1043 650 1222 684 venerat
1243 642 1421 698 hospes,

206 710 309 753 Sive
330 726 510 767 operum
533 727 668 754 vacuo
689 719 841 767 gratus
865 712 1045 753 conviva
1065 726 1146 766 per
1167 711 1350 752 imbrem

94 779 176 822 120
204 778 401 829 Vicinus,
423 779 535 821 bene
557 787 667 830 erat,
693 795 781 821 non
802 780 997 835 piscibus
1021 780 1130 821 urbe
1152 780 1315 835 petitis,

206 847 297 890 Sed
316 847 436 903 pullo
457 855 589 904 atque
610 848 765 900 haed0;
799 856 891 890 tum
913 848 1090 904 pensilis
1114 863 1197 890 uva
1220 847 1437 890 secundas

210 914 274 957 Et
293 930 383 957 nux
406 916 589 971 ornabat
608 931 779 958 mensas
801 931 899 958 cum
921 915 1095 971 duplice
1117 916 1217 958 ficu.

208 982 320 1025 Post
338 983 423 1026 hoc
443 983 574 1026 ludus
596 991 690 1026 erat
710 983 840 1040 eulpa
862 991 1014 1039 potare
1036 984 1243 1039 magistra
1260 1001 1269 1034 3

209 1049 278 1093 Ac
298 1059 504 1093 venerata
525 1052 674 1102 Ceres,
697 1052 758 1093 ita
779 1051 920 1093 culmo
943 1057 1145 1106 surgeret
1167 1049 1268 1100 alto,

98 1119 179 1161 125
210 1118 438 1174 Explicuit
459 1120 558 1161 vino
580 1126 815 1161 contractae
837 1119 950 1161 seria
970 1118 1140 1160 frontis.

212 1186 374 1228 Saeviat
394 1194 527 1242 atque
548 1203 684 1229 novos
705 1195 876 1230 moveat
897 1187 1093 1229 Fortuna
1116 1185 1327 1228 tumultus
1344 1202 1353 1227 ε

211 1254 438 1302 Quantum
458 1255 560 1297 hinc
581 1256 836 1298 imminuet?
868 1263 1032 1311 quanto
1049 1263 1124 1297 aut
1142 1270 1225 1311 ego
1241 1254 1432 1310 parcius,
1456 1258 1530 1294 aut
1547 1265 1638 1300 vos,

211 1321 255 1364 O
277 1323 415 1377 pu'eri,
438 1323 644 1373 nituistis,
667 1331 716 1365 ut
736 1324 824 1365 huc
845 1339 983 1365 novus
1005 1323 1147 1365 incola
1167 1323 1316 1365 venit?

209 1389 326 1432 Nam
347 1391 535 1446 propriae
557 1390 723 1433 telluris
743 1391 898 1433 herum
919 1398 1077 1433 natura
1097 1405 1240 1446 neque
1262 1389 1397 1440 illum,

97 1515 146 1548 cis
160 1520 332 1549 contentus
349 1521 552 1559 comparatur
571 1527 643 1548 cum
662 1528 711 1555 eo,
731 1519 785 1560 qui
805 1519 846 1549 ad

96 1558 230 1595 hostem,
257 1559 314 1602 qui
333 1560 412 1591 sorte
432 1566 542 1590 contra
561 1571 594 1591 se
614 1568 774 1602 exsurgat,
799 1572 844 1592 re-

26 1598 34 1634 ³,
96 1602 282 1652 pellendum
300 1613 370 1646 Jam
391 1602 424 1634 in
448 1613 528 1646 pace
554 1603 676 1635 idoneis
697 1604 792 1635 armis
814 1615 847 1636 se

98 1644 238 1677 instruit.

143 1689 218 1719 112.
242 1689 314 1723 His,
331 1699 402 1730 quae
417 1688 565 1731 praecepit
584 1689 724 1721 Ofellus.

146 1731 218 1763 113.
252 1731 337 1779 Novi
354 1742 421 1774 pro,
444 1732 588 1773 cognovi,
605 1732 679 1763 vidi.
728 1733 847 1770 Latias,

86 1773 243 1815 liberius,
259 1774 392 1815 largius,
409 1775 567 1817 profusius
582 1787 588 1805 :
615 1776 765 1807 Juvenal.
782 1775 846 1812 xiv,

99 1817 177 1855 234,
193 1819 268 1850 adeo
283 1819 449 1859 indulgent
465 1819 521 1850 sibi
538 1820 632 1849 latius
647 1821 716 1859 ipsi.

146 1861 219 1893 114.
246 1860 375 1891 Videas:
398 1860 502 1892 videre
525 1861 584 1892 tibi
606 1872 691 1893 nuuc
714 1872 786 1893 eum
809 1860 847 1892 li-

100 1902 196 1935 cebit.
241 1903 358 1934 Metato
369 1905 402 1934 in
415 1905 536 1945 agello:
554 1904 662 1935 Schol.
680 1905 773 1940 Aer„
790 1904 851 1935 Iste

104 1946 224 1988 (yellus
247 1948 435 1987 proscriptus
450 1954 506 1983 est,
528 1949 601 1989 quia
623 1955 688 1978 erat
711 1951 743 1978 in
766 1954 852 1987 parte

103 1989 213 2026 Cassii,
230 1996 259 2021 et
272 1991 409 2030 possessio
424 1991 489 2030 ejus
506 1992 622 2021 tradita
639 1997 681 2022 est
700 1992 850 2021 militibus

102 2033 250 2075 Augusti,
274 2044 366 2073 quam
390 2033 512 2075 Ofellus
532 2040 633 2074 postea
655 2035 692 2064 ab
715 2036 753 2065 iis
779 2045 849 2065 con-

99 2077 202 2106 duxit.
248 2075 334 2107 Hinc
351 2077 633 2118 metato'(passive‚
651 2082 686 2107 ut
701 2087 769 2119 sup.
786 2076 850 2108 od.

102 2116 139 2156 ii,
165 2119 218 2154 15,
243 2119 296 2155 15,
318 2123 351 2150 et
380 2119 465 2162 apud
496 2119 620 2150 Livium
644 2120 720 2156 xliv,
745 2121 782 2159 7)
816 2123 849 2151 in

99 2162 200 2204 agello
225 2160 312 2204 (agri
334 2161 419 2193 enim
442 2162 562 2205 pertica
585 2162 693 2194 metati
714 2163 781 2195 sive
810 2162 850 2194 ad

101 2214 284 2236 mensuram
298 2204 560 2247 decempedarum
578 2205 733 2237 veteranis
748 2206 852 2237 trade-

103 2247 238 2290 bantur)
260 2259 344 2279 mmc
357 2258 431 2288 opus
441 2249 583 2291 faciebat
605 2251 695 2280 miser
719 2249 851 2292 Ofellus,

32 2316 40 2330 ,
101 2291 140 2322 ab
167 2301 212 2327 eo,
238 2292 292 2322 cui
317 2292 420 2322 cedere
445 2293 591 2323 debuerat
617 2303 727 2334 agrum
750 2304 851 2330 suum,

106 2335 239 2366 mercede
252 2335 432 2366 conduct-us.

149 2377 224 2408 115.
241 2376 375 2413 Fortem,
391 2388 529 2419 gnavum
546 2382 578 2410 et
593 2378 776 2409 robustum:
797 2377 853 2409 inf.

30 2405 51 2457 lq,
109 2417 216 2462 Epist.
239 2419 275 2458 ii,
302 2421 331 2456 1,
357 2421 431 2458 139,
449 2422 599 2463 Agricolae
620 2421 851 2462 prisci,fortes,

105 2472 258 2505 parvoque
284 2464 364 2495 beati
373 2475 384 2501 ,·
409 2464 531 2497 Tibull.
549 2463 583 2501 ii,
609 2466 643 2500 2,
671 2466 722 2502 14,
751 2464 854 2495 Fortis

60 2531 62 2533 .
105 2511 177 2537 wat
191 2507 294 2538 valido
306 2508 441 2538 rusticus
455 2519 531 2538 arva
547 2509 626 2539 bove.

150 2548 224 2581 116.
247 2549 331 2581 Luce
350 2550 506 2592 profesta:
531 2550 599 2582 dies
621 2550 746 2592 profesti
764 2550 852 2591 (nos,

112 2590 353 2636 Werkel-Tage)
377 2599 582 2635 opponuntur
611 2593 724 2624 diebus
756 2592 854 2628 festis,

30 2450 47 2538 ἶ

32 2543 55 2588 ἶ

33 2613 67 2867 Ξ

107 2638 145 2667 ut
158 2633 216 2666 ius.
230 2635 300 2667 Sat.
316 2637 350 2673 3,
369 2637 442 2674 144,
464 2637 528 2672 Qui
548 2636 747 2668 Veientanum
761 2637 856 2678 festis

106 2682 214 2718 potare
226 2679 331 2710 diebus
349 2679 506 2719 Campana
527 2681 634 2711 solitus
654 2680 765 2714 trulla,
783 2690 856 2720 vap-

106 2729 236 2762 ,mque
249 2720 407 2764 prqf'estis3
432 2727 465 2754 et
478 2733 549 2765 sup.
567 2722 631 2754 Od.
647 2722 689 2757 iv,
710 2723 760 2758 15,
775 2723 830 2753 25.

157 2763 233 2796 119.
257 2764 391 2804 Operum
411 2777 524 2797 vacuo.-
549 2765 638 2804 mihi,
661 2764 713 2796 cui
737 2765 778 2796 ob
799 2764 860 2795 im-

110 2803 200 2838 bvem
214 2807 343 2839 rusticis
365 2807 527 2840 laboribus
550 2818 677 2851 operam
700 2807 774 2839 dare
798 2818 862 2839 non

113 2844 240 2897 1550an
287 2849 432 2883 Vicinus:
468 2851 583 2883 diebus
604 2850 689 2882 enim
712 2850 867 2893 pluviosis

114 2890 215 2925 Vicini
227 2892 352 2926 vicinos
366 2894 399 2925 in
414 2894 498 2936 agris
508 2893 646 2926 invisere
665 2893 780 2925 solent.

161 2934 238 2967 120.
265 2935 345 2969 Bene
358 2942 437 2974 erat,
452 2949 512 2970 mm
526 2939 669 2978 piscibus,
682 2942 758 2968 cett.
775 2937 869 2978 genio

891 1517 1046 1548 ferculum
1063 1527 1069 1546 :
1096 1518 1167 1548 hene
1182 1526 1239 1547 esse
1256 1517 1361 1556 aliqua
1376 1525 1420 1551 re,
1437 1514 1520 1545 bene
1535 1522 1570 1544 se
1586 1511 1643 1542 ha-

890 1560 963 1591 bere
980 1558 1117 1600 alicujus
1134 1559 1179 1591 rei
1194 1560 1312 1590 fructu.
1593 1597 1599 1603 ¹

938 1604 1011 1634 121.
1035 1603 1166 1634 Pensilis
1180 1614 1261 1633 uva:
1285 1612 1357 1632 uvae
1368 1610 1449 1642 quas
1458 1598 1579 1630 diutius
1592 1608 1641 1628 in-

892 1650 994 1686 tegras
1012 1656 1134 1677 servare
1152 1645 1310 1680 volumus,
1327 1653 1412 1674 nunc
1433 1651 1562 1684 quoque
1581 1640 1643 1671 filis

891 1688 1042 1730 suspendi
1057 1688 1161 1720 solent
1175 1688 1208 1718 in
1224 1687 1358 1718 aedibus.

939 1732 1009 1762 122.
1045 1732 1122 1761 Cum
1145 1732 1267 1771 duplice
1287 1731 1370 1771 fica,
1397 1726 1540 1767 intellige
1554 1725 1642 1774 ‘fieus

892 1773 1024 1811 bifidas3
1046 1774 1125 1805 ficus
1145 1774 1229 1805 enim
1250 1773 1284 1803 in
1304 1773 1385 1802 duas
1407 1775 1509 1812 partes
1530 1769 1641 1800 divisae

891 1816 1104 1852 siccabantur,
1127 1822 1157 1848 et
1185 1821 1262 1847 tunc
1286 1814 1382 1846 aridae
1408 1813 1440 1844 in
1462 1821 1572 1844 mensa
1594 1820 1645 1841 se-

893 1859 1000 1891 cunda
1017 1860 1274 1902 apponebantur:
1299 1858 1362 1888 vid.
1380 1856 1506 1887 Pallad.
1530 1854 1569 1886 de
1590 1853 1643 1884 Re

896 1903 991 1934 Rust.
1006 1902 1046 1940 iv,
1068 1903 1118 1938 10,
1136 1904 1189 1938 35,
1207 1907 1239 1932 et
1254 1900 1297 1932 ibi
1313 1899 1506 1932 Schneid.et
1524 1898 1641 1939 Veget-

896 1946 918 1983 i,
934 1947 987 1984 38,
1004 1946 1036 1982 6,
1051 1951 1082 1976 et
1098 1945 1119 1981 i,
1137 1947 1190 1981 56,
1210 1945 1262 1975 17.
1617 1982 1623 1987 -

939 1990 1012 2020 123.
1044 1989 1146 2029 Culpa
1169 1994 1273 2029 potare
1297 1987 1464 2027 magistra:
1497 1983 1541 2015 ita
1570 1993 1641 2025 qui-

894 2030 978 2071 dem,
996 2037 1033 2064 ut
1052 2031 1078 2062 is
1101 2031 1157 2074 qui
1180 2036 1291 2062 contra
1314 2030 1401 2071 leges
1417 2026 1554 2060 convivii
1573 2036 1640 2057 ma-

895 2075 1009 2116 gistras
1026 2074 1154 2118 culpam
1179 2074 1319 2115 aliquam
1344 2072 1404 2103 sibi
1423 2070 1643 2106 contraxisset,

893 2118 1079 2160 cyathorum
1104 2127 1267 2149 numerum
1291 2115 1452 2158 quendam
1479 2125 1533 2154 pro
1554 2123 1644 2153 poena

890 2167 994 2201 potare
1005 2161 1182 2203 juberetur.

941 2205 1014 2235 124.
1040 2206 1085 2235 Aa
1106 2210 1248 2235 venerata
1271 2203 1370 2238 Ceres,
1388 2203 1442 2237 ita,
1462 2205 1538 2231 cett.
1588 2198 1642 2229 Ve-

897 2254 1004 2278 neram
1021 2247 1190 2290 (passive),
1206 2256 1250 2277 sc.
1266 2245 1431 2280 libatione,
1455 2249 1492 2274 ut
1511 2244 1557 2274 ita
1580 2243 1645 2285 (sc.

897 2296 1055 2328 venerata,
1086 2291 1127 2321 ob
1153 2290 1235 2321 hanc
1263 2286 1516 2325 venerationem)
1547 2287 1647 2316 culmo

897 2340 1034 2376 surgeret
1076 2335 1150 2370 alto,
1189 2337 1329 2374 segetem
1363 2331 1428 2362 alte
1462 2338 1645 2361 exerescere

894 2377 1032 2419 juberet.

942 2421 1015 2452 128.
1043 2420 1200 2454 Nituistis,
1222 2417 1362 2449 suaviter
1382 2426 1450 2459 pro,
1468 2414 1578 2446 nutriti
1592 2425 1643 2446 es-

898 2462 960 2503 tis3
997 2473 1069 2494 nam
1091 2463 1171 2494 bene
1195 2461 1319 2496 nutriti,
1343 2459 1502 2502 praecipue
1525 2457 1647 2495 rustici,

899 2509 999 2538 nitent
1024 2506 1114 2537 vultu
1130 2511 1162 2536 et
1177 2514 1326 2547 corpore:
1352 2503 1476 2534 Tibull.
1500 2501 1534 2537 ii,
1554 2501 1575 2539 i,
1592 2502 1647 2536 21,

902 2550 988 2580 Tunc
1002 2551 1131 2586 nitidus,
1147 2549 1242 2588 plenis
1259 2547 1387 2588 confisus
1403 2546 1537 2577 rusticus
1552 2546 1650 2586 agris,

900 2592 1025 2634 Ingeret
1038 2594 1158 2623 ardenti
1170 2592 1303 2634 grandia
1314 2592 1401 2633 ligna
1408 2589 1482 2631 foco
1494 2600 1503 2625 ,·
1521 2587 1650 2618 Phaedr.

899 2635 945 2672 iii,
971 2636 1002 2671 7,
1021 2636 1052 2672 4,
1079 2637 1160 2666 unde
1179 2637 1222 2666 sic
1242 2634 1340 2665 nites?
1389 2633 1443 2669 Ut,
1466 2636 1649 2674 postquam,

902 2689 939 2710 ex
965 2689 1028 2720 quo
1049 2683 1198 2720 tempore.
1244 2677 1349 2708 Novus
1368 2677 1482 2710 incola,
1510 2673 1650 2709 advena,

904 2732 1005 2752 novus
1017 2721 1114 2762 agelli
1131 2720 1228 2752 nostri
1242 2729 1412 2763 possessor,
1424 2717 1516 2760 cujus
1526 2726 1652 2753 nomen,

905 2770 940 2795 ut
955 2774 992 2796 ex
1006 2774 1098 2795 versu
1116 2765 1178 2795 133
1195 2763 1362 2798 discimus,
1377 2761 1438 2792 fuit
1452 2760 1652 2793 Umbrenus:

907 2807 1000 2848 Virg.
1016 2806 1088 2838 Ecl.
1104 2807 1148 2844 ix,
1169 2808 1202 2844 2,
1220 2807 1252 2843 3,
1272 2807 1298 2837 0
1320 2806 1450 2846 Lycida,
1471 2805 1532 2834 vivi
1548 2813 1654 2842 perve-

908 2852 1010 2882 nimus
1025 2851 1091 2891 (sc.
1106 2850 1147 2881 ad
1163 2850 1246 2881 hanc
1258 2849 1379 2880 tristem
1390 2846 1523 2886 sortem)
1540 2847 1658 2876 advena

910 2896 1006 2925 nostri
1031 2893 1139 2937 (Quod
1163 2904 1321 2934 nunquam
1350 2892 1441 2922 veriti
1469 2887 1590 2927 sumus)
1620 2894 1657 2917 ut

908 2947 1051 2978 possessor
1062 2938 1157 2978 agelli
1175 2937 1312 2971 Diceret,
1328 2935 1399 2965 Haec
1409 2944 1473 2964 mea
1481 2937 1566 2967 stant,
1578 2936 1656 2960 vete-

116 2975 374 3020 indulgebamus‚
407 2990 473 3011 non
504 2979 634 3023 quidem
665 2979 707 3011 ad
736 2990 870 3023 piscium
913 2991 960 3012 res
975 2982 1106 3023 migrate
1121 2981 1230 3011 coloni.

119 3020 198 3053 urbe
227 3020 395 3063 petitorum
418 3023 475 3056 sed
497 3024 537 3056 ad
561 3023 646 3056 haedi
669 3028 764 3065 atque
787 3024 867 3066 pulli

957 3024 1032 3055 129.
1051 3023 1204 3064 Propriae:
1221 3026 1257 3053 ut
1270 3019 1392 3064 propria
1405 3017 1520 3059 cuique
1536 3021 1662 3047 maneat
