1904 3314
347 218 431 259 448

834 222 1365 267 EPISTOLARUM

377 319 429 360 15
459 319 535 360 Me
555 319 757 376 pinguem
777 327 821 362 et
841 321 1021 364 nitidum
1041 324 1151 365 bene
1172 330 1318 365 curata
1339 330 1438 365 cute
1460 324 1585 374 vises,

459 385 606 432 Quum
626 388 767 429 ridere
787 387 919 438 voles,
944 389 1124 444 Epicuri
1143 391 1198 432 de
1218 405 1349 445 grege
1369 405 1562 444 porcum.

895 550 1212 592 EPISTOLA
1244 552 1300 593 V.

856 687 926 717 AD
964 687 1328 723 TORQUATUM.

457 797 505 839 Sr
526 806 649 853 potes
671 798 895 841 Archiacis
917 801 1092 841 conviva
1113 802 1360 843 recumbere
1380 801 1515 851 lectis,

454 865 551 906 Nec
572 866 738 907 modica
757 880 926 907 coenare
948 868 1069 908 times
1091 867 1184 908 olus
1206 883 1328 909 omne
1349 868 1528 922 patella3

454 931 663 985 Supremo
684 938 725 972 te
747 932 834 973 sole
856 933 982 982 domi,
1005 933 1241 988 Torquate,
1263 936 1458 976 manebo.

452 997 568 1038 Vina
587 997 709 1038 bibes
731 998 884 1039 iterum
905 999 1054 1040 Tauro
1076 999 1235 1040 diffusa
1255 1000 1469 1054 palustres

395 1064 422 1103 5
453 1062 570 1103 Inter
590 1062 834 1104 Minturnas
856 1065 1247 1119 Sinuessanumque
1271 1066 1507 1108 Petrinum.

452 1129 527 1170 Sin
547 1129 695 1169 melius
716 1130 819 1182 quid
840 1130 989 1180 habes,
1013 1145 1197 1180 arcesse,
1218 1131 1286 1172 vel
1307 1132 1532 1186 imperium
1552 1132 1630 1173 fer.

451 1195 714 1236 Jamdudum
736 1195 932 1250 splendet
953 1197 1089 1246 focus,
1111 1204 1154 1238 et
1175 1198 1254 1239 tibi
1274 1198 1435 1239 munda
1456 1197 1661 1254 supellex.

452 1260 581 1302 Mitte
601 1261 714 1302 leves
737 1277 850 1316 spes,
872 1269 915 1304 et
937 1264 1167 1304 certamina
1188 1265 1442 1314 divitiarum,

338 1369 478 1405 ultimus,
501 1371 584 1411 quod
607 1376 717 1412 praeter
739 1381 825 1413 spem
844 1371 959 1407 evenit,
985 1371 1071 1401 lucro

339 1421 472 1454 appone.

385 1455 433 1485 15.
458 1454 617 1494 Pinguem,
633 1454 774 1490 obesum,
792 1455 980 1496 saginatum.
1011 1456 1070 1486 Ni-

339 1497 456 1532 tidum3
480 1496 565 1526 obesi
577 1495 659 1526 enim
674 1507 735 1531 ore,
749 1507 875 1539 corpore
891 1499 1005 1528 nitent.-
1030 1497 1072 1527 cf.

338 1548 410 1579 sup.
425 1538 464 1568 ad
480 1539 546 1568 Sat.
563 1537 596 1572 ii,
613 1539 645 1574 2,
664 1540 735 1569 128.

385 1581 434 1610 16.
459 1580 560 1614 Quum
575 1582 675 1610 ridere
692 1582 778 1615 voles.
799 1592 870 1612 cum
890 1581 990 1612 offerri
1012 1580 1067 1611 tibi

337 1621 446 1663 cupies
471 1621 608 1661 aliquem
635 1621 687 1662 qui
712 1622 767 1652 tibi
791 1623 910 1653 ridendi
934 1623 1070 1663 praebeat

335 1663 505 1694 materiem.
551 1663 679 1702 Epicuri
693 1666 729 1694 de
740 1675 830 1706 grege
842 1676 963 1704 porcum
978 1675 985 1694 ι
1010 1665 1067 1694 hoc

335 1705 415 1736 refer
429 1715 483 1747 per
501 1703 724 1751 appositionem
739 1706 779 1736 ad
793 1709 937 1747 pinguem
952 1713 979 1736 et
995 1709 1067 1736 uiti-

336 1749 431 1783 dum,·
470 1746 616 1787 Epicurei
656 1747 788 1783 scilicet,
826 1748 880 1789 qui
914 1758 1068 1779 summam

337 1789 527 1830 voluptatem
543 1787 576 1818 in
591 1798 717 1830 corpore
733 1789 917 1821 lautioribus
929 1796 960 1821 et
975 1790 1068 1830 largi-

338 1831 443 1862 on'bus
458 1830 538 1861 cibis
552 1832 689 1862 curando
705 1833 873 1873 ponebant,
890 1832 1069 1863 contemtim

340 1873 469 1911 Epicuri
485 1875 521 1903 de
542 1883 634 1913 grege
658 1876 741 1912 porci
759 1875 972 1912 vocabantur;
996 1874 1069 1905 hinc

339 1915 452 1946 Cicero
467 1915 505 1945 L.
523 1914 670 1945 Pisonem
682 1916 732 1956 (in
746 1922 824 1946 orat.
835 1916 867 1946 in
879 1917 946 1946 Pis.
961 1926 991 1947 c.
1014 1916 1069 1954 16)

338 1956 493 1987 hominem
521 1955 725 1994 luxuriosum,
746 1958 945 1999 Epicureum,
963 1970 1022 1988 mm
1037 1970 1070 1989 ex

335 2000 444 2036 schola,
473 1999 523 2029 sed
552 2008 586 2027 ex
614 1999 688 2028 hara
717 2001 897 2042 (porcorum
927 2001 1068 2041 stabulo)

334 2043 514 2079 productum
529 2039 678 2080 appellat.

559 2124 777 2155 EPISTOLA
803 2125 846 2155 V.

380 2166 481 2196 Poeta
503 2165 638 2196 amicum
661 2176 764 2201 suum,
791 2167 999 2206 Torquatum,
1028 2167 1067 2197 ad

336 2207 442 2238 laetum
470 2207 658 2242 convivium.
687 2218 749 2249 quo
772 2209 906 2238 natalem
935 2209 1068 2239 Caesaris

333 2250 547 2281 celebraturus
561 2255 636 2285 erat,
653 2250 844 2280 familiariter
859 2249 982 2280 invitat.
1018 2252 1067 2282 De

338 2292 496 2332 Torquato,
513 2292 553 2322 cf.
569 2302 639 2333 sup.
657 2292 789 2332 Argum.
804 2292 843 2322 ad
856 2292 917 2322 Od.
929 2292 969 2329 iv,
985 2293 1015 2322 7.

382 2335 474 2364 1-3.
494 2335 527 2364 Si
548 2341 638 2373 potes,
661 2334 686 2364 si
705 2339 790 2375 potes
811 2343 830 2363 a
854 2339 883 2364 te
902 2334 1066 2374 impetrare

335 2375 406 2412 hoc,
431 2381 466 2406 ut
494 2377 673 2406 recumbas:
709 2376 797 2416 Virg.
821 2377 900 2406 AEn.
924 2376 966 2410 xi,
989 2377 1063 2412 307,

337 2419 401 2448 Nec
416 2419 488 2448 victi
509 2425 627 2457 possunt
647 2419 786 2448 absistere
797 2417 900 2457 ferro,
918 2427 974 2448 nec
991 2418 1064 2449 victi

334 2470 353 2491 a
367 2470 400 2490 se
415 2460 576 2501 impetrare
594 2466 735 2501 possunt,
751 2465 786 2490 ut
804 2459 955 2490 absistant
976 2460 1064 2492 ferro.

335 2503 434 2533 Lectis
447 2503 612 2536 Archiacis.
629 2501 718 2532 lectis
729 2501 931 2536 brevioribus,
947 2511 965 2531 a
977 2502 1063 2533 fabro

332 2544 450 2576 Archia
461 2544 612 2575 contextis
624 2555 631 2580 3
649 2544 792 2584 designat
801 2543 898 2574 lectos
908 2544 1062 2585 vulgares,

331 2587 447 2628 quibus
465 2585 666 2617 conficiendis
681 2592 745 2616 tum
762 2591 854 2616 notus
869 2586 961 2616 fuisse
978 2586 1061 2617 vide-

330 2635 379 2660 tur
394 2628 480 2659 saber
492 2628 619 2669 quidam
637 2628 769 2659 Archias
782 2639 790 2665 ς
816 2628 962 2658 Horatius
977 2628 1061 2659 enim

329 2672 521 2712 Torquatum
547 2681 609 2701 non
634 2670 673 2700 ad
702 2669 909 2710 splendidum,
940 2670 993 2702 sed
1021 2673 1062 2702 ad

329 2718 422 2744 tenue
436 2719 467 2744 et
479 2711 636 2743 modicum
658 2711 833 2743 convivium
853 2717 964 2750 vocat3
988 2712 1061 2744 hinc

328 2765 419 2786 versu
436 2760 585 2796 sequente
599 2755 790 2795 Torquatum
806 2754 888 2795 apud
905 2764 937 2784 se
953 2765 1060 2786 coena-

326 2803 432 2828 turum
461 2807 530 2828 esse
557 2796 601 2826 ait
627 2797 740 2836 patella
774 2798 898 2831 modica,
929 2797 1060 2828 modicae

325 2839 442 2878 formae,
462 2845 498 2870 ut
518 2849 586 2880 sup.
607 2838 668 2870 Od.
688 2838 710 2872 i,
730 2839 783 2872 20,
805 2839 834 2874 l,
856 2840 963 2868 modici
987 2851 1059 2870 con-

328 2883 420 2912 thari.
467 2881 561 2911 Times
584 2891 638 2923 pro
663 2879 796 2921 vulgari,
823 2890 969 2919 recusas;
1004 2882 1059 2923 qui

326 2924 431 2955 cibum
446 2923 582 2965 aliquem
598 2922 659 2953 sibi
674 2923 831 2962 ingratum
848 2928 1015 2960 aversatur,
1031 2924 1057 2954 is

320 2966 430 3007 jocose
459 2975 530 2996 eum
561 2967 664 2996 timere
691 2964 816 2996 dicitur.
863 2965 936 2995 Olus
961 2978 1055 3003 omne,

1113 1370 1252 1412 cujusvis
1282 1373 1412 1413 generis.
1456 1373 1598 1412 Supremo
1625 1376 1693 1410 sole,
1718 1375 1782 1407 sole
1806 1375 1846 1406 ad

1114 1422 1259 1444 occasum
1290 1421 1447 1455 vergente,
1482 1421 1619 1447 extrema
1653 1415 1715 1448 diei
1750 1424 1867 1460 partes

1115 1454 1253 1493 thelm,
1269 1456 1419 1497 opperiar.

1158 1498 1190 1527 4.
1214 1498 1328 1528 Iterum
1347 1498 1458 1534 Tauro,
1474 1498 1544 1530 scil.
1562 1499 1711 1531 consule:
1735 1500 1845 1532 incidit

1110 1539 1267 1570 secundus
1302 1541 1482 1570 consulatus
1525 1541 1621 1572 Tauri
1658 1541 1691 1572 in
1727 1551 1844 1573 annum

1112 1581 1153 1611 U.
1166 1581 1204 1611 C.
1224 1592 1398 1617 nccxxvu,
1414 1582 1498 1614 unde
1512 1583 1676 1614 Bentleius
1689 1585 1843 1626 temporis,

1111 1633 1174 1662 quo
1190 1623 1257 1653 haec
1271 1623 1400 1664 epistola
1412 1624 1527 1666 scripta
1536 1624 1587 1660 sit,
1597 1625 1716 1657 ratione
1725 1626 1843 1664 habita,

1111 1664 1229 1694 (lictum
1248 1664 1354 1696 vinum
1369 1676 1422 1697 sex
1440 1667 1535 1698 ferme
1551 1667 1599 1698 vel
1613 1673 1728 1715 septem
1745 1675 1844 1700 anno-

1112 1717 1178 1736 rum
1195 1706 1288 1738 fuisse
1310 1707 1415 1739 efficit.
1461 1708 1604 1750 Diffusa.-
1626 1720 1743 1746 vinum,
1759 1711 1843 1752 quod

1112 1758 1129 1778 e
1144 1748 1253 1789 majori
1271 1759 1342 1781 vase
1358 1749 1390 1780 in
1409 1749 1500 1791 plura
1514 1751 1634 1782 minora
1653 1753 1843 1784 transfundi-

1112 1795 1175 1826 tur,
1191 1791 1337 1833 diffundi,
1359 1791 1442 1832 quod
1467 1803 1539 1823 vero
1561 1803 1600 1824 ex
1618 1794 1703 1825 dolio
1725 1794 1758 1825 in
1777 1805 1843 1826 nm-

1113 1831 1226 1873 phoras
1240 1833 1466 1869 transmittitur,
1483 1835 1611 1876 dtfundi
1625 1836 1749 1868 dicitur.

1157 1876 1188 1904 5.
1225 1876 1414 1911 Minturnas,
1446 1877 1664 1908 Auruncorum
1694 1878 1841 1921 oppidum

1114 1916 1153 1945 ad
1169 1916 1244 1948 fines
1260 1917 1343 1948 Latii
1359 1923 1389 1949 et
1404 1918 1587 1960 Campaniae
1601 1919 1715 1959 situm3
1743 1921 1842 1952 Petri-

1113 1969 1196 2005 mmi,
1221 1959 1323 1990 vicum
1353 1959 1385 1990 in
1415 1970 1488 2001 agro
1517 1960 1720 2000 Sinuessano,
1748 1963 1842 1994 Cam·

1113 2010 1214 2041 pamae
1229 2012 1378 2032 vicinum.

1155 2043 1185 2072 6.
1208 2043 1262 2073 Sin
1285 2045 1390 2074 melius
1407 2046 1479 2083 quid
1501 2045 1597 2080 habes,
1621 2044 1668 2075 sin
1693 2050 1726 2076 tu
1745 2045 1842 2078 habes

1111 2084 1240 2115 meliora
1256 2085 1293 2115 iis
1307 2097 1378 2127 quae
1394 2085 1480 2125 dixi;
1502 2086 1641 2127 intellige
1658 2097 1719 2118 non
1734 2088 1842 2120 vinum

1112 2127 1325 2158 tantummodo
1348 2134 1634 2166 commemoratum,
1662 2130 1717 2160 sed
1746 2130 1840 2161 etiam

1111 2179 1193 2198 omne
1222 2171 1298 2199 olus.
1343 2171 1472 2205 Arcesse,
1495 2180 1531 2201 ea
1556 2170 1654 2202 afferri
1675 2171 1775 2212 jube;
1795 2173 1840 2203 sic

1112 2219 1183 2250 sup.
1204 2211 1363 2246 Horatius,
1385 2213 1448 2242 Od.
1465 2212 1507 2247 iv,
1529 2214 1580 2248 12,
1606 2214 1655 2249 16,
1674 2213 1841 2255 Virgilium

1111 2251 1150 2281 ad
1183 2251 1285 2282 laetam
1319 2254 1579 2295 computationem
1614 2255 1720 2286 afferre
1749 2255 1842 2296 jubet

1111 2296 1250 2324 nardum.
1295 2295 1386 2330 Sunt,
1409 2295 1464 2335 qui
1484 2295 1522 2326 ad
1543 2307 1654 2327 arcesse
1673 2299 1841 2338 suppleant

1110 2346 1165 2369 me,
1187 2342 1222 2365 ut
1239 2336 1290 2372 sit,
1310 2346 1359 2367 me
1379 2338 1417 2367 ad
1440 2342 1469 2367 te
1488 2347 1586 2375 voca;
1608 2337 1661 2369 sed
1682 2338 1740 2370 boc
1763 2339 1839 2370 mihi

1109 2377 1242 2407 alienum
1279 2378 1400 2409 videtur
1435 2379 1474 2409 ab
1508 2379 1629 2410 Horatii
1663 2381 1840 2413 urbanitate

1108 2425 1202 2460 atque
1213 2419 1350 2460 ingenio.
1381 2421 1431 2451 Vel
1443 2423 1597 2460 imperium
1603 2421 1672 2470 ser,
1685 2423 1744 2458 vel,
1755 2424 1840 2464 quod

1106 2470 1164 2501 ego
1180 2462 1292 2504 apponi
1304 2462 1438 2502 jussero,
1455 2473 1544 2504 aequo
1560 2473 1664 2494 animo
1680 2464 1798 2506 accipe.

1149 2504 1180 2533 7.
1208 2505 1392 2534 ,Iamdudum
1422 2506 1575 2544 splendet:
1608 2505 1692 2537 hunc
1715 2516 1838 2539 versum

1108 2545 1170 2575 Fea
1197 2545 1290 2576 unius
1313 2546 1382 2576 libri
1411 2547 1592 2579 auctoritate
1619 2553 1692 2580 ante
1715 2558 1838 2580 versum

1107 2588 1331 2628 praecedentem
1366 2588 1480 2630 posuit,
1517 2589 1599 2630 quod
1640 2591 1836 2622 commodum

1106 2629 1328 2660 sententiarum
1345 2641 1461 2662 nexum
1478 2631 1570 2672 plane
1585 2633 1699 2663 turbat.

1147 2673 1178 2702 8.
1203 2673 1294 2703 Mitte
1326 2674 1399 2704 leves
1427 2683 1499 2713 spes,
1530 2683 1630 2704 rerum
1662 2674 1778 2706 levium
1806 2680 1839 2708 et

1104 2722 1276 2744 vanarum:
1301 2715 1433 2756 respexit
1448 2715 1596 2746 Horatius
1611 2716 1730 2758 aliquid
1753 2718 1838 2758 quod

1105 2756 1261 2786 nescimus
1273 2769 1281 2795 ;
1312 2757 1391 2787 aluit
1413 2757 1539 2789 fortasse
1562 2758 1737 2799 Torquatus
1750 2768 1837 2800 spem

1105 2796 1255 2829 honorum
1273 2798 1553 2840 adipiscendorum.
1599 2799 1772 2831 certamina
1788 2803 1836 2833 di-

1103 2841 1260 2876 vitiarum,
1275 2841 1408 2872 breviter
1425 2846 1456 2872 et
1476 2841 1633 2882 eleganter
1650 2852 1716 2890 pro,
1733 2842 1837 2875 studia

1103 2881 1217 2922 quibus
1247 2883 1280 2913 in
1312 2882 1490 2914 divitiarum
1530 2893 1720 2925 possessione
1757 2886 1837 2916 hunc

1101 2931 1190 2964 atque
1207 2926 1287 2955 hunc
1303 2927 1357 2966 (ut
1369 2925 1506 2966 loquitur
1521 2925 1670 2957 Horatius
1681 2935 1754 2968 sup.
1771 2927 1838 2958 Sat.

1099 2965 1121 2999 i,
1157 2968 1185 3002 l,
1218 2967 1296 3006 112)
1325 2979 1466 3008 superare
1492 2974 1604 3003 certas,
1631 2967 1696 2999 sive
1719 2969 1836 3010 quibus
