<?xml version="1.0" encoding="UTF-8"?>
<!DOCTYPE html PUBLIC "-//W3C//DTD XHTML 1.0 Transitional//EN"
    "http://www.w3.org/TR/xhtml1/DTD/xhtml1-transitional.dtd">
<html xmlns="http://www.w3.org/1999/xhtml" xml:lang="en" lang="en">
 <head>
  <title>
</title>
<meta http-equiv="Content-Type" content="text/html;charset=utf-8" />
  <meta name='ocr-system' content='tesseract 3.04.00' />
  <meta name='ocr-capabilities' content='ocr_page ocr_carea ocr_par ocr_line ocrx_word'/>
</head>
<body>
  <div class='ocr_page' id='page_1' title='image "./operahorac00horauoft_0360.png"; bbox 0 0 1904 3314; ppageno 0'>
   <div class='ocr_carea' id='block_1_1' title="bbox 347 205 432 246">
    <p class='ocr_par' dir='ltr' id='par_1_1' title="bbox 347 205 432 246">
     <span class='ocr_line' id='line_1_1' title="bbox 347 205 432 246; baseline 0 0"><span class='ocrx_word' id='word_1_1' title='bbox 347 205 432 246; x_wconf 67' lang='lat'>320</span> 
     </span>
    </p>
   </div>
   <div class='ocr_carea' id='block_1_2' title="bbox 881 202 1313 246">
    <p class='ocr_par' dir='ltr' id='par_1_2' title="bbox 881 202 1313 246">
     <span class='ocr_line' id='line_1_2' title="bbox 881 202 1313 246; baseline 0.005 -2"><span class='ocrx_word' id='word_1_2' title='bbox 881 202 1313 246; x_wconf 88' lang='lat' dir='ltr'><strong>SATIRARUM</strong></span> 
     </span>
    </p>
   </div>
   <div class='ocr_carea' id='block_1_3' title="bbox 373 302 1654 491">
    <p class='ocr_par' dir='ltr' id='par_1_3' title="bbox 373 302 1654 491">
     <span class='ocr_line' id='line_1_3' title="bbox 373 302 1418 359; baseline 0.003 -16"><span class='ocrx_word' id='word_1_3' title='bbox 373 303 429 343; x_wconf 74' lang='lat'>45</span> <span class='ocrx_word' id='word_1_4' title='bbox 459 302 624 344; x_wconf 87' lang='lat' dir='ltr'><strong>Idcirco</strong></span> <span class='ocrx_word' id='word_1_5' title='bbox 645 303 832 357; x_wconf 88' lang='lat' dir='ltr'>quidam,</span> <span class='ocrx_word' id='word_1_6' title='bbox 851 305 1074 354; x_wconf 83' lang='lat' dir='ltr'>comoedia,</span> <span class='ocrx_word' id='word_1_7' title='bbox 1097 318 1247 354; x_wconf 87' lang='lat' dir='ltr'>necne,</span> <span class='ocrx_word' id='word_1_8' title='bbox 1267 319 1418 359; x_wconf 87' lang='lat' dir='ltr'>poema</span> 
     </span>
     <span class='ocr_line' id='line_1_4' title="bbox 459 369 1495 424; baseline 0.003 -15"><span class='ocrx_word' id='word_1_9' title='bbox 459 369 604 419; x_wconf 85' lang='lat' dir='ltr'>Esset,</span> <span class='ocrx_word' id='word_1_10' title='bbox 625 369 880 423; x_wconf 82' lang='lat' dir='ltr'>quaesivere3</span> <span class='ocrx_word' id='word_1_11' title='bbox 913 370 1037 424; x_wconf 82' lang='lat' dir='ltr'>quod·</span> <span class='ocrx_word' id='word_1_12' title='bbox 1049 384 1146 411; x_wconf 88' lang='lat' dir='ltr'>acer</span> <span class='ocrx_word' id='word_1_13' title='bbox 1167 371 1341 424; x_wconf 87' lang='lat' dir='ltr'>spiritus</span> <span class='ocrx_word' id='word_1_14' title='bbox 1363 385 1412 412; x_wconf 86' lang='lat' dir='ltr'>ac</span> <span class='ocrx_word' id='word_1_15' title='bbox 1433 372 1495 412; x_wconf 86' lang='lat' dir='ltr'>vis</span> 
     </span>
     <span class='ocr_line' id='line_1_5' title="bbox 457 435 1654 491; baseline 0.001 -15"><span class='ocrx_word' id='word_1_16' title='bbox 457 435 554 476; x_wconf 89' lang='lat' dir='ltr'>Nec</span> <span class='ocrx_word' id='word_1_17' title='bbox 573 435 728 484; x_wconf 91' lang='lat' dir='ltr'>verbis,</span> <span class='ocrx_word' id='word_1_18' title='bbox 749 449 828 477; x_wconf 92' lang='lat' dir='ltr'>nec</span> <span class='ocrx_word' id='word_1_19' title='bbox 848 436 978 477; x_wconf 88' lang='lat' dir='ltr'>rebus</span> <span class='ocrx_word' id='word_1_20' title='bbox 999 437 1129 487; x_wconf 79' lang='lat' dir='ltr'>inest3</span> <span class='ocrx_word' id='word_1_21' title='bbox 1166 437 1246 477; x_wconf 91' lang='lat' dir='ltr'>nisi</span> <span class='ocrx_word' id='word_1_22' title='bbox 1266 437 1382 491; x_wconf 92' lang='lat' dir='ltr'>quod</span> <span class='ocrx_word' id='word_1_23' title='bbox 1404 437 1516 490; x_wconf 89' lang='lat' dir='ltr'>pede</span> <span class='ocrx_word' id='word_1_24' title='bbox 1537 442 1654 477; x_wconf 87' lang='lat' dir='ltr'>certo</span> 
     </span>
    </p>
   </div>
   <div class='ocr_carea' id='block_1_4' title="bbox 457 501 1166 552">
    <p class='ocr_par' dir='ltr' id='par_1_4' title="bbox 457 501 1166 552">
     <span class='ocr_line' id='line_1_6' title="bbox 457 501 1166 552; baseline 0.001 -10"><span class='ocrx_word' id='word_1_25' title='bbox 457 501 618 542; x_wconf 86' lang='lat' dir='ltr'>Differt</span> <span class='ocrx_word' id='word_1_26' title='bbox 638 502 832 552; x_wconf 88' lang='lat' dir='ltr'>sermoni,</span> <span class='ocrx_word' id='word_1_27' title='bbox 854 517 989 549; x_wconf 84' lang='lat' dir='ltr'>sermo</span> <span class='ocrx_word' id='word_1_28' title='bbox 1009 517 1166 544; x_wconf 85' lang='lat' dir='ltr'>merus.</span> 
     </span>
    </p>
   </div>
   <div class='ocr_carea' id='block_1_5' title="bbox 1226 502 1604 558">
    <p class='ocr_par' dir='ltr' id='par_1_5' title="bbox 1226 502 1604 558">
     <span class='ocr_line' id='line_1_7' title="bbox 1226 502 1604 558; baseline -0.003 -14"><span class='ocrx_word' id='word_1_29' title='bbox 1226 502 1288 544; x_wconf 94' lang='lat' dir='ltr'>At</span> <span class='ocrx_word' id='word_1_30' title='bbox 1307 509 1429 558; x_wconf 89' lang='lat' dir='ltr'>pater</span> <span class='ocrx_word' id='word_1_31' title='bbox 1450 503 1604 544; x_wconf 85' lang='lat' dir='ltr'>ardens</span> 
     </span>
    </p>
   </div>
   <div class='ocr_carea' id='block_1_6' title="bbox 373 566 1606 754">
    <p class='ocr_par' dir='ltr' id='par_1_6' title="bbox 373 566 1606 754">
     <span class='ocr_line' id='line_1_8' title="bbox 458 566 1485 623; baseline 0.002 -16"><span class='ocrx_word' id='word_1_32' title='bbox 458 566 602 618; x_wconf 68' lang='lat' dir='ltr'>Saevit,</span> <span class='ocrx_word' id='word_1_33' title='bbox 623 570 740 622; x_wconf 91' lang='lat' dir='ltr'>quod</span> <span class='ocrx_word' id='word_1_34' title='bbox 759 569 980 610; x_wconf 84' lang='lat' dir='ltr'><strong>meretrice</strong></span> <span class='ocrx_word' id='word_1_35' title='bbox 1001 583 1136 623; x_wconf 88' lang='lat' dir='ltr'>nepos</span> <span class='ocrx_word' id='word_1_36' title='bbox 1157 569 1330 610; x_wconf 87' lang='lat' dir='ltr'>insanus</span> <span class='ocrx_word' id='word_1_37' title='bbox 1352 569 1485 610; x_wconf 87' lang='lat' dir='ltr'>amica</span> 
     </span>
     <span class='ocr_line' id='line_1_9' title="bbox 373 632 1400 688; baseline 0.001 -15"><span class='ocrx_word' id='word_1_38' title='bbox 373 632 428 673; x_wconf 86' lang='lat'>50</span> <span class='ocrx_word' id='word_1_39' title='bbox 457 633 589 674; x_wconf 89' lang='lat' dir='ltr'>Filius</span> <span class='ocrx_word' id='word_1_40' title='bbox 609 649 788 676; x_wconf 87' lang='lat' dir='ltr'>uxorem</span> <span class='ocrx_word' id='word_1_41' title='bbox 806 635 958 688; x_wconf 87' lang='lat' dir='ltr'>grandi</span> <span class='ocrx_word' id='word_1_42' title='bbox 979 649 1074 675; x_wconf 89' lang='lat' dir='ltr'>cum</span> <span class='ocrx_word' id='word_1_43' title='bbox 1095 635 1196 675; x_wconf 87' lang='lat' dir='ltr'>dote</span> <span class='ocrx_word' id='word_1_44' title='bbox 1216 641 1400 683; x_wconf 88' lang='lat' dir='ltr'>recuset,</span> 
     </span>
     <span class='ocr_line' id='line_1_10' title="bbox 459 692 1606 754; baseline -0.002 -13"><span class='ocrx_word' id='word_1_45' title='bbox 459 700 619 741; x_wconf 86' lang='lat' dir='ltr'>Ebrius</span> <span class='ocrx_word' id='word_1_46' title='bbox 640 707 682 741; x_wconf 88' lang='lat' dir='ltr'>et</span> <span class='ocrx_word' id='word_1_47' title='bbox 704 700 918 754; x_wconf 82' lang='lat' dir='ltr'>(magnum</span> <span class='ocrx_word' id='word_1_48' title='bbox 937 692 1054 754; x_wconf 67' lang='lat' dir='ltr'>quod</span> <span class='ocrx_word' id='word_1_49' title='bbox 1076 700 1281 752; x_wconf 88' lang='lat' dir='ltr'>dedecus)</span> <span class='ocrx_word' id='word_1_50' title='bbox 1303 699 1490 740; x_wconf 84' lang='lat' dir='ltr'>ambulet</span> <span class='ocrx_word' id='word_1_51' title='bbox 1509 705 1606 739; x_wconf 89' lang='lat' dir='ltr'>ante</span> 
     </span>
    </p>
   </div>
   <div class='ocr_carea' id='block_1_7' title="bbox 457 765 958 807">
    <p class='ocr_par' dir='ltr' id='par_1_7' title="bbox 457 765 958 807">
     <span class='ocr_line' id='line_1_11' title="bbox 457 765 958 807; baseline 0.004 -2"><span class='ocrx_word' id='word_1_52' title='bbox 457 765 643 807; x_wconf 85' lang='lat' dir='ltr'>Noctem</span> <span class='ocrx_word' id='word_1_53' title='bbox 663 780 758 806; x_wconf 90' lang='lat' dir='ltr'>cum</span> <span class='ocrx_word' id='word_1_54' title='bbox 780 766 958 807; x_wconf 84' lang='lat' dir='ltr'>facibus.</span> 
     </span>
    </p>
   </div>
   <div class='ocr_carea' id='block_1_8' title="bbox 456 831 1245 885">
    <p class='ocr_par' dir='ltr' id='par_1_8' title="bbox 456 831 1245 885">
     <span class='ocr_line' id='line_1_12' title="bbox 456 831 1245 885; baseline 0.001 -14"><span class='ocrx_word' id='word_1_55' title='bbox 456 831 643 872; x_wconf 88' lang='lat' dir='ltr'>Audiret</span> <span class='ocrx_word' id='word_1_56' title='bbox 663 831 835 881; x_wconf 82' lang='lat' dir='ltr'>leviora,</span> <span class='ocrx_word' id='word_1_57' title='bbox 857 839 979 885; x_wconf 86' lang='lat' dir='ltr'>pater</span> <span class='ocrx_word' id='word_1_58' title='bbox 1000 832 1034 872; x_wconf 90' lang='lat' dir='ltr'>si</span> <span class='ocrx_word' id='word_1_59' title='bbox 1054 833 1245 872; x_wconf 70' lang='lat' dir='ltr'>viveret?</span> 
     </span>
    </p>
   </div>
   <div class='ocr_carea' id='block_1_9' title="bbox 1018 765 1640 819">
    <p class='ocr_par' dir='ltr' id='par_1_9' title="bbox 1018 765 1640 819">
     <span class='ocr_line' id='line_1_13' title="bbox 1018 765 1640 819; baseline -0.003 -13"><span class='ocrx_word' id='word_1_60' title='bbox 1018 766 1242 819; x_wconf 89' lang='lat' dir='ltr'><strong>Numquid</strong></span> <span class='ocrx_word' id='word_1_61' title='bbox 1264 765 1526 819; x_wconf 86' lang='lat' dir='ltr'>Pomponius</span> <span class='ocrx_word' id='word_1_62' title='bbox 1548 765 1640 805; x_wconf 87' lang='lat' dir='ltr'>istis</span> 
     </span>
    </p>
   </div>
   <div class='ocr_carea' id='block_1_10' title="bbox 1306 831 1427 885">
    <p class='ocr_par' dir='ltr' id='par_1_10' title="bbox 1306 831 1427 885">
     <span class='ocr_line' id='line_1_14' title="bbox 1306 831 1427 885; baseline 0 -14"><span class='ocrx_word' id='word_1_63' title='bbox 1306 831 1427 885; x_wconf 83' lang='lat' dir='ltr'>Ergo</span> 
     </span>
    </p>
   </div>
   <div class='ocr_carea' id='block_1_11' title="bbox 373 897 1585 1016">
    <p class='ocr_par' dir='ltr' id='par_1_11' title="bbox 373 897 1585 1016">
     <span class='ocr_line' id='line_1_15' title="bbox 457 897 1585 952; baseline -0.001 -14"><span class='ocrx_word' id='word_1_64' title='bbox 457 897 559 938; x_wconf 87' lang='lat' dir='ltr'>Non</span> <span class='ocrx_word' id='word_1_65' title='bbox 582 899 682 938; x_wconf 81' lang='lat' dir='ltr'>sat-is</span> <span class='ocrx_word' id='word_1_66' title='bbox 702 905 781 947; x_wconf 88' lang='lat' dir='ltr'>est,</span> <span class='ocrx_word' id='word_1_67' title='bbox 803 899 921 951; x_wconf 89' lang='lat' dir='ltr'>puris</span> <span class='ocrx_word' id='word_1_68' title='bbox 943 912 1112 938; x_wconf 88' lang='lat' dir='ltr'>versum</span> <span class='ocrx_word' id='word_1_69' title='bbox 1132 898 1399 952; x_wconf 78' lang='lat' dir='ltr'>perscribere</span> <span class='ocrx_word' id='word_1_70' title='bbox 1421 897 1585 946; x_wconf 84' lang='lat' dir='ltr'>verbis3</span> 
     </span>
     <span class='ocr_line' id='line_1_16' title="bbox 373 962 1552 1016; baseline 0.001 -15"><span class='ocrx_word' id='word_1_71' title='bbox 373 962 429 1001; x_wconf 83' lang='lat'>55</span> <span class='ocrx_word' id='word_1_72' title='bbox 459 963 599 1008; x_wconf 82' lang='lat' dir='ltr'><strong>Quem</strong></span> <span class='ocrx_word' id='word_1_73' title='bbox 622 964 657 1003; x_wconf 90' lang='lat' dir='ltr'>si</span> <span class='ocrx_word' id='word_1_74' title='bbox 678 963 898 1012; x_wconf 83' lang='lat' dir='ltr'>dissolvas,</span> <span class='ocrx_word' id='word_1_75' title='bbox 920 963 1057 1016; x_wconf 91' lang='lat' dir='ltr'>quivis</span> <span class='ocrx_word' id='word_1_76' title='bbox 1080 962 1367 1003; x_wconf 79' lang='lat' dir='ltr'>stomachetur</span> <span class='ocrx_word' id='word_1_77' title='bbox 1387 963 1552 1011; x_wconf 88' lang='lat' dir='ltr'>eodem,</span> 
     </span>
    </p>
   </div>
   <div class='ocr_carea' id='block_1_12' title="bbox 457 1029 1139 1082">
    <p class='ocr_par' dir='ltr' id='par_1_12' title="bbox 457 1029 1139 1082">
     <span class='ocr_line' id='line_1_17' title="bbox 457 1029 1139 1082; baseline 0 -14"><span class='ocrx_word' id='word_1_78' title='bbox 457 1029 559 1075; x_wconf 83' lang='lat' dir='ltr'>Quo</span> <span class='ocrx_word' id='word_1_79' title='bbox 580 1036 836 1082; x_wconf 85' lang='lat' dir='ltr'>personatus</span> <span class='ocrx_word' id='word_1_80' title='bbox 858 1036 983 1082; x_wconf 87' lang='lat' dir='ltr'>pacto</span> <span class='ocrx_word' id='word_1_81' title='bbox 1005 1035 1139 1082; x_wconf 86' lang='lat' dir='ltr'>pater.</span> 
     </span>
    </p>
   </div>
   <div class='ocr_carea' id='block_1_13' title="bbox 1201 1028 1665 1082">
    <p class='ocr_par' dir='ltr' id='par_1_13' title="bbox 1201 1028 1665 1082">
     <span class='ocr_line' id='line_1_18' title="bbox 1201 1028 1665 1082; baseline 0 -14"><span class='ocrx_word' id='word_1_82' title='bbox 1201 1028 1298 1077; x_wconf 87' lang='lat' dir='ltr'>His,</span> <span class='ocrx_word' id='word_1_83' title='bbox 1320 1043 1400 1082; x_wconf 86' lang='lat' dir='ltr'>ego</span> <span class='ocrx_word' id='word_1_84' title='bbox 1421 1043 1517 1082; x_wconf 87' lang='lat' dir='ltr'>quae</span> <span class='ocrx_word' id='word_1_85' title='bbox 1537 1042 1665 1076; x_wconf 88' lang='lat' dir='ltr'>nunc,</span> 
     </span>
    </p>
   </div>
   <div class='ocr_carea' id='block_1_14' title="bbox 369 1093 1846 1542">
    <p class='ocr_par' dir='ltr' id='par_1_14' title="bbox 369 1093 1846 1542">
     <span class='ocr_line' id='line_1_19' title="bbox 457 1093 1343 1148; baseline 0.001 -15"><span class='ocrx_word' id='word_1_86' title='bbox 457 1093 572 1134; x_wconf 88' lang='lat' dir='ltr'><strong>Olim</strong></span> <span class='ocrx_word' id='word_1_87' title='bbox 593 1109 689 1148; x_wconf 90' lang='lat' dir='ltr'>quae</span> <span class='ocrx_word' id='word_1_88' title='bbox 711 1095 881 1148; x_wconf 86' lang='lat' dir='ltr'>scripsit</span> <span class='ocrx_word' id='word_1_89' title='bbox 903 1093 1109 1143; x_wconf 85' lang='lat' dir='ltr'>Lucilius,</span> <span class='ocrx_word' id='word_1_90' title='bbox 1130 1094 1284 1147; x_wconf 82' lang='lat' dir='ltr'>eripias</span> <span class='ocrx_word' id='word_1_91' title='bbox 1307 1094 1343 1134; x_wconf 89' lang='lat' dir='ltr'>si</span> 
     </span>
     <span class='ocr_line' id='line_1_20' title="bbox 455 1159 1846 1213; baseline 0.001 -14"><span class='ocrx_word' id='word_1_92' title='bbox 455 1159 672 1213; x_wconf 87' lang='lat' dir='ltr'>Tempora</span> <span class='ocrx_word' id='word_1_93' title='bbox 688 1167 818 1208; x_wconf 87' lang='lat' dir='ltr'>certa,</span> <span class='ocrx_word' id='word_1_94' title='bbox 831 1160 1079 1213; x_wconf 89' lang='lat' dir='ltr'>modosque,</span> <span class='ocrx_word' id='word_1_95' title='bbox 1094 1166 1136 1200; x_wconf 88' lang='lat' dir='ltr'>et</span> <span class='ocrx_word' id='word_1_96' title='bbox 1149 1160 1265 1212; x_wconf 93' lang='lat' dir='ltr'>quod</span> <span class='ocrx_word' id='word_1_97' title='bbox 1280 1160 1399 1213; x_wconf 91' lang='lat' dir='ltr'>prius</span> <span class='ocrx_word' id='word_1_98' title='bbox 1414 1160 1562 1201; x_wconf 86' lang='lat' dir='ltr'>ordine</span> <span class='ocrx_word' id='word_1_99' title='bbox 1576 1160 1749 1201; x_wconf 86' lang='lat' dir='ltr'>verbum</span> <span class='ocrx_word' id='word_1_100' title='bbox 1765 1166 1846 1208; x_wconf 86' lang='lat' dir='ltr'>est,</span> 
     </span>
     <span class='ocr_line' id='line_1_21' title="bbox 456 1223 1478 1279; baseline 0.001 -15"><span class='ocrx_word' id='word_1_101' title='bbox 456 1223 678 1266; x_wconf 85' lang='lat' dir='ltr'>Posterius</span> <span class='ocrx_word' id='word_1_102' title='bbox 701 1226 843 1276; x_wconf 86' lang='lat' dir='ltr'>facias,</span> <span class='ocrx_word' id='word_1_103' title='bbox 866 1239 1120 1279; x_wconf 83' lang='lat' dir='ltr'>praeponens</span> <span class='ocrx_word' id='word_1_104' title='bbox 1142 1224 1287 1264; x_wconf 87' lang='lat' dir='ltr'>ultima</span> <span class='ocrx_word' id='word_1_105' title='bbox 1309 1226 1478 1279; x_wconf 90' lang='lat' dir='ltr'>primis;</span> 
     </span>
     <span class='ocr_line' id='line_1_22' title="bbox 369 1289 1540 1345; baseline 0.002 -15"><span class='ocrx_word' id='word_1_106' title='bbox 369 1289 425 1330; x_wconf 85' lang='lat'>60</span> <span class='ocrx_word' id='word_1_107' title='bbox 455 1289 571 1340; x_wconf 89' lang='lat' dir='ltr'>Non,</span> <span class='ocrx_word' id='word_1_108' title='bbox 595 1298 643 1332; x_wconf 88' lang='lat' dir='ltr'>ut</span> <span class='ocrx_word' id='word_1_109' title='bbox 664 1292 699 1332; x_wconf 90' lang='lat' dir='ltr'>si</span> <span class='ocrx_word' id='word_1_110' title='bbox 720 1291 869 1341; x_wconf 90' lang='lat' dir='ltr'>solvas,</span> <span class='ocrx_word' id='word_1_111' title='bbox 894 1295 920 1313; x_wconf 94' lang='lat'><strong>“</strong></span> <span class='ocrx_word' id='word_1_112' title='bbox 934 1291 1167 1345; x_wconf 75' lang='lat' dir='ltr'>Postquam</span> <span class='ocrx_word' id='word_1_113' title='bbox 1190 1291 1406 1331; x_wconf 77' lang='lat' dir='ltr'>discordia</span> <span class='ocrx_word' id='word_1_114' title='bbox 1427 1297 1540 1332; x_wconf 80' lang='lat' dir='ltr'>tetra</span> 
     </span>
     <span class='ocr_line' id='line_1_23' title="bbox 453 1356 1441 1411; baseline 0 -15"><span class='ocrx_word' id='word_1_115' title='bbox 453 1356 571 1396; x_wconf 81' lang='lat' dir='ltr'>Belli</span> <span class='ocrx_word' id='word_1_116' title='bbox 574 1357 776 1410; x_wconf 79' lang='lat' dir='ltr'>serratos</span> <span class='ocrx_word' id='word_1_117' title='bbox 787 1363 939 1411; x_wconf 78' lang='lat' dir='ltr'>postes</span> <span class='ocrx_word' id='word_1_118' title='bbox 952 1362 1190 1411; x_wconf 76' lang='lat' dir='ltr'>portasque</span> <span class='ocrx_word' id='word_1_119' title='bbox 1209 1356 1392 1411; x_wconf 70' lang='lat' dir='ltr'>refregit</span> <span class='ocrx_word' id='word_1_120' title='bbox 1402 1356 1441 1404; x_wconf 88' lang='lat'>,·’&#39;</span> 
     </span>
     <span class='ocr_line' id='line_1_24' title="bbox 453 1421 1366 1477; baseline 0.002 -15"><span class='ocrx_word' id='word_1_121' title='bbox 453 1421 648 1463; x_wconf 87' lang='lat' dir='ltr'>Invenias</span> <span class='ocrx_word' id='word_1_122' title='bbox 669 1423 795 1464; x_wconf 89' lang='lat' dir='ltr'>etiam</span> <span class='ocrx_word' id='word_1_123' title='bbox 816 1423 985 1477; x_wconf 83' lang='lat' dir='ltr'>disjecti</span> <span class='ocrx_word' id='word_1_124' title='bbox 1005 1423 1192 1462; x_wconf 87' lang='lat' dir='ltr'>membra</span> <span class='ocrx_word' id='word_1_125' title='bbox 1213 1429 1366 1476; x_wconf 89' lang='lat' dir='ltr'>poetae.</span> 
     </span>
     <span class='ocr_line' id='line_1_25' title="bbox 453 1487 1608 1542; baseline 0.002 -14"><span class='ocrx_word' id='word_1_126' title='bbox 453 1487 676 1530; x_wconf 88' lang='lat' dir='ltr'>Hactenus</span> <span class='ocrx_word' id='word_1_127' title='bbox 697 1489 817 1530; x_wconf 84' lang='lat' dir='ltr'>haec:</span> <span class='ocrx_word' id='word_1_128' title='bbox 850 1488 966 1536; x_wconf 87' lang='lat' dir='ltr'>alias,</span> <span class='ocrx_word' id='word_1_129' title='bbox 984 1489 1148 1542; x_wconf 88' lang='lat' dir='ltr'>justum</span> <span class='ocrx_word' id='word_1_130' title='bbox 1171 1489 1237 1538; x_wconf 88' lang='lat' dir='ltr'>sit,</span> <span class='ocrx_word' id='word_1_131' title='bbox 1260 1503 1407 1538; x_wconf 88' lang='lat' dir='ltr'>necne,</span> <span class='ocrx_word' id='word_1_132' title='bbox 1428 1503 1608 1542; x_wconf 83' lang='lat' dir='ltr'>poema3</span> 
     </span>
    </p>
   </div>
   <div class='ocr_carea' id='block_1_15' title="bbox 330 1626 1076 2963">
    <p class='ocr_par' dir='ltr' id='par_1_15' title="bbox 339 1626 1076 1960">
     <span class='ocr_line' id='line_1_26' title="bbox 341 1626 1075 1669; baseline 0.003 -13"><span class='ocrx_word' id='word_1_133' title='bbox 341 1626 413 1657; x_wconf 86' lang='lat' dir='ltr'>dam</span> <span class='ocrx_word' id='word_1_134' title='bbox 428 1627 533 1657; x_wconf 85' lang='lat' dir='ltr'>afflatu</span> <span class='ocrx_word' id='word_1_135' title='bbox 549 1628 682 1668; x_wconf 83' lang='lat' dir='ltr'>agitatur</span> <span class='ocrx_word' id='word_1_136' title='bbox 696 1634 727 1659; x_wconf 88' lang='lat' dir='ltr'>et</span> <span class='ocrx_word' id='word_1_137' title='bbox 742 1629 915 1660; x_wconf 81' lang='lat' dir='ltr'>incalescit.</span> <span class='ocrx_word' id='word_1_138' title='bbox 938 1630 1035 1669; x_wconf 80' lang='lat' dir='ltr'>Atque</span> <span class='ocrx_word' id='word_1_139' title='bbox 1047 1639 1075 1658; x_wconf 86' lang='lat' dir='ltr'>os</span> 
     </span>
     <span class='ocr_line' id='line_1_27' title="bbox 345 1668 1075 1711; baseline 0.003 -13"><span class='ocrx_word' id='word_1_140' title='bbox 345 1668 462 1709; x_wconf 82' lang='lat' dir='ltr'>Magna</span> <span class='ocrx_word' id='word_1_141' title='bbox 485 1675 661 1700; x_wconf 79' lang='lat' dir='ltr'>sanaturum</span> <span class='ocrx_word' id='word_1_142' title='bbox 676 1669 884 1710; x_wconf 87' lang='lat' dir='ltr'>(insolentiori</span> <span class='ocrx_word' id='word_1_143' title='bbox 905 1672 999 1701; x_wconf 85' lang='lat' dir='ltr'>forma</span> <span class='ocrx_word' id='word_1_144' title='bbox 1021 1680 1075 1711; x_wconf 89' lang='lat' dir='ltr'>pro</span> 
     </span>
     <span class='ocr_line' id='line_1_28' title="bbox 343 1709 1075 1752; baseline 0.005 -13"><span class='ocrx_word' id='word_1_145' title='bbox 343 1709 544 1749; x_wconf 74' lang='lat' dir='ltr'>sonituram),</span> <span class='ocrx_word' id='word_1_146' title='bbox 579 1710 747 1752; x_wconf 86' lang='lat' dir='ltr'>explicant,</span> <span class='ocrx_word' id='word_1_147' title='bbox 780 1722 814 1742; x_wconf 90' lang='lat' dir='ltr'>os</span> <span class='ocrx_word' id='word_1_148' title='bbox 849 1713 932 1752; x_wconf 87' lang='lat' dir='ltr'>quod</span> <span class='ocrx_word' id='word_1_149' title='bbox 967 1722 1075 1743; x_wconf 82' lang='lat' dir='ltr'>sonare</span> 
     </span>
     <span class='ocr_line' id='line_1_29' title="bbox 345 1751 1076 1794; baseline 0.004 -13"><span class='ocrx_word' id='word_1_150' title='bbox 345 1752 464 1792; x_wconf 82' lang='lat' dir='ltr'>possit3</span> <span class='ocrx_word' id='word_1_151' title='bbox 492 1751 610 1790; x_wconf 84' lang='lat' dir='ltr'>malim,</span> <span class='ocrx_word' id='word_1_152' title='bbox 640 1763 673 1783; x_wconf 89' lang='lat' dir='ltr'>os</span> <span class='ocrx_word' id='word_1_153' title='bbox 701 1754 786 1793; x_wconf 91' lang='lat' dir='ltr'>quod</span> <span class='ocrx_word' id='word_1_154' title='bbox 815 1764 928 1794; x_wconf 86' lang='lat' dir='ltr'>magna</span> <span class='ocrx_word' id='word_1_155' title='bbox 957 1755 1076 1784; x_wconf 87' lang='lat' dir='ltr'>souitu-</span> 
     </span>
     <span class='ocr_line' id='line_1_30' title="bbox 343 1795 1074 1837; baseline 0.004 -14"><span class='ocrx_word' id='word_1_156' title='bbox 343 1803 413 1823; x_wconf 87' lang='lat' dir='ltr'>rum</span> <span class='ocrx_word' id='word_1_157' title='bbox 433 1803 498 1825; x_wconf 84' lang='lat' dir='ltr'>esse</span> <span class='ocrx_word' id='word_1_158' title='bbox 519 1795 676 1835; x_wconf 87' lang='lat' dir='ltr'>expectari</span> <span class='ocrx_word' id='word_1_159' title='bbox 699 1795 813 1835; x_wconf 82' lang='lat' dir='ltr'>possit:</span> <span class='ocrx_word' id='word_1_160' title='bbox 838 1807 947 1837; x_wconf 80' lang='lat' dir='ltr'>magna</span> <span class='ocrx_word' id='word_1_161' title='bbox 970 1807 1074 1827; x_wconf 75' lang='lat' dir='ltr'>sonare</span> 
     </span>
     <span class='ocr_line' id='line_1_31' title="bbox 339 1833 1073 1875; baseline 0.004 -10"><span class='ocrx_word' id='word_1_162' title='bbox 339 1833 408 1875; x_wconf 87' lang='lat' dir='ltr'>jam</span> <span class='ocrx_word' id='word_1_163' title='bbox 443 1839 500 1872; x_wconf 85' lang='lat' dir='ltr'>est,</span> <span class='ocrx_word' id='word_1_164' title='bbox 536 1836 729 1867; x_wconf 86' lang='lat' dir='ltr'>sublimiores</span> <span class='ocrx_word' id='word_1_165' title='bbox 768 1847 859 1868; x_wconf 86' lang='lat' dir='ltr'>sonos</span> <span class='ocrx_word' id='word_1_166' title='bbox 897 1843 929 1868; x_wconf 90' lang='lat' dir='ltr'>et</span> <span class='ocrx_word' id='word_1_167' title='bbox 967 1837 1073 1868; x_wconf 87' lang='lat' dir='ltr'>modos</span> 
     </span>
     <span class='ocr_line' id='line_1_32' title="bbox 342 1875 1074 1921; baseline 0.007 -15"><span class='ocrx_word' id='word_1_168' title='bbox 342 1875 453 1914; x_wconf 79' lang='lat' dir='ltr'>edere3</span> <span class='ocrx_word' id='word_1_169' title='bbox 476 1882 508 1906; x_wconf 84' lang='lat' dir='ltr'>at</span> <span class='ocrx_word' id='word_1_170' title='bbox 532 1876 589 1908; x_wconf 83' lang='lat' dir='ltr'>inf.</span> <span class='ocrx_word' id='word_1_171' title='bbox 617 1879 681 1908; x_wconf 86' lang='lat' dir='ltr'>Sat.</span> <span class='ocrx_word' id='word_1_172' title='bbox 707 1877 728 1914; x_wconf 93' lang='lat' dir='ltr'>i,</span> <span class='ocrx_word' id='word_1_173' title='bbox 755 1880 787 1911; x_wconf 84' lang='lat'>6.</span> <span class='ocrx_word' id='word_1_174' title='bbox 815 1880 855 1909; x_wconf 88' lang='grc'>43</span> <span class='ocrx_word' id='word_1_175' title='bbox 885 1880 923 1910; x_wconf 90' lang='lat' dir='ltr'>de</span> <span class='ocrx_word' id='word_1_176' title='bbox 948 1879 1074 1921; x_wconf 88' lang='lat' dir='ltr'>ingente</span> 
     </span>
     <span class='ocr_line' id='line_1_33' title="bbox 342 1917 970 1960; baseline 0.008 -14"><span class='ocrx_word' id='word_1_177' title='bbox 342 1927 452 1948; x_wconf 88' lang='lat' dir='ltr'>vocum</span> <span class='ocrx_word' id='word_1_178' title='bbox 469 1917 687 1949; x_wconf 89' lang='lat' dir='ltr'>altissimarum</span> <span class='ocrx_word' id='word_1_179' title='bbox 702 1920 831 1960; x_wconf 86' lang='lat' dir='ltr'>strepitu</span> <span class='ocrx_word' id='word_1_180' title='bbox 845 1920 970 1952; x_wconf 83' lang='lat' dir='ltr'>dicitur.</span> 
     </span>
    </p>

    <p class='ocr_par' dir='ltr' id='par_1_16' title="bbox 330 1960 1075 2658">
     <span class='ocr_line' id='line_1_34' title="bbox 386 1960 1074 1998; baseline 0.006 -9"><span class='ocrx_word' id='word_1_181' title='bbox 386 1960 523 1991; x_wconf 80' lang='lat'>45—48.</span> <span class='ocrx_word' id='word_1_182' title='bbox 554 1960 680 1998; x_wconf 79' lang='lat' dir='ltr'>Idcirco,</span> <span class='ocrx_word' id='word_1_183' title='bbox 702 1967 774 1992; x_wconf 86' lang='lat' dir='ltr'>cett.</span> <span class='ocrx_word' id='word_1_184' title='bbox 797 1972 924 1992; x_wconf 88' lang='lat' dir='ltr'>sensus:</span> <span class='ocrx_word' id='word_1_185' title='bbox 949 1963 1074 1993; x_wconf 82' lang='lat' dir='ltr'>fuerunt</span> 
     </span>
     <span class='ocr_line' id='line_1_35' title="bbox 341 1999 1075 2045; baseline 0.007 -15"><span class='ocrx_word' id='word_1_186' title='bbox 341 1999 448 2041; x_wconf 86' lang='lat' dir='ltr'>igitur,</span> <span class='ocrx_word' id='word_1_187' title='bbox 470 2001 536 2041; x_wconf 88' lang='lat' dir='ltr'>qui,</span> <span class='ocrx_word' id='word_1_188' title='bbox 560 2007 663 2032; x_wconf 90' lang='lat' dir='ltr'>utrum</span> <span class='ocrx_word' id='word_1_189' title='bbox 685 2003 839 2034; x_wconf 77' lang='lat' dir='ltr'>comoedia</span> <span class='ocrx_word' id='word_1_190' title='bbox 861 2014 970 2045; x_wconf 88' lang='lat' dir='ltr'>poema</span> <span class='ocrx_word' id='word_1_191' title='bbox 992 2010 1075 2036; x_wconf 84' lang='lat' dir='ltr'>esset</span> 
     </span>
     <span class='ocr_line' id='line_1_36' title="bbox 342 2042 1073 2086; baseline 0.007 -14"><span class='ocrx_word' id='word_1_192' title='bbox 342 2042 527 2077; x_wconf 86' lang='lat' dir='ltr'>vocandum,</span> <span class='ocrx_word' id='word_1_193' title='bbox 558 2053 615 2074; x_wconf 90' lang='lat' dir='ltr'>nec</span> <span class='ocrx_word' id='word_1_194' title='bbox 642 2053 692 2078; x_wconf 85' lang='lat' dir='ltr'>ne,</span> <span class='ocrx_word' id='word_1_195' title='bbox 719 2051 900 2085; x_wconf 87' lang='lat' dir='ltr'>quaererent,</span> <span class='ocrx_word' id='word_1_196' title='bbox 927 2046 1010 2086; x_wconf 86' lang='lat' dir='ltr'>quod</span> <span class='ocrx_word' id='word_1_197' title='bbox 1040 2046 1073 2077; x_wconf 91' lang='lat' dir='ltr'>in</span> 
     </span>
     <span class='ocr_line' id='line_1_37' title="bbox 342 2083 1073 2128; baseline 0.005 -14"><span class='ocrx_word' id='word_1_198' title='bbox 342 2083 503 2114; x_wconf 86' lang='lat' dir='ltr'>comoediis</span> <span class='ocrx_word' id='word_1_199' title='bbox 539 2094 596 2115; x_wconf 90' lang='lat' dir='ltr'>nec</span> <span class='ocrx_word' id='word_1_200' title='bbox 633 2085 742 2120; x_wconf 90' lang='lat' dir='ltr'>verbis,</span> <span class='ocrx_word' id='word_1_201' title='bbox 780 2096 836 2117; x_wconf 90' lang='lat' dir='ltr'>nec</span> <span class='ocrx_word' id='word_1_202' title='bbox 873 2088 966 2118; x_wconf 84' lang='lat' dir='ltr'>rebus</span> <span class='ocrx_word' id='word_1_203' title='bbox 1001 2098 1073 2128; x_wconf 83' lang='lat' dir='ltr'>quae</span> 
     </span>
     <span class='ocr_line' id='line_1_38' title="bbox 343 2125 1074 2167; baseline 0.005 -12"><span class='ocrx_word' id='word_1_204' title='bbox 343 2131 486 2165; x_wconf 83' lang='lat' dir='ltr'>agantur,</span> <span class='ocrx_word' id='word_1_205' title='bbox 511 2125 687 2156; x_wconf 87' lang='lat' dir='ltr'>sublimitas</span> <span class='ocrx_word' id='word_1_206' title='bbox 716 2132 748 2157; x_wconf 92' lang='lat' dir='ltr'>et</span> <span class='ocrx_word' id='word_1_207' title='bbox 772 2127 905 2167; x_wconf 84' lang='lat' dir='ltr'>gravitas</span> <span class='ocrx_word' id='word_1_208' title='bbox 929 2128 1021 2164; x_wconf 86' lang='lat' dir='ltr'>inest,</span> <span class='ocrx_word' id='word_1_209' title='bbox 1042 2135 1074 2160; x_wconf 92' lang='lat' dir='ltr'>et</span> 
     </span>
     <span class='ocr_line' id='line_1_39' title="bbox 341 2166 1072 2208; baseline 0.007 -12"><span class='ocrx_word' id='word_1_210' title='bbox 341 2166 426 2206; x_wconf 89' lang='lat' dir='ltr'>quod</span> <span class='ocrx_word' id='word_1_211' title='bbox 445 2177 554 2204; x_wconf 87' lang='lat' dir='ltr'>sermo,</span> <span class='ocrx_word' id='word_1_212' title='bbox 569 2167 622 2208; x_wconf 90' lang='lat' dir='ltr'>qui</span> <span class='ocrx_word' id='word_1_213' title='bbox 646 2167 678 2198; x_wconf 87' lang='lat' dir='ltr'>in</span> <span class='ocrx_word' id='word_1_214' title='bbox 699 2169 862 2199; x_wconf 87' lang='lat' dir='ltr'>comoediis</span> <span class='ocrx_word' id='word_1_215' title='bbox 876 2181 983 2205; x_wconf 84' lang='lat' dir='ltr'>merus,</span> <span class='ocrx_word' id='word_1_216' title='bbox 999 2170 1030 2201; x_wconf 89' lang='lat' dir='ltr'>h.</span> <span class='ocrx_word' id='word_1_217' title='bbox 1044 2181 1072 2201; x_wconf 85' lang='lat' dir='ltr'>e.</span> 
     </span>
     <span class='ocr_line' id='line_1_40' title="bbox 341 2208 1072 2252; baseline 0.007 -14"><span class='ocrx_word' id='word_1_218' title='bbox 341 2208 477 2248; x_wconf 85' lang='lat' dir='ltr'>vulgaris</span> <span class='ocrx_word' id='word_1_219' title='bbox 490 2214 521 2239; x_wconf 91' lang='lat' dir='ltr'>et</span> <span class='ocrx_word' id='word_1_220' title='bbox 533 2209 731 2249; x_wconf 86' lang='lat' dir='ltr'>quotidianus</span> <span class='ocrx_word' id='word_1_221' title='bbox 745 2216 802 2247; x_wconf 81' lang='lat' dir='ltr'>est,</span> <span class='ocrx_word' id='word_1_222' title='bbox 815 2220 833 2240; x_wconf 90' lang='lat' dir='ltr'>a</span> <span class='ocrx_word' id='word_1_223' title='bbox 847 2221 996 2246; x_wconf 87' lang='lat' dir='ltr'>sermone,</span> <span class='ocrx_word' id='word_1_224' title='bbox 1010 2222 1072 2252; x_wconf 92' lang='lat' dir='ltr'>quo</span> 
     </span>
     <span class='ocr_line' id='line_1_41' title="bbox 342 2249 1072 2288; baseline 0.007 -9"><span class='ocrx_word' id='word_1_225' title='bbox 342 2259 375 2279; x_wconf 85' lang='grc' dir='ltr'>ιιι</span> <span class='ocrx_word' id='word_1_226' title='bbox 399 2249 460 2280; x_wconf 86' lang='lat' dir='ltr'>vita</span> <span class='ocrx_word' id='word_1_227' title='bbox 486 2251 644 2281; x_wconf 90' lang='lat' dir='ltr'>communi</span> <span class='ocrx_word' id='word_1_228' title='bbox 669 2250 795 2288; x_wconf 84' lang='lat' dir='ltr'>utimur,</span> <span class='ocrx_word' id='word_1_229' title='bbox 821 2262 883 2282; x_wconf 88' lang='lat' dir='ltr'>non</span> <span class='ocrx_word' id='word_1_230' title='bbox 908 2252 967 2282; x_wconf 89' lang='lat' dir='ltr'>nisi</span> <span class='ocrx_word' id='word_1_231' title='bbox 991 2260 1072 2284; x_wconf 85' lang='lat' dir='ltr'>certo</span> 
     </span>
     <span class='ocr_line' id='line_1_42' title="bbox 341 2290 1069 2334; baseline 0.007 -13"><span class='ocrx_word' id='word_1_232' title='bbox 341 2290 418 2332; x_wconf 80' lang='lat' dir='ltr'>pede</span> <span class='ocrx_word' id='word_1_233' title='bbox 440 2291 551 2323; x_wconf 86' lang='lat' dir='ltr'>differt.</span> <span class='ocrx_word' id='word_1_234' title='bbox 595 2293 776 2334; x_wconf 86' lang='lat' dir='ltr'>Opportune</span> <span class='ocrx_word' id='word_1_235' title='bbox 791 2293 962 2324; x_wconf 89' lang='lat' dir='ltr'>Lambinus</span> <span class='ocrx_word' id='word_1_236' title='bbox 985 2305 1069 2326; x_wconf 87' lang='lat' dir='ltr'>com-</span> 
     </span>
     <span class='ocr_line' id='line_1_43' title="bbox 342 2333 1069 2373; baseline 0.006 -10"><span class='ocrx_word' id='word_1_237' title='bbox 342 2338 431 2373; x_wconf 83' lang='lat' dir='ltr'>parat</span> <span class='ocrx_word' id='word_1_238' title='bbox 451 2333 522 2364; x_wconf 85' lang='lat' dir='ltr'>Cic.</span> <span class='ocrx_word' id='word_1_239' title='bbox 543 2334 629 2365; x_wconf 85' lang='lat' dir='ltr'>Orat.</span> <span class='ocrx_word' id='word_1_240' title='bbox 648 2335 702 2369; x_wconf 84' lang='lat'>20,</span> <span class='ocrx_word' id='word_1_241' title='bbox 719 2336 801 2365; x_wconf 78' lang='lat' dir='ltr'>video</span> <span class='ocrx_word' id='word_1_242' title='bbox 814 2337 909 2366; x_wconf 79' lang='lat' dir='ltr'>visum</span> <span class='ocrx_word' id='word_1_243' title='bbox 924 2347 980 2367; x_wconf 84' lang='lat' dir='ltr'>esse</span> <span class='ocrx_word' id='word_1_244' title='bbox 995 2348 1069 2367; x_wconf 82' lang='lat' dir='ltr'>nou-</span> 
     </span>
     <span class='ocr_line' id='line_1_44' title="bbox 341 2376 1070 2414; baseline 0.007 -10"><span class='ocrx_word' id='word_1_245' title='bbox 341 2376 447 2411; x_wconf 83' lang='lat' dir='ltr'>nullis,</span> <span class='ocrx_word' id='word_1_246' title='bbox 475 2376 610 2406; x_wconf 75' lang='lat' dir='ltr'>Platonis</span> <span class='ocrx_word' id='word_1_247' title='bbox 640 2383 667 2406; x_wconf 85' lang='lat' dir='ltr'>et</span> <span class='ocrx_word' id='word_1_248' title='bbox 695 2376 859 2407; x_wconf 79' lang='lat' dir='ltr'>Democriti</span> <span class='ocrx_word' id='word_1_249' title='bbox 885 2379 1070 2414; x_wconf 77' lang='lat' dir='ltr'>locutionem,</span> 
     </span>
     <span class='ocr_line' id='line_1_45' title="bbox 341 2418 1071 2459; baseline 0.005 -13"><span class='ocrx_word' id='word_1_250' title='bbox 341 2418 396 2446; x_wconf 78' lang='lat' dir='ltr'>etsi</span> <span class='ocrx_word' id='word_1_251' title='bbox 418 2418 494 2448; x_wconf 76' lang='lat' dir='ltr'>absit</span> <span class='ocrx_word' id='word_1_252' title='bbox 518 2429 536 2447; x_wconf 84' lang='lat' dir='ltr'>a</span> <span class='ocrx_word' id='word_1_253' title='bbox 563 2429 660 2453; x_wconf 83' lang='lat' dir='ltr'>versu,</span> <span class='ocrx_word' id='word_1_254' title='bbox 685 2425 794 2453; x_wconf 83' lang='lat' dir='ltr'>tamen,</span> <span class='ocrx_word' id='word_1_255' title='bbox 817 2421 892 2459; x_wconf 80' lang='lat' dir='ltr'>quod</span> <span class='ocrx_word' id='word_1_256' title='bbox 915 2421 1071 2451; x_wconf 80' lang='lat' dir='ltr'>incitatius</span> 
     </span>
     <span class='ocr_line' id='line_1_46' title="bbox 330 2457 1069 2498; baseline 0.007 -11"><span class='ocrx_word' id='word_1_257' title='bbox 330 2457 461 2498; x_wconf 77' lang='lat' dir='ltr'>feratur</span> <span class='ocrx_word' id='word_1_258' title='bbox 482 2466 509 2488; x_wconf 79' lang='lat' dir='ltr'>et</span> <span class='ocrx_word' id='word_1_259' title='bbox 534 2461 706 2490; x_wconf 82' lang='lat' dir='ltr'>clarissimis</span> <span class='ocrx_word' id='word_1_260' title='bbox 731 2461 884 2491; x_wconf 73' lang='lat' dir='ltr'>verborum</span> <span class='ocrx_word' id='word_1_261' title='bbox 907 2463 1069 2493; x_wconf 75' lang='lat' dir='ltr'>luminibus</span> 
     </span>
     <span class='ocr_line' id='line_1_47' title="bbox 339 2502 1068 2542; baseline 0.007 -13"><span class='ocrx_word' id='word_1_262' title='bbox 339 2505 459 2534; x_wconf 76' lang='lat' dir='ltr'>utatur,</span> <span class='ocrx_word' id='word_1_263' title='bbox 469 2502 567 2540; x_wconf 77' lang='lat' dir='ltr'>potius</span> <span class='ocrx_word' id='word_1_264' title='bbox 580 2513 678 2540; x_wconf 81' lang='lat' dir='ltr'>poema</span> <span class='ocrx_word' id='word_1_265' title='bbox 692 2504 857 2540; x_wconf 54' lang='lat' dir='ltr'>putandam&gt;</span> <span class='ocrx_word' id='word_1_266' title='bbox 871 2514 958 2542; x_wconf 81' lang='lat' dir='ltr'>quam</span> <span class='ocrx_word' id='word_1_267' title='bbox 973 2504 1068 2534; x_wconf 78' lang='lat' dir='ltr'>Comi-</span> 
     </span>
     <span class='ocr_line' id='line_1_48' title="bbox 341 2545 1066 2585; baseline 0.007 -14"><span class='ocrx_word' id='word_1_268' title='bbox 341 2552 442 2572; x_wconf 83' lang='lat' dir='ltr'>corum</span> <span class='ocrx_word' id='word_1_269' title='bbox 458 2549 625 2581; x_wconf 81' lang='lat' dir='ltr'>poetarum,</span> <span class='ocrx_word' id='word_1_270' title='bbox 639 2545 720 2583; x_wconf 79' lang='lat' dir='ltr'>apud</span> <span class='ocrx_word' id='word_1_271' title='bbox 740 2555 820 2584; x_wconf 79' lang='lat' dir='ltr'>quos,</span> <span class='ocrx_word' id='word_1_272' title='bbox 835 2546 893 2575; x_wconf 76' lang='lat' dir='ltr'>uisi</span> <span class='ocrx_word' id='word_1_273' title='bbox 908 2548 985 2585; x_wconf 77' lang='lat' dir='ltr'>quod</span> <span class='ocrx_word' id='word_1_274' title='bbox 1006 2557 1066 2576; x_wconf 82' lang='lat' dir='ltr'>ver-</span> 
     </span>
     <span class='ocr_line' id='line_1_49' title="bbox 339 2584 1068 2627; baseline 0.008 -14"><span class='ocrx_word' id='word_1_275' title='bbox 339 2584 427 2614; x_wconf 80' lang='lat' dir='ltr'>siculi</span> <span class='ocrx_word' id='word_1_276' title='bbox 446 2591 527 2620; x_wconf 78' lang='lat' dir='ltr'>sum,</span> <span class='ocrx_word' id='word_1_277' title='bbox 542 2587 619 2616; x_wconf 81' lang='lat' dir='ltr'>nihil</span> <span class='ocrx_word' id='word_1_278' title='bbox 634 2594 675 2616; x_wconf 55' lang='lat' dir='ltr'>est</span> <span class='ocrx_word' id='word_1_279' title='bbox 695 2587 782 2617; x_wconf 77' lang='lat' dir='ltr'>aliud</span> <span class='ocrx_word' id='word_1_280' title='bbox 797 2588 966 2627; x_wconf 77' lang='lat' dir='ltr'>quotidiani</span> <span class='ocrx_word' id='word_1_281' title='bbox 984 2590 1068 2619; x_wconf 79' lang='lat' dir='ltr'>dissi-</span> 
     </span>
     <span class='ocr_line' id='line_1_50' title="bbox 339 2627 572 2658; baseline 0.013 -4"><span class='ocrx_word' id='word_1_282' title='bbox 339 2627 409 2656; x_wconf 82' lang='lat' dir='ltr'>mile</span> <span class='ocrx_word' id='word_1_283' title='bbox 421 2628 572 2658; x_wconf 82' lang='lat' dir='ltr'>sermonis.</span> 
     </span>
    </p>

    <p class='ocr_par' dir='ltr' id='par_1_17' title="bbox 338 2668 1072 2963">
     <span class='ocr_line' id='line_1_51' title="bbox 382 2668 1068 2708; baseline 0.004 -10"><span class='ocrx_word' id='word_1_284' title='bbox 382 2668 520 2698; x_wconf 79' lang='lat'>48—52.</span> <span class='ocrx_word' id='word_1_285' title='bbox 563 2669 603 2698; x_wconf 73' lang='lat' dir='ltr'>At</span> <span class='ocrx_word' id='word_1_286' title='bbox 628 2675 724 2708; x_wconf 82' lang='lat' dir='ltr'>puter,</span> <span class='ocrx_word' id='word_1_287' title='bbox 750 2675 825 2700; x_wconf 87' lang='lat' dir='ltr'>cett.</span> <span class='ocrx_word' id='word_1_288' title='bbox 853 2675 884 2700; x_wconf 82' lang='lat' dir='ltr'>at</span> <span class='ocrx_word' id='word_1_289' title='bbox 909 2670 1068 2701; x_wconf 75' lang='lat' dir='ltr'>sementim</span> 
     </span>
     <span class='ocr_line' id='line_1_52' title="bbox 339 2709 1072 2750; baseline 0.005 -12"><span class='ocrx_word' id='word_1_290' title='bbox 339 2713 400 2739; x_wconf 81' lang='lat' dir='ltr'>tuae</span> <span class='ocrx_word' id='word_1_291' title='bbox 425 2714 446 2727; x_wconf 88' lang='lat'><strong>“</strong></span> <span class='ocrx_word' id='word_1_292' title='bbox 460 2709 599 2750; x_wconf 80' lang='lat' dir='ltr'>spiritum</span> <span class='ocrx_word' id='word_1_293' title='bbox 623 2720 722 2741; x_wconf 87' lang='lat' dir='ltr'>acrem</span> <span class='ocrx_word' id='word_1_294' title='bbox 748 2716 780 2741; x_wconf 87' lang='lat' dir='ltr'>et</span> <span class='ocrx_word' id='word_1_295' title='bbox 798 2711 856 2741; x_wconf 89' lang='lat' dir='ltr'>vim</span> <span class='ocrx_word' id='word_1_296' title='bbox 882 2722 900 2741; x_wconf 87' lang='lat' dir='ltr'>a</span> <span class='ocrx_word' id='word_1_297' title='bbox 919 2712 1020 2742; x_wconf 85' lang='lat' dir='ltr'>verbis</span> <span class='ocrx_word' id='word_1_298' title='bbox 1041 2717 1072 2744; x_wconf 87' lang='lat' dir='ltr'>et</span> 
     </span>
     <span class='ocr_line' id='line_1_53' title="bbox 338 2750 1066 2795; baseline 0.005 -15"><span class='ocrx_word' id='word_1_299' title='bbox 338 2751 428 2781; x_wconf 90' lang='lat' dir='ltr'>rebus</span> <span class='ocrx_word' id='word_1_300' title='bbox 443 2750 476 2781; x_wconf 87' lang='lat' dir='ltr'>in</span> <span class='ocrx_word' id='word_1_301' title='bbox 497 2751 660 2782; x_wconf 87' lang='lat' dir='ltr'>comoediis</span> <span class='ocrx_word' id='word_1_302' title='bbox 675 2752 814 2786; x_wconf 47' lang='lat' dir='ltr'>abesses</span> <span class='ocrx_word' id='word_1_303' title='bbox 829 2763 982 2793; x_wconf 77' lang='lat' dir='ltr'>opponere</span> <span class='ocrx_word' id='word_1_304' title='bbox 998 2764 1066 2795; x_wconf 88' lang='lat' dir='ltr'>pos-</span> 
     </span>
     <span class='ocr_line' id='line_1_54' title="bbox 338 2793 1067 2834; baseline 0.005 -13"><span class='ocrx_word' id='word_1_305' title='bbox 338 2801 406 2822; x_wconf 88' lang='lat' dir='ltr'>sum</span> <span class='ocrx_word' id='word_1_306' title='bbox 422 2793 596 2834; x_wconf 87' lang='lat' dir='ltr'>exemplum</span> <span class='ocrx_word' id='word_1_307' title='bbox 617 2793 709 2830; x_wconf 82' lang='lat' dir='ltr'>senis,</span> <span class='ocrx_word' id='word_1_308' title='bbox 724 2794 770 2824; x_wconf 83' lang='lat' dir='ltr'>ira</span> <span class='ocrx_word' id='word_1_309' title='bbox 785 2793 918 2825; x_wconf 86' lang='lat' dir='ltr'>ardentis</span> <span class='ocrx_word' id='word_1_310' title='bbox 931 2800 962 2825; x_wconf 88' lang='lat' dir='ltr'>et</span> <span class='ocrx_word' id='word_1_311' title='bbox 979 2795 1067 2826; x_wconf 80' lang='lat' dir='ltr'>saevi-</span> 
     </span>
     <span class='ocr_line' id='line_1_55' title="bbox 338 2834 1068 2876; baseline 0.005 -13"><span class='ocrx_word' id='word_1_312' title='bbox 338 2834 420 2864; x_wconf 86' lang='lat' dir='ltr'>entis</span> <span class='ocrx_word' id='word_1_313' title='bbox 434 2835 631 2875; x_wconf 84' lang='lat' dir='ltr'>(Menedemi</span> <span class='ocrx_word' id='word_1_314' title='bbox 654 2837 737 2876; x_wconf 82' lang='lat' dir='ltr'>apud</span> <span class='ocrx_word' id='word_1_315' title='bbox 753 2837 878 2867; x_wconf 84' lang='lat' dir='ltr'>Terent.</span> <span class='ocrx_word' id='word_1_316' title='bbox 894 2837 1010 2867; x_wconf 81' lang='lat' dir='ltr'>Heaut.</span> <span class='ocrx_word' id='word_1_317' title='bbox 1027 2838 1068 2868; x_wconf 88' lang='lat' dir='ltr'>A.</span> 
     </span>
     <span class='ocr_line' id='line_1_56' title="bbox 338 2875 1067 2919; baseline 0.003 -13"><span class='ocrx_word' id='word_1_318' title='bbox 338 2885 367 2911; x_wconf 87' lang='lat' dir='ltr'>v,</span> <span class='ocrx_word' id='word_1_319' title='bbox 392 2876 425 2907; x_wconf 90' lang='lat' dir='ltr'>S.</span> <span class='ocrx_word' id='word_1_320' title='bbox 448 2875 488 2915; x_wconf 88' lang='lat' dir='ltr'>i),</span> <span class='ocrx_word' id='word_1_321' title='bbox 509 2876 593 2918; x_wconf 89' lang='lat' dir='ltr'>quod</span> <span class='ocrx_word' id='word_1_322' title='bbox 617 2877 710 2913; x_wconf 90' lang='lat' dir='ltr'>filius,</span> <span class='ocrx_word' id='word_1_323' title='bbox 736 2889 821 2916; x_wconf 75' lang='lat' dir='ltr'>nepos</span> <span class='ocrx_word' id='word_1_324' title='bbox 847 2877 1067 2919; x_wconf 81' lang='lat' dir='ltr'>(dissolutioris</span> 
     </span>
     <span class='ocr_line' id='line_1_57' title="bbox 339 2916 1065 2963; baseline 0.006 -16"><span class='ocrx_word' id='word_1_325' title='bbox 339 2916 408 2948; x_wconf 84' lang='lat' dir='ltr'>vitae</span> <span class='ocrx_word' id='word_1_326' title='bbox 433 2917 588 2959; x_wconf 83' lang='lat' dir='ltr'>juvenis),</span> <span class='ocrx_word' id='word_1_327' title='bbox 615 2919 724 2950; x_wconf 83' lang='lat' dir='ltr'>insano</span> <span class='ocrx_word' id='word_1_328' title='bbox 750 2929 852 2963; x_wconf 81' lang='lat' dir='ltr'>amore</span> <span class='ocrx_word' id='word_1_329' title='bbox 875 2920 1065 2951; x_wconf 83' lang='lat' dir='ltr'>meretricem</span> 
     </span>
    </p>
   </div>
   <div class='ocr_carea' id='block_1_16' title="bbox 1110 1627 1847 2919">
    <p class='ocr_par' dir='ltr' id='par_1_18' title="bbox 1113 1627 1847 1992">
     <span class='ocr_line' id='line_1_58' title="bbox 1118 1627 1846 1671; baseline 0.004 -14"><span class='ocrx_word' id='word_1_330' title='bbox 1118 1627 1250 1658; x_wconf 78' lang='lat' dir='ltr'>amicam</span> <span class='ocrx_word' id='word_1_331' title='bbox 1280 1629 1453 1670; x_wconf 84' lang='lat' dir='ltr'>deperiens,</span> <span class='ocrx_word' id='word_1_332' title='bbox 1483 1639 1608 1660; x_wconf 87' lang='lat' dir='ltr'>uxorem</span> <span class='ocrx_word' id='word_1_333' title='bbox 1637 1639 1709 1660; x_wconf 90' lang='lat' dir='ltr'>cum</span> <span class='ocrx_word' id='word_1_334' title='bbox 1737 1629 1846 1671; x_wconf 83' lang='lat' dir='ltr'>grandi</span> 
     </span>
     <span class='ocr_line' id='line_1_59' title="bbox 1118 1669 1846 1708; baseline 0.004 -9"><span class='ocrx_word' id='word_1_335' title='bbox 1118 1669 1189 1700; x_wconf 86' lang='lat' dir='ltr'>dote</span> <span class='ocrx_word' id='word_1_336' title='bbox 1204 1676 1334 1708; x_wconf 87' lang='lat' dir='ltr'>recuset,</span> <span class='ocrx_word' id='word_1_337' title='bbox 1349 1676 1380 1701; x_wconf 84' lang='lat' dir='ltr'>et</span> <span class='ocrx_word' id='word_1_338' title='bbox 1393 1671 1497 1702; x_wconf 84' lang='lat' dir='ltr'>ebrius</span> <span class='ocrx_word' id='word_1_339' title='bbox 1511 1676 1584 1702; x_wconf 73' lang='lat' dir='ltr'>cett.</span> <span class='ocrx_word' id='word_1_340' title='bbox 1623 1672 1762 1702; x_wconf 78' lang='lat' dir='ltr'>Ambulet</span> <span class='ocrx_word' id='word_1_341' title='bbox 1775 1680 1846 1703; x_wconf 78' lang='lat' dir='ltr'>ante</span> 
     </span>
     <span class='ocr_line' id='line_1_60' title="bbox 1121 1711 1845 1754; baseline 0.006 -14"><span class='ocrx_word' id='word_1_342' title='bbox 1121 1711 1243 1742; x_wconf 83' lang='lat' dir='ltr'>Noctem</span> <span class='ocrx_word' id='word_1_343' title='bbox 1259 1723 1324 1742; x_wconf 80' lang='lat' dir='ltr'>cum</span> <span class='ocrx_word' id='word_1_344' title='bbox 1331 1713 1475 1754; x_wconf 64' lang='lat' dir='ltr'>jot-ibus.-</span> <span class='ocrx_word' id='word_1_345' title='bbox 1498 1713 1590 1752; x_wconf 84' lang='lat' dir='ltr'>vulgo</span> <span class='ocrx_word' id='word_1_346' title='bbox 1606 1722 1668 1743; x_wconf 90' lang='lat' dir='ltr'>non</span> <span class='ocrx_word' id='word_1_347' title='bbox 1682 1718 1755 1744; x_wconf 85' lang='lat' dir='ltr'>ante</span> <span class='ocrx_word' id='word_1_348' title='bbox 1770 1723 1845 1744; x_wconf 87' lang='lat' dir='ltr'>noc-</span> 
     </span>
     <span class='ocr_line' id='line_1_61' title="bbox 1119 1754 1845 1796; baseline 0.006 -14"><span class='ocrx_word' id='word_1_349' title='bbox 1119 1757 1192 1788; x_wconf 88' lang='lat' dir='ltr'>tem,</span> <span class='ocrx_word' id='word_1_350' title='bbox 1215 1754 1268 1784; x_wconf 89' lang='lat' dir='ltr'>sed</span> <span class='ocrx_word' id='word_1_351' title='bbox 1290 1754 1475 1796; x_wconf 82' lang='lat' dir='ltr'>intempesta</span> <span class='ocrx_word' id='word_1_352' title='bbox 1496 1760 1586 1786; x_wconf 86' lang='lat' dir='ltr'>nocte</span> <span class='ocrx_word' id='word_1_353' title='bbox 1606 1759 1674 1796; x_wconf 84' lang='lat' dir='ltr'>post</span> <span class='ocrx_word' id='word_1_354' title='bbox 1696 1754 1845 1786; x_wconf 85' lang='lat' dir='ltr'>comissa-</span> 
     </span>
     <span class='ocr_line' id='line_1_62' title="bbox 1117 1793 1845 1828; baseline 0.007 -5"><span class='ocrx_word' id='word_1_355' title='bbox 1117 1793 1217 1826; x_wconf 85' lang='lat' dir='ltr'>tiones</span> <span class='ocrx_word' id='word_1_356' title='bbox 1230 1795 1262 1826; x_wconf 89' lang='lat' dir='ltr'>in</span> <span class='ocrx_word' id='word_1_357' title='bbox 1274 1797 1349 1826; x_wconf 87' lang='lat' dir='ltr'>urbe</span> <span class='ocrx_word' id='word_1_358' title='bbox 1364 1806 1434 1827; x_wconf 93' lang='lat' dir='ltr'>cum</span> <span class='ocrx_word' id='word_1_359' title='bbox 1449 1795 1570 1826; x_wconf 86' lang='lat' dir='ltr'>facibus</span> <span class='ocrx_word' id='word_1_360' title='bbox 1581 1795 1750 1828; x_wconf 79' lang='lat' dir='ltr'>discurrere</span> <span class='ocrx_word' id='word_1_361' title='bbox 1765 1796 1845 1828; x_wconf 79' lang='lat' dir='ltr'>sole·-</span> 
     </span>
     <span class='ocr_line' id='line_1_63' title="bbox 1117 1836 1846 1878; baseline 0.007 -13"><span class='ocrx_word' id='word_1_362' title='bbox 1117 1836 1194 1866; x_wconf 87' lang='lat' dir='ltr'>bant</span> <span class='ocrx_word' id='word_1_363' title='bbox 1218 1837 1295 1868; x_wconf 88' lang='lat' dir='ltr'>ebrii</span> <span class='ocrx_word' id='word_1_364' title='bbox 1320 1843 1352 1869; x_wconf 90' lang='lat' dir='ltr'>et</span> <span class='ocrx_word' id='word_1_365' title='bbox 1379 1838 1486 1869; x_wconf 86' lang='lat' dir='ltr'>lascivi</span> <span class='ocrx_word' id='word_1_366' title='bbox 1509 1837 1663 1878; x_wconf 53' lang='lat' dir='ltr'>juvenen</span> <span class='ocrx_word' id='word_1_367' title='bbox 1688 1837 1721 1869; x_wconf 88' lang='lat' dir='ltr'>iu</span> <span class='ocrx_word' id='word_1_368' title='bbox 1746 1838 1846 1870; x_wconf 87' lang='lat' dir='ltr'>multo</span> 
     </span>
     <span class='ocr_line' id='line_1_64' title="bbox 1117 1877 1847 1921; baseline 0.004 -14"><span class='ocrx_word' id='word_1_369' title='bbox 1117 1877 1219 1918; x_wconf 83' lang='lat' dir='ltr'>majus</span> <span class='ocrx_word' id='word_1_370' title='bbox 1239 1878 1334 1920; x_wconf 85' lang='lat' dir='ltr'>igitur</span> <span class='ocrx_word' id='word_1_371' title='bbox 1359 1879 1495 1911; x_wconf 84' lang='lat' dir='ltr'>dedecus</span> <span class='ocrx_word' id='word_1_372' title='bbox 1518 1879 1718 1911; x_wconf 80' lang='lat' dir='ltr'>incurrebant</span> <span class='ocrx_word' id='word_1_373' title='bbox 1738 1879 1772 1918; x_wconf 87' lang='lat' dir='ltr'>ii,</span> <span class='ocrx_word' id='word_1_374' title='bbox 1792 1880 1847 1921; x_wconf 89' lang='lat' dir='ltr'>qui</span> 
     </span>
     <span class='ocr_line' id='line_1_65' title="bbox 1113 1919 1844 1959; baseline 0.007 -10"><span class='ocrx_word' id='word_1_375' title='bbox 1113 1919 1179 1959; x_wconf 84' lang='lat' dir='ltr'>jam</span> <span class='ocrx_word' id='word_1_376' title='bbox 1195 1927 1266 1952; x_wconf 85' lang='lat' dir='ltr'>ante</span> <span class='ocrx_word' id='word_1_377' title='bbox 1283 1926 1405 1952; x_wconf 81' lang='lat' dir='ltr'>noctem</span> <span class='ocrx_word' id='word_1_378' title='bbox 1419 1921 1496 1953; x_wconf 86' lang='lat' dir='ltr'>ebrii</span> <span class='ocrx_word' id='word_1_379' title='bbox 1513 1931 1586 1952; x_wconf 89' lang='lat' dir='ltr'>cum</span> <span class='ocrx_word' id='word_1_380' title='bbox 1600 1921 1720 1952; x_wconf 76' lang='lat' dir='ltr'>lacibus</span> <span class='ocrx_word' id='word_1_381' title='bbox 1734 1923 1844 1954; x_wconf 78' lang='lat' dir='ltr'>ambu-</span> 
     </span>
     <span class='ocr_line' id='line_1_66' title="bbox 1117 1961 1234 1992; baseline 0.017 -2"><span class='ocrx_word' id='word_1_382' title='bbox 1117 1961 1234 1992; x_wconf 87' lang='lat' dir='ltr'>labant.</span> 
     </span>
    </p>

    <p class='ocr_par' dir='ltr' id='par_1_19' title="bbox 1110 2003 1847 2545">
     <span class='ocr_line' id='line_1_67' title="bbox 1159 2003 1844 2046; baseline 0.001 -12"><span class='ocrx_word' id='word_1_383' title='bbox 1159 2004 1295 2035; x_wconf 81' lang='lat'>52—56.</span> <span class='ocrx_word' id='word_1_384' title='bbox 1333 2005 1500 2044; x_wconf 77' lang='lat' dir='ltr'>Numquid,</span> <span class='ocrx_word' id='word_1_385' title='bbox 1516 2009 1591 2036; x_wconf 84' lang='lat' dir='ltr'>cett.</span> <span class='ocrx_word' id='word_1_386' title='bbox 1633 2003 1694 2036; x_wconf 80' lang='lat' dir='ltr'>Hic</span> <span class='ocrx_word' id='word_1_387' title='bbox 1711 2005 1844 2046; x_wconf 88' lang='lat' dir='ltr'>Pompo-</span> 
     </span>
     <span class='ocr_line' id='line_1_68' title="bbox 1117 2043 1845 2088; baseline 0.004 -14"><span class='ocrx_word' id='word_1_388' title='bbox 1117 2043 1199 2081; x_wconf 89' lang='lat' dir='ltr'>nius,</span> <span class='ocrx_word' id='word_1_389' title='bbox 1214 2056 1305 2086; x_wconf 83' lang='lat' dir='ltr'>quem</span> <span class='ocrx_word' id='word_1_390' title='bbox 1321 2046 1410 2086; x_wconf 85' lang='lat' dir='ltr'>quasi</span> <span class='ocrx_word' id='word_1_391' title='bbox 1427 2052 1536 2088; x_wconf 86' lang='lat' dir='ltr'>sponte</span> <span class='ocrx_word' id='word_1_392' title='bbox 1559 2046 1619 2077; x_wconf 90' lang='lat' dir='ltr'>sibi</span> <span class='ocrx_word' id='word_1_393' title='bbox 1632 2046 1845 2078; x_wconf 77' lang='lat' dir='ltr'>obversantem</span> 
     </span>
     <span class='ocr_line' id='line_1_69' title="bbox 1115 2086 1847 2130; baseline 0.005 -14"><span class='ocrx_word' id='word_1_394' title='bbox 1115 2086 1213 2117; x_wconf 82' lang='lat' dir='ltr'>obiter</span> <span class='ocrx_word' id='word_1_395' title='bbox 1228 2087 1363 2118; x_wconf 86' lang='lat' dir='ltr'>traducit</span> <span class='ocrx_word' id='word_1_396' title='bbox 1377 2094 1478 2129; x_wconf 86' lang='lat' dir='ltr'>poeta,</span> <span class='ocrx_word' id='word_1_397' title='bbox 1492 2088 1555 2119; x_wconf 93' lang='lat' dir='ltr'>filio</span> <span class='ocrx_word' id='word_1_398' title='bbox 1569 2088 1749 2120; x_wconf 79' lang='lat' dir='ltr'>Menedemi</span> <span class='ocrx_word' id='word_1_399' title='bbox 1763 2088 1847 2130; x_wconf 79' lang='lat' dir='ltr'>apud</span> 
     </span>
     <span class='ocr_line' id='line_1_70' title="bbox 1116 2128 1845 2167; baseline 0.005 -10"><span class='ocrx_word' id='word_1_400' title='bbox 1116 2128 1295 2159; x_wconf 88' lang='lat' dir='ltr'>Terentium</span> <span class='ocrx_word' id='word_1_401' title='bbox 1311 2130 1394 2160; x_wconf 84' lang='lat' dir='ltr'>haud</span> <span class='ocrx_word' id='word_1_402' title='bbox 1413 2129 1569 2160; x_wconf 85' lang='lat' dir='ltr'>dissimilis</span> <span class='ocrx_word' id='word_1_403' title='bbox 1591 2130 1662 2162; x_wconf 81' lang='lat' dir='ltr'>fuit.</span> <span class='ocrx_word' id='word_1_404' title='bbox 1708 2130 1845 2167; x_wconf 82' lang='lat' dir='ltr'>Leviora,</span> 
     </span>
     <span class='ocr_line' id='line_1_71' title="bbox 1116 2168 1844 2212; baseline 0.007 -14"><span class='ocrx_word' id='word_1_405' title='bbox 1116 2168 1220 2200; x_wconf 88' lang='lat' dir='ltr'>minus</span> <span class='ocrx_word' id='word_1_406' title='bbox 1249 2180 1369 2211; x_wconf 84' lang='lat' dir='ltr'>aspera.</span> <span class='ocrx_word' id='word_1_407' title='bbox 1414 2171 1497 2212; x_wconf 83' lang='lat' dir='ltr'>Ergo</span> <span class='ocrx_word' id='word_1_408' title='bbox 1525 2171 1604 2203; x_wconf 84' lang='lat' dir='ltr'>refer</span> <span class='ocrx_word' id='word_1_409' title='bbox 1631 2171 1672 2203; x_wconf 86' lang='lat' dir='ltr'>ad</span> <span class='ocrx_word' id='word_1_410' title='bbox 1697 2171 1844 2203; x_wconf 79' lang='lat' dir='ltr'>omissam</span> 
     </span>
     <span class='ocr_line' id='line_1_72' title="bbox 1116 2210 1845 2254; baseline 0.005 -14"><span class='ocrx_word' id='word_1_411' title='bbox 1116 2210 1312 2248; x_wconf 82' lang='lat' dir='ltr'>seutentiam,</span> <span class='ocrx_word' id='word_1_412' title='bbox 1347 2216 1414 2242; x_wconf 85' lang='lat' dir='ltr'>“at</span> <span class='ocrx_word' id='word_1_413' title='bbox 1441 2213 1616 2254; x_wconf 84' lang='lat' dir='ltr'>opprobria,</span> <span class='ocrx_word' id='word_1_414' title='bbox 1647 2223 1718 2254; x_wconf 77' lang='lat' dir='ltr'>quae</span> <span class='ocrx_word' id='word_1_415' title='bbox 1749 2213 1845 2244; x_wconf 81' lang='lat' dir='ltr'>iratus</span> 
     </span>
     <span class='ocr_line' id='line_1_73' title="bbox 1115 2252 1845 2295; baseline 0.005 -13"><span class='ocrx_word' id='word_1_416' title='bbox 1115 2257 1200 2292; x_wconf 83' lang='lat' dir='ltr'>pater</span> <span class='ocrx_word' id='word_1_417' title='bbox 1227 2252 1260 2282; x_wconf 89' lang='lat' dir='ltr'>in</span> <span class='ocrx_word' id='word_1_418' title='bbox 1285 2252 1440 2284; x_wconf 83' lang='lat' dir='ltr'>comoedia</span> <span class='ocrx_word' id='word_1_419' title='bbox 1457 2253 1547 2295; x_wconf 89' lang='lat' dir='ltr'>jacit,</span> <span class='ocrx_word' id='word_1_420' title='bbox 1569 2265 1632 2285; x_wconf 87' lang='lat' dir='ltr'>non</span> <span class='ocrx_word' id='word_1_421' title='bbox 1657 2260 1730 2286; x_wconf 83' lang='lat' dir='ltr'>sunt</span> <span class='ocrx_word' id='word_1_422' title='bbox 1751 2256 1845 2286; x_wconf 83' lang='lat' dir='ltr'>verba</span> 
     </span>
     <span class='ocr_line' id='line_1_74' title="bbox 1114 2293 1846 2337; baseline 0.007 -14"><span class='ocrx_word' id='word_1_423' title='bbox 1114 2293 1293 2324; x_wconf 86' lang='lat' dir='ltr'>sublimiora</span> <span class='ocrx_word' id='word_1_424' title='bbox 1321 2295 1368 2325; x_wconf 86' lang='lat' dir='ltr'>vel</span> <span class='ocrx_word' id='word_1_425' title='bbox 1400 2295 1532 2336; x_wconf 85' lang='lat' dir='ltr'>poetica,</span> <span class='ocrx_word' id='word_1_426' title='bbox 1561 2297 1615 2328; x_wconf 88' lang='lat' dir='ltr'>sed</span> <span class='ocrx_word' id='word_1_427' title='bbox 1642 2296 1785 2337; x_wconf 80' lang='lat' dir='ltr'>vulgaria</span> <span class='ocrx_word' id='word_1_428' title='bbox 1814 2301 1846 2328; x_wconf 91' lang='lat' dir='ltr'>et</span> 
     </span>
     <span class='ocr_line' id='line_1_75' title="bbox 1111 2336 1843 2375; baseline 0.005 -10"><span class='ocrx_word' id='word_1_429' title='bbox 1111 2346 1203 2375; x_wconf 79' lang='lat' dir='ltr'>pura,</span> <span class='ocrx_word' id='word_1_430' title='bbox 1221 2341 1255 2366; x_wconf 90' lang='lat' dir='ltr'>ut</span> <span class='ocrx_word' id='word_1_431' title='bbox 1273 2336 1375 2366; x_wconf 84' lang='lat' dir='ltr'>statim</span> <span class='ocrx_word' id='word_1_432' title='bbox 1391 2336 1549 2373; x_wconf 88' lang='lat' dir='ltr'>dicuntur,</span> <span class='ocrx_word' id='word_1_433' title='bbox 1565 2337 1597 2369; x_wconf 91' lang='lat' dir='ltr'>h.</span> <span class='ocrx_word' id='word_1_434' title='bbox 1617 2348 1646 2370; x_wconf 84' lang='lat' dir='ltr'>e.</span> <span class='ocrx_word' id='word_1_435' title='bbox 1661 2337 1738 2369; x_wconf 85' lang='lat' dir='ltr'>nihil</span> <span class='ocrx_word' id='word_1_436' title='bbox 1751 2348 1843 2370; x_wconf 83' lang='lat' dir='ltr'>orua-</span> 
     </span>
     <span class='ocr_line' id='line_1_76' title="bbox 1114 2377 1844 2418; baseline 0.005 -11"><span class='ocrx_word' id='word_1_437' title='bbox 1114 2384 1164 2408; x_wconf 91' lang='lat' dir='ltr'>tus</span> <span class='ocrx_word' id='word_1_438' title='bbox 1197 2382 1229 2408; x_wconf 87' lang='lat' dir='ltr'>et</span> <span class='ocrx_word' id='word_1_439' title='bbox 1264 2377 1427 2418; x_wconf 65' lang='lat' dir='ltr'>elegantiae</span> <span class='ocrx_word' id='word_1_440' title='bbox 1460 2379 1620 2411; x_wconf 82' lang='lat' dir='ltr'>habentia.</span> <span class='ocrx_word' id='word_1_441' title='bbox 1666 2379 1844 2411; x_wconf 72' lang='lat' dir='ltr'>Permnatus</span> 
     </span>
     <span class='ocr_line' id='line_1_77' title="bbox 1112 2419 1841 2463; baseline 0.004 -14"><span class='ocrx_word' id='word_1_442' title='bbox 1112 2426 1210 2459; x_wconf 85' lang='lat' dir='ltr'>pater,</span> <span class='ocrx_word' id='word_1_443' title='bbox 1226 2419 1257 2449; x_wconf 89' lang='lat' dir='ltr'>in</span> <span class='ocrx_word' id='word_1_444' title='bbox 1278 2429 1414 2455; x_wconf 87' lang='lat' dir='ltr'>scenam,</span> <span class='ocrx_word' id='word_1_445' title='bbox 1431 2420 1485 2451; x_wconf 91' lang='lat' dir='ltr'>ubi</span> <span class='ocrx_word' id='word_1_446' title='bbox 1507 2431 1667 2462; x_wconf 81' lang='lat' dir='ltr'>personam</span> <span class='ocrx_word' id='word_1_447' title='bbox 1682 2421 1779 2463; x_wconf 81' lang='lat' dir='ltr'>patris</span> <span class='ocrx_word' id='word_1_448' title='bbox 1792 2421 1841 2452; x_wconf 84' lang='lat' dir='ltr'>in-</span> 
     </span>
     <span class='ocr_line' id='line_1_78' title="bbox 1110 2461 1841 2502; baseline 0.004 -11"><span class='ocrx_word' id='word_1_449' title='bbox 1110 2461 1190 2496; x_wconf 87' lang='lat' dir='ltr'>duit,</span> <span class='ocrx_word' id='word_1_450' title='bbox 1226 2461 1405 2502; x_wconf 83' lang='lat' dir='ltr'>productus.</span> <span class='ocrx_word' id='word_1_451' title='bbox 1458 2462 1566 2493; x_wconf 85' lang='lat' dir='ltr'>Eodem</span> <span class='ocrx_word' id='word_1_452' title='bbox 1601 2469 1697 2502; x_wconf 78' lang='lat' dir='ltr'>pacto,</span> <span class='ocrx_word' id='word_1_453' title='bbox 1733 2462 1841 2496; x_wconf 82' lang='lat' dir='ltr'>iisdem</span> 
     </span>
     <span class='ocr_line' id='line_1_79' title="bbox 1111 2502 1617 2545; baseline 0.004 -11"><span class='ocrx_word' id='word_1_454' title='bbox 1111 2502 1209 2534; x_wconf 86' lang='lat' dir='ltr'>verbis</span> <span class='ocrx_word' id='word_1_455' title='bbox 1224 2503 1320 2543; x_wconf 88' lang='lat' dir='ltr'>puris,</span> <span class='ocrx_word' id='word_1_456' title='bbox 1335 2504 1617 2545; x_wconf 52' lang='lat' dir='ltr'>sermone‘vulgari.</span> 
     </span>
    </p>

    <p class='ocr_par' dir='ltr' id='par_1_20' title="bbox 1111 2545 1843 2919">
     <span class='ocr_line' id='line_1_80' title="bbox 1154 2545 1841 2588; baseline 0 -13"><span class='ocrx_word' id='word_1_457' title='bbox 1154 2546 1291 2575; x_wconf 78' lang='lat'>58—62.</span> <span class='ocrx_word' id='word_1_458' title='bbox 1316 2545 1456 2584; x_wconf 83' lang='lat' dir='ltr'>Tempora</span> <span class='ocrx_word' id='word_1_459' title='bbox 1471 2553 1564 2584; x_wconf 77' lang='lat' dir='ltr'>certa,</span> <span class='ocrx_word' id='word_1_460' title='bbox 1580 2547 1672 2588; x_wconf 82' lang='lat' dir='ltr'>pedes</span> <span class='ocrx_word' id='word_1_461' title='bbox 1685 2556 1724 2578; x_wconf 80' lang='lat' dir='ltr'>ex</span> <span class='ocrx_word' id='word_1_462' title='bbox 1740 2545 1841 2586; x_wconf 84' lang='lat' dir='ltr'>longi-</span> 
     </span>
     <span class='ocr_line' id='line_1_81' title="bbox 1112 2586 1841 2629; baseline 0.003 -13"><span class='ocrx_word' id='word_1_463' title='bbox 1112 2586 1216 2617; x_wconf 89' lang='lat' dir='ltr'>oribus</span> <span class='ocrx_word' id='word_1_464' title='bbox 1238 2592 1269 2618; x_wconf 85' lang='lat' dir='ltr'>et</span> <span class='ocrx_word' id='word_1_465' title='bbox 1288 2587 1476 2618; x_wconf 84' lang='lat' dir='ltr'>brevioribus</span> <span class='ocrx_word' id='word_1_466' title='bbox 1495 2587 1624 2629; x_wconf 81' lang='lat' dir='ltr'>syllabis</span> <span class='ocrx_word' id='word_1_467' title='bbox 1644 2592 1841 2626; x_wconf 77' lang='lat' dir='ltr'>constantes3</span> 
     </span>
     <span class='ocr_line' id='line_1_82' title="bbox 1111 2630 1840 2665; baseline 0.001 -6"><span class='ocrx_word' id='word_1_468' title='bbox 1111 2635 1202 2660; x_wconf 76' lang='lat' dir='ltr'>certos</span> <span class='ocrx_word' id='word_1_469' title='bbox 1219 2630 1326 2665; x_wconf 79' lang='lat' dir='ltr'>modos,</span> <span class='ocrx_word' id='word_1_470' title='bbox 1346 2639 1489 2660; x_wconf 80' lang='lat' dir='ltr'>numeros</span> <span class='ocrx_word' id='word_1_471' title='bbox 1513 2630 1553 2660; x_wconf 88' lang='lat' dir='ltr'>ad</span> <span class='ocrx_word' id='word_1_472' title='bbox 1577 2635 1692 2662; x_wconf 84' lang='lat' dir='ltr'>certam</span> <span class='ocrx_word' id='word_1_473' title='bbox 1714 2639 1840 2660; x_wconf 86' lang='lat' dir='ltr'>mensu-</span> 
     </span>
     <span class='ocr_line' id='line_1_83' title="bbox 1113 2670 1843 2712; baseline 0.001 -12"><span class='ocrx_word' id='word_1_474' title='bbox 1113 2681 1176 2701; x_wconf 82' lang='lat' dir='ltr'>ram</span> <span class='ocrx_word' id='word_1_475' title='bbox 1205 2670 1402 2712; x_wconf 76' lang='lat' dir='ltr'>compositos,</span> <span class='ocrx_word' id='word_1_476' title='bbox 1426 2670 1614 2712; x_wconf 83' lang='lat' dir='ltr'>rhythmum.</span> <span class='ocrx_word' id='word_1_477' title='bbox 1659 2671 1739 2708; x_wconf 82' lang='lat' dir='ltr'>Non,</span> <span class='ocrx_word' id='word_1_478' title='bbox 1760 2677 1796 2702; x_wconf 78' lang='lat' dir='ltr'>ut</span> <span class='ocrx_word' id='word_1_479' title='bbox 1818 2673 1843 2702; x_wconf 77' lang='lat' dir='ltr'>si</span> 
     </span>
     <span class='ocr_line' id='line_1_84' title="bbox 1112 2711 1843 2753; baseline 0.001 -11"><span class='ocrx_word' id='word_1_480' title='bbox 1112 2715 1217 2748; x_wconf 74' lang='lat' dir='ltr'>solvas,</span> <span class='ocrx_word' id='word_1_481' title='bbox 1252 2717 1327 2743; x_wconf 84' lang='lat' dir='ltr'>cett.</span> <span class='ocrx_word' id='word_1_482' title='bbox 1359 2712 1478 2753; x_wconf 83' lang='lat' dir='ltr'>junge:</span> <span class='ocrx_word' id='word_1_483' title='bbox 1512 2715 1714 2749; x_wconf 72' lang='lat' dir='ltr'>non—etiam,</span> <span class='ocrx_word' id='word_1_484' title='bbox 1750 2711 1784 2743; x_wconf 84' lang='lat' dir='ltr'>h.</span> <span class='ocrx_word' id='word_1_485' title='bbox 1813 2723 1843 2744; x_wconf 89' lang='lat' dir='ltr'>e.</span> 
     </span>
     <span class='ocr_line' id='line_1_85' title="bbox 1111 2753 1842 2795; baseline 0 -10"><span class='ocrx_word' id='word_1_486' title='bbox 1111 2765 1173 2785; x_wconf 91' lang='lat' dir='ltr'>non</span> <span class='ocrx_word' id='word_1_487' title='bbox 1196 2754 1328 2795; x_wconf 79' lang='lat' dir='ltr'>pariter3</span> <span class='ocrx_word' id='word_1_488' title='bbox 1350 2763 1476 2784; x_wconf 84' lang='lat' dir='ltr'>sensus:</span> <span class='ocrx_word' id='word_1_489' title='bbox 1500 2753 1532 2784; x_wconf 90' lang='lat' dir='ltr'>in</span> <span class='ocrx_word' id='word_1_490' title='bbox 1556 2754 1605 2784; x_wconf 84' lang='lat' dir='ltr'>his</span> <span class='ocrx_word' id='word_1_491' title='bbox 1627 2753 1702 2786; x_wconf 87' lang='lat' dir='ltr'>meis</span> <span class='ocrx_word' id='word_1_492' title='bbox 1723 2759 1755 2785; x_wconf 86' lang='lat' dir='ltr'>et</span> <span class='ocrx_word' id='word_1_493' title='bbox 1777 2755 1842 2785; x_wconf 88' lang='lat' dir='ltr'>Lu-</span> 
     </span>
     <span class='ocr_line' id='line_1_86' title="bbox 1112 2794 1839 2837; baseline 0 -11"><span class='ocrx_word' id='word_1_494' title='bbox 1112 2796 1178 2827; x_wconf 89' lang='lat' dir='ltr'>cilii</span> <span class='ocrx_word' id='word_1_495' title='bbox 1194 2795 1339 2832; x_wconf 85' lang='lat' dir='ltr'>versibus,</span> <span class='ocrx_word' id='word_1_496' title='bbox 1353 2794 1379 2825; x_wconf 91' lang='lat' dir='ltr'>si</span> <span class='ocrx_word' id='word_1_497' title='bbox 1396 2795 1508 2837; x_wconf 86' lang='lat' dir='ltr'>pedum</span> <span class='ocrx_word' id='word_1_498' title='bbox 1531 2795 1670 2827; x_wconf 82' lang='lat' dir='ltr'>ordinem</span> <span class='ocrx_word' id='word_1_499' title='bbox 1690 2794 1755 2826; x_wconf 76' lang='lat' dir='ltr'>sive</span> <span class='ocrx_word' id='word_1_500' title='bbox 1774 2806 1839 2826; x_wconf 89' lang='lat' dir='ltr'>me-</span> 
     </span>
     <span class='ocr_line' id='line_1_87' title="bbox 1113 2836 1840 2878; baseline -0.001 -10"><span class='ocrx_word' id='word_1_501' title='bbox 1113 2843 1193 2868; x_wconf 90' lang='lat' dir='ltr'>trum</span> <span class='ocrx_word' id='word_1_502' title='bbox 1213 2838 1319 2868; x_wconf 85' lang='lat' dir='ltr'>turbes</span> <span class='ocrx_word' id='word_1_503' title='bbox 1343 2836 1506 2878; x_wconf 72' lang='lat' dir='ltr'>tollesque,</span> <span class='ocrx_word' id='word_1_504' title='bbox 1526 2847 1588 2868; x_wconf 87' lang='lat' dir='ltr'>non</span> <span class='ocrx_word' id='word_1_505' title='bbox 1613 2837 1668 2873; x_wconf 80' lang='lat' dir='ltr'>ita,</span> <span class='ocrx_word' id='word_1_506' title='bbox 1691 2836 1784 2868; x_wconf 86' lang='lat' dir='ltr'>sicuti</span> <span class='ocrx_word' id='word_1_507' title='bbox 1808 2837 1840 2867; x_wconf 89' lang='lat' dir='ltr'>in</span> 
     </span>
     <span class='ocr_line' id='line_1_88' title="bbox 1111 2878 1841 2919; baseline -0.001 -9"><span class='ocrx_word' id='word_1_508' title='bbox 1111 2879 1208 2910; x_wconf 89' lang='lat' dir='ltr'>Ennii</span> <span class='ocrx_word' id='word_1_509' title='bbox 1244 2878 1392 2914; x_wconf 83' lang='lat' dir='ltr'>versibus,</span> <span class='ocrx_word' id='word_1_510' title='bbox 1427 2884 1448 2898; x_wconf 81' lang='lat'>‘⁴</span> <span class='ocrx_word' id='word_1_511' title='bbox 1465 2879 1624 2919; x_wconf 82' lang='lat' dir='ltr'>Postquam</span> <span class='ocrx_word' id='word_1_512' title='bbox 1656 2878 1841 2915; x_wconf 79' lang='lat' dir='ltr'>discordia,&#39;’</span> 
     </span>
    </p>
   </div>
   <div class='ocr_carea' id='block_1_17' title="bbox 1110 2919 1904 2962">
    <p class='ocr_par' dir='ltr' id='par_1_21' title="bbox 1110 2919 1904 2962">
     <span class='ocr_line' id='line_1_89' title="bbox 1110 2919 1904 2962; baseline -0.003 -10"><span class='ocrx_word' id='word_1_513' title='bbox 1110 2921 1240 2962; x_wconf 81' lang='lat' dir='ltr'>disjecta</span> <span class='ocrx_word' id='word_1_514' title='bbox 1254 2930 1396 2952; x_wconf 84' lang='lat' dir='ltr'>versuum</span> <span class='ocrx_word' id='word_1_515' title='bbox 1413 2921 1549 2952; x_wconf 86' lang='lat' dir='ltr'>membra</span> <span class='ocrx_word' id='word_1_516' title='bbox 1563 2920 1724 2960; x_wconf 81' lang='lat' dir='ltr'>invenias.;</span> <span class='ocrx_word' id='word_1_517' title='bbox 1746 2919 1842 2952; x_wconf 87' lang='lat' dir='ltr'>Ennii</span> <span class='ocrx_word' id='word_1_518' title='bbox 1901 2943 1904 2946; x_wconf 93' lang='lat'>.</span> 
     </span>
    </p>
   </div>
  </div>
 </body>
</html>
