1904 3314
259 216 343 256 318

797 172 1233 257 ΞΑΤΙΒᾸΒΠΜ

375 312 438 354 Di
455 313 566 354 bene
586 311 792 363 fecerunt,
813 314 952 367 inopis
973 329 1038 355 me
1059 315 1262 368 quodque
1282 311 1426 367 pusilli

374 379 617 420 Finxerunt·
631 379 769 428 animi,
791 394 887 420 raro
908 386 950 420 et
971 394 1186 433 perpauca
1204 378 1416 432 loquentis
1433 395 1443 427 ;

374 444 436 486 At
457 452 504 485 tu
526 444 744 485 conclusas
766 445 939 485 hircinis
961 445 1131 486 follibus
1153 459 1291 493 auras,

290 513 346 553 20
375 511 527 564 Usque
546 509 804 559 laborantes,
827 511 928 551 dum
949 510 1107 551 ferrum
1128 509 1287 550 molliat
1307 509 1432 562 ignis,

373 574 437 618 Ut
459 577 602 625 mavis,
623 577 799 617 imitare.

861 577 1022 617 Beatus
1046 576 1246 624 Fannius,
1266 575 1380 616 ultro

377 642 545 684 Delatis
567 643 706 696 capsis
727 651 771 683 et
791 644 996 696 imagine3
1028 657 1158 695 quum
1178 656 1270 682 mea
1291 655 1413 682 neme

377 709 548 763 Scripta
568 708 697 762 legat,
720 708 846 762 vulgo
865 709 1043 749 recitare
1066 709 1250 748 timentis
1272 708 1327 747 ob
1349 706 1460 746 hanc
1480 719 1582 753 rem,

378 775 511 822 Quod
531 782 644 824 sunt,
666 789 773 828 quos
795 789 930 828 genus
951 774 1032 815 hoc
1053 775 1221 814 minime
1237 774 1372 827 juvat,
1397 778 1547 824 utpote
1567 769 1714 824 plures

291 842 347 882 25
377 841 554 895 Culpari
574 842 741 895 dignos.

805 841 1009 887 Quemvis
1029 840 1170 880 media
1189 839 1298 892 elige
1321 839 1472 886 turba3

378 908 471 948 Aut
492 909 545 948 ab
567 908 742 948 avaritia
762 914 835 948 aut
857 908 1010 947 misera
1030 906 1257 946 ambitione
1277 904 1456 944 laborat.

379 973 465 1014 Hic
487 981 714 1028 nuptarum
733 974 889 1014 insanit
908 973 1137 1018 amoribus,
1159 971 1228 1011 hic
1249 983 1506 1024 puerorum3

380 1038 511 1079 Hunc
533 1039 646 1092 capit
667 1039 831 1092 argenti
853 1037 1080 1091 splendor;
1114 1043 1258 1089 stupet
1279 1033 1434 1075 Albius
1458 1047 1568 1083 aere3

380 1103 467 1144 Hic
487 1111 622 1144 mutat
642 1118 803 1144 merces
827 1110 1029 1157 surgente
1050 1117 1075 1142 a
1096 1101 1184 1142 sole
1204 1102 1259 1142 ad
1281 1115 1391 1149 eum,
1413 1114 1499 1153 quo

295 1170 352 1210 30
382 1169 642 1223 Vespertina
662 1176 781 1223 tepet
801 1169 942 1222 regi03
975 1169 1077 1221 quin
1097 1181 1176 1221 per
1195 1166 1303 1207 mala
1323 1179 1516 1220 praeceps

271 1311 303 1342 in
318 1310 426 1342 eadem
443 1312 508 1341 Sat.
525 1322 554 1342 v.
571 1313 625 1348 69,
650 1322 704 1353 pro
726 1314 829 1343 tallere
853 1311 1002 1342 Horatius

269 1352 309 1384 de
346 1353 468 1384 Lucilio
509 1355 622 1394 posuit,
664 1357 814 1384 recidere:
860 1357 1002 1384 recideret

271 1406 365 1428 omne.
396 1397 472 1435 quod
500 1397 585 1425 vltra
620 1396 790 1434 Perfectum
820 1397 1002 1426 traheretur.

272 1435 436 1467 simillime
464 1442 566 1466 autem
596 1438 698 1467 tallere
722 1447 774 1477 pro
797 1436 930 1467 recidere
955 1437 1002 1467 vel

272 1477 375 1508 delere
391 1479 538 1508 Horatius
551 1478 580 1508 in
596 1479 695 1519 Epist.
709 1479 741 1514 ii,
753 1480 784 1513 2,
805 1480 874 1516 123,
893 1482 1004 1509 viz-lare

270 1522 405 1550 carentia
422 1522 517 1554 tollet,
540 1520 727 1560 inelegantia
750 1521 867 1550 recidit.
914 1521 1005 1551 Atta·

273 1571 345 1591 men
367 1561 503 1596 fuerunt,
528 1562 560 1591 in
583 1563 696 1602 quibus
719 1568 765 1592 est
787 1563 879 1592 etiam
907 1563 1005 1592 Hein-

273 1603 398 1637 dorfius,
421 1604 473 1644 qui
494 1605 596 1634 [altere
613 1611 719 1634 contra
742 1614 832 1633 usum
856 1604 1004 1644 loquendi

273 1655 328 1685 pro
353 1655 468 1675 servare
499 1645 654 1685 explicare
684 1646 835 1682 niallen13
866 1646 919 1675 hos
938 1645 1005 1686 jam

273 1685 364 1716 docte
387 1687 528 1716 refutavit
558 1687 688 1717 Wolfius
716 1687 746 1716 in
772 1686 917 1718 Analect.
940 1687 1005 1716 Lit-

274 1733 366 1758 terat.
385 1729 444 1758 vol.
468 1727 490 1762 i,
512 1738 529 1758 a
551 1739 579 1768 p.
602 1730 672 1762 185,
694 1739 791 1769 usque
814 1729 851 1758 ad
876 1739 906 1769 p.
930 1730 1004 1759 204.

276 1769 380 1810 Piger,
425 1780 496 1799 cum
538 1769 701 1806 infinitivo,
734 1771 837 1811 ferre,
882 1771 1003 1805 Graece,

275 1821 342 1852 pro,
367 1811 454 1852 piger
474 1811 505 1840 in
530 1811 654 1842 ferendo
677 1812 793 1846 labore,
818 1812 864 1842 vel
889 1812 1005 1842 ferendi

275 1853 412 1890 laboris5
435 1859 469 1882 ut
490 1853 581 1893 paulo
599 1860 670 1884 ante
699 1865 728 1883 v.
755 1855 785 1889 8,
810 1856 905 1884 durus
929 1866 1005 1884 com·

274 1905 400 1933 ponere.-
440 1904 510 1934 sup.
542 1895 603 1925 Od.
632 1895 672 1932 iv,
715 1897 764 1931 14,
792 1897 845 1932 22,
883 1898 1007 1936 impiger

277 1947 382 1966 verare
405 1942 518 1965 turmas
543 1937 681 1966 hostium.
728 1938 787 1966 Per
810 1940 934 1967 laborem
958 1938 1005 1968 in-

275 1977 381 2017 tellige
410 1987 561 2006 summam
594 1978 798 2018 diligentiam,
831 1989 904 2019 qua,
936 1991 1006 2020 quae

277 2019 468 2054 scribuntur,
486 2019 604 2049 elimari
618 2026 648 2050 et
663 2020 792 2061 expoliri
808 2021 934 2051 debent.

323 2062 373 2095 14,
392 2061 442 2090 15.
467 2061 517 2090 Me
539 2069 687 2099 provocat,
713 2072 757 2091 sc.
780 2062 818 2092 ad
840 2069 1005 2098 certamen,

276 2107 345 2132 uter
365 2101 494 2132 alterum
516 2112 658 2132 versuum
677 2103 859 2143 scriptorum
883 2115 1009 2135 numero

278 2149 411 2184 superet.
458 2144 594 2180 Minimo,
619 2144 672 2178 itas
698 2151 731 2174 ut
753 2155 810 2184 ego
833 2145 1008 2182 minimum,

279 2185 444 2226 Crispinus
459 2185 559 2226 majus
573 2186 702 2226 pretium
716 2192 822 2227 ponat.
857 2187 938 2217 Fieri
948 2187 1008 2217 sci-

277 2226 350 2257 licet
367 2227 454 2261 solet,
474 2233 508 2256 ut
527 2227 604 2257 alter
626 2227 664 2258 de
679 2228 814 2262 duobus,
837 2228 891 2268 qui
914 2239 1006 2268 spon-

277 2268 365 2299 sione
384 2268 483 2310 posita
504 2269 543 2299 de
570 2279 599 2299 re
627 2269 733 2309 aliqua
755 2270 958 2306 contendunt,
982 2271 1008 2300 si

278 2309 316 2340 de
332 2310 387 2344 rei,
403 2310 441 2340 de
457 2320 518 2350 qua
535 2316 679 2346 certatur,
695 2311 821 2341 veritate
838 2311 928 2352 plane
946 2323 1006 2342 non

278 2351 412 2389 dubitat,
433 2351 534 2392 majus
554 2353 684 2393 pretium
708 2359 846 2394 opponat
869 2353 1006 2384 minimo.

280 2395 400 2433 Accipe,
421 2396 456 2430 si,
479 2400 552 2424 cett.
578 2393 697 2434 accipe,
722 2396 746 2425 si
771 2394 884 2435 placet,
907 2395 1009 2436 inquit

280 2435 454 2476 Crispinus,
482 2435 628 2474 tabulas3
658 2446 715 2476 ego
739 2436 941 2477 (Crispinus)
962 2437 1007 2467 vi-

278 2477 382 2508 cissim
407 2477 571 2518 accipiam.
620 2478 668 2507 De
690 2478 834 2519 Crispino
849 2478 917 2509 vide
935 2489 1007 2520 sup.

280 2519 319 2550 ad
336 2519 401 2549 Sat.
419 2518 439 2554 i,
462 2521 488 2553 l,
510 2519 581 2549 120.

324 2561 374 2591 16.
397 2561 546 2596 Custodes,
572 2560 626 2600 qui
652 2566 791 2598 caveant,
816 2571 854 2591 ne
880 2561 1009 2592 alterum

278 2602 416 2633 versibus
437 2602 485 2632 vel
501 2603 567 2643 jam
590 2602 681 2633 factis
699 2604 746 2633 vel
766 2602 892 2633 aliunde
908 2604 1010 2644 petitis

279 2643 512 2675 circumveniat.

324 2686 460 2716 17-20.
486 2685 526 2715 Di
543 2687 611 2716 bene
623 2687 779 2727 fecerunt,
799 2691 870 2716 cett.
886 2686 1008 2718 felicem

281 2737 329 2758 me
351 2727 496 2768 praedico.
511 2727 594 2768 quod
615 2727 658 2757 dii
677 2728 752 2758 mihi
771 2728 922 2758 dederunt
942 2730 1009 2758 ani-

280 2779 365 2799 mum
394 2775 515 2799 tenuem
545 2776 575 2799 et
603 2769 764 2810 pusillum,
793 2770 847 2809 qui
875 2770 1010 2808 cogitata

279 2820 346 2841 raro
361 2815 392 2841 et
408 2809 514 2850 paucis
525 2811 676 2852 expromit
690 2824 696 2845 ·,
715 2810 744 2840 h.
756 2820 784 2841 e.
799 2812 876 2841 bene
889 2822 1009 2842 mecum

280 2857 383 2883 actum
408 2862 475 2883 esse
521 2858 585 2889 uto,
613 2853 695 2893 quod
723 2863 785 2882 non
813 2863 881 2882 sum
905 2853 1008 2888 homo,

280 2893 384 2935 qualis
417 2899 464 2925 est
512 2893 673 2936 ¹rispinus.
706 2893 774 2935 qui,
807 2895 890 2925 sicut
926 2894 1009 2926 follis

279 2940 383 2973 vento,
409 2934 453 2967 ita
480 2935 606 2978 ingente
627 2937 788 2968 verborum
811 2935 840 2967 vi
863 2941 961 2968 tumet
979 2942 1010 2969 et

1043 1311 1170 1341 inflatus
1205 1316 1261 1342 est.
1319 1311 1498 1350 Loquentis.-
1535 1311 1658 1340 animus
1687 1307 1774 1350 loqui

1044 1352 1169 1388 dicitur,
1188 1363 1260 1383 cum
1281 1362 1328 1386 ea.
1351 1362 1420 1392 quae
1445 1350 1611 1382 meditatus
1629 1356 1687 1386 est.
1705 1361 1775 1392 pro-

1046 1395 1105 1425 fert
1129 1400 1160 1424 et
1185 1394 1336 1425 edisserit.
1387 1394 1427 1423 At
1453 1399 1486 1423 tu
1515 1394 1677 1428 conclusas,
1703 1397 1778 1423 cett.

1047 1446 1152 1466 versus
1167 1437 1228 1466 duo
1244 1434 1484 1476 elegantissimi:
1509 1433 1550 1464 cf.
1570 1444 1639 1476 sup.
1654 1433 1693 1464 ad
1709 1434 1776 1464 Sat.

1047 1477 1069 1514 i,
1096 1479 1123 1512 1,
1150 1479 1220 1507 114.
1271 1477 1366 1517 Usque
1395 1478 1570 1511 laborantes,
1595 1478 1679 1510 dum,
1703 1480 1778 1507 cett.

1049 1519 1166 1549 tamdiu
1180 1520 1207 1548 vi
1222 1529 1278 1549 sua
1288 1519 1376 1549 folles
1387 1518 1595 1559 impellentes,
1611 1516 1776 1558 agitantes,

1050 1568 1080 1591 et
1094 1561 1307 1596 extendentes,
1323 1561 1434 1595 donec,
1449 1564 1523 1590 cett.

1090 1604 1142 1632 21.
1181 1602 1302 1637 Beatus,
1333 1602 1451 1632 felicem
1480 1611 1512 1632 se
1541 1599 1716 1642 praedicans
1745 1605 1778 1632 et

1049 1645 1175 1675 mirifice
1191 1644 1314 1674 sibimet
1329 1644 1386 1685 ipsi
1404 1644 1530 1684 placens
1544 1642 1583 1674 de
1599 1642 1715 1683 ingenii
1729 1642 1778 1672 sui

1049 1686 1140 1720 foetu,
1173 1687 1262 1716 malis
1292 1685 1503 1716 carminibus:
1534 1685 1627 1718 ultro,
1655 1684 1778 1715 nemine
1834 1686 1842 1693 ⁶

1048 1729 1244 1768 postulante3
1268 1729 1343 1768 quia
1361 1728 1443 1757 mala
1462 1727 1598 1757 carmina
1618 1736 1708 1756 neruo
1723 1725 1778 1757 de-

1048 1770 1174 1800 siderat.
1219 1770 1330 1800 Beatus
1355 1770 1510 1799 Fannius:
1534 1767 1642 1799 Schol.
1663 1768 1776 1808 Cruq„

1050 1812 1197 1846 Fannius,
1230 1812 1414 1848 Quadratus,
1447 1816 1530 1849 poeta
1566 1810 1673 1845 malus,
1710 1819 1778 1839 cum

1051 1855 1154 1884 liberos
1179 1865 1236 1883 mm
1262 1854 1389 1888 haberet,
1416 1854 1596 1888 kaeresliperae
1623 1853 1686 1882 sina
1715 1852 1780 1891 ejus

1051 1907 1123 1926 cura
1136 1902 1163 1925 et
1175 1898 1273 1926 studio
1289 1895 1374 1936 (haec
1384 1901 1430 1925 est
1438 1893 1604 1935 explicatio
1619 1892 1779 1934 particulae

1051 1936 1150 1976 ultro)
1170 1938 1258 1967 libros
1282 1940 1344 1977 ejus
1363 1943 1390 1967 et
1410 1938 1568 1976 imaginem
1592 1937 1625 1965 in
1642 1935 1780 1974 publicas

1051 1980 1236 2010 bibliothecas
1255 1980 1435 2020 referebant,
1455 1978 1539 2008 nullo
1557 1985 1655 2007 tamen
1675 1977 1780 2007 merito

1050 2023 1218 2060 scriptoris:
1253 2020 1309 2050 inf.
1333 2022 1398 2051 Sat.
1426 2020 1448 2056 i,
1477 2021 1527 2055 10,
1550 2020 1602 2055 80,
1622 2017 1716 2054 idem,
1742 2024 1781 2050 ut

1051 2063 1181 2097 videtur,
1192 2062 1306 2093 dicitur
1317 2066 1432 2101 ineptus
1442 2063 1564 2092 conviva
1578 2061 1781 2102 Hermogenis.

1094 2106 1232 2134 22-25.
1258 2105 1375 2134 Delatis
1399 2106 1501 2142 capsis,
1524 2107 1598 2134 cett.
1622 2101 1709 2132 cistis
1731 2101 1781 2133 vel

1052 2146 1160 2180 thecis,
1185 2146 1216 2175 in
1242 2147 1355 2186 quibus
1378 2146 1494 2192 scripta
1516 2143 1628 2175 Fannii
1649 2142 1782 2184 reposita

1053 2187 1149 2221 fuere,
1170 2197 1234 2216 una
1256 2197 1326 2217 cum
1349 2186 1419 2234 ejus
1441 2187 1575 2226 imagine
1596 2185 1725 2224 (Basta)
1748 2185 1781 2216 in

1051 2227 1271 2259 bibliothecam
1287 2229 1444 2269 publicam
1458 2226 1636 2269 deportatis.
1680 2226 1780 2258 Hein-

1050 2269 1163 2300 dorfius
1192 2281 1253 2300 non
1283 2270 1502 2300 bibliothecam
1533 2267 1711 2299 Palatinam
1741 2268 1781 2299 ab

1052 2313 1196 2350 Augusto
1212 2313 1272 2350 (U.
1291 2312 1329 2342 C.
1349 2312 1516 2348 nccxxvt)
1537 2309 1710 2343 fundatam,
1726 2310 1781 2341 sed

1050 2353 1179 2394 primam
1200 2353 1286 2384 illam
1311 2353 1530 2383 bibliothecam
1552 2351 1711 2394 publicam
1733 2351 1781 2382 iu-

1052 2395 1174 2435 telligit,
1202 2405 1294 2436 quam
1328 2394 1458 2425 Asinius
1491 2394 1594 2425 Pollio
1625 2399 1693 2435 post
1727 2393 1782 2424 tri·

1051 2438 1202 2478 umphum
1233 2437 1444 2467 Dalmaticum
1477 2447 1516 2466 ex
1546 2434 1704 2466 manubiis
1734 2434 1782 2466 in·

1052 2479 1201 2509 struxisse
1231 2478 1369 2515 traditur,
1401 2478 1485 2508 Plin.
1510 2478 1553 2508 H.
1577 2478 1622 2508 N.
1650 2475 1702 2514 vii,
1729 2477 1783 2508 31.

1054 2521 1103 2550 De
1119 2531 1212 2558 more,
1227 2531 1288 2561 quo
1304 2519 1455 2560 imagines
1469 2519 1651 2561 scriptorum
1665 2518 1698 2548 in
1713 2518 1782 2550 bib-

1054 2561 1195 2593 liothecis
1218 2573 1292 2592 cons
1315 2562 1397 2592 ectui
1415 2561 1526 2603 exponi
1545 2561 1696 2595 solebant.
1719 2558 1784 2592 vid.

1055 2604 1140 2634 l'lin.
1166 2605 1207 2634 H.
1231 2605 1291 2639 N„
1311 2605 1342 2638 ιί,
1361 2605 1393 2638 2,
1413 2609 1455 2639 et,
1476 2613 1569 2644 quem
1594 2602 1657 2632 'am
1680 2601 1780 2632 Hein-

1053 2645 1166 2676 dorfius
1187 2646 1334 2678 laudavit,
1358 2646 1442 2692 Lips.
1461 2645 1500 2675 de
1525 2613 1675 2674 Bibiioth.
1701 2643 1780 2684 Syn-

1053 2692 1173 2727 tagm.c
1196 2689 1227 2718 9.
1242 2688 1325 2728 Opp.
1342 2685 1473 2727 L.i1i,p.
1486 2686 1580 2716 1137.
1618 2685 1781 2716 Timentie:

1053 2729 1141 2770 quasi
1169 2729 1342 2770 scripsisset
1370 2734 1472 2769 poeta.
1500 2738 1567 2757 cum
1595 2737 1678 2757 nemo
1701 2728 1783 2768 legat

1052 2773 1163 2810 scripta
1187 2771 1259 2805 mei,
1284 2772 1410 2800 rec-iture
1431 2774 1532 2799 autem
1556 2767 1613 2798 illa.
1637 2769 1726 2807 vulgo
1748 2769 1782 2798 ob

1054 2813 1130 2843 hanc
1146 2824 1203 2842 rem
1221 2813 1325 2853 (ideo)
1337 2812 1599 2850 timentia-quod
1614 2816 1697 2845 sunt,
1713 2820 1783 2850 quos

1053 2857 1193 2894 —juvat,
1210 2865 1263 2901 pro
1274 2854 1362 2894 juvet
1382 2858 1436 2894 (ut
1457 2861 1526 2893 sup.
1547 2852 1608 2883 Od.
1624 2851 1646 2887 i,
1664 2852 1694 2882 1.
1710 2853 1730 2881 4
1751 2855 1784 2882 et

1053 2897 1091 2926 21
1109 2908 1118 2935 ;
1135 2897 1199 2927 Sat.
1211 2896 1244 2931 ti,
1264 2897 1293 2931 1,
1310 2897 1323 2926 'l
1341 2907 1349 2931 ς
1366 2894 1400 2932 ii,
1413 2895 1445 2930 4,
1458 2893 1517 2932 47)
1529 2905 1536 2924 ε
1550 2903 1647 2935 genus
1657 2893 1720 2928 hoc,
1736 2902 1781 2924 sc.

1053 2937 1222 2974 scribendi,
1240 2947 1303 2979 quo
1322 2935 1398 2968 vitia
1419 2934 1579 2967 hominum
1601 2939 1782 2977 carpuntur,
