1904 3314
680 211 907 255 LIBER
938 211 996 262 ΙΙ,
1028 212 1071 254 4.

1563 217 1649 258 395

225 317 381 360 Bellua
401 321 609 373 cognatos
629 313 814 356 eliserit:
849 311 922 353 illa
943 326 1115 367 rogare,

224 386 489 433 Quantanet
520 398 623 425 num
643 387 826 429 tantum,
849 378 1027 420 sufflans
1050 394 1111 430 se,
1133 393 1290 435 magna
1310 380 1498 422 fuisset?

224 453 373 510 Major
395 452 586 495 dimidio.

647 449 768 490 Num
790 454 911 489 tanto
927 449 944 489 ’ἔ

1007 447 1156 494 Quum
1178 447 1314 502 magis
1338 455 1469 503 atque

224 521 282 564 Se
302 522 438 577 magis
458 518 653 568 inflaret3
686 531 786 566 non,
810 515 846 557 si
866 522 909 557 te
930 515 1117 570 ruperiS‚
1140 515 1295 569 inquit,

107 589 194 631 320
224 589 312 631 Par
332 589 432 630 eris.

492 586 605 628 Haec
627 600 653 626 a
671 591 716 626 te
738 598 824 625 non
845 582 1029 624 multum
1049 581 1219 624 abludit
1242 583 1398 639 imago.

222 655 356 698 Adde
377 660 577 710 poemata
597 666 712 694 nunc
734 651 835 705 (hoc
861 657 942 700 est,
966 649 1108 691 oleum
1129 650 1243 692 adde
1265 651 1472 705 camino);

226 722 341 771 Quae
363 722 400 762 si
420 721 518 776 quis
541 734 671 761 sanus
693 719 808 769 fecit,
834 733 963 760 sanus
986 718 1092 759 facis
1114 724 1158 759 et
1179 725 1241 759 tu.

225 789 334 832 Non
354 789 452 832 dico
473 787 737 831 horrendam
757 786 935 828 rabiem.
996 785 1026 826 J
1029 800 1096 827 am
1118 785 1283 827 desine.

223 857 439 912 Majorem
460 871 608 898 censu.

1346 785 1524 828 Cultum

670 854 860 904 Teneas,
885 854 1169 908 Damasippe,
1194 854 1279 895 tuis
1303 861 1359 896 te.

107 926 194 970 325
223 923 349 967 Mille
370 923 626 979 puellarum,
649 937 886 979 puerorum
907 920 1021 963 mille
1044 921 1229 963 furores.

224 993 267 1035 O
287 992 424 1048 major
446 991 619 1034 tandem
640 1005 810 1047 parcaS,
833 990 998 1040 insane,
1020 989 1190 1031 minori.

700 1266 941 1309 SATIRA
975 1266 1054 1309 1V.

225 1403 382 1454 UNDE,
404 1410 447 1445 et
468 1418 556 1458 quo
579 1402 761 1445 Catius?
821 1402 928 1444 Non
950 1408 1017 1443 est
1039 1401 1143 1443 mihi
1166 1408 1336 1456 tempus
1359 1402 1505 1443 aventi

224 1471 397 1514 Ponere
420 1472 542 1526 signa
563 1470 684 1513 novis
707 1471 955 1526 praeceptiS,
979 1468 1123 1524 qualia
1145 1469 1322 1511 vincunt

111 1604 182 1637 haec
210 1616 270 1638 vox
301 1606 342 1637 ab
355 1645 358 1648 ‚
371 1605 410 1637 iis
439 1605 676 1648 interpretibuS.
703 1604 759 1646 qui
789 1605 861 1648 ejus

111 1648 275 1680 notionem
298 1648 488 1690 ignorarent,
512 1658 673 1690 perperam
693 1647 727 1678 in
745 1660 861 1689 oequum

112 1697 238 1723 mutata
252 1698 320 1724 est:
345 1691 411 1723 vid.
434 1691 475 1722 ad
501 1691 572 1722 Liv.
594 1690 627 1727 ii,
648 1692 714 1730 483
739 1691 785 1728 iii,
806 1692 860 1727 40,

114 1735 210 1776 §11;
233 1740 266 1767 et
281 1734 320 1766 ad
337 1734 427 1771 xxiii,
446 1735 496 1772 11,
515 1736 530 1775 §
548 1735 600 1764 12.

155 1778 232 1809 313.
243 1778 342 1809 Tanto
351 1780 494 1809 minorem
504 1789 511 1807 .·
527 1776 717 1812 inferiorem,
729 1781 792 1807 tam
802 1776 862 1807 im-

114 1829 235 1862 parem,
247 1827 376 1858 certare,
387 1820 472 1862 quod
487 1820 600 1851 attinet
613 1819 651 1850 ad
667 1826 785 1850 certare
796 1831 864 1851 cum

114 1862 283 1895 Moeceuaaee
309 1874 378 1906 pro,
402 1863 435 1894 in
458 1862 651 1894 certamine:
678 1862 732 1893 inf.
758 1862 863 1905 Epist.

112 1904 137 1942 i,
156 1907 209 1943 10,
224 1907 279 1944 35,
292 1908 386 1938 donec
400 1908 499 1937 minor
515 1908 545 1936 in
563 1908 726 1936 certamine
742 1906 842 1947 longo.

158 1949 236 1981 316.
265 1950 427 1998 Cognatos,
457 1949 524 1991 jam
555 1959 622 1990 pro,
659 1958 723 1979 una
752 1959 862 1980 secum

115 1997 220 2028 natos,
235 1997 372 2023 suaviter
387 2003 454 2035 pro,
470 1997 586 2023 ceteros
602 1991 718 2034 pullos.

159 2035 239 2067 317.
258 2035 341 2066 Num
353 2034 760 2076 tantum—magnafuisset.
780 2033 862 2064 Tan-

114 2083 181 2108 tum
197 2088 263 2121 pro,
280 2085 342 2109 tam
362 2077 536 2120 explicant,
551 2078 635 2118 quod
659 2076 862 2108 Latinitatem

115 2120 195 2152 ferre
211 2125 306 2162 negat
321 2121 396 2156 Fea,
413 2120 470 2162 qui
494 2130 549 2162 pro
569 2127 689 2151 tantum
709 2119 865 2156 exhibuit,

115 2165 263 2201 κηκὶς-ιη,-
297 2164 352 2195 sed
383 2173 442 2194 nec
473 2163 539 2194 haec
571 2162 726 2205 particula
755 2162 864 2204 primae

114 2206 223 2238 statim
233 2205 402 2248 quaestioni
413 2205 522 2237 matris
531 2205 688 2238 convenit.
706 2205 863 2247 Equidem

115 2249 179 2280 levi
190 2248 410 2281 emendatione
425 2247 605 2280 difficultati
620 2249 759 2282 succurri
776 2258 864 2291 posse

111 2297 206 2335 puto,
232 2291 259 2323 si
285 2302 354 2335 pro.
375 2298 495 2323 tautum
519 2291 642 2333 legeris,
663 2293 696 2322 iu
719 2298 862 2322 tautum:

115 2340 217 2367 mater
231 2335 357 2378 quierit,
372 2345 449 2366 num
468 2333 576 2366 bellua
596 2334 653 2365 illa
673 2345 786 2375 magna
799 2335 862 2377 fu-

65 2405 69 2408 ⁴
115 2378 183 2410 isset
198 2379 232 2409 in
248 2384 382 2414 tantum,
405 2377 439 2410 h.
456 2388 486 2409 e.
506 2382 604 2409 tantae
622 2377 863 2419 magnitudinis,

115 2425 268 2462 quantam
302 2431 401 2457 nuuc.
475 2426 600 2462 stquam
629 2430 663 2453 se
693 2420 864 2457 efflaverat,

115 2464 315 2496 oste-debat.
360 2465 412 2495 De
430 2431 592 2495 iiiiutione
612 2466 645 2494 iu
664 2470 785 2495 tantum
800 2474 864 2494 non

160 2517 222 2539 nea
249 2516 340 2540 exem
366 2506 399 2538 la
433 2506 563 2547 collegit
601 2507 799 2539 Forcellinus
831 2506 865 2538 in

116 2515 315 2582 Eximav.
351 2556 455 2581 antus.
483 2549 557 2580 Nisi
569 2549 718 2592 placetin
730 2556 864 2586 tuntum,

117 2592 270 2635 explicari
293 2598 378 2625 certe
399 2592 495 2624 debet
512 2598 633 2623 tamum
654 2603 721 2634 pro,
740 2595 773 2624 in
795 2600 866 2623 tan-

116 2640 195 2672 tum,
219 2641 256 2668 ut
277 2635 412 2678 simplex
434 2642 556 2667 tantum
586 2635 726 2678 explicat
756 2636 786 2666 Ι.
817 2636 867 2667 Fr.

119 2677 304 2710 Gronovius
327 2678 413 2722 apud
438 2677 564 2709 Livium
594 2678 714 2714 xxxvii,
745 2679 799 2715 57,
829 2678 867 2710 Id

119 2731 212 2762 quum
234 2733 314 2765 egre
337 2728 519 2763 paterentur
546 2726 586 2751 tot
613 2723 734 2760 nobiles,
759 2732 868 2752 novum

118 2764 176 2796 sibi
190 2765 337 2796 hominem
351 2770 473 2796 tantum
486 2763 643 2806 praeferri.

163 2807 240 2840 ³21.
262 2808 351 2839 Adde
367 2814 522 2848 poemata:
546 2807 586 2838 ad
610 2807 693 2838 hanc
713 2805 869 2838 insaniam

122 2849 261 2893 adjunge
283 2850 398 2882 aliam:
423 2850 472 2882 fac
495 2860 615 2885 versus,
639 2849 698 2880 hoc
722 2855 780 2888 est,
803 2850 870 2891 igni

122 2892 227 2925 oleum
237 2892 320 2925 adde
327 2892 479 2936 (insaniae
486 2903 570 2924 nova
577 2893 729 2924 alimenta
736 2892 871 2934 praebe).

166 2936 242 2967 ³22.
267 2936 342 2972 Quae
364 2938 389 2968 si
412 2939 478 2978 quis
500 2947 604 2972 sanus,
627 2941 702 2967 cett.
725 2945 811 2971 nam,
835 2941 872 2968 ut

124 2977 276 3010 Horatius
286 2979 369 3011 infra
376 2978 456 3011 dicit
465 2978 498 3010 in
510 2979 613 3022 Epist.
625 2978 665 3009 ad
678 2977 744 3010 Pis.
758 2980 870 3016 v.290,

125 3020 257 3054 excludit
272 3033 358 3054 sanos
383 3022 527 3054 Helicone
548 3028 649 3063 poetas
671 3021 873 3055 Democritus.

949 1606 1023 1636 323.
1051 1606 1118 1637 Non
1149 1609 1216 1638 dico
1254 1606 1442 1649 (praetereo)
1473 1607 1655 1638 horrendam

905 1649 1036 1679 rabiem.-
1061 1649 1126 1691 ipse
1152 1650 1305 1681 Horatius
1320 1650 1382 1680 vim
1406 1649 1507 1681 rabidi
1529 1650 1655 1686 furoris,

905 1700 968 1731 quo
996 1692 1035 1722 ad
1056 1692 1240 1723 scribendos
1263 1692 1448 1723 criminosos
1476 1693 1597 1723 iambos
1621 1703 1654 1724 se

907 1733 1008 1775 abripi
1044 1744 1156 1775 passus
1186 1735 1238 1770 sit,
1272 1734 1457 1775 gravissime
1491 1734 1658 1777 descripsit

907 1786 977 1818 sup.
994 1777 1059 1808 Od.
1080 1776 1100 1815 i,
1125 1779 1175 1808 16.
1221 1777 1348 1808 Cultum
1373 1777 1522 1818 Majorem
1544 1788 1655 1809 censu:

909 1829 971 1849 non
987 1819 1058 1851 dico
1074 1826 1208 1856 sumtus,
1224 1830 1305 1861 quos
1325 1820 1407 1850 ultra
1428 1820 1470 1851 rei
1487 1826 1549 1851 tuae
1565 1820 1657 1852 fami·

909 1861 994 1893 liaris
1010 1863 1171 1894 modulum
1189 1862 1222 1894 in
1239 1869 1368 1894 externo
1384 1863 1475 1894 cultu
1491 1862 1582 1894 sacis.

953 1906 1029 1936 324.
1055 1906 1179 1941 Tenens,
1200 1906 1397 1945 Damasippe,
1416 1907 1477 1936 tuis
1493 1912 1539 1936 te:
1555 1906 1659 1938 conti-

907 1958 984 1979 neas
1002 1953 1032 1980 te
1049 1948 1131 1979 intra
1146 1954 1213 1986 tua,
1228 1949 1262 1979 h.
1275 1958 1306 1979 e.
1328 1948 1412 1979 intra
1426 1958 1463 1979 ea
1482 1959 1554 1990 quae
1571 1950 1611 1980 ad
1627 1955 1659 1981 te

906 1990 1010 2032 ipsum
1041 1997 1197 2034 spectant,
1230 2001 1324 2022 nosce
1356 1997 1386 2022 te
1415 1991 1531 2034 ipsum.
1578 1993 1658 2029 Nos,

906 2034 995 2065 kehre
1011 2046 1072 2064 nur
1088 2045 1139 2065 vor
1154 2037 1260 2066 deiner
1276 2035 1373 2065 Thizr.

951 2077 1028 2107 326.
1046 2078 1072 2108 Ο
1086 2088 1207 2117 parcas,
1225 2082 1318 2109 eett.:
1344 2087 1362 2108 ο
1376 2077 1659 2120 tu,insane,cujus

910 2119 1035 2150 insania
1063 2119 1163 2162 major
1197 2126 1245 2152 est
1274 2130 1357 2155 mea,
1389 2130 1501 2163 parcas
1530 2122 1658 2152 tandem

909 2162 987 2193 mihi
1011 2163 1106 2204 cujus
1133 2163 1258 2194 insania
1281 2163 1384 2194 minor
1410 2169 1459 2194 est
1481 2170 1557 2203 tua3
1581 2164 1660 2203 sive,

909 2215 928 2253 o
955 2205 1079 2241 insane,
1107 2216 1216 2248 parcas
1242 2206 1369 2238 taudem
1397 2206 1474 2238 mihi
1500 2207 1604 2238 minus
1631 2213 1661 2239 te

909 2255 1094 2281 insanienti.

1154 2335 1325 2367 SATIRA
1351 2337 1416 2368 IV.

951 2377 1005 2409 Ad
1028 2377 1219 2410 deridendos
1243 2389 1298 2411 eos
1320 2379 1377 2421 qui
1403 2378 1567 2411 felicitatis
1590 2390 1661 2422 par-

908 2425 971 2452 tem
997 2421 1095 2453 stulte
1118 2421 1152 2452 in
1178 2422 1275 2454 lautis
1301 2422 1403 2464 epulis
1426 2428 1559 2465 ponunt,
1584 2423 1659 2454 artis

908 2463 1102 2505 coquinariae
1115 2471 1288 2507 praecepta,
1306 2475 1378 2507 quae
1398 2465 1512 2497 Catius
1528 2466 1659 2507 quidam

909 2516 942 2537 se
958 2517 997 2538 ex
1012 2517 1064 2538 ore
1080 2507 1188 2548 magni
1202 2508 1235 2538 in
1251 2514 1318 2540 arte
1334 2508 1519 2550 coquinaria
1542 2509 1659 2551 magis-

909 2549 948 2580 tri
964 2549 1110 2581 hausisse
1127 2550 1228 2592 fingit.
1243 2551 1324 2582 mira
1338 2551 1506 2593 diligentia
1519 2551 1624 2583 refert.

956 2593 1064 2624 Catius
1093 2592 1161 2625 sine
1190 2594 1289 2625 dubio
1317 2600 1366 2625 est
1395 2605 1511 2626 nomen
1537 2595 1659 2627 fictum.

912 2635 1076 2672 Horatius,
1107 2636 1162 2678 qui
1199 2636 1318 2679 saepius
1353 2637 1434 2669 inter
1466 2639 1661 2669 coenandum

911 2679 998 2720 apud
1020 2680 1233 2711 Maecenatem
1259 2690 1323 2711 non
1355 2680 1423 2712 sine
1449 2690 1566 2722 magna
1593 2691 1661 2712 mo-

912 2720 1004 2752 lestia
1021 2721 1180 2754 audivisse
1197 2721 1320 2754 videtur
1339 2723 1504 2755 convivam
1522 2723 1661 2766 aliquem

912 2764 963 2796 vel
982 2764 1088 2807 plures
1106 2765 1207 2797 multa
1221 2766 1318 2798 verba
1337 2766 1491 2798 facientes
1503 2766 1543 2798 de
1558 2767 1660 2798 lauta-

914 2817 983 2838 rum
1013 2808 1176 2850 epularum
1208 2819 1332 2850 sapore,
1366 2816 1491 2846 natura,
1524 2809 1662 2845 raritate,

914 2850 1126 2889 confectione,
1144 2857 1231 2888 cett„
1246 2862 1353 2883 eorum
1366 2852 1434 2894 jam
1447 2852 1480 2883 in
1492 2852 1553 2883 hac
1568 2853 1665 2883 satira

914 2893 1084 2925 vanitatem
1119 2900 1152 2926 et
1188 2894 1459 2937 importunitatem
1493 2895 1666 2929 derisurus.

916 2935 1066 2969 inducere
1095 2937 1226 2969 omnino
1257 2937 1396 2970 debebat
1425 2937 1577 2979 aliquem.
1609 2937 1666 2978 qui

914 2980 1026 3011 stultos
1048 2980 1122 3012 illos
1139 2991 1299 3012 sermones
1322 2985 1470 3012 accurate
1485 2986 1667 3021 exponeret.

917 3023 1014 3055 Hunc
1041 3023 1194 3056 Horatius
1221 3023 1397 3067 appellavit
1429 3023 1577 3059 Catium3
1609 3023 1664 3054 sed
