1904 3314
339 206 424 247 360

458 302 607 345 Millia.

875 202 1304 244 SATIRARUM

668 301 743 344 Me
764 302 946 356 pedibus
967 302 1151 344 delectat
1172 302 1369 344 claudere
1390 302 1522 343 verba

459 369 600 411 Lucili
618 370 723 418 ritus
737 376 929 411 nostrum
948 369 1130 410 melioris
1151 376 1348 424 utroque.

371 439 427 480 30
457 438 532 479 Ille
554 436 668 478 velut
687 437 786 477 fidis
807 451 961 478 arcana
982 437 1198 478 sodalibus
1219 437 1318 478 olim

458 503 674 544 Credebat
693 502 835 552 libris3
868 517 1021 557 neque,
1045 504 1079 543 si
1099 502 1430 551 malebcesserat,
1453 514 1641 555 unquam

459 570 705 611 Decurrens
726 569 821 617 alio,
842 583 980 623 neque
1003 569 1038 609 si
1059 569 1191 610 bene:
1223 583 1309 622 quo
1329 568 1392 618 fit,
1414 575 1463 609 ut
1485 567 1618 609 omnis

459 636 618 678 Votiva
637 642 782 690 pateat
802 635 932 676 veluti
953 636 1168 689 descripta
1189 635 1344 676 tabella

459 702 564 744 Vita
584 703 710 743 senis.

771 702 938 755 Sequor
956 701 1085 751 hunc,
1108 701 1310 743 Lucanus
1332 716 1386 742 an
1405 699 1623 755 AppuluS,
1643 711 1801 752 anceps
1818 713 1827 738 ε

373 770 428 810 35
458 769 570 810 Nam
591 769 841 811 Venusinus
862 776 955 809 arat
974 769 1100 809 finem
1122 769 1202 809 sub
1223 776 1451 822 utrumque
1473 766 1664 814 colonus,

463 835 627 876 Missus
647 837 701 877 ad
722 836 818 884 hoc,
838 836 973 890 pulsis
996 835 1134 888 (vetus
1155 842 1221 876 est
1240 842 1288 875 ut
1312 835 1437 888 fama)
1459 831 1656 882 Sabellis,

462 902 562 949 Quo
583 917 635 943 ne
656 916 734 956 per
754 916 932 942 vacuum
954 901 1150 942 Romano
1170 902 1406 942 incurreret
1424 899 1584 949 hostis3

346 1027 430 1052 ratur
452 1020 615 1062 Augustus
637 1031 709 1052 cum
731 1031 811 1062 equo
834 1031 991 1061 generoso,
1014 1020 1079 1061 qui,
1124 1019 1234 1051 Cicero
1257 1019 1301 1051 ait
1326 1013 1398 1061 (pro
1426 1019 1555 1050 Muren.
1577 1028 1608 1049 c.
1635 1016 1686 1057 6).
1709 1018 1854 1048 neminem

348 1073 365 1093 a
391 1063 513 1094 nemine
536 1063 595 1093 sibi
619 1063 743 1097 timens.
765 1063 790 1093 si
817 1063 887 1104 quis
912 1062 941 1093 ei
967 1061 1078 1103 (mate)
1113 1062 1187 1102 sere
1201 1063 1311 1092 saltare
1329 1063 1470 1096 sobrium,
1484 1059 1626 1101 exemplo
1642 1069 1699 1090 suo
1713 1068 1852 1100 compro-

349 1104 526 1147 importuno
555 1110 690 1147 tempore
722 1104 901 1135 blandiatur
925 1104 1080 1145 palpando

347 1148 397 1177 vel
418 1147 597 1182 mulcendo,
615 1146 799 1177 recalcitrat.
846 1147 937 1176 Hanc
954 1155 1079 1186 compa-

349 1189 495 1219 rationem
511 1188 711 1219 Heindorfius
723 1189 834 1218 durum
845 1193 875 1218 et
887 1187 1080 1218 inhonestam

351 1231 500 1272 appellat.
546 1231 590 1260 At
606 1230 672 1271 jam
691 1231 856 1270 Augustus
878 1240 939 1259 non
962 1229 994 1259 in
1009 1230 1077 1259 uui·

349 1283 471 1304 versum
495 1278 688 1314 comparatur
717 1283 787 1302 cum
811 1282 904 1312 equo,
929 1271 982 1302 sed
1009 1281 1080 1301 cum

348 1325 385 1345 ea
408 1320 528 1344 tantum
554 1315 695 1353 generosi
722 1314 794 1354 equi
820 1313 935 1348 indole,
960 1322 1021 1354 qua
1048 1323 1081 1344 se

350 1366 411 1386 non
437 1356 567 1387 mulceri
589 1356 706 1398 patitur
732 1356 906 1397 importuno
933 1363 1080 1396 tempore.

350 1398 402 1430 Sic
424 1398 506 1440 apud
530 1399 694 1428 Homerum
717 1398 810 1428 Iliad.
832 1397 875 1432 xi,
893 1398 966 1434 557,
984 1397 1079 1437 Ajax,

349 1450 366 1471 e
381 1450 497 1482 pugna,
517 1439 568 1470 ubi
583 1439 660 1471 caedi
676 1439 856 1475 indulserat,
874 1440 957 1470 lento
974 1449 1080 1479 gressu

349 1483 508 1518 recedens,
533 1492 595 1512 non
626 1483 657 1512 in
685 1481 863 1512 universum
895 1491 964 1511 cum
994 1480 1081 1511 asino

349 1530 557 1566 comparatur,
570 1523 623 1554 sed
640 1524 761 1564 egregie
773 1523 812 1553 ad
829 1533 891 1553 rem
904 1533 975 1553 cum
990 1521 1080 1558 asini,

348 1576 366 1596 e
400 1571 514 1606 segete,
544 1565 595 1596 cui
626 1565 831 1606 depascendae
862 1565 1015 1604 indulget,
1048 1574 1081 1594 se

350 1618 430 1648 aegre
450 1607 557 1648 repelli
577 1606 732 1648 patientis.
749 1606 906 1637 tarditate.
951 1607 989 1636 ln
1010 1606 1081 1647 plu-

347 1649 434 1679 rimis
455 1649 537 1679 enim
556 1649 852 1690 comparationibuS,
870 1654 905 1678 ut
924 1647 989 1688 jam
1012 1658 1080 1688 sup.

348 1691 387 1721 ad
410 1691 472 1722 Od.
495 1691 535 1727 iv,
555 1692 586 1725 4,
609 1692 620 1720 1
645 1690 885 1724 observavimus,
903 1700 941 1720 ea
960 1695 1079 1719 tantum

348 1732 391 1763 rei
413 1738 600 1774 comparatae
618 1742 699 1773 pars,
715 1743 807 1773 quarn
829 1732 926 1762 solam
947 1732 1082 1773 respexit

349 1774 480 1815 quisque
502 1780 605 1816 poeta,
626 1775 795 1815 spectanda
817 1778 876 1804 est.
923 1773 974 1804 Ad
997 1773 1081 1814 quod

347 1817 373 1846 si
389 1817 526 1846 animum
542 1816 744 1846 advertissent
758 1817 952 1857 interpretes,
970 1815 1082 1846 rectius

347 1869 429 1900 saepe
445 1858 484 1889 de
499 1858 783 1899 comparationibus
799 1869 817 1888 a
838 1856 935 1898 poetis
951 1858 1074 1888 institu-

347 1900 386 1930 tis
399 1900 570 1940 judicaturi
585 1899 728 1931 fuissent.
773 1901 899 1933 Confer.
917 1910 988 1939 quae
1005 1899 1078 1930 olim

346 1941 379 1971 in
407 1943 486 1972 lianc
510 1952 573 1972 rem
603 1943 779 1973 notavimus
804 1942 843 1972 ad
869 1942 988 1973 Catull.
1014 1941 1077 1977 lxv,

348 1985 387 2014 19
403 1994 474 2024 sqq.

389 2026 445 2056 21.
470 2026 546 2060 Hoc,
563 2035 675 2066 nempe
693 2024 827 2056 Caesaris
843 2024 953 2055 invicti
968 2034 1015 2054 res
1031 2023 1077 2054 di-

348 2077 428 2098 cere.
485 2068 576 2098 Tristi
608 2067 861 2108 (contumelioso,
891 2073 922 2097 et
950 2066 1080 2108 proinde

348 2110 447 2140 tristes
465 2112 536 2144 iras.
558 2119 628 2150 sup.
650 2109 712 2139 Od.
735 2108 758 2142 i,
781 2110 830 2143 16,
855 2110 886 2143 9,
906 2109 1080 2146 excitante)

352 2152 457 2182 Iaedere
470 2162 567 2186 versu,
586 2158 621 2181 ut
636 2151 695 2181 sere
715 2150 772 2180 inf.
787 2153 861 2181 utris
877 2151 1006 2180 versibus
1022 2151 1081 2179 ali-

348 2204 429 2233 quem
453 2194 592 2229 oblinere,
616 2203 682 2234 pro,
706 2193 771 2222 sale
793 2191 918 2222 satirico
941 2191 1077 2231 aliquem

347 2235 525 2276 perfricare.

389 2278 441 2308 22.
468 2277 664 2307 Pantolabum
680 2287 826 2311 scurram,
844 2275 1078 2306 Nomentanum-

349 2330 422 2359 que:
446 2319 484 2349 cf.
501 2329 570 2360 sup.
591 2320 655 2349 Sat.
673 2318 693 2352 i,
712 2320 742 2353 8,
763 2319 812 2348 11.

390 2362 441 2391 23.
464 2361 613 2396 lutacius,
627 2361 763 2390 nondum
778 2359 856 2390 tristi
874 2369 961 2389 versu
974 2358 1079 2388 laesus.

351 2403 435 2440 Odit,
465 2403 583 2433 scilicet
616 2413 721 2433 versus
752 2402 854 2432 tristes
882 2400 1077 2442 tristiumque

348 2455 491 2476 versuum
510 2450 662 2475 auctores.

390 2487 529 2518 24—29.
554 2487 635 2520 Quid
644 2487 786 2527 faciam?
808 2485 884 2526 quid
904 2495 961 2525 ego
980 2484 1077 2519 aliud,

346 2539 441 2569 quam
468 2539 586 2562 versus,
616 2528 751 2559 faciam}
784 2528 869 2564 Quot
897 2527 978 2558 enim
1004 2532 1079 2557 sunt

345 2570 498 2604 homines.
524 2570 651 2600 totidem
678 2581 735 2600 sua
762 2571 894 2610 quisque
919 2574 1078 2600 sectantur

346 2612 461 2643 studia.
498 2613 651 2643 Milonius
668 2612 843 2646 saltatione,
858 2612 969 2642 Castor
981 2621 1075 2651 equo-

346 2665 412 2684 rum
429 2654 652 2685 domandorum
669 2654 780 2687 studio,
800 2654 911 2683 Pollux
935 2654 1076 2695 pugilatu

345 2697 501 2737 gaudent3
524 2707 593 2736 ego,
612 2702 646 2726 ut
666 2696 820 2732 Lucilius,
841 2695 979 2726 delector
1002 2695 1077 2726 scri-

344 2738 454 2770 bendis
476 2738 587 2768 satiris.
634 2739 799 2768 Milonius.-
824 2737 930 2768 Schol.
951 2737 1078 2778 Porph.,

345 2780 492 2811 Milonius
503 2792 607 2811 scurra
624 2782 742 2810 illorum
763 2788 937 2819 temporum,
951 2783 1000 2820 qui
1011 2791 1077 2810 cum

342 2824 426 2853 semel
441 2824 539 2853 ebrius
558 2830 640 2858 esset,
656 2825 754 2853 statim
777 2826 888 2852 satiare
904 2824 1075 2861 incipiebat.

1125 1103 1221 1134 bavit.
1267 1104 1475 1142 Numerusque
1505 1102 1650 1136 lucernis,
1676 1099 1854 1142 quiavebrii

1125 1145 1282 1184 geminum
1310 1145 1507 1175 lucernarum
1536 1153 1698 1174 numerum
1722 1142 1852 1173 sibi‘vi-

1125 1186 1196 1217 dere
1219 1187 1375 1224 videntur,
1393 1186 1528 1217 suaviter
1549 1184 1685 1216 lucernis
1706 1194 1855 1215 uumerus

1125 1229 1272 1260 accedere
1290 1229 1415 1259 dicitur.
1459 1227 1607 1259 Juvenal.
1626 1225 1668 1262 vi,
1684 1227 1760 1263 304,
1778 1227 1854 1256 Cum

1125 1272 1238 1301 bibitur
1260 1272 1381 1308 concha,
1403 1281 1469 1301 cum
1481 1271 1550 1310 jam
1572 1270 1720 1310 vertigine
1745 1274 1855 1299 tectum

1124 1314 1279 1347 Ambulat,
1297 1319 1324 1343 et
1341 1313 1467 1354 geminis
1481 1313 1615 1352 exsurgit
1634 1317 1733 1341 mensa
1754 1311 1852 1341 lucer-

1124 1357 1180 1385 nis.
1222 1355 1265 1385 Et
1281 1353 1324 1384 sic
1342 1353 1473 1386 Ovidius
1490 1353 1522 1383 in
1539 1353 1609 1383 Art.
1625 1352 1701 1383 Am.
1716 1351 1762 1387 iii,
1779 1353 1853 1388 764,

1123 1397 1192 1426 bina
1223 1399 1333 1427 videre.
1379 1396 1484 1426 Castor
1511 1396 1622 1436 gaudet
1650 1395 1751 1434 equis.-
1785 1394 1856 1426 vide

1125 1447 1194 1480 sup.
1216 1438 1277 1469 Od.
1299 1438 1320 1475 i,
1341 1439 1390 1474 12,
1405 1439 1458 1472 25.
1474 1437 1528 1473 26,
1545 1436 1653 1467 Dicam
1670 1442 1698 1466 et
1714 1437 1854 1473 Alciden,

1124 1491 1283 1520 puerosque
1306 1481 1405 1514 Ledae,
1427 1480 1519 1509 Hunc
1542 1479 1633 1518 equis,
1656 1478 1746 1508 illum
1767 1488 1854 1517 supe-

1125 1532 1193 1552 rare
1205 1523 1326 1562 pugnis,
1343 1522 1490 1551 Nobilem.
1531 1520 1611 1554 Quot
1626 1521 1768 1559 capitum.
1781 1525 1858 1551 cett.

1124 1571 1231 1594 notum
1254 1569 1301 1594 est
1327 1563 1406 1594 illud
1431 1561 1566 1593 Terentii
1588 1561 1738 1602 (Phorm.
1761 1560 1795 1597 ii,
1819 1563 1851 1598 4,

1127 1605 1197 1645 14),
1210 1612 1277 1646 quot
1289 1606 1478 1640 homines‚t0t
1487 1605 1655 1640 sententia·
1670 1605 1856 1644 summique

1124 1659 1182 1678 mos
1195 1660 1203 1676 .·
1240 1648 1366 1678 Homer.
1399 1646 1515 1688 Odyss.
1548 1645 1611 1681 xiv,
1642 1645 1718 1680 228,
1748 1646 1855 1684 ἄλλος

1124 1689 1189 1731 γάρ
1206 1688 1232 1720 τ’
1247 1690 1400 1720 ἄλλοισιν
1413 1689 1500 1730 ἀνὴρ
1514 1687 1726 1729 ἐπιτέρπεται
1735 1686 1856 1729 ἔργοις.

1126 1732 1256 1762 Pedibus
1269 1732 1408 1761 claudere
1423 1732 1510 1761 verba
1522 1742 1530 1759 .·
1546 1729 1591 1760 sic
1603 1739 1673 1771 sup.
1687 1730 1754 1760 Sat.
1765 1729 1786 1766 i,
1802 1731 1854 1766 10,

1125 1775 1178 1808 59,
1200 1775 1323 1813 pedibus
1340 1774 1415 1803 senis
1434 1773 1586 1803 claudere.
1633 1771 1776 1802 Nostrum
1795 1782 1855 1803 me-

1126 1817 1208 1846 lim-is
1227 1822 1364 1855 utroque,
1380 1814 1539 1845 nobilioris
1554 1819 1624 1844 utro
1646 1823 1687 1844 ue
1702 1818 1856 1846 nostrum.

1124 1858 1242 1894 Quodsi
1262 1857 1366 1898 igitur,
1387 1857 1534 1887 Horatius
1549 1856 1616 1886 vult
1651 1854 1744 1891 icere,
1759 1855 1855 1887 Luci-

1122 1900 1197 1930 lium
1219 1910 1280 1929 non
1299 1899 1412 1942 puduit
1429 1898 1537 1929 satiras
1553 1897 1698 1933 scribere.
1715 1907 1772 1928 cur
1792 1907 1856 1930 me.

1123 1941 1176 1983 qui
1200 1943 1290 1972 homo
1308 1952 1375 1971 sum
1399 1940 1557 1980 ignobilis,
1577 1949 1647 1977 nec,
1663 1945 1766 1970 utrum
1787 1939 1854 1971 Lu-

1123 1994 1234 2020 canus,
1243 1994 1280 2013 an
1298 1983 1443 2025 Appulus
1453 1981 1605 2013 dicendus
1615 1983 1686 2017 sim,
1694 1981 1770 2012 satis
1779 1981 1854 2020 seio,

1123 2025 1217 2067 hujus
1239 2026 1281 2056 rei
1301 2026 1439 2067 pudeat?
1485 2025 1536 2055 De
1559 2022 1675 2055 Lucilii
1693 2023 1855 2055 nobilitate

1125 2068 1231 2098 Schol.
1257 2068 1352 2108 Cruq.
1381 2066 1419 2097 ad
1442 2067 1527 2098 hunc
1553 2065 1656 2096 locum
1681 2065 1856 2096 observavit

1125 2108 1191 2140 haec
1207 2121 1214 2140 ε
1239 2112 1291 2149 qui
1307 2110 1486 2150 meliorjiaeit
1500 2106 1529 2138 'et
1543 2119 1599 2145 me,
1614 2114 1643 2138 et
1664 2107 1854 2149 tefiTrebtm',

1125 2162 1211 2182 censu
1238 2151 1323 2192 (ipse
1346 2150 1495 2182 Horatius
1518 2149 1574 2180 inf.
1595 2160 1626 2181 v.
1647 2150 1700 2185 75,
1719 2159 1748 2181 re
1769 2149 1855 2190 infra

1122 2193 1239 2223 Lucilii
1254 2204 1371 2224 censum
1387 2203 1443 2224 esse
1454 2192 1516 2231 ait)
1532 2198 1559 2222 ec
1572 2193 1736 2222 natalibus.
1780 2191 1856 2222 Fuit

1122 2236 1200 2264 enim
1227 2237 1275 2265 vir
1305 2236 1394 2265 bonus
1429 2241 1458 2264 et
1487 2234 1575 2264 valde
1606 2234 1724 2268 nobilis.
1753 2239 1856 2273 utpote

1127 2277 1235 2316 Magni
1252 2277 1384 2315 Pompeii
1399 2287 1484 2306 avus.
1520 2276 1614 2306 Hanc
1631 2274 1747 2306 Lucilii
1765 2274 1852 2306 nobi-

1124 2318 1241 2349 litatem
1259 2319 1420 2349 coufirmat
1437 2317 1516 2347 alius
1535 2326 1659 2358 quoque
1674 2316 1781 2347 Schol.
1796 2317 1855 2349 inf.

1122 2361 1161 2390 ad
1183 2371 1211 2390 v.
1235 2362 1287 2395 75,
1309 2361 1362 2391 sed
1385 2361 1422 2396 is,
1443 2359 1558 2390 docens
1580 2358 1698 2389 Lucilii
1719 2368 1853 2390 sororem

1122 2402 1222 2433 aviam
1238 2403 1379 2444 Pompeii
1390 2401 1496 2437 fuisse,
1508 2401 1665 2432 Lucilium
1679 2410 1742 2431 non
1751 2412 1853 2436 avum,

1121 2445 1174 2475 sed
1205 2447 1346 2485 majorem
1372 2445 1556 2474 avunculum
1587 2441 1729 2483 Pompeii
1758 2441 1854 2474 fuisse

1122 2487 1275 2517 ostendit:
1302 2487 1343 2517 cs.
1360 2486 1445 2518 Vell.
1461 2486 1586 2516 Patere.
1601 2484 1635 2520 ii,
1650 2485 1704 2515 29.

1164 2530 1302 2559 31-33,
1328 2529 1442 2568 Neque.
1469 2530 1493 2558 si
1520 2529 1598 2557 male
1621 2532 1755 2563 cesserat,
1777 2531 1853 2558 cett.

1121 2581 1231 2612 neque,
1284 2570 1348 2602 sive
1397 2569 1474 2611 quid
1522 2569 1616 2606 male,
1665 2568 1730 2599 sive
1771 2568 1851 2610 quid

1122 2613 1200 2643 bene
1227 2613 1255 2644 ei
1285 2619 1429 2647 cesserat,
1459 2621 1588 2652 usquam
1622 2610 1695 2646 alio,
1725 2609 1786 2640 nisi
1814 2610 1854 2642 ad

1120 2655 1197 2685 fidos
1233 2665 1306 2685 suos
1342 2654 1474 2690 sodales,
1514 2652 1554 2683 ad
1594 2653 1700 2690 libros,
1736 2652 1852 2694 quibus

1122 2698 1153 2727 id
1184 2697 1356 2732 mandaret,
1387 2695 1580 2727 decurrebat.
1622 2693 1766 2726 Lucilius
1787 2694 1850 2726 sci-

1122 2739 1195 2770 licet
1223 2745 1283 2770 tam
1315 2739 1387 2770 laeta
1415 2747 1510 2779 quam
1538 2736 1648 2772 tristia,
1674 2741 1737 2767 tam
1769 2742 1851 2767 recte

1121 2792 1215 2822 quam
1243 2782 1347 2812 minus
1374 2786 1455 2811 recte
1482 2778 1576 2815 sacta,
1602 2784 1666 2809 tam
1691 2777 1851 2808 laudanda

1121 2834 1214 2865 quarn
1231 2823 1396 2865 carpenda,
1413 2821 1578 2862 diligenter
1597 2819 1743 2856 notabam
1766 2820 1850 2851 unde

346 2865 386 2895 Ut
406 2866 501 2899 semel,
519 2865 660 2902 simulac,
681 2871 870 2906 postquam;
892 2866 961 2898 icto,
986 2865 1068 2902 vino,
1114 2866 1184 2907 ejus
1209 2865 1272 2896 vita
1301 2871 1449 2906 tanquam
1477 2863 1508 2893 in
1533 2862 1641 2893 tabula
1668 2861 1771 2892 votiva
1793 2861 1848 2893 de-

341 2906 434 2948 cujus
454 2907 500 2938 vis
519 2913 615 2948 caput
633 2907 723 2948 quasi
742 2907 886 2948 pereutit,
908 2905 939 2936 h.
958 2917 985 2938 e.
1004 2907 1070 2938 ine·
1113 2909 1228 2950 scripta
1241 2907 1366 2938 dicitur.
1409 2907 1471 2937 Pro
1489 2911 1626 2940 cesserat,
1642 2902 1725 2946 quod
1739 2903 1848 2935 defen-

339 2949 433 2981 briat.
475 2948 628 2981 Milonius
648 2949 752 2990 igitur,
769 2959 873 2980 verum
889 2958 967 2985 esse,
985 2951 1067 2990 quod
1113 2950 1158 2982 dit
1175 2949 1361 2992 optimorum
1384 2947 1484 2980 Codd.
1499 2946 1584 2989 apud
1600 2946 1695 2978 Fenm
1711 2945 1846 2978 auctori-
