1904 3314
333 202 416 242 750

337 297 488 339 Princeps
510 296 572 328 Od.
592 296 614 332 i,
633 297 665 332 2,
679 298 732 327 50.
778 296 916 338 principe
941 297 1065 328 Caesare

337 340 400 370 Od.
424 339 447 375 i,
472 340 525 375 21,
556 341 604 370 14.
662 344 692 369 te
720 338 860 380 principe
889 339 948 380 Ep.
974 338 1007 374 ii,
1036 339 1064 373 1,

335 382 410 412 256.
467 380 601 411 maxime
637 380 813 422 principum
845 380 907 411 Od.
939 380 982 416 iv,
1014 382 1065 415 14,

336 424 368 454 6.
411 432 519 463 graves
541 421 715 464 principum
739 421 885 453 amicitiae
904 422 964 452 Od.
982 421 1015 458 ii,
1037 423 1064 457 l,

336 466 368 495 4.
410 464 602 506 principibus
625 464 780 505 placuisse
799 463 869 494 viris
893 465 951 504 Ep.
974 463 996 499 i,
1015 465 1067 499 17,

378 550 574 588 principium.
607 557 697 578 omne
713 547 897 588 principium
913 546 974 577 hue
989 546 1067 577 refer

338 590 402 620 Od.
423 589 470 624 iii,
489 590 520 624 6,
536 591 568 620 6.
612 588 766 620 scribendi
790 595 871 620 recte
894 598 999 628 sapere
1022 594 1068 619 est

338 637 370 662 et
395 631 583 673 principium
608 636 639 662 et
667 631 735 661 fons
760 631 820 672 Ep.
842 630 882 660 ad
905 631 972 660 Pis.
993 631 1067 661 309.

338 673 486 704 carminis
500 679 564 704 esto
580 673 767 714 principium
784 675 848 703 Sat.
864 671 896 706 ii,
914 674 945 706 6,
961 673 1015 702 23.

380 717 474 755 prior.
515 717 544 750 l,
558 715 703 745 extremis
717 725 817 755 usque
833 713 948 755 priores
965 714 1023 754 Ep.
1035 713 1068 749 ii.

341 759 373 792 1,
399 759 473 787 204.
515 757 599 797 quod
627 757 713 797 prius
739 756 844 787 ordine
867 755 992 785 verbum
1022 761 1070 786 est

340 800 406 830 Sat.
429 799 451 834 i,
470 800 500 833 4,
517 800 569 829 58.
612 797 637 827 si
663 798 779 839 priores
804 797 961 827 Maeonius
986 803 1070 828 tenet

340 841 429 872 sedes
449 841 603 871 Homerus
620 839 681 869 Od.
702 840 744 874 iv,
765 841 797 874 9,
815 841 848 869 5.
892 839 1071 869 Sarmentus

341 882 458 923 (venit)
475 883 541 912 Sat.
559 882 582 917 i,
601 883 632 916 5,
647 883 700 912 56.
743 881 859 911 salvere
877 879 969 921 jubet
990 880 1071 921 prior

341 925 401 966 Ep.
419 924 442 959 i,
462 925 493 958 7,
512 924 565 955 66.
610 933 648 953 ne
673 922 755 964 prior
781 922 881 953 officio
903 922 1071 963 quisquam

342 966 527 1007 respondeat
557 966 622 996 Sat.
650 964 683 998 ii,
709 965 738 1000 6,
766 966 819 994 24.
873 974 930 994 nec
957 964 1072 1004 priores

341 1013 456 1038 tectum
479 1007 613 1037 dominae
638 1007 820 1047 relinquunt
839 1006 900 1036 Od.
923 1005 956 1040 ii,
974 1007 1004 1040 8,
1022 1007 1072 1036 18.

342 1050 458 1091 priores
488 1049 561 1079 hinc
588 1048 713 1079 Lamias
736 1048 837 1078 ferunt
859 1046 1073 1077 denominatos

343 1091 405 1122 Od.
428 1090 473 1126 iii,
500 1092 548 1125 17,
571 1092 603 1120 2.
646 1089 790 1119 dominus
816 1089 879 1119 Od.
907 1087 941 1122 ii,
967 1090 1017 1124 15,
1043 1091 1073 1119 8.

341 1132 414 1163 vitae
429 1143 478 1163 me
496 1131 590 1163 redde
608 1131 701 1172 priori
718 1131 775 1171 Ep.
793 1130 814 1167 i,
831 1131 862 1165 7,
878 1131 930 1160 95.
975 1131 1006 1166 2,
1022 1141 1072 1168 po-

342 1176 419 1205 tior.-
444 1174 582 1205 bellante
600 1172 681 1220 prior
696 1173 801 1204 Carm.
820 1173 899 1202 Saec.
915 1173 969 1202 51.
1011 1171 1071 1202 vir-

342 1216 463 1246 tutibus
480 1225 546 1246 esse
563 1225 692 1256 priorem
711 1215 770 1255 Ep.
785 1213 807 1252 i,
824 1214 874 1248 18,
891 1214 946 1244 27.
992 1213 1073 1244 sama

343 1258 419 1288 civis
442 1267 599 1298 causaque
618 1256 699 1298 prior
719 1257 783 1286 Sat.
798 1255 832 1291 ii,
848 1258 879 1290 5,
893 1256 944 1286 30.
987 1261 1073 1286 tanto

343 1299 444 1330 levius
467 1299 560 1330 miser
583 1309 619 1328 ac
647 1298 728 1340 prior
749 1297 804 1327 illo
829 1298 895 1327 Sat.
917 1297 950 1330 ii.
974 1298 1004 1333 7,
1024 1299 1073 1328 19.

343 1341 512 1382 ambigitur
531 1341 654 1381 quoties
674 1346 744 1370 uter
765 1344 832 1370 utro
851 1339 892 1369 sit
914 1339 996 1380 prior
1012 1340 1073 1380 Ep.

344 1384 380 1417 ii,
407 1385 436 1418 1,
459 1385 511 1414 55.
560 1392 654 1413 coena
677 1381 759 1423 prior
784 1381 944 1422 potiorque
969 1381 1076 1422 puella

349 1426 406 1466 Ep.
421 1426 442 1461 i,
459 1427 491 1460 5,
508 1426 564 1455 27.
608 1423 662 1465 qui
678 1424 763 1454 color
777 1428 824 1453 est
844 1422 984 1464 punieeae
1004 1423 1076 1453 flore

346 1466 428 1509 prior
452 1477 530 1497 rosae
554 1465 616 1497 Od.
642 1465 685 1500 iv,
711 1466 763 1498 10,
788 1467 819 1495 4.
863 1464 907 1494 nil
938 1464 981 1494 ait
1009 1474 1074 1496 esse

346 1508 443 1550 prius,
471 1507 583 1539 melius
612 1507 656 1538 nil
684 1507 795 1538 caelibe
819 1505 883 1536 vita
909 1507 968 1548 Ep.
995 1506 1017 1542 i,
1048 1508 1075 1543 1,

389 1594 516 1631 priscus.
560 1592 640 1622 Cato
662 1590 725 1622 Od.
746 1589 791 1625 iii,
805 1591 859 1624 21,
879 1591 928 1619 11.
974 1589 1074 1620 Crati-

347 1644 407 1664 nus
423 1635 482 1675 Ep.
497 1633 518 1670 i,
538 1635 588 1667 19,
607 1635 634 1663 l.
680 1633 816 1663 Catones
836 1638 930 1672 atque
947 1631 1076 1670 Cethegi

347 1677 407 1717 Ep.
431 1676 463 1710 ii,
486 1677 517 1712 2,
541 1676 612 1706 117.
656 1674 796 1704 Inachus
822 1674 883 1704 Od.
910 1673 944 1707 ii,
968 1674 999 1707 3,
1024 1674 1078 1703 21.

347 1728 424 1758 gens
441 1717 616 1748 mortalium
633 1716 735 1757 Epod.
747 1717 778 1752 2,
791 1717 822 1746 2.
855 1715 962 1746 Pudor
974 1716 1079 1746 Carm.

349 1761 429 1790 Saec.
450 1761 503 1790 58.
550 1758 694 1799 agricolae
720 1759 780 1798 Ep.
805 1757 839 1792 ii,
866 1759 894 1791 1,
917 1758 988 1788 139.
1032 1767 1079 1787 re-

347 1803 443 1834 deant
459 1801 491 1832 in
514 1811 622 1832 aurum
647 1806 783 1841 tempora
806 1798 938 1841 priscum
956 1798 1016 1830 Od.
1037 1798 1078 1834 iv,

349 1845 382 1880 2,
399 1845 451 1874 40.
493 1843 602 1885 priscae
625 1842 777 1872 luxuriem
798 1840 917 1871 addidit
938 1841 996 1871 arti
1019 1840 1078 1882 Ep.

350 1886 389 1916 ad
414 1885 478 1916 Pis.
501 1886 577 1916 214.
628 1883 783 1915 comoedia
808 1884 874 1914 Sat.
901 1883 922 1917 i,
947 1884 996 1919 10,
1020 1883 1078 1921 16;

350 1930 418 1958 Sat.
443 1927 465 1962 i,
487 1929 518 1962 4,
538 1929 571 1958 2.
614 1926 640 1957 si
664 1925 765 1968 prisca
788 1925 866 1956 redit
888 1926 997 1957 Venus
1019 1925 1080 1956 Od.

350 1969 395 2004 iii,
409 1971 442 2004 9,
462 1970 514 1999 17.

390 2013 523 2051 privare.
566 2020 658 2050 quem
681 2014 727 2039 ter
747 2008 887 2039 vindicta
911 2014 1080 2050 quaterque

350 2053 435 2083 haud
457 2061 593 2094 unquam
614 2051 777 2082 formidine
798 2051 895 2092 privet
915 2052 982 2081 Sat.
999 2050 1032 2088 ii,
1049 2052 1078 2087 7,

395 2139 544 2177 privatus.
587 2145 699 2166 census
716 2135 777 2165 Od.
793 2134 826 2170 ii,
846 2136 896 2168 15,
914 2136 964 2165 13.
1007 2145 1080 2175 opes

869 213 1009 240 INDEX
1041 211 1295 241 VERBORUM.

1112 297 1161 331 19,
1173 297 1226 327 32.
1263 294 1400 326 carmina
1417 303 1478 324 non
1494 293 1578 334 prius
1590 290 1696 323 audita
1709 289 1772 322 od.
1786 287 1832 324 iii,
1874 318 1876 323 ‚

1111 339 1140 372 l,
1155 339 1187 368 2.
1231 343 1262 368 te
1280 337 1365 378 prius
1381 335 1465 366 obire
1481 335 1542 366 Od.
1555 333 1589 368 ii,
1607 334 1657 370 17,
1672 333 1704 364 2.
1746 332 1835 363 Deos
1870 350 1873 356 2

1108 379 1192 421 prius
1207 378 1362 420 adprecati
1380 377 1441 408 Od.
1454 377 1496 412 iv,
1514 378 1564 411 15,
1579 377 1632 406 28.
1673 383 1735 405 non
1750 372 1834 421 prius
1874 371 1876 375 '

1109 427 1218 452 exacta
1243 421 1327 451 tenui
1354 420 1471 450 ratione
1493 427 1636 459 saporum
1661 417 1728 446 Sat.
1751 414 1784 450 ni,
1803 416 1834 450 4,

1110 463 1161 493 36.
1207 463 1324 492 nullam
1342 471 1431 492 sacra
1443 460 1504 491 vite
1519 459 1604 501 prius
1618 457 1730 489 severis
1744 456 1834 487 arbo-

1110 515 1173 534 rem
1190 505 1252 534 Od.
1269 504 1290 538 i,
1309 504 1358 538 18,
1379 505 1407 533 l.
1451 512 1522 543 quae
1541 501 1626 543 prius
1639 498 1746 530 multis
1761 497 1835 530 faci·
1890 533 1891 538 ¹

1109 546 1149 576 lis
1170 547 1313 576 movebat
1330 544 1471 575 cardines
1487 542 1550 574 Od.
1570 542 1591 580 i,
1606 543 1662 577 25,
1678 542 1709 572 5.
1753 539 1837 581 prius

1110 587 1224 618 coelum
1245 587 1322 618 sidet
1345 586 1472 617 inferius
1488 585 1577 620 mari,
1596 581 1838 625 quam-Epod.
1884 585 1904 620 ἢ

1111 631 1142 664 5,
1160 630 1211 661 79.
1254 628 1338 669 quod
1358 627 1464 659 vitium
1484 626 1591 668 procul
1611 625 1694 656 afore
1711 623 1837 658 chartis,

1112 677 1205 711 atque
1231 671 1334 701 animo
1358 670 1444 712 prius
1469 670 1533 700 Sat.
1555 668 1578 704 i,
1602 669 1633 704 4,
1660 667 1732 696 102.
1775 665 1836 696 huc
1896 669 1904 692 ·:

1112 707 1840 794 ?¹³3’⁵8³”35¹?.3{{÷5³'35122{Z‘ffi‘fiq2².¹¹iss.{?.*·
1897 721 1904 750 ³

1111 802 1189 826 trum
1206 797 1265 844 Ep.
1286 796 1324 826 ad
1344 795 1408 826 Pis.
1424 796 1499 825 415.
1542 793 1653 824 format
1674 790 1758 822 enim
1781 799 1837 821 na·
1856 831 1858 835 Ι

1112 843 1180 868 tura
1195 848 1279 878 prius
1294 847 1347 867 nos
1362 837 1446 867 intus
1458 836 1497 867 ad
1511 845 1634 866 omnem
1649 834 1840 864 fortunarum

1113 879 1251 909 habitum
1279 879 1355 910 ibid.
1381 879 1452 909 108.
1495 877 1604 909 trimus
1633 875 1726 917 quale
1754 873 1841 916 prius
1898 867 1904 883 ³

1114 921 1205 951 ludas
1233 932 1310 963 opus
1338 922 1402 951 Sat.
1430 920 1465 955 ii.
1492 921 1524 955 3,
1547 919 1622 950 252.
1670 917 1840 957 semotique

1114 963 1199 1004 prius
1223 963 1309 993 tarda
1331 961 1498 993 necessitas
1520 961 1575 992 leti
1599 959 1660 991 Od.
1683 958 1706 994 i,
1729 959 1762 994 3,
1787 959 1841 988 32.
1898 972 1904 979 -

1115 1004 1199 1046 prius
1239 1004 1423 1034 insolentem
1465 1013 1554 1034 serva
1591 1000 1707 1033 Briseis
1746 999 1843 1031 movit
1897 1004 1904 1042 ,J

1116 1045 1274 1076 Achillem
1293 1046 1354 1076 Od.
1368 1045 1402 1081 ii,
1417 1046 1448 1081 4.
1462 1046 1496 1076 2.
1538 1044 1637 1076 vincit
1651 1043 1743 1083 longe
1758 1041 1842 1083 prius
1898 1047 1904 1087 ³·

1117 1088 1183 1117 Sat.
1201 1087 1236 1124 ii,
1253 1090 1283 1124 5,
1300 1088 1354 1118 73.

1157 1131 1272 1167 privus.
1315 1127 1447 1159 triremis
1475 1129 1536 1169 Ep'.
1564 1126 1588 1161 i,
1619 1127 1648 1161 1,
1674 1126 1728 1156 93.
1779 1125 1843 1156 sive

1117 1169 1201 1200 aliud
1230 1170 1349 1211 privum
1373 1170 1496 1201 dabitur
1518 1168 1576 1200 tibi
1599 1168 1766 1208 (peculiare
1783 1169 1843 1197 ali·
1900 1171 1904 1189 f

1116 1213 1206 1252 quid)
1222 1214 1286 1243 Sat.
1301 1212 1334 1248 ἱί,
1351 1214 1382 1250 5,
1399 1213 1449 1242 ll.

1161 1255 1267 1294 Lyn-o.
1314 1256 1390 1290 1,1'n
1413 1255 1546 1295 gratiam
1571 1253 1720 1292 alicujus:
1751 1250 1844 1282 dulce
1901 1239 1904 1260 ἶ

1117 1301 1147 1326 et
1183 1296 1327 1327 decorum
1362 1301 1409 1326 est
1445 1305 1498 1337 pro
1534 1293 1634 1335 patria
1668 1292 1744 1324 mori
1781 1292 1842 1323 Od.
1900 1296 1904 1313 ἱ

1118 1336 1163 1370 iii.
1185 1340 1217 1374 2,
1237 1340 1286 1369 13.
1333 1348 1387 1380 pro
1412 1337 1510 1379 patria
1533 1346 1593 1366 non
1619 1334 1746 1366 timidus
1769 1333 1846 1365 mori

1119 1379 1181 1410 Od.
1210 1379 1253 1416 iii,
1283 1381 1331 1417 19,
1357 1381 1389 1410 2.
1445 1389 1499 1420 pro
1528 1377 1638 1408 amicis
1663 1382 1718 1407 aut
1747 1375 1847 1418 patria

1119 1421 1247 1452 timidus
1268 1422 1365 1463 perire
1391 1419 1452 1452 Od.
1477 1420 1519 1454 iv,
1544 1420 1576 1454 9,
1601 1421 1652 1450 51.
1706 1428 1758 1460 pro
1784 1427 1847 1459 qua

1119 1474 1180 1494 non
1208 1469 1342 1494 metuam
1370 1462 1446 1494 mori
1472 1462 1535 1493 Od.
1562 1461 1607 1496 iii,
1631 1461 1664 1495 9,
1691 1461 1740 1491 11.
1792 1470 1846 1501 pro

1118 1515 1181 1546 quo
1216 1506 1264 1536 bis
1299 1506 1399 1546 patiar
1435 1503 1510 1534 mori
1547 1503 1609 1534 Od.
1645 1501 1692 1535 iii.
1730 1503 1763 1537 9,
1795 1503 1846 1532 15.

1119 1557 1173 1588 pro
1195 1547 1337 1578 sollicitis
1361 1557 1422 1576 non
1449 1545 1563 1576 tacitus
1585 1544 1643 1575 reis
1667 1544 1730 1575 Od.
1750 1543 1794 1578 iv,
1817 1545 1848 1580 1,

1122 1591 1171 1619 14.
1214 1589 1335 1630 excepit
1354 1588 1435 1620 ictus
1453 1598 1506 1629 pro
1523 1586 1645 1628 pudicis
1660 1585 1846 1627 conjugibus

1121 1631 1182 1662 Od.
1198 1630 1239 1666 iv,
1257 1632 1288 1665 9,
1305 1631 1358 1661 23.
1402 1630 1553 1671 spondere
1569 1628 1628 1659 levi
1646 1638 1700 1669 pro
1714 1637 1848 1669 paupere

1121 1674 1180 1714 Ep.
1197 1673 1235 1703 ad
1253 1672 1316 1703 Pis.
1332 1674 1405 1702 423.
1447 1673 1480 1707 2,
1497 1673 1577 1702 loco.-
1602 1680 1655 1711 pro
1670 1669 1768 1700 vitula
1782 1675 1846 1700 sta*-

1121 1715 1182 1745 tuis
1197 1714 1319 1745 dulcem
1337 1713 1454 1745 Aulide
1474 1719 1578 1744 natam
1598 1713 1664 1743 Sat.
1678 1711 1710 1746 ii.
1727 1713 1759 1746 3,
1777 1711 1849 1742 199.

1122 1762 1244 1796 gnatam
1269 1767 1322 1798 pro
1340 1761 1427 1786 muta
1442 1756 1570 1786 devovet
1585 1763 1665 1794 agna
1684 1753 1758 1784 ibid.
1773 1753 1848 1784 219.

1121 1809 1175 1840 pro
1189 1799 1268 1830 bene
1283 1808 1358 1828 sano
1373 1807 1409 1828 ac
1426 1807 1487 1828 non
1503 1797 1628 1827 incauto
1642 1795 1747 1827 fictum
1763 1801 1849 1825 astu·

1121 1847 1250 1882 tumque
1271 1850 1416 1871 vocamus
1436 1840 1502 1870 Sat.
1524 1838 1545 1874 i,
1565 1839 1598 1873 3,
1618 1839 1672 1868 61.
1717 1837 1770 1878 qui
1793 1846 1848 1878 pro

1122 1892 1154 1913 se
1170 1883 1290 1914 tolleret
1303 1888 1396 1924 atque
1409 1881 1545 1912 mitteret
1564 1880 1596 1910 in
1615 1879 1753 1922 phimum
1769 1879 1849 1909 talos

1123 1925 1189 1955 Sat.
1204 1924 1238 1960 ii,
1255 1925 1286 1960 7,
1306 1925 1356 1955 16.
1400 1925 1432 1958 3,
1447 1924 1608 1954 secundnm
1620 1934 1629 1952 .·
1649 1921 1778 1962 dignum
1799 1930 1850 1951 me

1122 1967 1271 2008 praestabo
1291 1976 1346 2008 pro
1365 1966 1456 1996 laude
1476 1964 1620 2012 merentis
1635 1962 1732 2011 Ep-j,
1748 1963 1780 1998 7,
1794 1963 1849 1993 24.

1123 2015 1332 2123 {fffffssfflt
1346 2006 1720 2091 ⁵3.¹2¹23,{‡2¹‘..⁸.2²12233
1739 2005 1850 2083 {213³}ss

1146 2116 1154 2129 ³
1167 2135 1215 2170 11,
1229 2146 1283 2175 pro
1299 2133 1452 2176 (interj.).
1495 2143 1549 2175 pro
1569 2131 1655 2163 curia
1675 2129 1738 2163 Od.
1754 2129 1801 2166 iii,
1818 2132 1850 2166 5,

353 2179 414 2220 Ep.
438 2178 460 2214 i,
481 2179 512 2214 3,
536 2178 586 2208 16.
630 2176 737 2218 privati
760 2176 841 2217 juris
866 2177 927 2216 Ep.
947 2176 985 2206 ad
1014 2177 1079 2207 Pis.
1123 2178 1141 2207 7

354 2222 426 2252 131.
467 2219 592 2262 publica
607 2218 731 2260 privatis
745 2228 902 2249 secernere
917 2217 994 2247 ibid.
1007 2219 1079 2248 397.

353 2263 471 2304 privata
488 2261 600 2293 deduci
616 2260 770 2301 triumpho
788 2259 899 2290 mulier
913 2259 974 2290 od.
990 2259 1011 2293 i,
1027 2261 1079 2295 37,

353 2306 406 2335 31.
442 2314 534 2346 parce
550 2302 684 2345 privatus
701 2302 828 2333 nimium
845 2311 952 2332 cavere
964 2301 1079 2337 Od.iii,

354 2348 387 2382 8,
400 2347 453 2376 26.
498 2347 632 2387 privatus
649 2344 746 2384 magis
761 2344 859 2375 vivam
875 2349 904 2374 te
920 2353 990 2383 rege
1006 2343 1080 2373 bea-

356 2395 407 2419 tus
423 2389 488 2418 Sat.
508 2387 530 2422 i,
547 2389 578 2422 3,
603 2388 669 2417 142.
713 2386 828 2416 invidia
851 2385 996 2421 accrevit,
1021 2385 1082 2426 pri-

356 2435 427 2461 vato
447 2440 516 2469 quae
541 2429 640 2459 minor
663 2434 742 2458 esset
763 2429 828 2459 Sat.
843 2428 865 2463 i,
881 2429 911 2464 6,
924 2428 976 2458 26.
1021 2428 1083 2468 pri-

356 2471 419 2503 vati
445 2471 507 2502 Od.
532 2471 565 2506 ii,
592 2472 642 2504 15,
668 2471 719 2500 15.
762 2470 881 2511 privata
906 2470 957 2509 (in
981 2470 1085 2509 quibus

353 2517 480 2554 privata:
515 2515 582 2544 vitae
625 2513 749 2542 homines
783 2511 1010 2548 describuntur)
1047 2520 1083 2541 ac

355 2565 452 2630 paupe
474 2565 566 2586 socco
592 2553 687 2594 digna
712 2554 848 2584 carmina
873 2554 931 2595 Ep.
956 2553 995 2583 ad
1018 2552 1084 2584 Pis.

398 2640 567 2680 privignus.
607 2637 760 2668 Claudius
782 2637 917 2676 Augusti
938 2637 998 2679 Ep.
1014 2635 1036 2672 i,
1053 2637 1084 2672 3,

357 2684 390 2714 2.
432 2686 529 2712 matre
543 2686 682 2711 carentes
698 2680 761 2710 Od.
778 2679 821 2714 iii,
836 2681 889 2712 24.
908 2680 955 2709 18.

400 2725 494 2763 prius.
538 2722 622 2764 prius
646 2727 711 2751 orto
735 2721 799 2752 sole
824 2722 883 2763 Ep.
902 2721 936 2756 ii,
959 2722 988 2754 1,
1013 2721 1086 2750 112.

385 2765 436 2797 uid
451 2764 536 2806 prius
551 2764 699 2794 illustrem
714 2763 836 2793 satiris?
860 2765 924 2794 Sat.
939 2762 973 2797 ii,
990 2763 1021 2798 6,
1037 2762 1087 2792 17.

360 2778 534 2840 {emulum
549 2811 619 2848 post
637 2806 692 2836 hos
712 2805 794 2846 prius
810 2815 848 2835 an
866 2804 1001 2845 Pompili
1019 2814 1082 2844 reg-

362 2860 435 2882 num
452 2858 616 2879 memorem
633 2847 692 2878 Od.
710 2847 731 2881 i,
754 2848 800 2879 12,
816 2847 869 2877 33.
913 2845 988 2887 quid
1003 2845 1087 2886 prius

360 2893 462 2924 dicam
489 2889 587 2921 solitis
614 2888 756 2920 Parentis
780 2888 947 2919 laudibus!
978 2887 1039 2918 Od.
1065 2887 1086 2922 i,

366 2936 414 2970 12,
437 2933 485 2964 13.
530 2942 591 2962 non
612 2931 672 2962 alio
687 2930 802 2961 dictum
824 2930 909 2972 prius
925 2939 976 2960 ore
992 2930 1050 2971 Ep.
1069 2929 1088 2966 i,

1164 2229 1304 2257 proavus.
1359 2217 1448 2248 vestri
1485 2215 1587 2258 proavi
1623 2215 1786 2247 Plautinos
1821 2218 1853 2244 et

1125 2270 1266 2290 numeros
1295 2265 1326 2291 et
1353 2259 1517 2290 laudavere
1541 2259 1620 2289 sales
1644 2258 1703 2299 Ep.
1725 2256 1763 2287 ad
1787 2255 1854 2287 Pis.

1123 2303 1301 2383 27groham.
1345 2343 1453 2384 probet
1477 2342 1544 2373 haec
1571 2341 1721 2373 Octavius
1743 2341 1807 2371 Sat.
1830 2338 1852 2374 i.

1129 2386 1178 2420 10,
1203 2386 1254 2415 82.
1304 2385 1403 2415 utrius
1435 2384 1543 2415 horum
1569 2384 1662 2414 verba
1687 2382 1796 2424 probes
1822 2386 1855 2412 et

1127 2426 1209 2457 sacta
1226 2428 1282 2468 Fp.
1294 2426 1316 2474 ἰ,Ι
1333 2427 1382 2461 17,
1399 2428 1448 2456 16.
1492 2426 1574 2473 quod
1589 2425 1699 2473 probat
1712 2429 1744 2472 et
1760 2433 1853 2472 vene-

1127 2467 1855 2558 {fizfflz”assistis33122‘533522‘55

1126 2552 1219 2583 iidem
1244 2553 1350 2583 eadem
1378 2558 1507 2593 possunt
1526 2551 1631 2582 horam
1651 2551 1762 2581 durare
1783 2559 1854 2591 pro-

1127 2594 1258 2625 bantes?
1282 2595 1344 2635 Ep.
1361 2593 1382 2631 i,
1402 2595 1428 2627 1.
1441 2595 1494 2624 82.
1539 2594 1618 2625 Jove
1632 2603 1693 2624 non
1707 2592 1855 2634 probante

1129 2636 1191 2666 Od.
1207 2636 1228 2672 i,
1243 2637 1275 2671 2,
1293 2637 1342 2666 19.
1382 2646 1513 2667 nemone
1527 2641 1562 2666 ut
1576 2645 1686 2666 avarus
1699 2644 1732 2665 se
1749 2634 1856 2676 probet

1129 2679 1193 2709 Sat.
1212 2678 1235 2726 i..
1257 2679 1285 2713 1,
1305 2679 1377 2708 109.
1422 2690 1447 2709 c.
1465 2678 1574 2718 influa
1598 2675 1720 2708 Lucina
1742 2676 1855 2718 probas

1128 2721 1338 2802 νοῖίἷὶιὸνεοεᾶιῖξῗ
1345 2742 1352 2763 ⁷
1368 2720 1582 2802 {infiniti-ago,
1597 2759 1750 2802 probrosis
1765 2759 1855 2790 altior

1129 2803 1230 2835 Italiae
1246 2803 1362 2835 ruinis!
1388 2803 1449 2834 Od.
1464 2802 1510 2839 iii.
1523 2806 1555 2838 5,
1571 2803 1624 2834 39.

1171 2847 1287 2885 probus.
1331 2844 1387 2875 viri
1412 2846 1476 2876 Sat.
1501 2844 1522 2879 i,
1547 2845 1580 2878 6.
1605 2845 1655 2874 11.
1697 2850 1748 2874 est
1765 2848 1854 2874 vetus

1130 2893 1223 2928 atque
1245 2887 1359 2928 probus
1382 2887 1440 2928 Ep.
1455 2887 1490 2922 ii,
1509 2887 1537 2921 1,
1551 2887 1604 2917 39.
1647 2885 1762 2927 probus
1785 2884 1856 2932 quis

1132 2930 1291 2961 nobiscum
1313 2929 1387 2959 vivit
1410 2929 1472 2959 Sat.
1495 2929 1516 2964 i,
1533 2929 1564 2963 3,
1580 2929 1632 2959 56.
1676 2933 1709 2958 tu
1732 2926 1858 2968 pudica,
