1904 3314
211 591 736 655 EPISTOLA
790 591 932 654 AD
988 568 1464 655 PISONES.

127 1107 130 1109 v
183 1047 404 1102 HumNo
425 1062 556 1117 capiti
578 1063 789 1104 cervicem
810 1063 952 1117 pictor
973 1063 1175 1118 equinam

179 1135 378 1192 Jungere
400 1136 436 1177 si
456 1135 571 1188 velit,
594 1145 638 1179 et
660 1138 798 1178 varias
820 1138 1028 1179 inducere
1051 1137 1218 1193 plumas

181 1203 391 1259 Undique
413 1204 579 1247 collatis
601 1206 818 1256 membris,
842 1213 890 1247 ut
912 1207 1099 1261 turpiter
1119 1214 1260 1247 atrum

181 1271 369 1314 Desinat
388 1273 432 1314 in
453 1273 617 1328 piscem
637 1273 791 1315 mulier
811 1274 1000 1316 formosa
1022 1289 1210 1330 superne
1229 1292 1239 1325 ;

163 1420 390 1453 EPISTOLA
414 1421 480 1453 AD
505 1421 712 1453 PISONES.

107 1462 143 1495 Si
161 1463 246 1506 quis,
263 1463 312 1496 vel
334 1463 444 1496 leviter
463 1469 494 1495 et
518 1463 652 1495 strictim
671 1468 809 1500 tantum,

63 1506 265 1548 attingere-et
275 1511 413 1549 repetere
427 1506 504 1538 velit
515 1517 589 1548 quae
604 1517 700 1549 super
715 1507 811 1549 hujus

63 1548 219 1592 Epistola
243 1549 391 1585 consilio,
412 1549 628 1592 dispositione,
644 1555 678 1581 et
695 1555 810 1581 tracta-

62 1591 150 1624 tione
175 1591 326 1630 'udicata,
340 1592 471 1633 agitata,
489 1597 522 1623 et
539 1591 701 1634 disputata
723 1597 810 1628 sunt,

62 1633 93 1666 ei
109 1645 164 1678 pro
178 1641 248 1667 ecto
269 1634 440 1677 singularis
454 1640 487 1667 et
500 1635 630 1677 quidem
644 1635 730 1666 haud
744 1635 811 1666 exi-

62 1687 135 1719 gue
149 1677 243 1710 molis
257 1677 335 1710 liber
354 1677 540 1709 scribendus
555 1677 614 1716 sit3
639 1678 724 1719 quod
739 1677 811 1719 qui-

62 1721 136 1752 dem
154 1720 223 1763 jam
237 1731 277 1753 ex
290 1721 342 1760 iis,
356 1731 430 1763 quae
452 1721 486 1751 in
501 1720 579 1752 edit.
602 1720 812 1752 Haberfeldtii

63 1762 140 1796 huic
162 1763 296 1795 carmini
312 1763 475 1807 praemissa
498 1769 585 1800 sunt,
601 1763 738 1805 intelligi
754 1773 810 1806 po·

62 1811 134 1838 test.
178 1805 321 1845 Scilicet,
345 1817 420 1838 cum
448 1806 509 1838 hoc
539 1817 680 1843 carmen,
709 1807 749 1838 ob
774 1816 813 1838 ea

63 1860 138 1892 quae
161 1849 196 1881 in
219 1849 276 1881 illo
299 1850 454 1881 docentur
478 1855 511 1881 et
533 1855 731 1887 enarrantur,
746 1859 813 1880 orn-

62 1891 163 1931 nimn,
174 1902 248 1934 quae
262 1892 338 1924 tulit
351 1891 538 1934 antiquitas,
551 1892 624 1935 jure
640 1891 814 1934 meritoque

61 1941 94 1967 et
109 1935 185 1967 olim
200 1934 343 1966 habitum
360 1935 400 1966 sit
414 1941 446 1967 et
461 1945 547 1967 nunc
563 1935 716 1967 habeatur
730 1946 809 1978 prae-

61 1978 291 2019 stantissirnum
310 1977 593 2020 gravissimumque
607 1990 616 2017 ;
640 1978 722 2010 viros
736 1977 811 2009 doc-

62 2026 113 2052 tos
129 2021 170 2052 ad
184 2020 265 2052 illud
280 2020 535 2064 dijudicandum,
549 2027 633 2053 recte
649 2021 810 2052 aestiman-

61 2063 152 2100 dum,
164 2070 198 2096 et
212 2063 254 2096 ad
269 2070 370 2095 certas
386 2063 537 2095 adhibitae
551 2063 627 2095 artis
643 2064 730 2104 leges
745 2064 812 2096 exi-

61 2106 201 2149 gendum
231 2106 399 2138 ambitiose
429 2106 639 2142 concurrisse,
669 2117 732 2138 non
762 2112 811 2138 est

60 2149 148 2192 quod
164 2149 325 2181 miremur.
370 2149 456 2181 Hinc
477 2149 647 2192 repetenda
666 2155 714 2181 est
728 2149 808 2181 lata-

60 2203 132 2224 rum
148 2192 188 2225 de
201 2192 262 2224 hoc
281 2192 420 2224 carmine
437 2192 664 2224 sententiarum
681 2192 810 2224 diversi-

31 2235 33 2238 ⁴
59 2241 120 2268 tas.
164 2236 242 2268 Jam
272 2235 351 2277 quid
383 2234 460 2266 mihi
495 2234 535 2267 de
568 2236 715 2271 consilio,
746 2246 810 2278 qno

19 2831 35 2903 hi.

12 3102 38 3314 &muz-Jeme<
15 2942 37 3088 mmmm-*15
20 2926 23 2927 =
16 2907 23 2914 τ

60 2277 294 2311 Horatius‘hoc
316 2287 443 2310 carmen
464 2277 633 2320 scripserit,
649 2277 806 2315 videatur,

60 2322 175 2365 paucis
206 2320 410 2364 complectar.
465 2321 549 2353 Cum
585 2332 702 2362 magna
738 2327 807 2352 tum

60 2363 212 2408 temporis
238 2363 393 2396 malorum
422 2369 585 2407 poetarum
615 2365 708 2396 turba
735 2375 806 2395 ves-

58 2417 172 2451 parum
185 2417 272 2440 more
285 2407 550 2443 circumvolitare,
564 2412 597 2438 et
609 2407 732 2439 oblatos
746 2407 808 2438 sibi

59 2460 202 2525 quospoe
215 2455 372 2482 venenato
386 2451 500 2483 aculeo
515 2450 644 2486 laedere,
659 2451 708 2482 vel
725 2461 805 2492 quo-

58 2492 142 2526 visfl
156 2494 187 2525 io
197 2493 291 2525 modo
305 2493 473 2525 Musarum
487 2493 635 2524 honorem
650 2493 806 2524 contami-

58 2546 135 2569 nare
155 2536 325 2580 coepisset3
349 2535 515 2570 Horatius,
530 2546 596 2566 non
614 2542 680 2567 tam
697 2546 807 2567 eorum

58 2578 156 2618 ictus,
181 2579 300 2623 quibus
319 2578 387 2627 jam
412 2578 528 2626 saepius
552 2578 669 2620 petitus
695 2579 808 2616 fuerat,

48 2631 189 2660 «curans,
204 2632 302 2665 quam
323 2628 439 2653 timens
456 2627 562 2664 potius
585 2631 624 2653 ne
645 2631 742 2664 pravo
765 2621 808 2652 is-

61 2671 164 2698 tomm
178 2665 323 2708 exemplo
337 2663 392 2696 alii
408 2674 536 2707 quoque
551 2664 807 2707 depravarentur,

46 2713 128 2740 ,tam
137 2709 268 2740 virtutes
283 2707 323 2739 ad
334 2718 466 2750 poeseos
481 2706 622 2738 studium
634 2707 810 2738 afferendas

61 2750 253 2788 describere,
267 2760 385 2792 easque
398 2750 476 2786 illis,
492 2749 548 2792 qui
565 2755 665 2792 poetae
681 2750 810 2782 nomine

62 2803 98 2826 ιο
122 2793 238 2836 dignos
260 2799 411 2836 praestare
440 2798 604 2835 cuperent,
631 2792 810 2835 propinare,

62 2846 159 2880 quam
170 2836 249 2869 vitia
262 2841 296 2868 et
306 2846 424 2868 errores
437 2835 540 2879 poetis
554 2835 722 2877 fugiendos
737 2841 811 2868 ante

63 2879 174 2912 oeulos
189 2883 304 2923 ponere
318 2879 432 2911 voluit.
475 2879 591 2910 Noluit
608 2884 714 2910 autem
729 2889 808 2921 prae-

64 2928 169 2966 cepta,
185 2933 260 2965 quae
277 2922 317 2954 de
343 2932 472 2965 poeseos
495 2927 526 2953 et
550 2921 590 2952 de
611 2922 713 2952 omnis
733 2921 811 2954 doc·

63 2964 155 2998 trinae
175 2964 280 2997 studio
304 2965 435 2998 daturus
459 2970 537 3003 erat,
553 2964 593 2996 ad
615 2970 736 2996 certum
761 2975 810 2996 or-

855 1421 982 1453 doctius
991 1432 1159 1464 exponere,
1169 1421 1217 1452 vel
1227 1419 1373 1452 libellum
1382 1420 1469 1452 Artis
1479 1418 1606 1449 Poeticae

855 1464 948 1497 titulo
970 1465 1155 1507 insignitum
1179 1463 1340 1502 scribere;
1363 1461 1430 1497 sed,
1449 1471 1523 1503 quae
1547 1459 1608 1490 sibi

855 1508 894 1539 de
904 1508 1075 1539 virtutibus
1087 1514 1120 1539 et
1130 1506 1214 1538 vitiis
1228 1516 1360 1550 poeseos
1372 1508 1608 1538 succurrerent,

855 1553 918 1582 sine
940 1558 1019 1587 arte,
1036 1551 1070 1582 h.
1094 1561 1123 1582 e.
1147 1550 1232 1581 haud
1257 1549 1298 1580 ad
1322 1555 1438 1580 certam
1464 1556 1607 1578 normam

856 1599 980 1632 exacta,
1003 1594 1037 1624 in
1065 1593 1203 1636 epistola
1230 1603 1303 1623 cum
1334 1590 1439 1622 amico
1467 1588 1608 1632 quodam

857 1637 1103 1668 communicare.
1148 1635 1199 1667 Ad
1223 1635 1395 1666 familiares
1420 1631 1546 1664 Horatii
1566 1631 1607 1662 L.

860 1679 1065 1719 Calpurnium
1086 1680 1235 1716 Pisonem,
1247 1689 1286 1709 ex
1301 1675 1497 1708 nobilissima
1513 1679 1608 1715 gente

856 1727 971 1758 ortum,
997 1722 1196 1763 pertinuisse.
1222 1731 1261 1752 ex
1288 1720 1347 1750 hac
1374 1719 1445 1761 ipsa
1469 1717 1509 1749 ad
1532 1727 1607 1748 eum

855 1764 973 1807 scripta
989 1765 1133 1806 Epistola
1148 1769 1244 1813 patet.
1288 1764 1364 1795 Jarn
1379 1771 1452 1793 vero
1474 1770 1547 1792 cum
1565 1760 1605 1791 L.

856 1807 951 1850 Calp.
970 1807 1048 1839 Piso
1064 1818 1128 1838 non
1149 1817 1216 1850 lpse
1232 1806 1335 1837 solum
1359 1813 1487 1847 poeseos
1501 1807 1533 1834 et
1546 1802 1604 1833 bo·

856 1861 967 1881 narum
980 1851 1155 1882 litterarum
1171 1859 1282 1880 amans
1296 1854 1328 1880 et
1338 1847 1496 1879 studiosus
1511 1851 1605 1882 esset,

856 1893 912 1925 sed
931 1893 1027 1925 etiam
1053 1893 1110 1924 filii
1129 1899 1206 1924 natu
1227 1891 1354 1934 majoris
1370 1891 1468 1932 (duos
1491 1887 1606 1919 babuit

854 1936 948 1972 filios,
965 1937 1084 1978 quibus
1105 1936 1200 1967 simul
1217 1934 1322 1966 dicata
1337 1940 1386 1965 est
1401 1933 1469 1963 haec
1487 1931 1604 1973 episto-

855 1978 917 2019 la,)
938 1979 1043 2010 studia
1067 1979 1193 2022 poetica
1216 1978 1430 2009 moderaretur
1453 1976 1502 2015 (v.
1527 1974 1605 2011 366,

857 2023 884 2052 Ο
900 2024 996 2063 major
1006 2024 1172 2062 juvenum,
1188 2022 1323 2063 quamvis
1342 2026 1371 2051 et
1390 2029 1455 2050 voce
1472 2023 1604 2058 paterna

857 2065 886 2095 F
886 2067 1001 2108 ingeris
1015 2067 1055 2096 ad
1070 2072 1200 2100 rectum,
1215 2071 1244 2095 ει
1258 2074 1314 2104 per
1330 2070 1358 2094 te
1373 2064 1464 2102 sapis,
1482 2061 1535 2091 hoc
1550 2061 1605 2107 tibi

853 2110 970 2140 dictum
984 2108 1067 2139 Tolle
1080 2107 1207 2148 memor)
1219 2119 1230 2145 ,·
1254 2116 1364 2142 causa,
1378 2115 1435 2137 cur
1453 2104 1604 2134 Horatius

855 2150 1028 2183 Pisonibus
1039 2150 1238 2194 potissimum
1248 2154 1408 2193 praecepta
1421 2147 1460 2178 ad
1463 2155 1604 2194 poeseos

854 2194 994 2225 studium
1008 2193 1186 2236 spectantia
1199 2192 1359 2235 impertire
1369 2190 1516 2225 voluerit,
1527 2193 1603 2219 satis

855 2242 995 2279 apparet.
1039 2237 1184 2268 Fortasse
1221 2242 1327 2267 autem
1363 2233 1514 2266 Horatius
1553 2231 1603 2262 his

852 2280 1021 2328 praeceptis
1037 2280 1198 2323 praecipue
1213 2279 1278 2310 filio
1294 2278 1420 2310 Pisonis
1436 2281 1514 2308 natu
1531 2285 1600 2305 ma-

848 2323 922 2365 jori,
936 2334 975 2355 ne
990 2322 1018 2354 is
1031 2333 1113 2354 vano
1124 2323 1279 2354 malorum
1291 2327 1455 2364 poetarum
1469 2317 1603 2360 strepitu

851 2366 884 2397 in
911 2365 1052 2397 fraudem
1082 2377 1114 2398 se
1138 2365 1248 2397 induci
1275 2370 1445 2408 pateretur,
1469 2367 1601 2409 cautum

852 2409 920 2440 ivit.
951 2410 1100 2441 Ceterum
1116 2408 1217 2440 eidem
1235 2410 1273 2440 L.
1286 2406 1462 2450 Calpurnio
1478 2404 1602 2441 Pisonl,

852 2459 886 2483 ut
901 2458 1065 2494 poetarum
1081 2451 1207 2488 fautori,
1222 2452 1346 2494 aliquot
1362 2450 1601 2493 Epigrammata

851 2495 938 2526 misit
967 2494 1145 2537 Antipater,
1175 2501 1269 2536 poeta
1297 2491 1602 2526 Thessalonicensis,

852 2538 983 2570 Anthol.
999 2539 1107 2570 Graec.
1125 2539 1166 2570 T.
1189 2537 1223 2569 ii.
1246 2549 1278 2580 p.
1297 2539 1351 2570 97.
1366 2547 1457 2568 num.
1480 2547 1499 2567 x
1519 2544 1602 2576 sqq-³

851 2580 928 2612 edit.
947 2581 1080 2613 Jacobs.
1126 2581 1363 2621 Argumentum
1385 2579 1483 2622 hujus
1507 2577 1602 2619 Epis-

854 2624 926 2655 tolae
953 2623 1023 2666 ipse
1050 2624 1202 2655 Horatius
1231 2623 1396 2656 constituit
1421 2623 1471 2653 his
1499 2620 1600 2652 tribus

853 2666 995 2698 versibus
1007 2667 1055 2709 (v.
1067 2666 1273 2708 306—308)‚
1285 2668 1404 2699 Munus
1414 2673 1442 2698 et
1454 2665 1600 2708 officium,

855 2710 901 2740 nil
927 2711 1058 2742 scribens
1082 2712 1154 2750 ipse,
1179 2712 1306 2748 docebo5
1335 2710 1424 2741 Unde
1448 2714 1602 2749 parentur

853 2763 931 2792 opes,
947 2755 1020 2794 quid
1034 2754 1102 2785 alat
1114 2755 1282 2795 firmetque
1298 2760 1425 2794 poetam.
1444 2753 1530 2787 Quid
1548 2752 1600 2781 ‹le-

854 2801 932 2830 ceat.
948 2798 1021 2837 quid
1036 2808 1107 2833 non,
1124 2807 1180 2838 quo
1194 2798 1306 2833 virtus,
1323 2807 1380 2838 quo
1390 2796 1484 2837 serat
1502 2805 1598 2826 error.

855 2839 958 2870 Recte
981 2838 1089 2881 igitur,
1104 2845 1192 2882 puto,
1208 2839 1273 2871 dici
1293 2845 1394 2882 potest
1413 2839 1481 2870 haec
1504 2837 1599 2879 Epis-

854 2881 920 2912 tola
935 2883 1240 2914 didacum-satirica.
1285 2884 1325 2914 In
1346 2880 1523 2914 scribendis
1543 2890 1600 2910 au-

855 2930 917 2956 tem
940 2925 1082 2968 epistolis
1106 2936 1170 2957 non
1194 2931 1314 2958 certum
1332 2925 1493 2968 quendam
1517 2921 1600 2954 ordi-

855 2977 926 2998 nem
951 2967 1054 3010 sequi.
1072 2969 1139 3008 sed,
1157 2980 1230 3011 quae
1254 2974 1456 3003 succurrunt,
1473 2965 1603 2998 liberius

66 3006 175 3041 dinem
203 3008 344 3048 redacta,
372 3007 566 3045 accuratius,
596 3007 760 3047 subtilius,
784 3013 816 3040 et
859 3015 891 3042 et
916 3009 1105 3043 incuriosius
1124 3011 1240 3045 addere
1262 3017 1294 3044 et
1316 3011 1397 3044 inter
1419 3022 1452 3043 se
1469 3007 1603 3052 jungere
