1884 3288
293 205 370 245 190

844 203 1241 247 CARMINUM

514 304 610 346 Nos
631 305 892 345 cantabimus
913 306 1090 347 invicem

431 370 483 411 10
567 370 836 424 Neptunum,
857 379 901 412 et
920 371 1078 413 virides
1099 371 1340 413 Nereidum
1362 386 1503 412 comas
1520 387 1529 412 :

514 436 587 477 Tu
607 451 736 477 curva
754 437 917 478 recines
937 438 1028 492 lyra

570 502 792 552 Latonam,
815 511 858 544 et
877 504 1027 546 celeris
1049 504 1211 558 spicula
1234 505 1453 560 Cynthiae:

512 568 685 609 Summo
706 570 904 620 carmine,
927 585 1023 624 quae
1045 570 1221 613 Gnidon

569 635 886 690 Fulgentesque
907 644 1023 678 tenet
1045 637 1268 691 Cycladas,
1290 644 1333 678 et
1356 637 1535 692 Paphon

433 702 484 742 15
513 701 683 743 Junctis
704 703 801 743 visit
823 703 1010 744 oloribus
1029 719 1037 743 ε

571 767 756 810 Dicetur
774 770 925 810 merita
945 769 1047 810 Nox
1069 785 1242 823 quoque
1263 771 1413 811 naenia.

799 931 1071 974 CARMEN
1103 933 1278 975 XXIX.

723 1072 808 1102 AD
866 1072 1361 1103 MAECENATEM.

513 1167 776 1208 TYRRHENA
798 1181 947 1221 regum
966 1167 1209 1221 progenies,
1232 1168 1309 1208 tibi

512 1233 615 1274 Non
636 1240 733 1274 ante
755 1248 877 1274 verso
896 1232 991 1274 lene
1011 1248 1171 1275 merum
1193 1234 1300 1275 cado

292 1345 380 1383 xxiii,
401 1349 428 1383 l,
447 1348 526 1388 §23,
541 1358 633 1389 quem
649 1348 791 1379 laudavit
801 1349 938 1389 Boettig.
953 1359 1022 1390 pro-

291 1389 420 1419 verbiali
435 1390 592 1421 locutione
608 1393 753 1430 sapientia
770 1393 838 1421 vino
854 1392 1024 1421 obumbrari

291 1429 419 1462 dicitur.
438 1432 628 1472 Porphyrion
639 1437 741 1464 autem
752 1432 791 1463 ad
801 1433 832 1463 h.
840 1433 862 1462 l.
870 1433 1024 1468 observat,

294 1471 394 1504 Groeci
421 1475 521 1508 aiunt,
549 1478 608 1504 vim
637 1477 786 1514 sapientia>
811 1476 943 1505 adhiberi
972 1486 1025 1514 pei·

291 1515 407 1546 vinum.
452 1515 620 1551 Inclinare,
637 1527 682 1548 sc.
695 1516 727 1546 in
744 1526 913 1558 vesperam.
949 1517 1022 1552 Stet,

292 1563 445 1596 moretum
469 1557 599 1588 laudant
620 1558 736 1590 Tibull.
759 1558 782 1592 i,
800 1561 831 1595 4,
852 1560 905 1592 28.
928 1559 1023 1589 Haud

291 1601 390 1639 segnis
405 1605 463 1630 stat
477 1606 644 1640 remeatque
654 1602 728 1631 dies.
761 1601 868 1631 Parcis
878 1602 1022 1639 deripere,

291 1641 452 1671 cunctaris
472 1641 620 1682 deripere,
643 1653 706 1672 non
725 1641 861 1682 deripis;
885 1642 930 1672 sic
950 1652 1022 1684 pas-

290 1680 348 1711 sim
360 1693 495 1721 parcere,
511 1688 545 1712 ut
561 1683 741 1714 Graecorum
764 1683 938 1724 φείδεσθαι,
960 1685 1021 1715 ele-

291 1728 399 1762 ganter
413 1734 478 1765 pro,
495 1734 558 1754 non
572 1725 621 1755 vel
637 1725 720 1755 nolle
735 1725 859 1766 ponitur
874 1737 882 1763 ;
903 1732 938 1756 ut
952 1736 1022 1767 sup.

289 1764 335 1800 iii,
359 1766 390 1799 8,
415 1767 467 1803 26,
489 1777 578 1806 parce
605 1769 729 1797 nimium
760 1778 863 1797 cavere
892 1778 956 1808 pro,
984 1778 1023 1799 ne

291 1806 421 1837 nimium
442 1818 563 1844 caveas,
579 1808 640 1844 vel,
658 1808 722 1839 noli
740 1809 869 1839 nimium
893 1819 1022 1849 cavere;

291 1848 387 1879 Ovid.
405 1851 475 1880 Art.
491 1850 567 1880 Am.
590 1850 636 1886 iii,
659 1852 732 1887 457,
754 1854 870 1889 parcite
891 1854 1020 1888 credere,

290 1890 387 1921 nolite
405 1892 541 1922 credere.
588 1893 722 1923 Hor-reo.-
745 1892 784 1923 de
803 1893 955 1934 apotheca
977 1894 1021 1924 vi-

290 1932 388 1967 naria,
404 1933 467 1964 sive
485 1934 551 1964 vini
565 1934 727 1970 veterario,
742 1934 825 1975 quod
848 1935 879 1965 in
902 1935 1020 1976 superi-

290 1983 343 2004 ore
364 1974 478 2006 aediutn
501 1981 587 2017 parte
608 1976 679 2010 fuit,
696 1975 759 2006 vid.
779 1987 847 2018 sup.
869 1976 906 2007 ad
927 1977 973 2014 iii,
990 1979 1021 2012 8,

292 2016 342 2046 ll.
389 2018 554 2048 Cessantem
572 2018 708 2048 suaviter
721 2019 767 2059 τῷ
783 2029 872 2057 parce
895 2029 1021 2060 respon-

288 2057 359 2094 det;
380 2064 522 2090 cessante
535 2059 617 2090 enim
636 2060 735 2101 Lyde,
753 2061 900 2102 amphora
915 2061 1021 2096 simul,

287 2108 358 2139 quae
386 2101 583 2132 festinantius
608 2102 648 2131 ab
674 2101 730 2131 illa
751 2102 851 2133 afferri
877 2102 1022 2139 debebat,

288 2142 442 2173 cessabat.
487 2143 593 2174 Bibuli
617 2144 754 2174 Consulis
774 2145 955 2184 amphoram,
977 2145 1021 2175 vi·

289 2192 363 2213 num
378 2184 463 2224 quod
478 2185 594 2216 Bibulo
610 2186 738 2216 consule
755 2191 861 2216 natum
882 2193 913 2217 et
933 2186 964 2217 in
981 2197 1020 2218 ea

288 2225 447 2256 conditum
477 2226 536 2257 fuit
562 2227 797 2264 continentem;
827 2228 886 2258 fuit
915 2234 1018 2259 autem

287 2266 337 2296 M.
349 2267 539 2309 Calpurnius
556 2269 693 2300 Bibulus
708 2270 816 2301 consul
833 2280 914 2301 anno
924 2271 967 2302 U.
981 2271 1020 2302 C.

288 2318 427 2340 ncxcw.

329 2351 446 2382 9—16.
490 2353 633 2387 Invicem,
677 2354 814 2384 carmine
857 2354 1020 2385 amoebaeo.

291 2391 417 2430 Vir-ides,
441 2393 471 2424 h.
495 2404 523 2425 e.
546 2395 696 2426 caeruleas
710 2407 719 2434 ;
745 2406 762 2426 a
787 2395 879 2426 maris
905 2396 1018 2432 colore,

286 2434 342 2475 qui
357 2434 418 2465 diis
431 2436 559 2466 marinis
576 2437 720 2467 tribuitur
734 2449 742 2476 3
765 2438 903 2468 caraleos
923 2439 1020 2468 crines

287 2475 369 2516 gerit
394 2487 520 2518 quoque
548 2479 632 2520 apud
662 2479 754 2510 Ovid.
781 2481 862 2509 Met.
887 2490 916 2514 v,
945 2480 1018 2516 432,

287 2518 438 2565 Nympha
451 2520 572 2560 Cyane.
609 2521 720 2551 Celeris
728 2522 845 2561 spicula
858 2522 1014 2561 Cynthiae5

287 2560 393 2590 Diana
421 2561 503 2591 euim
534 2571 605 2592 cum
635 2563 704 2603 ejus
728 2569 824 2593 matre
850 2564 972 2592 Latona
999 2573 1017 2593 a

285 2602 399 2642 puellis
421 2602 563 2644 inprimis
585 2603 644 2635 coli
667 2610 698 2634 et
721 2604 844 2646 hymnis
870 2605 1017 2635 celebrari

286 2643 426 2675 solebat:
452 2646 492 2675 cf.
509 2655 578 2686 sup.
594 2646 617 2680 i,
631 2647 684 2680 21,
703 2648 752 2681 ll,
771 2652 800 2677 et
818 2647 927 2687 Eurip.
939 2648 1018 2678 Hec.

285 2686 360 2717 462.
404 2687 522 2717 Summo
541 2690 683 2722 carmine,
707 2699 766 2728 quo
789 2688 924 2719 carmine
946 2699 965 2719 a
986 2695 1017 2720 te

284 2726 448 2759 decantato
463 2728 598 2759 vicissim
617 2739 673 2759 nos
692 2731 784 2760 ambo
805 2730 1014 2767 cantabimus,

283 2780 347 2810 qua:
375 2770 495 2802 Gnidon
523 2776 597 2802 cett.
620 2772 784 2802 Venerem.
830 2773 879 2802 De
907 2773 1016 2803 Venere

285 2811 401 2843 Gnidia
419 2812 482 2843 vid.
504 2823 575 2854 sup.
595 2812 635 2842 ad
655 2813 677 2847 i,
694 2814 746 2847 30,
770 2814 799 2843 l.
842 2813 1015 2853 Fulgentes,

284 2859 319 2884 ut
341 2863 411 2896 sup.
433 2854 455 2892 i,
483 2856 532 2890 14,
558 2855 597 2885 19
619 2857 757 2890 nitentes,
780 2855 835 2885 ubi
858 2855 922 2886 vid.
950 2862 1015 2887 not.

286 2895 435 2935 Paphon:
469 2897 510 2927 cf.
533 2907 604 2938 sup.
631 2896 671 2926 ad
696 2896 718 2932 i,
741 2898 795 2931 30,
822 2898 850 2926 l.
892 2897 1016 2928 Junctis

283 2937 433 2976 olor-ibam
452 2939 562 2971 Venus
570 2937 665 2975 enim,
676 2943 710 2969 ut
723 2938 755 2969 in
768 2938 882 2979 vulgus
896 2944 1013 2975 notum,

1067 1349 1106 1379 ab
1129 1350 1276 1386 oloribus,
1300 1350 1370 1392 ejus
1390 1350 1492 1382 currui
1511 1349 1644 1392 junctis,
1658 1349 1797 1381 vehitur:

1068 1391 1162 1422 Ovid.
1185 1393 1264 1423 Met.
1285 1403 1316 1427 x,
1335 1393 1409 1423 717.
1453 1393 1530 1423 Nor.
1547 1393 1649 1429 Nocti,
1666 1397 1703 1422 ut
1717 1392 1795 1427 deae,

1065 1434 1097 1463 in
1113 1434 1273 1464 nocturnis
1285 1434 1437 1464 conviviis
1451 1434 1592 1476 inprimis
1606 1439 1638 1464 et
1647 1433 1795 1465 comissa-

1067 1475 1206 1505 tionibus
1228 1476 1325 1506 divini
1345 1476 1477 1507 honores
1497 1476 1633 1506 fiebant:
1656 1475 1698 1506 cs.
1725 1486 1797 1516 sup.

1067 1515 1111 1553 iii,
1133 1518 1182 1554 19,
1198 1518 1247 1554 10,
1262 1518 1314 1547 ubi
1330 1519 1431 1548 medice
1448 1517 1536 1548 Nocti
1547 1517 1654 1548 vinum
1671 1516 1796 1548 libatur.

1068 1559 1188 1593 Naenia,
1204 1559 1348 1600 equidem
1367 1559 1406 1590 de
1429 1559 1565 1590 carmine
1583 1558 1722 1590 molliore
1742 1569 1796 1590 ex-

1066 1599 1261 1641 plicaverim,
1282 1601 1375 1641 quale
1397 1611 1465 1632 esse
1487 1601 1576 1638 solet,
1595 1601 1627 1631 in
1643 1611 1706 1642 quo
1725 1602 1798 1642 quis

1066 1641 1162 1672 animi
1186 1642 1234 1672 sui
1257 1642 1391 1673 dolorem
1414 1642 1578 1685 exprimit;
1602 1643 1640 1674 de
1661 1643 1798 1674 carmine

1066 1684 1149 1724 quod
1170 1683 1269 1714 somni
1290 1684 1465 1716 adducendi
1485 1694 1581 1715 causa
1600 1683 1725 1715 canitur
1741 1695 1796 1716 ex-

1066 1726 1164 1767 plicat
1188 1726 1241 1757 Cl.
1263 1725 1411 1766 Boettig„
1435 1737 1527 1768 quem
1547 1726 1629 1758 vide.
1674 1726 1795 1763 Naenia,

1065 1767 1104 1799 de
1119 1768 1255 1799 carmine
1269 1768 1385 1798 laetiore
1401 1769 1460 1800 inf.
1475 1767 1578 1810 Epist.
1594 1767 1616 1806 i,
1634 1769 1664 1805 1,
1680 1769 1733 1799 63.

1257 1852 1455 1883 CARMEN
1478 1851 1604 1884 XXIX.

1109 1895 1327 1931 Maecenatem,
1354 1900 1389 1924 ut
1413 1894 1451 1925 ad
1477 1893 1615 1925 animum
1640 1893 1680 1924 ab
1709 1893 1796 1924 urbis

1065 1936 1193 1977 strepitu
1219 1941 1250 1966 et
1275 1936 1359 1966 cun's
1382 1935 1574 1977 gravioribus
1597 1935 1795 1977 reficiendum

1065 1977 1104 2007 ad
1125 1987 1157 2008 se
1176 1977 1207 2007 in
1228 1977 1334 2007 villam
1353 1988 1439 2008 suam
1459 1977 1574 2013 venire,
1588 1977 1723 2019 laetoque
1737 1977 1794 2013 ibi,

1065 2019 1149 2060 quod
1178 2019 1206 2050 ei
1236 2020 1440 2061 apparaverit,
1470 2019 1613 2050 convivio
1646 2019 1795 2051 interesse

1065 2060 1152 2096 velit,
1174 2061 1299 2092 blandis
1321 2061 1434 2103 pariter
1452 2071 1489 2092 ac
1507 2061 1654 2103 gravibus
1675 2071 1794 2103 permo-

1066 2113 1136 2134 vere
1166 2103 1266 2134 studet
1296 2103 1480 2134 rationibus.
1524 2103 1608 2145 Ipsis
1633 2102 1794 2139 divitibus,

1066 2145 1120 2179 ait,
1148 2145 1324 2186 jucundum
1353 2155 1435 2187 saepe
1464 2145 1536 2176 vitae
1565 2145 1692 2177 urbanae
1720 2155 1794 2176 eum

1062 2186 1178 2218 rustica
1193 2187 1464 2218 commutationem
1483 2197 1563 2223 esse,
1578 2197 1634 2218 nee
1653 2197 1722 2218 raro
1740 2197 1794 2218 eos

1062 2229 1105 2259 ibi
1129 2229 1158 2259 in
1183 2239 1278 2270 parva
1297 2230 1388 2260 domo
1406 2229 1544 2260 animum
1565 2238 1656 2260 suum
1673 2228 1793 2259 exhila'-

1062 2281 1150 2308 rare;
1174 2271 1247 2301 anni
1263 2275 1377 2306 autem,
1392 2271 1476 2312 quod
1493 2281 1575 2302 nunc
1597 2270 1690 2303 adsit.
1715 2275 1791 2301 tem-

1063 2323 1133 2354 pus,
1154 2312 1211 2343 ubi
1231 2313 1277 2343 sol
1296 2313 1508 2343 vehementius
1528 2311 1646 2350 saeviat,
1661 2311 1791 2343 rustica-

1063 2354 1139 2384 tioni
1162 2354 1304 2396 inprimis
1325 2360 1531 2395 opportunum
1554 2364 1646 2392 esse3
1673 2355 1790 2385 Maece-

1062 2402 1165 2427 natem
1194 2396 1286 2436 igitur
1314 2402 1411 2427 semet
1438 2396 1542 2438 ipsum
1576 2396 1693 2427 laetiore
1721 2396 1791 2427 vitae

1063 2438 1164 2468 fructu
1178 2438 1372 2473 defraudare,
1389 2438 1473 2479 quod
1488 2438 1520 2468 in
1535 2438 1624 2474 urbe,
1641 2437 1691 2469 cui
1707 2447 1790 2469 nunc

1063 2480 1228 2521 praefectus
1249 2480 1299 2517 sit,
1323 2485 1458 2515 maneat,
1481 2485 1524 2515 et,
1543 2479 1583 2511 de
1602 2479 1672 2522 ejus
1690 2479 1791 2511 salute

1059 2522 1188 2552 nimium
1226 2521 1392 2558 sollicitus,
1427 2522 1552 2559 frustra,
1592 2532 1664 2569 quae
1695 2521 1792 2552 exteri

1060 2563 1162 2594 hostes
1178 2570 1286 2594 contra
1301 2563 1522 2605 rempublicam
1537 2563 1718 2599 moliantur,
1735 2574 1790 2595 ex-

1061 2605 1220 2642 timescat·‚
1244 2606 1282 2636 de
1305 2605 1399 2636 futuri
1421 2605 1503 2636 euim
1527 2605 1674 2647 temporis
1694 2606 1790 2643 exitu,

1061 2657 1152 2688 quem
1167 2647 1334 2688 prudenter
1345 2647 1422 2678 deus
1433 2647 1580 2683 occultet,
1597 2647 1694 2678 stulte
1708 2657 1790 2690 saepe

1060 2689 1210 2730 trepidare
1240 2689 1391 2724 homines,
1420 2698 1499 2730 quos
1521 2688 1555 2719 in
1580 2695 1664 2720 recto
1686 2689 1791 2731 potius

1060 2741 1118 2761 usu
1135 2731 1216 2772 ejus,
1232 2732 1317 2773 quod
1334 2731 1431 2767 adest,
1447 2730 1642 2772 acquiescere
1660 2730 1790 2768 deceat;

1060 2782 1130 2803 cum
1147 2784 1247 2804 rerum
1263 2773 1468 2804 humanarum
1483 2771 1665 2804 vicissitudo
1678 2772 1790 2803 similis

1059 2814 1121 2844 fere
1142 2815 1183 2844 sit
1201 2815 1348 2852 fluminis,
1372 2814 1463 2846 modo
1485 2814 1596 2846 leniter
1615 2819 1648 2845 et
1666 2814 1790 2856 placide

1059 2857 1250 2897 profluentis,
1269 2857 1359 2888 modo
1376 2866 1489 2897 magno
1509 2866 1580 2888 cum
1597 2855 1716 2898 impetu
1734 2867 1789 2888 ex-

1058 2899 1212 2938 surgentis
1233 2904 1266 2930 et
1286 2909 1420 2940 quaeque
1442 2897 1503 2929 sibi
1524 2897 1615 2929 obvia
1636 2898 1789 2930 violenter

1058 2949 1163 2970 secum
1188 2940 1377 2982 abripientis,
1401 2940 1527 2978 cursui;
1556 2940 1648 2972 illum
1673 2940 1787 2977 solum,
