1884 3288
342 198 397 238 68

894 193 1288 236 CARMINUM

844 385 1113 428 CARMEN
1146 385 1343 428 XXXV.

877 557 946 588 AD
986 557 1311 587 FORTUNAM.

569 685 610 726 Ο
634 685 770 735 ΒΝΑ,
791 693 960 740 gratum
981 700 1076 739 quae
1096 684 1209 738 regis
1230 682 1423 733 Antium,

570 751 767 792 Praesens
788 752 854 793 vel
874 753 956 792 imo
978 751 1126 792 tollere
1148 751 1202 791 de
1223 750 1361 804 gradu

626 817 812 859 Mortale
833 832 1004 872 corpuS,
1026 816 1092 858 vel
1113 817 1322 871 superbos

682 883 866 926 Vertere
888 885 1110 925 funeribus
1131 882 1391 937 triumphos:

513 949 539 989 5
569 948 636 990 Te
657 964 820 1005 pauper
840 951 972 992 ambit
993 949 1174 991 sollicita
1191 963 1320 1004 prece

570 1014 703 1055 Ruris
723 1016 922 1067 colonus3
955 1024 997 1058 te
1018 1017 1231 1058 dominam
1251 1015 1451 1070 aequoriS,

626 1081 884 1137 Quicunque
906 1083 1095 1137 Bithyna
1113 1082 1284 1124 lacessit

682 1148 961 1204 Carpathium
981 1149 1159 1204 pelagus
1181 1149 1336 1190 carina.

340 1258 407 1279 rum
423 1248 594 1289 agitatione
610 1259 734 1290 gravem
751 1249 912 1281 stridorem
927 1248 1069 1280 edentis:

340 1289 380 1321 de
400 1290 547 1327 Fortuna,
563 1294 618 1322 dea
639 1293 736 1326 alata.
754 1291 816 1322 vid.
839 1292 1018 1322 Comment.
1033 1291 1072 1322 de

340 1333 431 1364 alatis
446 1335 637 1374 imaginibus,
653 1345 686 1375 p.
703 1334 755 1364 30.
792 1334 924 1364 Sustulit
941 1333 1071 1374 (ἀορίσ-

340 1373 434 1422 τως),
465 1375 585 1407 auferre
612 1376 693 1407 solet
703 1387 712 1415 5
747 1379 875 1415 posuisse
909 1385 975 1417 pro,
1014 1375 1071 1406 im·

339 1427 492 1458 posuisse.

384 1543 546 1579 Quantum
559 1554 609 1574 ars
624 1549 654 1574 et
666 1544 824 1584 ingenium
848 1542 952 1582 magni
975 1547 1071 1584 poetae

340 1582 373 1614 in
399 1585 541 1627 simplice
570 1586 676 1626 aliqua
709 1585 863 1616 sententia
893 1584 1072 1615 exornanda

340 1625 454 1664 valeat,
467 1628 499 1658 id
514 1638 550 1658 ex
567 1627 626 1658 hoc
642 1633 674 1658 et.
688 1627 761 1658 huic
777 1627 933 1657 similibus
948 1626 1071 1656 Horatii

340 1667 530 1699 carminibus
545 1669 661 1710 optime
683 1669 816 1710 intelligi
831 1674 943 1710 potest.
987 1669 1071 1699 Con-

340 1709 503 1751 scripserat
518 1711 682 1750 Augustus
708 1712 749 1743 U.
766 1711 804 1742 C.
823 1721 974 1742 nccxxvr
993 1711 1072 1741 duos

339 1752 493 1782 exercitus
508 1763 544 1783 eo
560 1753 704 1788 consilio,
721 1759 755 1783 ut
771 1753 901 1783 alterum
918 1752 984 1793 ipse
997 1762 1071 1782 con-

339 1798 385 1824 tra
403 1794 570 1826 Britannos
585 1795 724 1830 duceret,
741 1795 871 1826 alterum
887 1794 969 1825 duce
986 1794 1072 1825 AElio

340 1835 437 1866 Gallo
474 1836 505 1867 in
539 1837 688 1868 Arabiam
724 1837 868 1868 mitteret.
921 1836 1072 1866 Horatius

339 1876 446 1918 igitur,
460 1878 526 1919 jam
543 1889 648 1920 preces
664 1879 696 1909 in
711 1879 769 1909 hoc
786 1878 924 1909 carmine
936 1888 991 1919 pro
1004 1878 1071 1909 feli-

339 1919 466 1950 cissimo
480 1920 643 1961 utriusque
659 1920 866 1962 expeditionis
881 1926 991 1951 eventu
1009 1920 1071 1951 fac-

339 1966 438 1997 turus,
464 1962 624 2002 vulgarem
647 1962 844 1998 sententiam,
868 1963 893 1992 Ο
918 1963 1067 1997 Fortuna,

338 2013 422 2034 serva
441 2004 583 2035 Coesarem
598 2016 665 2035 cum
680 2007 813 2035 exercitu
822 2011 926 2035 contra
942 2005 1068 2034 Britan-

339 2057 390 2076 nos
410 2045 630 2086 profecturum,
654 2054 682 2077 et
695 2047 766 2087 fac,
789 2053 824 2076 ut
846 2058 930 2076 arma
946 2059 964 2076 a
987 2047 1071 2076 bellis

339 2089 502 2118 domesticis
529 2091 568 2119 ad
598 2090 759 2119 domandas
790 2095 894 2130 gentes
927 2089 1068 2118 barbaras

338 2137 563 2167 convertantur,
600 2131 744 2161 Fortunae
780 2130 950 2171 potentiam
986 2130 1067 2161 cele-

338 2171 458 2203 brando
481 2172 525 2203 ita
539 2172 751 2214 amplificavit,
770 2177 806 2202 ut
826 2182 951 2203 carmen
972 2172 1070 2203 exiret.

337 2213 634 2255 splendidissimum.
694 2214 727 2245 Si
767 2214 837 2255 quis
875 2213 1067 2254 cogitaverit,

337 2265 431 2296 quam
453 2267 536 2296 saepe
559 2257 633 2288 felix
656 2256 809 2287 bellorum
829 2255 929 2287 exitus
952 2266 971 2286 a
995 2257 1067 2286 For-

336 2302 422 2328 tunae
437 2298 542 2329 favore
557 2308 588 2330 et
599 2298 724 2329 arbitrio
738 2297 883 2340 pendeat,
895 2298 933 2332 is.
945 2305 1068 2339 poetam

335 2338 369 2370 in
385 2341 608 2372 coacervandis
621 2351 749 2371 summae
766 2340 862 2381 hujus
873 2341 940 2371 deae
957 2345 1066 2382 poten-

335 2381 387 2412 tiae
407 2381 597 2424 imaginibus
618 2389 680 2413 tam
702 2383 835 2413 multum
852 2387 884 2413 et
905 2382 1066 2424 copiosum

335 2422 442 2460 fuisse,
458 2435 519 2455 non
534 2425 612 2456 adeo
627 2425 798 2455 mirabitur.
823 2424 950 2465 Optime
962 2430 1066 2455 autem

333 2466 429 2497 totius
450 2466 545 2508 hujus
569 2467 716 2498 carminis
736 2467 828 2497 finem
852 2467 895 2497 ita
917 2466 1065 2497 constitui

334 2517 426 2548 posse
452 2514 540 2550 puto,
567 2509 593 2540 si
615 2508 694 2539 illud
722 2508 837 2539 dixeris
863 2509 1006 2549 hymnum
1034 2510 1065 2539 in

334 2549 512 2586 Fortunam,
541 2562 625 2590 quem
654 2553 692 2581 od
722 2551 811 2590 hujus
835 2552 894 2581 cleae
913 2551 1064 2591 savorem,

333 2592 472 2633 Augusto
491 2598 596 2623 contra
619 2593 783 2623 Britannos
804 2593 974 2634 profecturo
995 2604 1065 2623 con-

332 2635 510 2670 ciliandum,
528 2637 578 2676 pia
593 2642 688 2665 mente
703 2636 856 2666 cecinerit.
901 2635 951 2665 Sic
975 2645 1066 2675 argu-

331 2674 396 2712 tiis,
417 2676 530 2718 quibus
554 2682 721 2707 onerarunt
747 2677 804 2707 hoc
832 2686 957 2707 carmen
983 2687 1061 2707 non-

333 2717 415 2748 nulli
437 2719 628 2760 interpretes,
653 2718 744 2750 facile
767 2718 965 2760 supersedere
990 2729 1060 2760 pos·

330 2769 452 2791 sumus.

376 2802 470 2834 1—4.
495 2803 627 2834 Gratum
649 2813 711 2842 quat
734 2803 812 2843 regis
826 2803 965 2836 Antium,
987 2801 1062 2832 h.e.

331 2854 402 2887 qum
419 2843 539 2887 imperii
556 2845 602 2876 tui
625 2845 729 2875 sedem
754 2844 851 2875 habes
866 2843 966 2880 Antii,
986 2843 1061 2874 urbe

335 2897 394 2928 proe
432 2887 544 2918 ceteris
578 2885 635 2917 tibi
669 2896 761 2923 cara3
798 2884 1058 2927 quemadmodum

331 2939 442 2971 nempe
452 2929 562 2961 Venus
572 2928 612 2960 ob
623 2927 827 2970 praecipuum,
838 2938 900 2969 quo
913 2927 944 2958 in
957 2927 1059 2958 insula

1117 1248 1220 1290 Cypro
1245 1248 1412 1289 gaudebat.
1446 1247 1576 1283 cultum,
1605 1257 1673 1289 sup.
1697 1247 1720 1284 i,
1749 1247 1783 1282 3,
1814 1248 1845 1283 1,

1114 1298 1216 1329 potens
1233 1292 1339 1331 Capri,
1355 1297 1386 1322 et
1402 1290 1424 1326 i,
1439 1292 1492 1327 30,
1511 1292 1542 1326 1,
1557 1292 1664 1331 regina
1678 1290 1804 1322 Gnidia
1830 1307 1842 1314 ·

1116 1325 1268 1373 pellatur,
1278 1334 1321 1363 ita
1337 1333 1487 1368 Fortuna,
1504 1331 1595 1363 Antii
1610 1331 1753 1373 inprimis
1773 1299 1846 1363 reli-

1116 1374 1291 1413 giosissime
1317 1375 1415 1410 culta,
1440 1375 1567 1406 Antium
1591 1385 1692 1416 regere
1717 1373 1845 1406 dicitur.

1115 1415 1187 1446 Fuit
1203 1422 1307 1447 autem
1317 1419 1444 1447 Antium
1456 1418 1558 1455 (nunc
1569 1416 1659 1447 Anzo
1669 1414 1844 1455 Rovinato)

1114 1458 1260 1499 oppidum
1272 1458 1352 1489 Latii
1364 1459 1564 1494 maritimum,
1572 1459 1718 1489 Fortunae
1729 1457 1846 1500 templo

1115 1500 1363 1531 nobilissimum=
1399 1501 1440 1531 cf.
1468 1501 1610 1531 Torrent.
1640 1499 1681 1531 ad
1711 1499 1743 1531 h.
1770 1499 1793 1531 l.
1814 1504 1846 1531 et

1115 1542 1200 1572 Phil.
1216 1552 1234 1572 a
1248 1543 1344 1573 Turre
1361 1543 1571 1573 Monumenta
1586 1546 1650 1573 vet.
1663 1542 1742 1573 Ant.
1757 1551 1788 1573 c.
1815 1543 1845 1573 1.

1117 1584 1261 1619 Praesens,
1296 1595 1365 1625 quae
1400 1584 1505 1615 statim
1541 1589 1652 1626 potes;
1688 1585 1734 1615 dii
1766 1595 1844 1624 proe-

1114 1633 1206 1656 sentes
1217 1626 1376 1662 dicuntur,
1399 1626 1453 1667 qui
1474 1625 1640 1668 praesentia
1660 1635 1718 1656 sua
1738 1625 1845 1657 statim

1116 1668 1285 1708 potentiam
1303 1679 1391 1699 suam
1406 1668 1578 1703 declarant,
1588 1673 1748 1710 potentes:
1772 1677 1844 1710 pas-

1115 1709 1172 1739 sim
1184 1720 1319 1751 quoque,
1328 1710 1383 1751 qui
1396 1720 1542 1752 praesens,
1555 1710 1588 1740 b.
1597 1720 1625 1740 e.
1634 1708 1843 1746 celerrimum,

1114 1751 1265 1782 auxilium
1295 1751 1407 1783 ferunt.
1452 1752 1515 1783 Imo
1545 1754 1648 1783 tollere
1677 1753 1714 1783 de
1738 1753 1842 1792 gradu

1117 1794 1248 1824 Mortale
1259 1805 1375 1834 corpus,
1387 1794 1420 1825 h.
1431 1805 1461 1825 e.
1471 1795 1617 1825 mortales
1631 1804 1671 1825 ex
1685 1793 1791 1824 infimo
1803 1793 1844 1826 ad

1115 1846 1268 1866 summum
1284 1836 1411 1876 gradum
1426 1836 1584 1868 extollere.
1610 1836 1752 1875 Superbos
1772 1836 1843 1866 Ver-

1115 1879 1348 1918 terefuneribus
1363 1879 1543 1918 triumphos:
1567 1876 1762 1920 splendidam
1779 1877 1843 1909 vic-

1116 1919 1225 1950 toriam
1255 1926 1374 1951 mutare
1402 1920 1435 1950 in
1459 1921 1591 1952 cladem.
1635 1919 1688 1952 Cl.
1712 1919 1844 1952 Mitsch.

1110 1962 1265 2003 explicat:
1285 1966 1307 1980 “
1317 1972 1461 2003 pompam
1474 1961 1692 2004 triumphalem
1706 1962 1736 1993 in
1751 1961 1842 1993 sune-

1111 2003 1198 2034 brem
1210 2010 1338 2042 mutare,
1348 2009 1381 2035 ut
1396 2015 1450 2046 pro
1463 2005 1628 2046 triumpho,
1640 2013 1731 2045 quem
1742 2003 1842 2036 victor

1112 2051 1236 2076 acturus
1260 2051 1336 2081 erat,
1366 2046 1461 2076 funus
1489 2046 1557 2088 ejus
1584 2045 1754 2077 ducatur.”
1802 2046 1842 2078 In

1109 2097 1204 2128 quam
1230 2098 1292 2118 rem
1318 2088 1371 2118 ille
1397 2087 1506 2119 laudat
1528 2087 1705 2129 exemplum
1731 2087 1842 2120 Drusi.

1111 2131 1208 2160 Auct.
1232 2130 1358 2161 Consol.
1384 2130 1423 2161 ad
1450 2129 1520 2161 Liv.
1541 2131 1596 2160 27.
1639 2130 1701 2160 Sed
1725 2135 1841 2172 quanto

1111 2171 1212 2212 major
1225 2177 1257 2202 et
1271 2172 1425 2212 potentior
1440 2177 1570 2213 apparet
1591 2172 1729 2203 Fortuna
1743 2171 1841 2204 victo-

1111 2213 1185 2244 riam
1196 2213 1228 2243 in
1242 2214 1364 2244 cladem
1373 2220 1455 2245 muta
1461 2214 1533 2249 ndo,
1544 2223 1637 2255 quam
1649 2213 1840 2256 triumphum

1111 2255 1330 2296 triumphantis
1344 2261 1442 2287 morte
1455 2255 1658 2292 funestanda!

1153 2299 1250 2328 5—8.
1263 2298 1302 2328 Te
1311 2309 1427 2337 pauper
1434 2300 1536 2335 ambit,
1545 2303 1618 2330 cett.
1626 2307 1740 2329 numen
1751 2302 1840 2329 tuum

1111 2349 1218 2370 ornnes
1235 2339 1386 2376 homines,
1401 2346 1432 2371 et
1454 2350 1606 2382 pauperes
1620 2346 1652 2371 et
1664 2339 1786 2377 divites,
1809 2345 1840 2371 et

1110 2381 1218 2423 populi
1229 2381 1363 2417 barbari,
1371 2387 1402 2413 et
1411 2393 1480 2418 nos,
1487 2388 1519 2413 et
1527 2381 1651 2424 tyranni
1657 2387 1841 2414 venerantur

1109 2430 1202 2464 atque
1218 2429 1370 2455 metuunt.
1415 2426 1526 2459 Ambit.
1541 2434 1615 2455 cum
1626 2423 1748 2455 delectu
1771 2434 1838 2466 pro,

1109 2466 1193 2502 adit;
1226 2465 1320 2496 habet
1343 2466 1425 2496 enim
1451 2466 1608 2497 notionem
1633 2465 1840 2498 verecundiae.

1108 2508 1255 2542 Sollicita,
1272 2518 1365 2548 quam
1379 2508 1514 2539 sollicito
1535 2514 1660 2550 pectore
1674 2517 1728 2550 pro
1750 2518 1839 2549 agro·

1107 2560 1174 2580 rum
1191 2560 1315 2580 suorum
1328 2550 1544 2588 incolumitate
1557 2549 1660 2582 fundit
1667 2549 1748 2580 ruris
1755 2550 1840 2582 colo-

1108 2602 1180 2622 nus.
1219 2593 1379 2623 Dominam
1392 2594 1532 2632 aequoris:
1549 2592 1582 2623 in
1597 2591 1742 2623 Fortunae
1754 2591 1838 2623 enim

1109 2638 1260 2675 potestate
1284 2634 1375 2675 positi
1398 2639 1472 2665 sunt
1494 2644 1596 2669 casus,
1618 2633 1732 2673 quibus
1749 2634 1837 2664 navi-

1106 2682 1215 2716 gantes
1237 2675 1270 2706 in
1294 2677 1370 2707 mari
1385 2686 1418 2708 se
1432 2680 1613 2718 exponunt;
1637 2675 1688 2706 Cl.
1705 2675 1837 2707 Mitsch.

1106 2728 1169 2748 rein
1192 2718 1272 2748 bene
1294 2717 1518 2753 illustratloco
1540 2716 1636 2748 Pind.
1661 2716 1715 2748 01.
1738 2717 1793 2755 xii,
1817 2719 1836 2748 3

1106 2770 1174 2801 sqq.
1219 2760 1408 2802 Respexisse
1424 2767 1528 2790 autem
1551 2764 1642 2801 poeta
1666 2758 1789 2790 videtur
1804 2759 1837 2791 in

1105 2801 1163 2833 hoc
1180 2801 1281 2836 cultu.
1298 2811 1316 2832 a
1340 2801 1419 2832 ruris
1433 2801 1544 2832 colono
1565 2806 1596 2832 et
1618 2800 1838 2840 navigantibus

1104 2844 1250 2874 Fortuna:
1277 2843 1426 2879 exhibito,
1449 2843 1610 2884 antiquam
1643 2841 1740 2884 hujus
1769 2843 1836 2875 deae

1104 2885 1282 2925 imaginem,
1306 2895 1370 2926 qua
1394 2885 1448 2916 illa
1471 2884 1503 2916 in
1530 2890 1604 2916 vett.
1626 2885 1837 2916 monumentis

1103 2927 1198 2958 altera
1220 2937 1316 2958 manu
1339 2938 1430 2958 cornu
1443 2929 1544 2967 caput,
1567 2926 1663 2959 alter!
1683 2929 1835 2968 guberna-
