1904 3314
346 223 430 264 ’162

340 319 363 366 i,
379 320 499 392 ἓ4ἳὲ7.
543 321 576 356 2,
589 322 730 363 effutire:
752 327 856 363 operta
867 322 998 352 recludit
1015 322 1074 363 Ep.

340 372 363 397 ι,
402 386 410 399 ,
470 384 478 392 .

382 411 521 435 recoctus.

342 446 408 476 Sat.
424 445 456 483 ii,
472 448 503 482 5,
519 447 573 476 55.

384 490 552 518 recondere.
597 489 626 523 1,
653 498 757 529 prome
782 488 975 520 reconditum
1003 489 1074 520 Cre-

342 529 459 560 cubum
482 530 544 560 Od.
563 528 608 564 iii,
628 532 679 564 28.
699 533 731 561 2.
775 532 808 565 2,
826 533 996 562 0ccutmre:
1021 530 1076 571 qui

342 581 486 602 nummos
501 571 640 602 recondit
656 573 720 602 Sat.
735 571 767 606 ii.
785 574 816 608 3,
834 573 905 603 109.

384 615 550 644 recordari.
594 624 715 645 mecum
733 615 842 655 loquor
865 615 931 646 haec
947 613 1074 645 tacitus-

343 665 404 697 que
418 655 561 686 recordor
576 656 636 697 Ep.
651 656 684 692 ii,
700 657 732 691 2,
752 658 821 687 145.

384 708 528 729 recreare.
573 703 735 728 tenuatum
761 708 871 739 corpus
899 698 963 728 Sat.
986 696 1019 731 ii,
1043 698 1074 732 2,

342 740 395 770 84.
439 739 563 781 squillis
582 740 732 770 recreabis
752 746 887 781 potorem
911 741 978 770 Sat.
994 738 1027 772 ii,
1044 741 1075 775 4,

342 782 398 812 58.
443 783 635 823 (pauperem)
652 782 833 812 defunctum
856 781 1014 811 laboribus
1029 790 1075 810 re-

341 829 424 854 creat
451 824 513 855 Od.
538 823 583 858 iii,
609 825 661 859 24,
694 825 741 854 16.
788 823 943 854 Caesarem
971 821 1073 853 Pierio

343 865 486 896 recreatis
501 871 589 896 antro
611 865 672 896 Od.
693 865 737 899 iii,
755 867 785 902 4,
801 866 853 895 40.
897 870 969 895 sunt
990 870 1072 895 certa

340 907 477 948 piacula,
507 918 578 948 quae
603 912 632 938 te
658 913 704 938 ter
727 917 803 949 pure
828 907 909 938 lecto
932 911 1075 948 poterunt

341 959 478 980 recreare
500 949 605 980 libello
630 950 689 991 Ep.
709 950 730 984 i,
752 951 781 986 1,
805 950 858 980 37.
902 954 1076 979 recreantur

341 1000 459 1031 angues
482 991 544 1022 Od.
563 991 597 1026 ii,
620 993 671 1026 13,
698 992 751 1022 36.
796 990 850 1021 ubi
874 990 962 1020 nulla
983 991 1073 1020 arbor

341 1032 450 1064 aestiva
463 1039 620 1065 recreatur
635 1043 709 1064 aura
725 1033 788 1064 Od.
805 1033 826 1068 i,
841 1033 894 1068 22,
914 1033 962 1062 18.
1011 1031 1072 1061 leni

341 1084 477 1106 recreare
494 1081 585 1106 vento
604 1085 743 1117 sparsum
767 1075 927 1105 humerum
951 1072 1075 1114 capillis

343 1117 406 1148 Od.
420 1117 465 1153 iii,
481 1118 534 1153 20,
553 1118 601 1147 13.

384 1165 471 1189 recte.
518 1158 668 1200 pulchre!
693 1158 789 1189 bene!
815 1157 918 1188 recte!
953 1157 1011 1198 Ep.
1034 1156 1074 1187 ad

342 1200 407 1231 Pis.
431 1202 506 1231 428.
551 1201 576 1230 si
600 1200 693 1236 dicet,
717 1200 815 1231 Recte
837 1201 897 1240 Ep.
917 1198 940 1232 i.
966 1200 998 1234 8,
1025 1200 1074 1230 15.

341 1242 397 1273 tibi
414 1248 495 1274 recte
511 1252 630 1283 semper
643 1248 735 1272 erunt
748 1251 796 1273 res
813 1243 877 1272 Sat.
896 1240 929 1276 ii,
951 1241 982 1278 2,
1004 1241 1075 1271 106.

341 1284 506 1326 procedere
540 1290 622 1315 recte
649 1284 703 1325 qui
731 1283 861 1315 moechis
890 1293 951 1313 non
983 1282 1076 1313 vultis

343 1327 410 1357 Sat.
428 1325 451 1363 i,
468 1328 501 1362 2,
517 1328 572 1357 37.
617 1332 699 1357 recte
721 1331 768 1357 est
789 1325 883 1366 igitur
904 1326 969 1355 Sat.
987 1325 1020 1360 ii,
1041 1326 1072 1360 3,

345 1369 419 1400 162.
463 1369 563 1400 vivere
583 1369 643 1410 Ep.
662 1369 684 1403 i,
705 1369 737 1403 2,
754 1369 816 1406 ι11;
842 1369 901 1409 Ep.
918 1367 940 1402 i,
958 1367 989 1403 6,
1010 1368 1073 1404 293

343 1410 547 1452 Ep.h7,3;
570 1409 788 1452 Ep.i,8,4;
811 1409 1074 1452 Ep.i,16,17;

343 1453 406 1494 Ep.
422 1451 454 1488 ii,
470 1454 503 1488 2,
522 1454 597 1483 213.
642 1451 755 1483 rectius
776 1452 857 1482 vives
879 1451 942 1482 Od.
966 1450 1001 1486 ii,
1026 1451 1075 1487 10,

345 1496 374 1525 1.
418 1501 501 1526 recte
523 1495 623 1526 facere
646 1495 707 1535 Ep.
729 1493 751 1530 i,
777 1495 806 1529 1,
827 1494 880 1529 60,
903 1494 956 1524 63.
999 1492 1073 1523 scri-

341 1536 413 1568 bere
443 1537 508 1567 Sat.
537 1536 558 1573 i,
588 1537 618 1572 4,
650 1537 715 1574 13;
747 1537 805 1577 Ep.
834 1535 874 1566 ad
904 1534 971 1565 Pis.
1000 1535 1075 1565 309.

342 1585 424 1609 recte
438 1578 520 1610 sacta
535 1579 626 1610 refert
643 1579 703 1619 Ep.
719 1578 751 1613 ii,
769 1580 798 1613 1,
822 1579 889 1608 130.
933 1587 995 1607 non
1012 1576 1076 1607 otia

342 1626 426 1651 recte
445 1630 558 1662 ponere
583 1621 649 1651 Sat.
669 1620 703 1656 ii,
729 1621 759 1656 7,
781 1621 855 1651 112.
899 1619 963 1650 sive
984 1628 1075 1665 prave

344 1671 400 1693 seu
417 1668 499 1694 recte
515 1663 572 1694 hoc
588 1661 672 1693 volui
688 1663 755 1692 Sat.
770 1662 804 1698 ii,
821 1663 854 1697 3,
871 1662 923 1692 88.
967 1671 991 1690 si
1010 1671 1075 1690 mo-

344 1704 384 1734 do
408 1711 491 1736 recte
514 1704 693 1746 dispensare
721 1703 796 1734 velis
820 1705 885 1734 Sat.
910 1703 932 1739 i,
963 1705 994 1737 2,
1026 1703 1077 1732 74.

343 1746 495 1777 fructibus
525 1746 552 1776 si
582 1751 664 1777 recte
693 1745 801 1776 frueris
830 1746 892 1787 Ep.
921 1745 942 1781 i,
974 1746 1023 1781 12,
1046 1746 1077 1775 2.

344 1790 476 1830 pretium
492 1795 574 1820 recte
593 1787 671 1830 petit
688 1789 750 1829 Ep.
768 1788 790 1825 i,
810 1789 861 1824 17,
885 1788 936 1818 42.
982 1792 1076 1822 recte,

343 1840 455 1866 necne,
486 1841 611 1862 crocum
639 1830 832 1872 perambulet
861 1829 944 1860 Attae
971 1829 1078 1859 sabula

345 1873 406 1920 Ep.
425 1872 458 1908 ii,
483 1874 513 1909 1,
537 1874 591 1904 79.
634 1882 731 1913 quum
759 1878 842 1903 recte
867 1876 1002 1902 tractent
1025 1870 1078 1901 alii

343 1913 420 1946 ibid.
436 1916 510 1946 209.
553 1921 684 1946 unctum
700 1914 755 1956 qui
774 1919 856 1945 recte
873 1923 986 1955 ponere
1009 1923 1076 1954 pos·

343 1956 385 1987 sit
397 1957 456 2004 Ep.
473 1958 511 1987 ad
528 1957 594 1988 Pis.
608 1958 682 1987 422.
718 1956 880 1998 praecincti
896 1962 976 1986 recte
993 1954 1080 1996 pueri

346 1999 413 2028 Sat.
428 2001 461 2036 ri,
483 2001 514 2034 8,
539 2000 591 2029 70.
636 2003 718 2029 recte
741 1999 845 2029 valens
866 1999 925 2040 Ep.
945 1997 967 2034 i,
988 1998 1020 2031 7,
1044 1998 1077 2027 3.

345 2046 526 2081 morataque
547 2046 630 2071 recte
654 2041 760 2071 sabula
782 2042 841 2080 Ep.
861 2041 901 2071 ad
921 2039 986 2070 Pis.
1004 2040 1079 2070 319.

345 2087 465 2123 quanto
491 2083 604 2113 rectius
627 2082 677 2112 hic
706 2082 783 2113 ibid.
810 2084 882 2113 140.
927 2081 990 2112 filia
1013 2091 1077 2112 rec-

346 2125 408 2155 tius
422 2130 583 2166 expugnat
599 2124 709 2154 domos
730 2123 790 2154 od.
806 2124 852 2159 iii,
871 2126 921 2159 15,
938 2125 969 2154 8.
1013 2133 1078 2154 rec-

346 2165 409 2196 tius
434 2167 594 2197 Albanam
617 2166 700 2196 fumo
723 2165 880 2196 duraveris
901 2176 992 2196 uvam
1013 2165 1078 2195 Sat.

347 2207 381 2243 ii,
411 2210 442 2243 4,
475 2210 527 2239 72.
571 2208 629 2239 hoc
655 2207 703 2238 illi
734 2213 816 2238 recte
841 2209 906 2238 Sat.
928 2207 949 2244 i,
971 2208 1003 2241 2,
1026 2208 1079 2238 90.

346 2250 504 2282 vocaveris
526 2256 607 2281 recte
631 2250 776 2280 beatum:
811 2249 921 2280 rectius
947 2254 1080 2289 occupat

349 2302 461 2323 nornen
477 2292 559 2324 beati
577 2292 638 2324 od.
653 2291 694 2329 iv,
709 2293 740 2328 9,
757 2293 809 2322 46.
852 2296 935 2322 recte
951 2290 1079 2322 concedi

348 2334 410 2375 Ep.
426 2334 464 2373 ad
480 2334 545 2366 Pis.
561 2335 635 2365 369.
678 2333 790 2365 rectius
803 2332 939 2364 Iliacum
954 2342 1078 2363 carmen

348 2375 471 2407 diducis
487 2376 518 2407 in
534 2383 622 2407 actus
637 2375 714 2406 ibid.
731 2376 802 2406 129.

388 2425 498 2450 rector.
543 2418 722 2449 Thebarum
738 2419 796 2459 Ep.
810 2417 832 2452 i,
851 2418 900 2453 16,
917 2418 969 2448 74.

388 2467 496 2491 rectus.
543 2462 572 2498 l,
587 2459 744 2490 tendimus
766 2466 848 2489 recta
872 2459 955 2498 (via)
976 2459 1077 2489 Bene-

348 2508 473 2533 ventum
497 2503 564 2533 Sat.
584 2501 606 2537 i,
630 2505 661 2538 5,
678 2503 732 2532 71.
778 2501 912 2532 candida
934 2507 1079 2541 rectaque

349 2543 390 2575 sit
408 2545 474 2575 Sat.
492 2544 514 2582 i,
531 2545 564 2580 2,
591 2545 662 2574 123.
706 2548 761 2574 aut
777 2553 847 2573 crus
868 2543 981 2574 rectius
1002 2542 1079 2572 ibid.

349 2587 403 2617 82.
447 2597 487 2617 an
512 2592 593 2617 recto
615 2591 676 2617 stet
699 2585 807 2616 fabula
828 2586 891 2616 talo
916 2586 976 2626 Ep.
997 2584 1030 2620 ii,
1050 2586 1078 2620 1,

350 2629 424 2660 176.
461 2628 516 2670 qui
530 2627 619 2659 rectis
633 2627 732 2658 oculis
748 2629 822 2669 (uon
838 2627 976 2666 retortis)
993 2637 1078 2657 mon-

348 2676 411 2701 stra
441 2670 580 2702 natantia
606 2669 683 2700 vidit
709 2670 771 2700 Od.
794 2669 814 2706 i,
837 2671 868 2706 3,
895 2671 942 2700 18.
986 2678 1081 2700 curvo

347 2711 528 2752 dignoscere
545 2717 662 2743 rectum
679 2713 738 2753 Ep.
753 2711 785 2747 ii,
800 2713 832 2747 2,
852 2713 904 2742 44.
948 2712 980 2746 2,
1006 2711 1079 2752 legi-

349 2756 457 2786 timus:
491 2754 547 2786 Dii
571 2753 632 2785 Od.
660 2753 702 2789 iv,
731 2755 760 2789 4,
785 2754 838 2784 48.
880 2763 989 2784 cursus
1014 2754 1080 2783 Sat.

348 2796 382 2832 ii,
398 2798 430 2833 5,
454 2798 509 2828 78.
552 2795 626 2827 ordo
649 2795 713 2826 Od.
738 2795 779 2830 iv,
805 2797 856 2831 15,
883 2797 932 2826 10.
975 2795 1080 2826 cultus

349 2838 412 2870 Od.
428 2839 470 2874 iv,
485 2839 516 2876 4,
527 2839 582 2869 34.
626 2842 709 2868 recto
726 2847 809 2867 more
829 2838 891 2878 Ep.
908 2837 942 2872 ii,
957 2838 990 2872 2,
1008 2838 1079 2868 131.

580 404 763 446 plerumque
799 412 939 436 recoctus
974 406 1074 436 scriba

885 235 1026 263 INDEX
1056 234 1312 262 VERBORUM.

1117 319 1230 351 cundis
1246 318 1434 362 temporibus
1455 317 1621 359 dubiisque
1644 323 1744 350 rectus
1764 318 1850 359 (pro-
1891 332 1904 355 ,-

1117 364 1188 402 bus)
1206 362 1268 392 Od.
1288 362 1328 398 iv,
1349 362 1380 397 9,
1402 361 1453 391 36.
1497 362 1579 401 quod
1598 360 1715 392 clamas
1735 362 1850 392 rectius

1117 414 1184 435 esse
1199 405 1264 434 Sat.
1281 404 1314 438 ii,
1332 404 1363 438 7,
1382 404 1434 433 25.
1479 402 1592 433 rectius
1614 402 1671 434 hoc
1695 408 1726 434 et
1745 403 1850 444 splen-

1117 446 1220 476 didius
1244 446 1342 476 multo
1361 450 1408 475 est
1432 445 1491 485 Ep.
1517 443 1539 479 i,
1566 445 1616 482 17,
1641 445 1692 475 19.
1734 444 1849 476 rectius

1119 488 1176 518 hoc
1200 493 1246 518 est
1271 489 1338 518 Sat.
1362 486 1383 521 i.
1411 488 1442 521 4,
1475 487 1542 516 134.
1587 487 1613 516 si
1637 485 1714 527 quid
1738 485 1850 517 novisti

1118 530 1233 560 rectius
1255 528 1323 559 istis
1339 529 1397 570 Ep.
1413 529 1434 563 i,
1458 529 1488 564 6,
1508 529 1560 558 67.
1605 533 1722 569 quanto
1735 527 1849 559 rectius

1119 571 1177 602 hoc
1194 572 1260 601 Sat.
1277 571 1309 606 ii,
1329 573 1355 606 1,
1371 572 1426 600 21.
1469 570 1543 610 quia
1567 570 1613 600 nil
1637 575 1768 606 rectum,
1789 569 1851 600 uisi

1119 614 1202 654 quod
1220 613 1337 654 placuit
1354 612 1411 642 sibi
1434 613 1492 653 Ep.
1509 611 1542 647 ii,
1561 613 1590 647 1,
1607 613 1660 643 83.
1702 621 1780 652 quos
1799 611 1849 642 ul-

1118 661 1164 685 tra
1179 655 1315 695 citraque
1332 653 1437 694 nequit
1453 653 1623 684 consistere
1646 658 1763 684 rectum
1785 654 1851 684 Sat.

1118 697 1140 732 i,
1163 699 1191 731 l,
1211 698 1281 727 107.
1325 697 1438 737 quxdve
1453 695 1491 726 ad
1509 695 1675 731 amicitias,
1692 705 1770 726 usus
1782 705 1849 726 rec—

1119 744 1236 774 tumne,
1258 738 1357 768 trahat
1379 738 1458 768 nos‘l
1480 739 1546 768 Sat.
1563 737 1597 774 ii,
1620 738 1658 772 6.
1670 738 1723 768 75.
1765 736 1851 767 deci-

1119 781 1220 822 pimur
1242 779 1343 822 specie
1366 779 1441 810 recti
1463 780 1523 819 Ep.
1547 778 1587 809 ad
1610 778 1674 810 Pis.
1692 780 1747 810 25.
1789 778 1848 808 fin-

1116 822 1197 863 geris
1212 822 1251 853 ad
1272 829 1388 853 rectum
1407 820 1484 851 ibid.
1505 821 1580 851 367.
1623 820 1699 862 quia
1718 829 1781 851 non
1799 820 1864 850 fir-.

1116 874 1186 894 mus
1203 869 1319 894 rectum
1335 863 1475 894 defendis
1497 863 1564 893 Sat.
1587 861 1621 898 ii,
1637 863 1669 898 7,
1685 863 1740 893 26.
1781 872 1847 893 rec·

1118 912 1181 936 tum
1203 905 1299 936 animi
1319 906 1444 936 servas!
1468 905 1534 935 Sat.
1553 904 1587 940 ii,
1603 906 1634 941 3,
1651 905 1727 935 201.
1769 909 1852 935 recta

1117 957 1284 988 capessens
1303 949 1370 978 Sat.
1391 947 1425 982 ii,
1439 947 1471 983 7,
1494 947 1526 976 7.
1569 946 1723 977 interdum
1737 946 1850 987 vulgus

1115 995 1234 1020 rectum
1249 989 1333 1020 videt
1349 990 1370 1019 E
1398 1011 1405 1019 .
1421 988 1455 1023 ii,
1473 990 1501 1023 1,
1517 989 1571 1018 63.

1158 1032 1336 1061 recumbere.
1374 999 1468 1061 iectis
1497 1031 1558 1071 ΕΡ.
1585 1030 1608 1064 i,
1636 1031 1670 1065 5,
1700 1031 1729 1061 1.
1771 1040 1851 1072 quos

1118 1072 1197 1103 inter
1213 1074 1371 1113 Augustus
1386 1071 1569 1102 recumbens
1585 1071 1648 1102 Od.
1669 1071 1716 1108 iii,
1737 1073 1771 1108 3,
1796 1073 1849 1103 11.

1117 1115 1221 1145 m'inax
1238 1120 1331 1155 ponto
1346 1113 1430 1144 unda
1445 1112 1599 1144 recumbit
1614 1113 1678 1144 Od.
1691 1113 1714 1149 i,
1731 1115 1783 1149 12,
1797 1114 1851 1144 32.

1160 1167 1326 1187 recurrere.
1373 1165 1411 1186 ne
1430 1154 1476 1185 vir
1497 1165 1565 1185 rure
1587 1160 1722 1186 recurrat
1743 1156 1808 1187 Sat.
1829 1155 1853 1190 i.

1118 1199 1150 1233 2,
1171 1199 1242 1229 127.
1287 1197 1415 1228 memori
1441 1202 1544 1228 mente
1568 1206 1706 1228 recurras
1729 1197 1795 1228 Sat.
1816 1196 1851 1234 ii,

1119 1241 1150 1274 6,
1167 1241 1221 1271 31.
1266 1239 1305 1270 ad
1321 1249 1368 1270 me
1383 1249 1520 1270 recurres
1537 1238 1638 1280 Epod.
1659 1241 1692 1274 5,
1708 1239 1760 1270 75.
1803 1249 1851 1270 re-

1119 1287 1222 1313 curret
1237 1280 1384 1322 (natura)
1399 1282 1459 1322 Ep.
1475 1280 1497 1316 i,
1519 1281 1568 1316 10,
1583 1282 1636 1312 24.
1680 1281 1791 1311 bruma
1805 1291 1852 1312 re-

1118 1324 1215 1354 currit
1243 1324 1325 1355 iners
1352 1324 1413 1354 Od.
1441 1324 1481 1360 iv,
1504 1323 1533 1360 7,
1565 1324 1616 1354 12.
1659 1329 1851 1355 recurrentes

1118 1366 1192 1396 anni
1211 1367 1271 1407 Ep.
1288 1365 1322 1401 ii,
1342 1367 1371 1402 1,
1387 1366 1459 1396 147.

1159 1418 1308 1438 recusare.
1351 1417 1476 1438 uxorem
1495 1407 1561 1437 Sat.
1581 1405 1604 1442 i,
1627 1407 1659 1441 4,
1681 1406 1735 1437 50.-
1779 1417 1852 1448 por-

1118 1449 1192 1490 rigis
1216 1459 1311 1491 puero
1336 1459 1432 1490 quum
1457 1457 1560 1490 poma,
1582 1453 1706 1479 recusat
1727 1449 1793 1480 Sat.
1817 1448 1850 1484 ii,

1119 1493 1150 1526 3,
1181 1493 1255 1523 258.
1299 1491 1426 1522 meliora
1455 1495 1578 1522 recusat
1607 1491 1674 1521 Sat.
1698 1489 1732 1525 ii,
1757 1492 1789 1528 2,
1819 1492 1852 1521 6.

1119 1544 1190 1574 quae
1211 1544 1266 1564 vos
1284 1533 1324 1564 ad
1346 1533 1464 1563 coelum
1482 1531 1608 1567 effertis,
1627 1541 1736 1563 recuso
1750 1532 1811 1574 Ep.
1827 1532 1851 1568 i,

1122 1577 1172 1611 10,
1201 1577 1249 1606 10.
1293 1575 1319 1605 si
1343 1574 1414 1616 quis
1442 1574 1482 1605 ad
1505 1574 1562 1604 illa
1584 1574 1674 1605 Deus
1695 1573 1799 1605 subito
1821 1579 1852 1606 te

1119 1623 1203 1658 agat,
1221 1627 1319 1658 usque
1338 1627 1462 1647 recuses
1486 1617 1554 1647 Sat.
1570 1615 1604 1651 ii,
1620 1616 1650 1654 7,
1665 1617 1718 1646 24.
1760 1627 1787 1646 c.
1801 1618 1851 1646 in-

1109 1661 1192 1699 fim:
1216 1670 1287 1701 quae
1310 1659 1411 1690 facere
1430 1658 1496 1700 ipse
1519 1667 1658 1689 recusem
1679 1659 1739 1700 Ep.
1761 1657 1795 1695 ii,
1821 1659 1850 1694 l,

1120 1702 1194 1732 208.
1237 1702 1331 1743 pedes
1354 1700 1499 1731 vitiosum
1517 1700 1594 1731 serre
1617 1704 1764 1731 recusant
1783 1710 1852 1732 cor-

1120 1754 1177 1784 pus
1203 1743 1268 1774 Sat.
1291 1743 1325 1778 ii,
1350 1743 1380 1778 7,
1409 1743 1480 1773 108.
1522 1741 1567 1772 ire
1586 1751 1708 1773 recuses
1729 1743 1796 1773 Sat.
1817 1741 1852 1778 ii,

1121 1787 1152 1822 5,
1186 1786 1238 1816 17.
1282 1786 1361 1816 vires
1392 1785 1468 1815 ferre
1497 1789 1639 1814 recusent
1666 1784 1727 1825 Ep.
1755 1783 1790 1820 ii,
1821 1785 1851 1820 1,

1120 1828 1194 1858 259.
1237 1827 1312 1869 quid
1332 1827 1408 1858 ferre
1429 1831 1572 1858 recusent
1594 1825 1713 1857 humeri
1731 1826 1791 1868 Ep.
1810 1825 1851 1857 ad

1123 1870 1188 1900 Pis.
1205 1871 1257 1901 39.

1163 1914 1297 1942 reddere.
1344 1913 1374 1948 1,
1394 1911 1489 1942 boves
1512 1909 1572 1941 nisi
1590 1909 1773 1941 reddidisses
1790 1909 1852 1941 Od.

1121 1954 1143 1990 i,
1172 1955 1222 1990 10,
1250 1955 1282 1985 9.
1327 1953 1388 1984 vati
1418 1952 1576 1984 reddidere
1602 1952 1723 1982 lumina
1749 1952 1778 1982 E
1801 1952 1852 1982 od.

1125 1997 1175 2031 17,
1207 1998 1261 2027 44.
1306 1995 1413 2037 accipe
1443 1995 1528 2036 quod
1557 2004 1718 2036 nunquam
1741 2003 1773 2024 re
1796 1993 1854 2024 das

1122 2037 1199 2068 mihi
1218 2039 1283 2068 Sat.
1301 2037 1334 2075 ii,
1355 2039 1387 2071 3,
1412 2038 1465 2068 66.
1509 2036 1618 2068 reddes
1645 2035 1722 2067 forte
1748 2035 1851 2074 latus3

1123 2080 1231 2111 reddes
1258 2080 1350 2110 dulce
1373 2079 1479 2120 loqui;
1510 2079 1620 2110 reddes
1641 2077 1739 2109 ridere
1761 2078 1853 2108 deco-

1123 2133 1189 2152 rum
1207 2123 1265 2164 Ep.
1281 2123 1303 2158 i,
1321 2123 1352 2159 7,
1363 2122 1416 2158 25,
1427 2122 1481 2152 27.
1524 2121 1627 2152 lucem
1639 2119 1732 2151 redde
1745 2119 1852 2161 patriae

1124 2165 1186 2195 Od.
1202 2164 1243 2200 iv,
1260 2167 1291 2202 5,
1306 2165 1338 2194 5.
1382 2163 1520 2194 redderet
1537 2162 1647 2193 laudes
1664 2161 1720 2192 tibi
1740 2161 1855 2192 montis

1122 2206 1224 2247 imago
1251 2207 1314 2238 Od.
1338 2205 1360 2242 i,
1387 2206 1442 2240 20,
1465 2206 1495 2236 7.
1539 2204 1620 2235 male
1645 2209 1782 2235 tornatos
1806 2203 1853 2234 in-

1123 2249 1196 2278 cudi
1228 2247 1352 2279 reddere
1378 2257 1484 2278 versus
1516 2247 1576 2288 Ep.
1610 2245 1650 2276 ad
1679 2244 1747 2276 Pis.
1777 2246 1852 2276 441.

1124 2290 1262 2320 animum
1278 2289 1388 2320 reddas
1407 2290 1465 2330 (sc.
1486 2287 1578 2328 mihi)
1597 2287 1661 2319 Od.
1679 2287 1702 2324 i,
1727 2288 1776 2323 16,
1799 2288 1854 2318 28.

1123 2337 1158 2362 ut
1174 2337 1202 2362 te
1217 2331 1326 2362 reddat
1346 2330 1425 2361 natis
1438 2331 1580 2372 carisque
1595 2329 1777 2371 propinquis
1791 2330 1856 2361 Sat.

1122 2372 1143 2408 i,
1162 2374 1191 2410 1,
1207 2375 1259 2404 83.
1301 2372 1411 2403 reddas
1432 2371 1619 2403 incolumem
1636 2371 1771 2412 (Atticis
1785 2371 1856 2401 fini-

1122 2415 1200 2454 bus)
1230 2414 1292 2446 Od.
1323 2414 1344 2448 i.
1369 2415 1401 2450 3,
1434 2415 1466 2444 7.
1510 2413 1647 2444 redditus
1675 2413 1751 2454 Cyri
1776 2412 1855 2444 solio

1122 2457 1274 2488 Phraates
1293 2457 1356 2488 Od.
1374 2457 1408 2492 ii,
1425 2458 1457 2492 2,
1475 2456 1524 2486 17.
1567 2465 1638 2496 quae
1658 2455 1766 2486 bellua
1785 2455 1854 2486 red-

1122 2499 1168 2530 dit
1186 2510 1218 2530 se
1238 2509 1332 2540 prava
1353 2498 1495 2530 catenis!
1525 2498 1592 2528 Sat.
1613 2496 1648 2532 ii,
1671 2498 1703 2533 7,
1722 2497 1775 2528 71.
1817 2501 1854 2528 ut

1124 2552 1180 2573 nec
1211 2551 1265 2582 pes
1289 2551 1345 2572 nec
1370 2545 1467 2582 caput
1491 2539 1546 2570 uni
1576 2538 1721 2570 reddatur
1748 2538 1853 2570 sormae

1123 2584 1183 2625 Ep.
1201 2583 1239 2614 ad
1256 2583 1323 2614 Pis.
1339 2583 1370 2613 9.
1415 2582 1486 2613 vitae
1502 2591 1550 2613 me
1571 2581 1663 2612 redde
1684 2580 1775 2622 priori
1793 2581 1854 2623 ΕΡ.

1124 2625 1145 2662 i,
1161 2627 1192 2660 7,
1210 2627 1264 2656 95.
1310 2624 1387 2654 mihi
1407 2634 1455 2655 me
1475 2623 1606 2655 reddens
1620 2623 1740 2664 agellus
1754 2623 1818 2664 Ep.
1831 2622 1853 2658 i,

1126 2669 1178 2703 14,
1198 2669 1226 2698 l.
1269 2667 1365 2698 finitis
1389 2666 1528 2696 animum
1551 2665 1677 2696 reddere
1699 2665 1854 2695 amoribus

1125 2710 1186 2740 Od.
1207 2709 1228 2746 i,
1255 2710 1305 2744 19,
1330 2710 1361 2739 4.
1405 2718 1510 2739 curam
1532 2707 1626 2738 redde
1644 2707 1766 2738 brevem
1792 2706 1854 2748 Ep.

1123 2750 1156 2789 ii,
1179 2753 1214 2788 ,1,
1241 2752 1316 2782 216.
1361 2760 1456 2792 quum
1482 2749 1540 2780 tibi
1564 2748 1728 2780 laceranda
1749 2749 1857 2779 reddet

1123 2803 1239 2824 cornua
1267 2800 1374 2824 taurus
1403 2791 1464 2823 Od.
1493 2791 1538 2828 iii,
1568 2787 1622 2826 27,
1650 2791 1704 2821 71.
1760 2790 1853 2822 verbo

1123 2836 1249 2867 verbum
1277 2835 1403 2866 reddere
1430 2835 1490 2875 Ep.
1518 2832 1557 2864 ad
1585 2831 1652 2863 Pis.
1682 2833 1755 2863 133.
1807 2841 1855 2862 re-

348 2880 375 2910 si
396 2880 478 2911 vitiis
494 2880 604 2923 paucis
621 2879 768 2910 mendosa
790 2886 838 2909 est
858 2884 979 2914 natura,
1000 2878 1075 2909 alio·
1110 2879 1213 2919 ferre,
1228 2887 1376 2908 narrare.-
1407 2875 1462 2906 sed
1486 2874 1539 2905 illa
1559 2873 1652 2906 redde
1671 2884 1742 2916 quae
1764 2873 1854 2904 dein-

347 2922 401 2962 qui
417 2928 500 2954 recta
519 2924 585 2954 Sat.
604 2922 626 2957 i,
642 2923 672 2958 6,
689 2922 744 2952 66.
787 2920 967 2952 nominibus
986 2920 1077 2951 rectis
1120 2930 1194 2961 ceps
1216 2919 1318 2956 risisti
1337 2919 1402 2949 Sat.
1431 2917 1466 2952 ii,
1489 2919 1520 2953 8.
1544 2917 1596 2948 80.
1638 2915 1737 2947 vitatu
1759 2914 1854 2956 quid-

346 2966 519 3007 expeudere
545 2974 686 2996 nummos
711 2964 772 3006 Ep.
796 2963 828 2999 ii,
857 2964 886 3000 1,
913 2964 984 2995 105.
1026 2972 1073 2994 se-

1119 2972 1182 3003 que
1206 2961 1304 3003 petitu
1331 2961 1371 2992 sit
1395 2959 1516 2996 melius,
1534 2968 1646 2990 causas
1663 2957 1772 2990 reddet
1795 2957 1854 2989 tibi
