1884 3288
15 1757 111 1798 *62-

602 235 830 278 LIBER
860 235 944 286 III,
975 235 1016 277 4«.

259 342 311 383 15

1514 235 1594 277 133

400 340 635 394 Saltusque
657 337 884 388 Bantinos,
907 343 952 378 et
972 352 1122 379 arvum

456 407 626 462 Pingue
648 411 799 447 tenent
819 403 992 446 humilis
1015 405 1226 460 Forenti,)

343 475 406 517 Ut
427 481 523 516 tuto
544 474 600 515 ab
622 474 727 515 atris
749 487 934 528 corpore
954 473 1115 528 viperis

342 543 592 585 Dormirem
613 548 659 583 et
679 541 792 582 ursis
806 558 815 592 ;

848 547 898 582 ut
918 555 1140 596 premerer
1161 555 1286 583 sacra

399 610 637 665 Lauroque
659 608 903 664 collataque
926 616 1080 664 myrto,

253 679 312 722 20

456 678 564 720 Non
585 679 677 720 sine
699 677 784 719 Dis
806 677 1024 719 animosus
1046 677 1202 720 infans.

342 747 519 798 Vester,
544 747 763 795 Camenae,
785 753 930 788 vester
951 747 994 788 in
1015 747 1175 789 arduos

338 814 494 858 Tollor
515 815 728 866 Sabin0s3
763 830 842 856 seu
865 815 968 856 mihi
989 815 1198 871 frigidum

402 884 644 934 Praeneste,
667 898 747 926 seu
765 883 910 926 Tibur
933 884 1152 939 supinum,

457 952 549 994 Seu
569 952 747 1008 liquidae
767 950 972 1007 placuere
995 952 1131 994 Baiae.

253 1021 312 1064 25
341 1020 516 1063 Vestris
538 1021 726 1062 amicum
746 1020 940 1063 fontibus
962 1028 1006 1063 et
1027 1021 1188 1071 choris,

339 1089 447 1132 Non
466 1104 534 1131 me
556 1088 776 1144 Philippis
797 1103 922 1130 versa
943 1089 1056 1131 acies
1078 1096 1210 1139 retro,

49 1211 116 1235 nou
131 1207 229 1234 totam
243 1213 321 1240 rem,
334 1209 370 1235 ut
386 1203 589 1245 Boettigerus
603 1213 692 1235 meus
709 1208 802 1234 autu-

50 1250 130 1282 mat,
148 1246 190 1277 ad
205 1245 310 1277 simile
329 1246 488 1288 quoddam
509 1246 639 1278 Pindari
654 1246 693 1278 de
709 1257 801 1289 puer-

52 1287 111 1320 itia
123 1299 182 1320 sua
201 1295 416 1320 commentum
439 1290 581 1325 finxisse,
596 1289 651 1320 sed
670 1300 707 1321 ea
732 1296 802 1320 tan-

50 1337 134 1370 tum,
150 1342 168 1364 e
188 1331 308 1374 quibus
327 1343 360 1364 se
382 1338 450 1363 tum
475 1343 493 1364 a
516 1332 623 1363 Musis
644 1339 803 1364 servatum

50 1384 120 1407 esse
149 1381 311 1418 appareat,
344 1375 503 1406 effinxisse
527 1375 667 1407 videtur.
718 1376 800 1407 Rem

49 1427 156 1450 veram
176 1417 274 1460 igitur
290 1429 322 1450 re
342 1418 417 1449 ficta
433 1418 473 1450 de
493 1417 711 1460 palumbibus,
729 1429 801 1460 quae

52 1460 235 1499 Horatium,
263 1466 300 1492 ut
327 1461 466 1492 futurum
494 1468 633 1504 poetam,
659 1461 747 1492 lauro
772 1467 804 1492 et

50 1510 156 1546 myrto
175 1505 344 1536 Musarum
364 1504 458 1546 jussu
479 1511 590 1536 contra
611 1515 709 1535 saevas
730 1504 802 1536 bes-

50 1545 112 1580 tim
129 1546 245 1580 texisse
263 1547 426 1584 dicuntur,
444 1547 568 1589 egregie
584 1548 618 1578 in
634 1548 802 1579 Musarum

50 1588 180 1623 landem
205 1595 349 1622 exornat.
392 1590 554 1622 Palumbes
570 1590 735 1633 fabulosae,
763 1590 803 1622 de

52 1642 188 1676 quarum
221 1632 398 1665 ministerio
431 1644 517 1676 saepe
551 1633 585 1664 in
618 1634 736 1666 fabulis
769 1635 804 1665 fit

51 1676 193 1716 mentitu
215 1675 262 1708 sic
277 1678 419 1708 columbe
433 1677 453 1708 J
457 1676 506 1707 ovi
520 1676 708 1708 ambrosiam
722 1683 805 1708 attu-

50 1718 128 1752 lisse
149 1719 314 1760 finguntur
335 1719 422 1763 apud
445 1720 576 1751 Homer.
600 1720 720 1762 Odyss.
744 1719 800 1757 xii,

147 1762 279 1794 Vultur-e
289 1764 324 1794 in
335 1763 458 1803 Appula
470 1764 598 1794 Attricis
611 1770 697 1794 extra
711 1764 803 1794 limen

52 1807 176 1847 Apulia
202 1807 294 1839 Ludo
309 1805 548 1848 fatigatumque
573 1817 683 1844 somno,
710 1806 742 1837 h.
771 1817 801 1837 e.

53 1858 128 1880 eum
147 1854 237 1880 extra
258 1849 448 1885 Venusiam,
464 1859 536 1890 quae
557 1849 640 1880 alma
655 1849 688 1880 in
709 1850 802 1890 Apu·

54 1890 98 1923 lia
116 1891 193 1923 milii
208 1898 257 1923 est
269 1891 384 1934 patria,
400 1902 451 1924 me
467 1892 513 1923 ita
531 1891 695 1933 fatigasset
709 1891 804 1923 ludus

846 1203 1045 1239 Acheruntia,
1056 1201 1142 1244 quod
1158 1201 1190 1232 in
1206 1202 1277 1233 loco
1289 1201 1399 1238 arduo,
1419 1200 1485 1232 nidi
1498 1199 1600 1231 instar

847 1246 881 1276 in
897 1245 983 1276 celsa
998 1247 1119 1280 arbore,
1137 1251 1298 1277 exstructa
1317 1245 1390 1280 fuit,
1407 1246 1499 1275 nidus
1514 1245 1595 1275 celsa:

848 1290 1036 1320 Acherontiae
1048 1294 1197 1327 vocatur3
1221 1289 1260 1319 ad
1275 1298 1370 1330 quam
1389 1288 1432 1319 rei
1447 1286 1596 1318 similitu-

848 1332 955 1363 dinem
979 1331 1091 1364 Cicero
1110 1342 1236 1373 quoque
1257 1333 1368 1374 (Orat.
1388 1330 1410 1366 i,
1429 1332 1488 1369 44)
1508 1329 1597 1361 Itha-

847 1385 917 1405 cam
942 1376 1085 1406 nidulum
1113 1377 1144 1405 in
1170 1376 1344 1415 asperrimis
1368 1375 1446 1404 saxis
1471 1373 1599 1414 affixum

848 1417 1001 1459 appellat.
1046 1418 1208 1458 Saltusque
1239 1417 1402 1452 Bantinos,
1433 1416 1597 1451 Bantiam,

848 1460 981 1491 saltibus
1004 1460 1153 1491 cinctam.
1199 1460 1326 1491 Forenti
1351 1462 1457 1502 (nuuc
1482 1459 1597 1490 Foren-

850 1504 914 1542 za)‚
931 1503 1041 1546 oppidi
1059 1503 1091 1534 in
1109 1503 1191 1534 valle
1207 1503 1271 1539 siti,
1289 1502 1372 1534 unde
1388 1501 1469 1533 illud
1485 1503 1600 1533 humile

846 1546 968 1578 dictum
988 1552 1048 1578 est.
1098 1547 1138 1578 Ut
1163 1557 1317 1586 premerer
1343 1546 1504 1587 eleganter
1530 1555 1598 1587 pro,

848 1589 895 1620 uti
922 1596 1114 1631 contegerer.
1161 1591 1294 1626 collata,
1319 1594 1488 1630 congesta;
1515 1589 1600 1630 finge

848 1633 906 1664 tibi
930 1633 1096 1675 palumbes
1118 1633 1243 1664 laurum
1266 1638 1298 1664 et
1318 1638 1455 1674 myrtum
1478 1642 1496 1663 e
1519 1632 1599 1664 locis

848 1676 1072 1707 remotioribus
1085 1677 1240 1707 attulisse.
1278 1676 1349 1707 Non
1364 1678 1428 1707 sine
1446 1675 1502 1706 Dis
1517 1675 1598 1717 (οὐκ

847 1719 968 1757 ἀθεεὶ),
996 1720 1056 1750 sub
1090 1719 1256 1750 Musarum
1283 1718 1395 1750 tutela.
1439 1720 1601 1749 Animosus

847 1763 964 1804 infans,
985 1762 1200 1803 significanter
1219 1773 1284 1804 pro,
1309 1772 1380 1802 ego.
1426 1763 1598 1797 Animosus,

847 1811 914 1836 tam
940 1806 1057 1840 audax,
1084 1810 1119 1835 ut
1150 1815 1188 1836 ne
1218 1811 1350 1836 terrores
1375 1804 1518 1846 quidem,
1545 1804 1600 1846 qui

847 1848 978 1879 omnino
1000 1847 1119 1879 nemori
1142 1847 1247 1879 inesse
1266 1848 1482 1889 perhibentur,
1503 1858 1600 1890 expa-

847 1891 955 1928 visset,
969 1891 1047 1934 quin
1067 1890 1169 1934 potius
1183 1890 1227 1922 ibi
1239 1891 1326 1922 solus
1337 1890 1497 1922 dormiret.
1543 1891 1599 1921 In·

54 1934 198 1977 puerilis,
214 1940 251 1966 ut
264 1945 376 1967 somno
395 1935 586 1977 opprimerer
602 1935 634 1966 in
655 1935 804 1971 Vulture,
837 1934 930 1976 fam,
949 1945 1013 1976 qua
1034 1945 1110 1967 voce
1135 1945 1168 1966 se
1187 1935 1291 1976 ipsum
1313 1933 1345 1965 h.
1365 1934 1388 1965 1.
1409 1940 1444 1966 ut
1465 1944 1599 1977 puerum

54 1984 164 2011 monte
194 1977 336 2020 Appulo.
393 1979 509 2009 Vultur
538 1988 593 2010 seu
634 1979 807 2010 Vulturnus

54 2030 148 2052 mons
178 2020 304 2064 Apuliae
331 2021 366 2052 in
395 2021 569 2052 Lucaniam
596 2032 803 2064 procurrens;

54 2062 215 2106 adjecisse
225 2069 330 2095 autem
347 2070 440 2106 poeta
452 2063 522 2095 ideo
535 2064 658 2096 videtur
672 2065 805 2105 Appula,

56 2112 94 2139 ut
107 2117 178 2138 eam
198 2106 315 2138 montis
331 2113 452 2149 partem
467 2107 653 2148 'designaret
671 2119 743 2150 quae
764 2108 806 2139 ad

54 2149 210 2192 Apuliam
247 2150 448 2182 referebatur.
507 2152 635 2182 Alit-icis
671 2152 803 2190 Apuliae,

54 2197 147 2224 terrm
169 2192 290 2241 patriae.
323 2193 470 2230 Venusiae,
493 2193 576 2225 iuter
596 2193 749 2236 Apuliam
775 2199 808 2225 et

37 2245 56 2259 0
86 2245 236 2268 aceniam
252 2235 341 2275 sitae5
365 2237 468 2274 limen,
483 2235 628 2279 intellige
643 2247 698 2268 eos
714 2242 805 2268 nata·

71 2278 89 2287 ''
121 2278 181 2310 noli
210 2279 373 2318 terminos,
400 2279 484 2311 ultra
509 2290 600 2322 quoa,
631 2285 666 2311 ut
693 2287 807 2311 tenerae

55 2321 162 2354 adhue
183 2321 287 2354 etatis
304 2333 393 2366 puer,
409 2332 473 2354 non
493 2322 621 2364 evagari
642 2323 810 2355 debuerat.

2 2384 7 2390 ==
57 2364 150 2399 Indo
164 2366 522 2415 mnoquefatigatum:
546 2366 669 2409 proprie
681 2366 808 2408 quidem

0 2616 174 2711 em

55 2417 124 2440 m
144 2418 256 2441 wmno
277 2408 461 2451 fatigamur,
487 2409 543 2441 sed
568 2410 675 2441 labore
702 2410 810 2452 aliquo

55 2450 224 2494 defatigati
245 2462 284 2484 eo
310 2451 538 2495 opprimimur3
565 2453 675 2495 itaque
697 2454 735 2485 τὸ
758 2464 811 2493 op-

161 2505 204 2533 m,
231 2495 319 2538 quod
345 2495 441 2527 simul
471 2496 505 2528 in
535 2506 612 2528 voce
632 2497 812 2539 fatigatum

53 2541 149 2575 utet,
175 2537 251 2570 iude
277 2537 350 2570 elici
373 2539 479 2574 debet,
507 2545 544 2570 ut
568 2539 653 2581 apud
681 2540 812 2571 Homer.

47 2578 157 2616 >mad-
171 2580 228 2620 xii,
243 2582 299 2618 98,
314 2582 456 2624 καμάτῳ
477 2581 660 2622 ἀδδηκότες
678 2581 735 2622 ἠδὲ
756 2583 811 2614 καὶ

46 2630 48 2635 “
218 2624 353 2663 Fronde,
372 2635 417 2656 sc.
439 2624 522 2656 lauri
543 2630 576 2657 et
594 2626 703 2667 myrti,
719 2630 755 2656 ut
773 2636 813 2658 ex

176 2673 327 2711 apparet:
352 2679 441 2704 noua,
459 2678 568 2700 recens
591 2674 677 2704 nata,
694 2668 785 2699 viridi
803 2681 811 2707 3

47 2708 108 2748 ’ᾖε
130 2710 362 2754 nwoesrondes
381 2711 465 2754 apud
487 2711 583 2743 Ovid.
602 2711 672 2743 Art.
691 2711 767 2743 Am.
790 2712 813 2749 i,

21 2748 139 2793 Q,
154 2754 244 2786 Fast-
266 2753 314 2790 iii,
333 2755 408 2792 138,
425 2760 458 2787 et
472 2754 518 2786 sic
539 2756 654 2797 passim
674 2756 743 2786 novi
759 2755 815 2787 flo-

34 2795 127 2840 gffiss.
142 2808 221 2830 nova
242 2796 352 2832 herba.
370 2808 452 2836 rosa,
472 2803 550 2829 cett.
594 2798 715 2829 Mirum
738 2800 818 2839 quod
861 2804 957 2840 gente
979 2799 1129 2841 positum,
1151 2799 1202 2831 vel
1226 2799 1332 2841 (quod
1354 2799 1464 2830 Livius
1485 2799 1507 2835 i,
1531 2801 1551 2831 3
1575 2799 1615 2831 de

56 2844 58 2846 ’
87 2841 92 2846 ’
157 2841 308 2879 omnibus,
322 2846 400 2873 cett.
420 2841 506 2884 quod
530 2840 819 2873 omnesVulturni

141 2881 192 2915 lu
210 2883 246 2915 iu
267 2889 426 2926 stuporem
445 2883 546 2919 dedit,
564 2894 638 2922 cum
660 2883 818 2922 viderent,

42 2927 113 2963 αα,
126 2925 162 2959 h.
182 2936 215 2958 e.
235 2925 408 2969 quomodo,
427 2929 601 2963 dormirem,
623 2933 699 2958 cett.
742 2928 820 2959 Tes-

130 2974 246 3018 putem
276 2969 372 3012 hujus
399 2971 443 3002 rei
470 2970 549 3002 facit
573 2970 696 3002 incolas
726 2970 822 3002 trium

52 3010 265 3089 ‚monum
288 3013 322 3045 in
344 3013 462 3046 montis
484 3013 640 3046 Vulturni
661 3012 826 3046 vicinitate
868 3014 1064 3047 salubritatis
1083 3025 1181 3046 causa
1201 3014 1302 3051 Baiis,
1325 3014 1441 3057 oppido
1464 3014 1497 3045 in
1522 3015 1618 3046 Cam-

54 3069 61 3074 ”
165 3065 210 3094 m,
233 3057 437 3095 Acherontiae,
462 3057 597 3096 Bauliae,
624 3061 657 3090 et
686 3057 825 3090 Forenti.

850 1977 1022 2019 significat.

891 2022 1034 2052 214-28.
1057 2022 1262 2062 Quocunque
1285 2030 1336 2052 me
1358 2019 1498 2057 confero,
1522 2019 1601 2051 mihi

848 2063 966 2095 adestis
989 2066 1132 2100 comites,
1156 2071 1188 2096 et
1209 2074 1259 2095 me
1282 2069 1318 2094 ut
1335 2069 1476 2095 vestrum
1499 2063 1601 2094 alum-

850 2117 925 2138 num
949 2113 982 2138 et
1004 2107 1157 2138 cultorem
1181 2114 1284 2138 vestro
1305 2107 1418 2138 fovetis
1440 2112 1473 2138 et
1495 2106 1602 2147 tegitis

849 2150 1010 2192 praesidio.
1055 2150 1109 2181 Ad
1132 2161 1227 2193 quam
1253 2149 1383 2192 quidem
1411 2150 1602 2181 senteutiam

849 2193 1063 2226 exornandam
1087 2201 1198 2236 sponte
1224 2193 1356 2225 Horatio
1382 2204 1468 2225 nunc
1492 2203 1530 2224 ea
1553 2193 1602 2224 in-

850 2236 959 2285 primis
982 2247 1127 2277 agrorum
1152 2238 1222 2268 loca
1244 2247 1407 2268 occurrere
1429 2237 1603 2273 debebant,

851 2290 884 2310 in
908 2290 981 2321 quae
1009 2279 1127 2322 saepius
1153 2291 1191 2312 ex
1217 2280 1293 2312 urbe
1315 2279 1414 2311 animi
1439 2279 1604 2312 recreandi

853 2333 953 2354 causa
974 2323 1121 2355 secedere
1144 2323 1277 2356 solebat.
1325 2323 1363 2354 In
1379 2325 1491 2355 arduos
1515 2325 1606 2354 tollor

852 2367 988 2402 Sabinos,
1013 2367 1068 2397 ubi
1091 2367 1199 2398 villam
1222 2377 1312 2398 suam
1336 2366 1477 2398 habebat
1500 2367 1605 2398 Hora-

852 2409 937 2441 tius:
962 2410 1004 2442 cf.
1027 2419 1098 2453 sup.
1119 2410 1154 2448 ii,
1182 2411 1234 2446 13,
1256 2411 1309 2441 14.
1358 2410 1462 2441 Tollor
1483 2409 1604 2451 signifi-

855 2458 965 2484 canter
981 2463 1050 2495 pr0,
1067 2454 1259 2496 proficiscor,
1275 2453 1351 2495 quia
1367 2453 1400 2484 in
1421 2453 1492 2484 loca
1508 2453 1607 2484 ardua

856 2496 1090 2538 proficiscentes
1118 2507 1174 2539 per
1206 2496 1343 2528 acclivia
1377 2496 1448 2528 tolli
1477 2495 1608 2528 debent.

858 2540 1025 2581 Frigidum
1043 2541 1208 2576 Praeneste,
1226 2540 1286 2571 hoc
1306 2550 1435 2581 quoque
1452 2540 1536 2571 Latii
1551 2551 1608 2582 op-

856 2582 967 2625 pidum
999 2583 1102 2620 (nunc
1135 2582 1334 2623 Paleslrina)
1366 2583 1398 2613 in
1428 2583 1499 2614 loco
1526 2583 1610 2614 edito

857 2627 954 2657 situm
974 2625 1045 2662 fuit,
1063 2626 1147 2658 unde
1165 2626 1247 2658 illud
1262 2627 1362 2658 altum
1377 2625 1496 2658 dicitur
1517 2626 1611 2668 Virg.

862 2670 942 2701 AEn.
959 2668 1014 2705 vii,
1030 2670 1116 2701 682:
1141 2669 1183 2702 cf.
1204 2670 1310 2701 Strab.
1329 2680 1360 2706 v,
1378 2681 1411 2712 p.
1427 2670 1503 2705 348,
1520 2676 1551 2702 et
1570 2671 1611 2701 ob

859 2711 892 2743 id
908 2711 1014 2755 ipsum
1036 2712 1182 2748 Horatio,
1190 2713 1366 2756 frigidum.
1415 2713 1510 2744 Tibur
1527 2715 1612 2754 supi-

859 2757 1056 2799 uum‘(nunc
1081 2755 1212 2796 Tivoli),
1228 2755 1260 2788 iu
1279 2756 1360 2787 colle
1379 2755 1492 2788 leniter
1508 2766 1614 2787 assur-

864 2842 951 2874 Alba
975 2843 1084 2884 Longa
1106 2842 1219 2883 dixit),
1240 2842 1274 2873 in
1291 2842 1408 2873 montis
1428 2842 1522 2874 dorso
1544 2853 1618 2885 poi·-

865 2890 985 2917 rectum
1001 2897 1008 2915 :
1033 2885 1072 2917 de
1087 2896 1164 2917 voce
1179 2888 1310 2926 supinus
1325 2885 1359 2916 in
1376 2885 1435 2916 hac
1457 2885 1616 2926 significa-

866 2929 952 2960 tione
969 2928 1034 2960 vid.
1050 2928 1231 2960 Beothius.
1248 2929 1288 2960 ad
1305 2927 1410 2971 Epod.
1429 2929 1459 2964 1,
1473 2930 1527 2960 29.
1559 2929 1616 2960 Li-

865 2973 965 3013 quidoe
979 2971 1060 3004 refer
1078 2972 1118 3003 ad
1137 2978 1284 3004 naturam
1304 2982 1469 3014 aquarum,
1484 2981 1619 3012 quarum

870 3057 967 3102 pania
982 3058 1212 3097 amoenissimo,
1231 3058 1384 3095 Romani,
1401 3063 1437 3089 ut
1451 3056 1528 3089 satis
1544 3067 1626 3089 conv
