1884 3288
637 209 863 253 LIBER
895 209 956 261 ΙΙ,
992 210 1056 251 19.

365 313 484 357 Aula
503 312 680 354 divitem
699 315 845 352 manet

421 381 607 424 Herum.
669 378 792 427 Quid
813 376 930 419 ultra
949 377 1126 419 tendis?
1158 376 1311 432 AEqua
1331 376 1459 420 tellus

314 459 318 463 ”
362 448 556 504 Pauperi
576 446 818 490 recluditur

420 516 684 572 Regumque
704 514 878 570 pueris:
911 528 992 556 nec
1013 512 1188 555 satelles
1210 513 1319 555 Orci

274 585 332 627 35
358 583 576 635 ⁴Callidum
599 581 864 624 Promethea

419 652 611 694 Revexit
632 665 740 692 auro
761 657 930 705 captus.

993 649 1081 692 Hic
1105 650 1344 705 superbum

360 719 610 770 Tantalum,
633 726 766 774 atque
786 717 965 760 Tantali

419 788 576 830 Genus
597 794 770 830 coercet
787 805 796 838 3
819 786 890 829 hic
911 786 1056 829 levare
1077 787 1275 829 functum

362 855 612 911 Pauperem
632 853 860 897 laboribus

273 923 331 966 40
418 923 616 967 Vocatus
637 929 770 978 atque
791 937 879 965 non
898 929 1078 965 vocatus
1099 923 1237 965 audit.

619 1125 898 1169 CARMEN
932 1126 1064 1168 XIX.

574 1290 646 1320 IN
694 1289 1018 1321 BACCHU

1053 1290 1110 1320 M.

358 1416 588 1459 BACCHUM
609 1417 653 1458 in
674 1417 850 1459 remotis
873 1417 1063 1458 carmina
1083 1416 1268 1471 rupibus

359 1484 466 1528 Vidi
486 1485 729 1536 docentem,
753 1485 936 1539 (credite
957 1485 1123 1540 posteri
1141 1485 1169 1539 ἱ)

414 1552 736 1609 Nymphasque
757 1552 988 1603 discentes,
1010 1559 1054 1595 et
1073 1567 1201 1594 aures

477 1620 776 1676 Capripedum
798 1621 1056 1676 Satyrorum
1078 1627 1244 1662 acutas.

71 1722 194 1764 Junge,
221 1723 320 1755 Nulla
344 1730 445 1754 tamen
467 1724 544 1754 aula
569 1730 670 1754 manet
694 1725 820 1755 divitem

72 1765 179 1798 herum
201 1768 312 1798 certior
334 1769 455 1806 rapacis
479 1767 554 1797 Orci
566 1767 636 1808 fine
655 1769 820 1802 destinata,

69 1807 105 1840 h.
119 1819 151 1841 e.
165 1809 307 1841 locorum
329 1809 500 1841 inferorum
519 1809 685 1841 destinatis
705 1809 822 1850 cuique

71 1851 211 1892 finibus3
237 1863 294 1901 pro
316 1853 451 1894 vulgari,
474 1863 557 1884 mors
580 1859 686 1884 tamen
710 1852 822 1883 divites

69 1892 148 1931 istos
163 1900 196 1927 et
209 1895 347 1938 injustos
356 1895 501 1928 homines
514 1901 620 1927 manet
634 1894 820 1927 certissime

73 1937 137 1970 Pro
154 1940 225 1980 fine
252 1945 314 1971 tres
339 1938 443 1971 Codd.
472 1938 650 1980 Cruquiani
676 1944 709 1969 et
737 1948 820 1969 unus

71 1982 157 2024 apud
173 1981 284 2014 Bentl.
301 1981 560 2014 Zulichemianus
575 1981 723 2017 offerunt,
739 1983 820 2012 sede.

73 2024 137 2056 Sed
157 2024 227 2057 haec
245 2024 341 2057 lectio
361 2024 474 2056 habuit
493 2025 624 2056 sortasse
643 2030 818 2061 auctorem,

71 2067 130 2142 3}st
144 2066 262 2100 frusta-a
277 2068 318 2100 de
336 2066 544 2111 grammatica
557 2073 639 2099 esset
655 2067 823 2099 sollicitus.

109 2120 160 2142 am
169 2111 251 2151 finis
269 2111 355 2142 haud
377 2121 447 2142 raro
465 2106 550 2153 apud
571 2111 707 2152 optimos
724 2121 820 2152 quos-

96 2163 136 2185 ue
149 2154 317 2196 scriptores
332 2153 366 2185 in
378 2163 492 2195 genere
504 2153 671 2185 foeminino
683 2153 821 2197 ponitur.

191 2207 223 2228 m
255 2197 290 2229 in
322 2196 456 2230 eandem
493 2197 683 2228 sententiam
716 2202 822 2227 exstat

73 2237 239 2272 Ammiani
250 2241 314 2283 Ep
330 2240 395 2277 xiv,
406 2239 542 2271 Anthol.
555 2240 663 2271 Graec.
675 2240 715 2271 T.
726 2239 773 2276 iii,
787 2250 818 2287 p.

71 2275 129 2319 95.
149 2282 204 2315 ubi
222 2293 337 2315 avarus
354 2282 497 2326 quidam,
516 2282 692 2314 vicinorum
712 2282 818 2314 termi-

70 2333 131 2361 no·
156 2336 281 2358 movere
303 2336 413 2363 ausus,
443 2326 482 2358 de
509 2326 617 2358 futura
640 2325 710 2368 ejus
735 2325 821 2378 apud

74 2366 189 2406 inferos
211 2375 398 2423 paupertate
423 2369 629 2400 admonetur:
663 2369 742 2401 Κᾶν
765 2368 821 2410 μέ·-

156 2380 364 2456 leithkovg
370 2414 508 2452 στηλῶν
516 2412 617 2460 ἔλθῃς
626 2413 823 2455 παρορίζων

35 2467 38 2469 ’
117 2465 176 2488 .e.
199 2455 284 2498 quod
308 2456 461 2488 Horatius
478 2455 570 2490 dixit
586 2458 713 2496 proxima
705 2467 734 2486 os
751 2459 823 2497 agri

151 2500 215 2531 inus
230 2499 408 2539 revellens),
425 2498 617 2572 Γῆςέιέρος
625 2499 823 2541 ἀνθρώποις

59 2563 74 2573 ..
146 2554 180 2575 ιν
198 2541 278 2574 ἴσον
296 2553 332 2574 σε
349 2541 451 2584 μένει.
527 2552 643 2582 opacis,
667 2542 713 2572 sic
737 2543 823 2584 apud

56 2542 204 2630 aba!
220 2585 284 2628 Ep
299 2585 333 2622 ii,
350 2587 382 2623 6,
399 2583 546 2624 ’Amne‘
529 2584 725 2627 αρπακτὴρ.

81 2596 271 2667 ,ΡΜ-40
283 2628 368 2664 Quid
391 2629 477 2659 ultra
503 2630 584 2659 tendu
580 2629 623 2659 '⁸2
649 2628 715 2660 Cur
734 2637 821 2669 spem

91 2691 93 2694 f
121 2687 125 2697 ι
142 2681 188 2702 ιιι
201 2671 287 2703 ultra
301 2670 375 2704 vitae
392 2670 560 2703 terminum
572 2671 743 2713 prorogas!
766 2680 823 2701 cur

84 2724 168 2750 fu
196 2713 339 2747 intentus
368 2725 413 2750 es.
442 2714 561 2756 quibus
591 2714 648 2746 tibi
674 2712 823 2744 morituro

159 2766 225 2791 non
246 2757 345 2790 licet!
369 2758 472 2799 AEqua
495 2759 588 2788 tellus
611 2756 750 2797 Pauperi
772 2766 822 2787 re-

90 2809 104 2836 ¹,
133 2801 216 2832 itur
237 2800 416 2849 Regumque
429 2802 552 2840 pueris.-
576 2799 668 2831 aliter
689 2797 823 2830 eandem

153 2842 264 2885 *utiam
277 2843 433 2891 expressit
444 2853 516 2886 sup.
532 2842 554 2879 i,
572 2844 603 2879 4,
624 2843 675 2873 13.
708 2842 823 2873 Reclu-

100 2884 122 2894 “’
163 2895 239 2924 ‚oe-
254 2885 456 2935 sepeliendis.
494 2866 621 2917 Satelles
637 2885 722 2920 Orci,
739 2885 824 2916 Cha-

196 2928 231 2961 ιιί
261 2928 405 2961 similiter
430 2929 583 2961 Leonidae
614 2929 687 2959 Tar.
711 2927 768 2964 lix,
796 2929 824 2962 l,

202 2971 328 3004 ..Graec
337 2973 378 3004 T.
388 2972 398 3003 i
403 2983 449 3015 ,.p
460 2973 534 3007 169.
545 2970 658 3003 Ἀΐδεω
668 2971 827 3013 λυπηρὸς

96 3013 233 3055 [ἢκουσε
268 3014 397 3047 dicitur.
446 3016 617 3054 Callidum,
656 3015 826 3052 ποικίλον,

865 1722 1106 1766 αἱμυλομῆτιν.
1137 1724 1263 1754 Revera
1278 1734 1355 1753 auro
1371 1727 1499 1762 eaptus:
1523 1721 1614 1753 sabu-

865 1766 929 1797 lam
945 1766 985 1798 de
1002 1767 1060 1798 hoc
1076 1765 1206 1801 callido.
1222 1776 1286 1807 quo
1306 1764 1511 1796 Prometheus
1527 1764 1615 1796 Cha-

866 1815 1000 1845 rontem,
1016 1816 1053 1841 ut
1074 1819 1107 1840 se
1128 1808 1299 1845 reveheret,
1317 1818 1395 1839 auro
1417 1817 1616 1849 corrumpere

865 1852 1011 1889 tentavit,
1040 1851 1186 1888 consilio,
1220 1832 1304 1882 haud
1339 1850 1434 1882 dubie
1468 1850 1618 1881 tractavit

865 1901 957 1937 poeta
972 1896 1119 1930 Graecus,
1135 1905 1229 1937 quem
1249 1894 1401 1925 Horatius
1416 1899 1545 1924 secutus
1559 1899 1618 1924 est.

865 1939 1046 1979 Superbum,
1062 1938 1205 1969 divitem.
1254 1938 1504 1978 Tantaligenus.
1521 1936 1616 1968 Pelo-

865 1991 948 2024 pem,
973 1982 1120 2019 Atreum.
1148 1981 1434 2022 Agamemnonem.
1459 1980 1620 2017 Orestem,

866 2024 928 2056 Hic
954 2027 1067 2060 levare,
1091 2029 1188 2055 cett.:
1213 2023 1327 2065 junge,
1351 2024 1401 2054 hic
1427 2029 1548 2054 vocatus
1575 2026 1617 2053 le-

865 2079 948 2103 vare,
972 2067 1006 2099 h.
1029 2078 1057 2099 e.
1081 2071 1117 2098 ut
1143 2067 1239 2098 levet.
1290 2066 1419 2097 Vocatus
1441 2073 1533 2107 atque
1556 2077 1615 2103 non

865 2118 999 2147 ιοοιιιιιε,
1015 2111 1197 2149 κᾶκλητος,
1214 2109 1354 2148 ἀκλητί.

1076 2196 1281 2228 CARMEN
1306 2195 1406 2226 XIX.

909 2239 1032 2270 Bacchi
1047 2238 1160 2271 laudes
1179 2238 1319 2270 carmine
1335 2236 1518 2269 sublimiore
1532 2237 1616 2269 cele-

863 2282 1024 2319 Maturus,
1046 2283 1138 2324 fingit
1156 2292 1222 2314 rem
1243 2281 1283 2313 ad
1303 2281 1446 2312 altiorem
1470 2280 1616 2329 spiritum

865 2326 972 2356 animo
991 2325 1236 2368 concipiendum
1255 2324 1464 2374 aptissimam.
1511 2323 1577 2355 In
1570 2335 1618 2366 ip-

865 2379 937 2399 sum
973 2368 1139 2400 Bacchum
1173 2374 1268 2411 poeta
1300 2367 1433 2403 incidit;
1466 2366 1552 2398 videt
1586 2373 1618 2399 et

867 2412 958 2443 audit
985 2422 1058 2443 eum
1086 2412 1120 2442 in
1148 2422 1225 2454 rupe
1252 2417 1370 2442 remota
1397 2391 1559 2453 Nymphis
1587 2417 1619 2441 et

867 2454 988 2502 Satyris
1010 2455 1151 2486 carmina
1171 2453 1418 2502 praecinentem;
1442 2458 1550 2502 stupet
1573 2459 1623 2484 at·

867 2498 998 2535 tonitus,
1023 2498 1120 2530 sentit
1145 2498 1198 2529 dei
1226 2497 1438 2545 praesentiam‚
1460 2496 1530 2539 ejus
1559 2507 1618 2527 nu-

867 2541 953 2572 mine
974 2541 1135 2583 impletur,
1153 2540 1241 2576 furit,
1257 2545 1291 2571 et
1308 2540 1409 2582 ipsms
1429 2540 1494 2575 dei,
1510 2540 1565 2581 qui
1585 2541 1618 2570 ln

865 2584 937 2626 ejus
950 2591 1061 2626 pectus
1073 2583 1293 2619 descenderat,
1309 2590 1346 2614 ut
1359 2583 1407 2614 fas
1417 2589 1495 2619 erat,
1509 2583 1621 2614 laudes

867 2627 964 2658 canit.
1011 2627 1108 2659 Canit
1126 2626 1223 2669 igitur
1241 2626 1378 2669 primum
1398 2632 1462 2657 tam
1483 2637 1619 2663 summa,

867 2669 984 2712 quibus
1001 2670 1056 2701 ille
1072 2670 1140 2712 pios
1159 2679 1320 2701 sacrorum
1339 2679 1466 2700 suorum
1483 2670 1621 2701 cultores

867 2719 996 2755 mactet,
1027 2713 1194 2749 beneficia,
1224 2722 1322 2754 quam
1351 2722 1464 2754 graves
1492 2723 1619 2754 poenas.

867 2756 986 2798 quibus
1015 2757 1097 2788 idem
1130 2765 1292 2788 sacrorum
1319 2765 1450 2786 suorum
1478 2762 1622 2787 contem-

868 2806 962 2836 tores,
978 2805 1015 2830 ut
1029 2799 1210 2831 Pentheum
1222 2805 1254 2830 et
1271 2799 1466 2840 Lycurgum,
1484 2799 1621 2834 afficiat;

867 2823 984 2874 deinde
1005 2842 1189 2878 maximam,
1206 2851 1271 2884 qua
1290 2841 1466 2873 saevissima
1482 2851 1622 2890 'quaeque

869 2884 988 2921 domet,
1000 2886 1192 2934 potentiam3
1209 2891 1275 2915 tum
1287 2884 1447 2926 insignem
1460 2885 1621 2920 virtutem,

869 2938 933 2970 qua
948 2928 1023 2960 Jovi
1039 2938 1072 2959 ιιι
1090 2927 1221 2976 ancipiti
1238 2934 1347 2959 contra
1365 2927 1522 2968 Gigantes
1538 2937 1622 2969 proe-

871 2972 913 3001 lio
936 2971 1092 3010 adfuerit;
1116 2970 1255 3013 denique
1274 2971 1416 3002 divinum
1442 2981 1460 3001 a
1485 2970 1623 3002 Cerbero

871 3014 951 3046 adeo
970 3014 999 3046 ei
1019 3014 1103 3058 apud
1127 3014 1243 3046 inferos
1267 3013 1440 3056 praestitum
1461 3013 1622 3043 honorem.

821 3060 869 3090 12
