1884 3288
558 348 1087 417 PRAEFATIO

470 562 816 595 EDITIONIS
865 563 1188 596 SECUNDAE.

52 847 211 890 PAUCA
247 853 349 889 sunt
383 861 482 902 quae
518 847 574 889 de
610 844 694 887 hac
729 845 917 901 repetita
959 845 1136 887 Horatii
1172 844 1372 887 Odarum
1406 843 1597 886 editione

50 925 268 969 monenda
287 922 504 968 videntur.
565 924 696 975 Nam,
729 940 829 980 quae
860 925 1134 980 potissimum
1165 924 1467 980 spectaverim,
1499 938 1598 966 cum

48 1005 235 1062 primum
255 1005 312 1047 ad
333 1004 552 1047 edendum
574 1004 809 1046 Horatium
830 1005 1019 1046 animum
1040 1003 1322 1060 appellerem,
1345 1010 1389 1045 et
1409 1018 1598 1059 quorum

49 1085 150 1128 usui
169 1085 366 1141 inprimis
387 1085 607 1141 adjectum
634 1085 989 1127 commentarium
1020 1085 1341 1136 destinaverim,
1369 1085 1461 1141 jam
1496 1084 1597 1126 olim

50 1166 96 1208 in
141 1165 398 1222 praefatione
443 1165 594 1220 primae
637 1165 819 1207 editioni
862 1165 1086 1220 praemissa
1131 1165 1352 1220 copiosius
1394 1165 1593 1220 exposui.

50 1243 151 1287 Nec
171 1259 239 1287 me
261 1243 427 1286 frustra
447 1243 493 1285 id
525 1243 697 1293 fecisse,
719 1258 775 1285 ex
801 1243 1008 1298 aequiore,
1032 1244 1151 1298 quod
1183 1244 1285 1286 inde
1317 1242 1512 1286 nonnulli
1539 1243 1595 1285 de

49 1322 340 1380 qualicunque
379 1337 476 1364 mea
527 1322 716 1364 Horatio
765 1323 964 1377 praestita
1004 1337 1137 1378 opera
1180 1321 1390 1372 tulerunt,
1426 1321 1596 1377 judicio

50 1401 259 1444 intellexi.
322 1401 497 1449 Quodsi
531 1402 664 1457 igitur
695 1401 880 1443 fortasse
911 1408 1054 1451 erunt,
1091 1401 1166 1456 qui
1202 1402 1257 1443 de
1288 1401 1371 1443 hac
1403 1401 1597 1443 secunda

50 1496 224 1537 quoque
246 1480 426 1523 Horatii
441 1480 690 1522 Carminum
712 1479 973 1535 Lyricorum
990 1480 1181 1522 editione
1199 1480 1458 1521 sententiam
1473 1494 1594 1521 suam

47 1561 350 1617 pronuncient,
386 1576 477 1611 eos,
507 1575 562 1602 ne
594 1559 774 1611 consilii,
807 1560 927 1615 quod
958 1560 1002 1601 in
1037 1559 1226 1601 Horatio
1257 1559 1590 1615 interpretando

50 1646 227 1682 secutus
249 1654 359 1689 sum,
389 1640 659 1682 immemores
682 1640 780 1690 sint,
802 1639 933 1681 etiam
954 1646 1084 1694 atque
1106 1639 1236 1681 etiam
1256 1640 1444 1680 monitos
1466 1654 1593 1694 roga-

47 1726 207 1775 tosque
227 1718 384 1761 habeo.
446 1717 663 1760 Versatus
680 1724 825 1759 autem
843 1733 938 1759 sum
955 1718 999 1759 in
1020 1719 1087 1768 iis,
1105 1734 1204 1773 quae
1222 1717 1322 1760 olim
1340 1718 1510 1773 scripsi,
1528 1732 1595 1759 re-

51 1798 370 1855 cognoscendis
400 1798 474 1848 ita,
495 1805 544 1839 ut
574 1798 736 1853 passim
766 1797 849 1839 alia
870 1797 1159 1847 immutarem,
1182 1797 1265 1839 alia
1294 1798 1486 1848 brevius,
1509 1797 1592 1840 alia

50 1877 257 1921 disertius
290 1875 569 1932 explicarem,
607 1876 691 1918 alia
724 1876 852 1932 plane
889 1876 1095 1927 delerem,
1125 1877 1209 1919 alia
1244 1878 1300 1919 ad
1333 1892 1426 1919 rem
1458 1878 1594 1933 magis

48 1957 350 2001 illustrandam
382 1956 608 1998 afferrem:
649 1970 703 1998 ne
735 1955 892 1998 multa!
940 1936 1176 2017 fecitquod
1208 1956 1314 1998 mihi
1346 1955 1595 1998 faciendum

49 2051 147 2079 esse
167 2035 331 2092 putavi,
353 2035 421 2077 vel
441 2049 522 2090 pro
543 2034 698 2075 virium
718 2049 912 2076 mearum
933 2035 1109 2077 modulo
1131 2035 1274 2078 facere
1295 2036 1433 2091 potui.
1495 2035 1595 2078 Nec

51 2115 193 2160 defuit
213 2114 332 2165 mihi,
355 2126 484 2170 quam
505 2113 549 2154 in
570 2121 717 2168 partes
738 2128 952 2164 vocarem,
969 2129 1082 2156 nova
1102 2114 1280 2156 Horatii
1297 2115 1440 2157 Carm.
1459 2115 1590 2158 Libb.

47 2195 107 2248 V,
130 2211 156 2237 a
174 2192 517 2248 Vanderburgio
535 2192 742 2246 (Lutetiis
767 2193 1047 2244 Parisiorum,
1066 2194 1193 2248 1812)
1212 2195 1426 2237 adornata
1442 2196 1590 2238 editio.

48 2274 255 2316 Ceterum
281 2288 369 2329 quo
401 2272 573 2328 gravior
593 2270 700 2312 mihi
727 2278 794 2313 est
815 2272 1053 2314 auctoritas
1076 2287 1239 2324 eorum,
1263 2274 1339 2329 qui
1360 2275 1417 2316 ad
1446 2282 1594 2317 cetera

47 2352 223 2395 Horatii
239 2351 441 2394 Carmina
460 2342 584 2392 simili
600 2351 961 2406 interpretatione
978 2351 1235 2394 instruenda
1247 2368 1316 2395 me
1330 2354 1590 2406 excitarunt,

47 2443 101 2475 eo
135 2431 300 2487 majore
333 2430 552 2473 industria
586 2435 717 2485 atque
758 2429 968 2485 religione
1003 2429 1135 2472 fidem
1171 2432 1263 2487 jam
1304 2433 1405 2475 olim
1446 2435 1591 2476 datam

48 2510 279 2554 exsolvam.

105 2681 284 2733 Gothae,
306 2696 452 2724 mense
475 2680 598 2738 Sept.
623 2694 865 2724 MDcccxw.

1147 2831 1467 2875 DOERING.
