1884 3288
641 202 868 246 LIBER
904 205 941 255 I,
972 206 1014 247 4.

344 299 453 343 Post
472 301 615 355 ignem
636 301 817 344 aetheria
837 303 968 345 domo

250 367 308 409 30

395 367 671 411 subductum
693 369 862 412 Macies
883 378 927 413 et
947 386 1059 414 nova
1080 372 1288 416 Febrium

337 435 491 477 Terris
511 437 709 479 incubuit
730 438 887 480 cohors
904 456 914 490 3

394 503 645 559 Semotique
665 506 787 560 prius
810 507 934 549 tarda
955 508 1192 550 necessitas

335 570 438 612 Leti
458 573 669 627 corripuit
690 574 889 628 gradum.

391 638 619 695 Expertus
641 655 825 683 vacuum
847 641 1062 685 Daedalus
1085 659 1187 686 aera

243 705 301 748 35
331 705 493 749 Pennis
514 723 602 750 non
621 708 784 751 homini
805 710 933 753 datis.

387 774 597 831 Perrupit
617 775 873 820 Acheronta
894 777 1146 821 Herculeus
1168 779 1306 823 labor.

331 841 409 884 Nil
428 843 682 886 mortalibus
704 846 890 888 arduum
911 855 978 889 est
995 863 1004 888 ε

387 911 560 954 Coelum
580 914 723 969 ipsum
743 903 1152 970 petimusstultitia,
1174 931 1318 973 neque

328 978 417 1022 Per
437 989 634 1023 nostruin
654 983 843 1037 patimur
863 983 1004 1025 scelus

240 1046 298 1088 40

384 1047 602 1091 Iracunda
621 1049 651 1091 J
655 1065 778 1093 ovem
798 1066 963 1107 ponere
985 1051 1178 1095 fulmina.

617 1263 895 1306 CARMEN
930 1264 1014 1307 IV.

544 1370 555 1373 ⁷⁷
577 1393 648 1424 AD
689 1393 730 1424 L.
778 1393 1047 1425 SEXTIUM.

260 1539 496 1583 SOLVITUR
516 1541 628 1582 acris
650 1540 787 1582 hiems
811 1547 937 1596 grata
957 1541 1051 1583 vice
1072 1542 1185 1583 veris
1208 1549 1252 1584 et
1274 1541 1454 1594 Favoni,

319 1608 614 1664 Trahuntque
637 1610 774 1651 siccas
797 1598 1010 1651 m⁸achinae
1032 1597 1200 1651 carinas
1219 1628 1228 1663 3

28 1759 151 1808 nequit,
163 1759 364 1797 insociabile,
379 1759 490 1791 malim
510 1760 682 1803 explicare,
700 1759 788 1791 haud

27 1804 180 1835 sociando
194 1814 240 1835 sc.
255 1813 329 1835 cum
346 1803 449 1834 terris.
495 1803 663 1846 Perplacet
680 1809 787 1834 autem

27 1855 48 1877 a
78 1845 228 1878 Bentleio
253 1845 412 1890 proposita
439 1845 550 1883 lectio,
574 1847 787 1883 dissociabiles,

27 1887 62 1920 h.
80 1899 109 1920 e.
124 1889 213 1922 haud
227 1889 396 1920 sociandas
411 1900 457 1920 sc.
474 1900 547 1920 cum
566 1890 709 1920 Oceano.

69 1932 126 1969 23,
148 1933 204 1964 24.
226 1932 345 1973 Impiae,
371 1932 528 1967 scelestae,
551 1932 629 1963 dum
654 1932 784 1969 audent,

25 1974 113 2016 quod
133 1975 280 2018 prudenti
308 1975 361 2007 dei
390 1975 526 2006 consilio
552 1975 684 2006 vetitum
713 1981 785 2014 est;

26 2017 444 2061 (non,sv·evelhoft,fl·ech.)
468 2018 675 2055 Transiliunt,
693 2018 784 2060 quasi

23 2070 75 2093 res
101 2060 222 2093 nullius
247 2061 311 2093 sere
337 2060 487 2092 momenti
513 2061 566 2092 sit.
613 2061 784 2092 Tv-anstcire

1 2113 97 2135 ‘cum
127 2103 253 2136 delectu
280 2114 350 2146 pro,
375 2103 531 2146 trajicere,
555 2113 715 2145 superare,
743 2105 782 2135 ad

22 2146 190 2179 audaciam
221 2145 490 2189 insolentiamque
528 2145 780 2188 designandam:

21 2187 167 2222 timiliter
185 2189 266 2222 dixit
286 2189 411 2225 Tibull,
428 2190 450 2226 i,
474 2190 506 2226 3,
526 2190 581 2225 37,
597 2196 784 2221 contemnere

20 2234 140 2273 andan·
162 2239 195 2266 et
206 2232 304 2266 Ovid.
318 2231 434 2270 Mem,
452 2234 524 2270 134,
537 2234 690 2264 insultare
692 2233 780 2275 fluc-

63 2319 208 2352 25—28.
228 2319 362 2360 Per-peti,
374 2318 408 2351 h.
419 2329 450 2351 e.
463 2318 635 2362 suscipere,
647 2323 781 2355 tentare,

17 2368 208 2405 perpetrare.
230 2363 375 2402 τλῆναι;
404 2363 508 2394 audax
530 2363 631 2393 omnia
651 2363 781 2403 perpeti,

17 2414 58 2437 ex
81 2405 199 2438 Graes
218 2404 373 2448 loquendi
388 2405 509 2437 ratione
530 2416 598 2448 pro,
616 2406 656 2437 ad
677 2405 785 2436 omnia

59 2447 233 2492 rpetienda.
277 2447 394 2485 Genus,
421 2448 455 2480 h.
482 2459 511 2480 e.
537 2448 635 2484 filius,
661 2458 776 2490 nempe

16 2457 239 2525 prometheus.
297 2490 352 2523 Sic
388 2490 476 2535 apud
505 2490 626 2523 Catull.
655 2490 711 2529 lxi,
742 2492 774 2527 2,

16 2533 215 2578 flymenoeus
240 2534 367 2566 Uranie
387 2546 485 2577 genus
507 2533 634 2571 dicitur,
656 2533 711 2565 ubi
734 2534 776 2566 cf.

16 2583 138 2611 notata.
175 2579 300 2610 Fraude
310 2578 405 2614 mala,
419 2577 452 2608 h.
461 2587 490 2609 e.
503 2577 577 2608 dolo
589 2577 776 2620 pernicioso,

15 2617 53 2653 τί
81 2633 126 2664 νη
138 2623 246 2665 cans„
269 2631 326 2664 per
340 2620 483 2652 fraudem
505 2619 689 2661 designatur
709 2621 776 2652 cal-

14 2633 136 2703 lidius,
157 2674 224 2706 qua.
245 2663 352 2707 ignem
374 2674 392 2696 e
415 2663 499 2695 coelo
521 2663 672 2706 surripuit
696 2663 776 2695 Pro-

14 2708 173 2741 nameus.

57 2750 202 2783 31-433.
225 2749 328 2782 Ter-ris
348 2750 502 2784 incubuit,
520 2748 554 2780 h.
574 2759 604 2781 e.
626 2748 659 2780 in
680 2754 778 2781 terras

14 2791 116 2831 irruit.
126 2792 258 2836 ingruit,
269 2799 366 2825 terras
379 2791 515 2824 obsedit.
561 2791 650 2833 Ignis
662 2803 778 2836 nempe

14 2845 93 2868 utus
128 2836 231 2868 varias
268 2842 361 2874 artes,
400 2835 563 2867 hominurn
599 2835 778 2867 valetudini

12 2878 219 2924 perniciosas,
233 2890 266 2917 v,
287 2889 317 2911 c.
337 2887 435 2910 artem
457 2878 690 2920 coqufflariam,
705 2889 777 2921 pro-

12 2921 99 3000 fflt.
143 2923 311 2965 &motique
321 2924 409 2962 prius
422 2927 500 2953 cett.
516 2921 547 2952 h.
558 2931 588 2952 e.
601 2926 634 2953 et
645 2929 777 2954 mortem

89 2964 191 3002 inum,
205 2966 262 3008 qui
276 2963 398 2996 diutius
413 2970 487 2996 ante
503 2964 607 2996 vivere
619 2964 776 3003 solebant,

14 3007 225 3043 acceleravit:
249 3009 393 3052 expende
408 3006 558 3040 dictionis
572 3012 719 3040 ornatum
734 3008 741 3038 !

877 1762 931 1797 34,
949 1761 1003 1791 35.
1030 1760 1190 1793 Daedalus.
1221 1761 1350 1792 Daedali
1366 1761 1508 1793 fabulam
1521 1773 1596 1794 sua-

832 1802 911 1834 viter
925 1810 1076 1834 enarrant
1095 1803 1185 1845 Virg.
1203 1805 1282 1836 AEn.
1297 1805 1340 1843 vi,
1362 1807 1398 1835 14
1413 1815 1483 1847 sqq.
1500 1805 1597 1838 Ovid.

834 1847 915 1878 Met.
935 1846 1001 1881 viii,
1023 1848 1094 1881 183,
1113 1848 1199 1878 etA.
1220 1849 1263 1878 A.
1285 1848 1319 1883 ii,
1341 1848 1396 1878 21.
1443 1849 1595 1888 Espertns

831 1900 960 1920 vacuum
990 1890 1138 1920 Daedalus
1164 1901 1235 1920 aera
1262 1891 1376 1921 Pennis
1401 1903 1457 1921 non
1482 1892 1596 1922 homini

829 1934 923 1967 datis,
941 1932 1105 1974 eleganter
1121 1943 1189 1975 pro,
1203 1933 1353 1964 audacter
1366 1933 1522 1964 Daedalus
1539 1945 1592 1965 vo-

829 1975 929 2006 latum
959 1986 1012 2017 per
1039 1986 1172 2006 vacuum
1199 1987 1270 2007 aera
1298 1976 1370 2011 alis,
1397 1986 1478 2018 quas
1508 1977 1594 2008 haud

829 2017 988 2049 concessit
1004 2017 1125 2048 homini
1142 2024 1266 2054 natura,
1283 2019 1428 2049 tentavit.

871 2062 924 2092 36.
969 2062 1151 2096 Acheronta,
1183 2062 1318 2098 Orcum,
1349 2067 1384 2092 ut
1417 2062 1592 2094 Cerberum

826 2103 902 2135 inde
914 2103 1105 2135 extraheret.
1152 2104 1325 2135 Herculeus
1338 2105 1433 2143 labor,
1450 2105 1481 2136 h.
1493 2115 1522 2136 e.
1535 2106 1592 2144 vis,

828 2145 964 2177 audacia
982 2147 1141 2178 Herculis.

871 2191 926 2221 38.
971 2191 1088 2221 Coelum
1126 2191 1225 2228 ipsum
1262 2192 1392 2230 petimus
1429 2191 1566 2222 stultitia
1581 2203 1590 2221 .·

827 2233 925 2264 stulto
951 2232 1085 2264 consilio
1111 2232 1240 2264 deorum
1269 2233 1347 2264 adeo
1374 2233 1591 2266 conditionem

827 2276 1028 2311 affectamus,
1045 2275 1090 2306 dii
1105 2286 1175 2307 esse
1194 2276 1353 2308 volumus.

871 2320 926 2351 40.
950 2319 1122 2355 Iracunda,
1145 2320 1186 2350 ab
1205 2319 1360 2351 iracundo
1379 2320 1462 2352 Jove
1482 2319 1590 2352 missa.

1060 2405 1266 2437 CARMEN
1289 2405 1355 2436 IV.

866 2448 952 2480 Vere
979 2446 1144 2485 redeunte,
1172 2447 1268 2490 cujus
1299 2448 1523 2480 suavissimam
1554 2450 1588 2481 in

820 2490 924 2533 prima
940 2491 1038 2533 hujus
1059 2491 1211 2522 carminis
1231 2497 1320 2534 parte
1341 2491 1588 2535 descriptionem

820 2534 908 2565 dedit
930 2540 1035 2577 poeta,
1059 2534 1203 2566 Sextium
1228 2540 1346 2571 monet,
1369 2542 1405 2566 ut
1428 2537 1501 2567 vitae
1517 2536 1588 2568 bre-

821 2577 929 2609 vitatis
954 2588 1085 2614 memor,
1114 2589 1186 2620 quae
1215 2588 1300 2608 nunc
1325 2577 1432 2610 adsint
1453 2585 1484 2610 et
1510 2579 1588 2611 offe-

820 2626 942 2658 rantur,
958 2619 1137 2663 perfruatur
1152 2620 1383 2663 voluptatibus.
1427 2622 1501 2660 Quo
1516 2622 1588 2664 qui-

821 2664 892 2696 dem
917 2669 1088 2706 praecepto,
1111 2674 1130 2695 a
1153 2663 1226 2695 vitae
1249 2664 1403 2696 brevitate
1425 2672 1456 2696 et
1480 2665 1589 2696 mortis

821 2705 1017 2748 cogitatione
1037 2706 1146 2749 petito,
1163 2706 1281 2748 saepius
1302 2707 1432 2743 Noster,
1449 2713 1486 2738 ut
1509 2708 1588 2739 ami-

822 2760 975 2782 cos-suos
997 2750 1037 2781 ad
1058 2751 1251 2793 voluptateS,
1276 2749 1354 2781 dum
1378 2750 1466 2788 licet,
1486 2751 1589 2793 perci-

822 2793 956 2836 piendas
982 2793 1211 2828 exhortaretur,
1240 2803 1319 2824 usus
1350 2799 1409 2825 est.
1455 2794 1588 2825 Amicus

823 2842 930 2868 autem
955 2836 1090 2873 Horatii,
1115 2837 1153 2867 L.
1176 2836 1317 2873 Sextius,
1342 2836 1468 2868 videtur
1490 2836 1588 2868 fuisse

821 2879 877 2911 ille
909 2879 1003 2911 Bruti
1034 2879 1152 2915 socius,
1179 2889 1273 2920 quem
1303 2879 1483 2920 Augustus,
1514 2889 1587 2910 cum

822 2922 992 2955 consulatu
1015 2933 1049 2954 se
1076 2922 1270 2958 abdicasset,
1294 2921 1330 2952 in
1357 2923 1462 2954 locum
1492 2931 1587 2953 suum

822 2965 961 2997 suffecit.
1007 2965 1157 2997 Ceterum
1184 2965 1270 3006 quod
1288 2965 1333 2996 ‘ad
1348 2965 1430 2997 veris
1445 2964 1587 3006 descrip-

822 3008 942 3042 tionem
957 3007 1084 3048 attinet,
1098 3018 1204 3052 operae
1224 3008 1361 3051 pretium
1380 3007 1511 3045 facient,
1529 3006 1587 3048 qui
