1904 3314
31 2794 47 2834 ἰίἵε
38 2768 42 2774 ”

722 178 954 222 LIBER
986 178 1022 230 1,
1053 181 1096 221 2.

1591 179 1673 220 441

251 286 476 342 Quicquid
497 282 683 327 delirant
704 295 847 336 regeS‚
870 280 1124 336 plectuntur
1145 279 1329 324 Achivi:

166 354 219 397 15
250 354 490 403 seditione,
512 350 638 400 dolis,
662 349 842 398 scelere,
863 354 995 403 atque
1015 346 1196 389 libidine
1218 354 1261 389 et
1283 347 1361 396 ira,

250 422 406 464 Iliacos
427 422 540 462 intra
559 433 706 460 muros
727 424 936 472 peccatur
957 423 1002 458 et
1022 424 1161 457 extra.

251 490 442 539 Rursus,
464 487 568 543 quid
590 487 727 528 virtus
748 493 794 527 et
814 485 920 540 quid
943 484 1155 539 sapientia
1175 483 1328 538 possit,

253 557 374 599 Utile
394 555 624 612 proposuit
645 554 771 597 nobis
793 552 1016 608 exemplar
1038 551 1266 607 Ulyssem3

252 625 344 672 Qui
364 625 550 666 domitor
570 622 737 678 Trojae,
758 620 992 664 multorum
1013 621 1223 676 providus
1245 620 1378 661 urbes

162 693 221 735 20
251 693 314 734 Et
334 706 476 734 mores
497 691 719 733 hominum
739 689 957 744 inspexit3
988 688 1211 743 latumque
1233 703 1313 743 per
1333 702 1499 743 aequor,

253 759 375 802 Dum
396 759 492 810 sibi,
515 759 620 800 dum
641 759 767 801 sociis
787 757 977 799 reditum
999 763 1139 812 parat,
1161 771 1316 811 aspera
1336 755 1474 798 multa

252 827 454 878 Pertulit,
478 828 672 870 adversis
694 842 838 868 rerum
859 824 1161 868 immersabilis
1182 826 1327 867 undis.

256 896 458 938 Sirenum
478 911 607 938 voces
629 904 673 939 et
691 896 831 938 Circae
851 893 1009 950 pocula
1029 894 1169 945 nosti3

256 963 372 1011 Quae
394 964 430 1006 si
450 978 548 1006 cum
571 965 698 1007 sociis
722 963 882 1005 stultus
905 963 1180 1018 cupidusque
1200 962 1401 1010 bibisset,

165 1030 224 1074 25
255 1030 350 1074 Sub
371 1032 544 1074 domina
564 1032 791 1074 meretrice
813 1031 968 1072 fuisset
989 1031 1129 1085 turpis
1152 1037 1196 1071 et
1218 1044 1390 1079 excors,

255 1097 455 1140 Vixisset
475 1099 594 1140 canis
616 1098 878 1148 immundus,
901 1097 972 1139 vel
993 1098 1130 1140 amica
1149 1097 1243 1139 luto
1266 1113 1354 1139 sus.

255 1165 354 1208 Nos
375 1180 581 1207 numerus
604 1180 768 1216 sumus,
791 1173 835 1208 et
857 1165 1007 1221 fruges
1029 1180 1284 1208 consumere
1306 1166 1411 1215 nati,

258 1233 419 1289 Sponsi
440 1233 692 1289 Penelopae,
715 1233 970 1284 nebulones,
994 1232 1270 1287 Alcinoique,

253 1301 306 1343 In
326 1309 427 1344 cute
449 1302 646 1343 curanda
666 1302 764 1356 plus
786 1317 915 1356 aequo
937 1309 1120 1356 operata
1135 1302 1360 1356 juventuS,

166 1371 225 1413 30
255 1370 339 1412 Cui
359 1368 591 1426 pulchrum
613 1369 695 1411 fuit
715 1370 758 1410 in
780 1370 946 1410 medios
968 1369 1155 1411 dormire
1178 1369 1287 1417 dies,
1310 1376 1354 1409 et

258 1437 334 1480 Ad
357 1438 585 1493 strepitum
607 1437 786 1479 citharae
808 1443 1025 1479 cessatum
1047 1437 1210 1478 ducere
1231 1451 1392 1478 curam.

138 1560 226 1603 egit3
254 1560 364 1602 itaque
397 1562 465 1603 cogi
496 1571 578 1601 posse
607 1568 698 1603 negat
730 1561 798 1604 jam
833 1567 891 1599 est,

141 1603 262 1636 adduci
277 1609 310 1635 et
323 1603 497 1646 permoveri
514 1614 578 1635 non
593 1610 708 1646 potest.

189 1648 240 1678 13.
264 1646 361 1678 Hunc
378 1646 581 1689 (Achillem)
594 1658 678 1678 amm·
691 1645 893 1689 (Briseidos)

145 1692 227 1728 urit,
242 1688 401 1726 accendit,
418 1688 606 1720 inflammat.

188 1733 331 1764 14—16.
357 1732 511 1773 Quicquid
526 1733 674 1767 delirant,
690 1736 766 1764 cett.
812 1732 892 1763 Om-

142 1775 232 1807 nium
256 1775 354 1807 stulte
383 1780 416 1806 et
441 1775 501 1806 insi
527 1775 628 1806 ienter
655 1775 695 1806 ab
722 1775 893 1816 Agamem-

141 1829 241 1855 none,
269 1818 432 1852 Menelao,
461 1819 508 1850 Ac
534 1818 601 1853 ille,
627 1823 704 1849 cett.
731 1824 894 1860 captorum

143 1861 350 1893 consiliorum
390 1871 519 1903 poenam
553 1859 671 1892 Achivi
705 1861 873 1892 exsolvunt
886 1872 894 1899 ς

143 1903 311 1936 insaniunt
337 1909 444 1935 autem
471 1909 670 1946 peccantque
697 1909 759 1934 tam
787 1903 895 1935 Graeci

142 1946 298 1989 Trojanos
339 1946 532 1984 obsidentes,
568 1956 667 1989 quam
704 1946 836 1988 Trojani
876 1957 895 1977 a

147 1990 274 2023 Graecis
286 1989 422 2021 obsessi.
505 2016 511 2021 .

191 2033 243 2064 17.
266 2033 385 2064 Rursus
399 2043 408 2063 :
429 2037 462 2063 at
473 2031 557 2063 idem
571 2031 772 2063 Homerusin
787 2031 894 2074 Odys-

145 2085 211 2114 sea,
226 2085 323 2117 quam
338 2074 372 2106 in
388 2086 418 2106 v.
433 2075 473 2106 21
493 2075 650 2116 designat.
694 2075 758 2106 Pro
776 2086 893 2110 mrsus,

145 2118 187 2150 ad
209 2117 340 2150 sibilum
359 2118 499 2161 repetitae
523 2117 656 2160 syllabae
682 2117 788 2148 finalis
809 2129 843 2149 ns
862 2118 894 2148 in

143 2166 299 2204 sequente
316 2171 392 2193 voce
404 2163 504 2192 virtus
517 2160 712 2196 evitandum.
728 2161 895 2192 Bentleius

146 2204 188 2236 ad
220 2204 318 2236 unius
352 2203 480 2236 Codicis
513 2203 606 2235 fidem
638 2203 727 2234 dedit
760 2215 896 2235 rursum.

147 2247 212 2279 Sed
234 2253 299 2278 tam
325 2245 493 2288 religiosus
521 2246 553 2277 in
580 2246 722 2277 molliore
747 2257 894 2278 versuum

148 2299 281 2322 numero
297 2299 361 2320 non
375 2288 436 2320 suit
450 2288 616 2321 Horatius-

193 2333 247 2364 19.
269 2332 445 2370 Ρνουὶἀυες
466 2331 607 2373 namqui
620 2331 783 2363 hominum
796 2342 897 2364 mores

148 2379 183 2408 et
193 2374 322 2417 ingenia
333 2373 520 2417 diligentius
535 2385 727 2415 cognoscere
741 2375 859 2411 studet,
873 2375 900 2406 is

146 2417 209 2450 hac
230 2417 412 2460 cognitione
433 2417 494 2450 sibi
510 2417 654 2460 providet
669 2423 701 2450 et
715 2418 749 2449 fit
763 2418 899 2460 pruden-

147 2460 222 2493 tior.
266 2461 441 2492 Multorum
462 2463 552 2492 urbes
576 2460 616 2492 Ee
632 2472 726 2492 mores
747 2462 901 2492 hominum

148 2505 298 2544 impetit.-
322 2503 476 2546 expressit
499 2502 625 2535 tertium
647 2514 770 2535 versum
795 2504 902 2546 Odys-

150 2556 226 2583 κω,
250 2547 400 2579 Πολλῶν
426 2545 452 2579 δ’
478 2546 674 2589 ἀνθρώπων
697 2546 770 2579 ἴδεν
795 2548 900 2579 ἄστεα

146 2589 211 2623 ,καὶ
226 2590 310 2623 νόον
324 2589 423 2632 ἔγνω·
445 2588 591 2621 similiter
610 2589 668 2620 inf.
690 2589 722 2620 in
739 2590 842 2632 Epist.
861 2590 901 2621 ad

149 2631 220 2666 Pin.
246 2634 320 2669 142,
349 2633 413 2668 Qui
437 2643 531 2664 mores
555 2633 709 2664 hominum
735 2634 903 2664 multorum

150 2677 231 2708 vidit
245 2683 276 2708 et
291 2677 391 2707 urbes.

195 2719 250 2751 22.
279 2718 497 2750 Immersabilis
527 2716 777 2760 (ἁβάπτιστος,
807 2717 903 2750 Pind.

149 2760 252 2804 ‚Pytln
289 2761 326 2798 ii,
362 2762 458 2802 145).
492 2760 637 2802 elegante
673 2759 812 2801 imagine
849 2772 904 2803 pro

150 2804 288 2846 vulgari.
303 2803 443 2836 adversae
466 2803 602 2835 fortunae
625 2803 744 2845 impetu
770 2814 805 2836 se
820 2803 905 2836 vinci

153 2852 187 2882 et
202 2846 337 2890 deprimi
353 2857 416 2879 non
438 2856 563 2890 passus.
611 2845 783 2878 Violentiae
808 2847 906 2879 alicui

152 2890 368 2932 exprimendae
398 2888 518 2933 passim
551 2889 718 2920 adhibetur
748 2889 906 2922 undarum

154 2933 204 2964 vel
245 2933 401 2965 fluctuum
444 2933 596 2975 impetus3
633 2931 666 2962 in
707 2932 908 2974 praeeedente

158 2974 264 3018 Epist.
277 2987 310 3008 v.
329 2977 381 3014 16,
399 2987 508 3008 mersor
523 2976 664 3007 civilibus
683 2977 783 3007 undis.

980 1562 1033 1592 23.
1056 1561 1197 1592 Sirenum
1220 1572 1314 1596 voces,
1334 1561 1463 1592 Homer.
1490 1560 1606 1602 Odyss.
1630 1559 1687 1597 xii,

937 1605 1079 1638 39-54.
1103 1609 1136 1635 et
1160 1605 1349 1643 182—200;
1372 1611 1400 1634 et
1427 1604 1536 1640 Circae,
1556 1604 1688 1635 Homer.

940 1646 1057 1687 Odyss.
1077 1645 1198 1677 x—xii.

981 1690 1037 1720 25.
1064 1689 1187 1730 Turpis,
1204 1688 1360 1730 pudendae
1376 1687 1580 1723 conditionis,
1593 1687 1687 1719 homo

938 1731 1081 1773 abjectus
1093 1744 1102 1771 3
1126 1742 1237 1767 excors,
1252 1741 1340 1762 sanae
1357 1731 1472 1763 mentis
1485 1740 1610 1773 expers.

980 1776 1035 1806 26.
1062 1775 1155 1807 Canis
1177 1776 1363 1810 immundus,
1387 1773 1520 1805 vixisset
1543 1778 1686 1805 mutatus

938 1817 970 1849 in
986 1827 1098 1849 canem
1113 1816 1324 1849 immundum.

982 1862 1122 1893 27—-31,
1168 1861 1230 1891 Nos
1270 1870 1414 1890 numerus
1455 1870 1571 1895 sumus,
1608 1863 1688 1891 cett.

939 1913 1052 1934 sensus
1074 1909 1105 1935 et
1124 1914 1246 1935 nexus:
1271 1913 1328 1934 nos
1351 1901 1458 1943 igitur,
1471 1902 1527 1944 qui
1546 1912 1609 1933 non
1626 1901 1687 1932 vir-

939 1946 1015 1977 tutis
1026 1954 1057 1978 et
1072 1946 1236 1989 sapientiae
1249 1945 1441 1987 exemplum,
1455 1944 1542 1987 quod
1555 1945 1689 1986 Ulysses

938 1989 1037 2027 dedit,
1049 1989 1221 2031 sequimur,
1236 1999 1305 2024 nos,
1321 1988 1376 2030 qui
1393 1987 1602 2029 injuventute
1614 1987 1687 2018 vitae

940 2032 1075 2063 molliori
1088 2031 1182 2063 nimis
1198 2031 1414 2072 indulgemus,
1427 2030 1483 2072 qui
1499 2030 1539 2062 ad
1554 2030 1688 2062 multam

938 2085 1039 2117 usque
1062 2075 1166 2107 lucem
1189 2074 1334 2111 dormire,
1351 2079 1384 2105 et
1408 2084 1499 2105 curas
1523 2084 1562 2105 ex
1582 2073 1688 2104 animo

939 2118 980 2148 ad
1000 2117 1129 2150 citharae
1150 2123 1281 2149 cantum
1299 2117 1416 2160 pellere
1432 2116 1600 2159 pulchrum
1619 2126 1689 2148 esse

939 2161 1192 2203 opinamur,nos,
1200 2161 1343 2202 inquam,
1354 2170 1417 2190 non
1428 2159 1468 2190 ad
1478 2171 1527 2191 res
1536 2159 1691 2201 gerendas

939 2204 995 2235 sed
1007 2205 1047 2235 ad
1060 2204 1164 2246 fruges
1181 2202 1416 2235 consumendas
1428 2203 1509 2234 etad
1523 2213 1690 2234 numerum

941 2252 1064 2278 tantum
1076 2247 1240 2278 hominum
1252 2246 1443 2288 explendum
1456 2245 1521 2277 nati
1532 2245 1688 2282 videmur,

940 2290 1060 2321 similes
1090 2300 1255 2333 procorum
1288 2289 1471 2331 Penelopae,
1502 2294 1630 2331 nepotes
1660 2293 1692 2320 et

942 2333 1109 2369 luxuriosi,
1121 2332 1227 2375 qualis
1236 2331 1424 2364 describitur
1433 2332 1591 2363 Alcinous
1606 2331 1692 2374 apud

943 2377 1128 2408 Homerum.
1174 2377 1235 2407 Nos
1271 2386 1415 2406 numerus
1446 2387 1548 2407 sumus
1578 2373 1693 2417 (ἡμεῖς

944 2419 1046 2462 ἐσμὲν
1064 2419 1198 2459 πλῆθος
1213 2419 1384 2460 ἄχρειον),
1397 2429 1455 2450 nos
1466 2418 1552 2450 enim
1564 2417 1693 2453 inertes,

946 2462 1112 2499 luxuriosi,
1127 2468 1159 2494 et
1178 2461 1354 2498 libidinosi,
1373 2467 1584 2504 praeterquam
1608 2462 1694 2503 quod

947 2505 980 2536 in
1012 2516 1177 2537 numerum
1208 2504 1374 2536 hominum
1407 2505 1582 2540 referimur,
1614 2504 1694 2536 nihil

943 2548 1073 2580 omnino
1109 2547 1180 2580 retii
1194 2548 1362 2580 habemus.
1403 2548 1481 2580 Loci
1498 2549 1531 2578 in
1547 2547 1630 2579 banc
1647 2547 1694 2578 lo-

945 2591 1064 2633 quendi
1094 2591 1248 2622 ormulam
1265 2601 1284 2621 a
1295 2590 1453 2622 Lambino
1465 2602 1482 2622 e
1493 2590 1696 2632 scriptoribus

947 2634 1073 2666 Graecis
1087 2634 1179 2665 allati
1192 2634 1254 2665 huc
1270 2644 1334 2665 non
1350 2634 1509 2676 pertinent
1522 2646 1530 2673 ;
1550 2633 1593 2664 ibi
1609 2633 1694 2665 enim

946 2687 1050 2708 sermo
1071 2682 1120 2709 est
1141 2677 1180 2708 de
1200 2676 1385 2708 hominibus
1400 2677 1457 2719 qui
1479 2676 1512 2707 in
1528 2687 1695 2708 numerum

948 2720 1087 2762 aliquem
1114 2719 1318 2762 recipiantur,
1338 2720 1479 2762 indignis
1500 2720 1577 2762 (οὐκ
1602 2719 1697 2762 ἀριθ-

947 2763 1110 2805 μητοῖς);
1135 2762 1255 2805 aptiora
1285 2763 1318 2794 in
1344 2763 1427 2795 hane
1458 2774 1522 2795 rem
1551 2762 1697 2805 exempla

949 2805 1020 2838 vide
1039 2805 1126 2849 apud
1146 2805 1357 2843 Boeckhium‚
1372 2806 1499 2848 Tragici
1519 2806 1696 2848 Principes,

950 2854 1024 2881 cett.
1039 2850 1079 2892 'p.
1102 2850 1245 2881 92-94,
1290 2850 1370 2880 Nati
1378 2850 1496 2892 fruges
1516 2859 1698 2884 consumere,

952 2893 1066 2924 Graece
1086 2903 1157 2935 pro,
1176 2892 1243 2924 nati
1266 2892 1307 2922 ad
1329 2892 1435 2934 fruges
1457 2890 1701 2924 consumendas.

952 2935 1058 2976 Sponsi
1075 2937 1243 2976 Penelopen,
1258 2934 1357 2978 proci,
1378 2935 1491 2967 amoris
1513 2944 1612 2966 causa
1638 2934 1699 2964 Pe-

954 2979 1089 3022 nelopen
1126 2984 1297 3012 sectantes.
1343 2980 1534 3019 Alcinoique,
1563 2975 1700 3008 Alcino-
