1904 3314
428 199 797 244 EPISTOLA
836 198 934 242 AD
974 198 1301 243 PISONES.
1552 200 1636 240 547

205 302 389 360 Semper
410 304 466 346 ad
486 311 687 346 eventum
708 303 898 353 festinat,
920 309 964 344 et
985 303 1027 344 in
1049 303 1213 345 medias
1235 318 1320 353 res,

200 371 306 414 Non
328 388 453 415 secus
474 386 524 414 ac
544 379 686 422 notas,
708 362 950 412 auditorem
972 371 1103 426 rapit,
1125 378 1169 412 et
1191 386 1292 425 quae

89 438 172 480 150
200 438 424 495 Desperat
446 446 634 481 tractata
653 439 866 480 nitescere
887 453 1033 493 posse,
1055 437 1287 493 relinquit3

199 506 351 563 Atque
372 508 431 549 ita
451 507 673 557 mentitur,
697 507 759 548 sic
779 507 892 548 veris
914 505 1024 548 falsa
1043 498 1260 555 remiscet‚

201 573 349 618 Primo
370 589 424 617 ne
444 575 647 625 medium,
669 575 813 616 medio
832 589 887 615 ne
909 574 1131 629 discrepet
1150 574 1296 614 imum.

255 641 343 694 Tu,
365 643 471 697 quid
493 657 576 698 ego
597 649 642 684 et
665 641 855 698 populus
877 656 1043 683 mecum
1067 641 1302 691 desideret,
1324 641 1442 682 audi.

196 709 245 752 Si
263 710 478 766 plausoris
499 725 603 767 eges
625 710 763 752 aulaea
783 710 1011 761 manentis,
1034 716 1078 751 et
1099 724 1240 764 usque

83 778 166 820 155
197 778 372 822 Sessuri
393 779 533 821 donec
555 786 708 821 cantor
738 777 820 820 Vos
832 778 1037 834 plaudite
1057 778 1175 819 dicat
1193 794 1202 827 3

193 845 361 888 AEtatis
382 847 596 902 cujusque
617 845 798 888 notandi
819 852 920 887 sunt
939 845 1020 887 tibi
1040 860 1197 895 moreS,

195 913 525 970 Mobilibusque
547 914 680 956 decor
700 913 867 955 naturis
889 913 1060 954 dandus
1083 919 1127 953 et
1146 912 1283 952 annis.

194 981 404 1024 Reddere
424 981 500 1037 qui
521 996 649 1024 voces
666 982 756 1036 jam
780 980 861 1022 scit
880 994 991 1035 puer
1011 987 1055 1020 et
1076 979 1191 1034 pede
1212 985 1333 1019 certo

195 1049 350 1105 Signat
369 1049 566 1101 humum,
589 1049 721 1106 gestit
741 1049 922 1104 paribus
943 1046 1179 1097 colludere,
1201 1054 1246 1088 et
1266 1047 1372 1087 iram

81 1117 163 1160 160
193 1117 370 1174 Colligit
390 1133 440 1160 ac
461 1119 585 1174 ponit
607 1126 782 1167 temere,
803 1123 848 1158 et
869 1123 1061 1158 mutatur
1081 1116 1123 1156 in
1146 1115 1292 1156 horas.

192 1186 421 1228 Imberbus
437 1187 626 1242 juvenis,
651 1186 826 1227 tandem
847 1184 1030 1226 custode
1052 1190 1233 1233 remoto,

191 1253 372 1296 Gaudet
391 1254 516 1309 equis
537 1253 807 1307 canibusque
829 1258 874 1293 et
895 1251 1031 1306 aprici
1052 1251 1246 1305 gramine
1268 1250 1430 1304 ca1npi3

191 1321 357 1364 Cereus
378 1323 422 1364 in
443 1322 590 1363 vitium
613 1321 744 1369 flecti,
768 1320 1056 1361 monitoribus
1079 1333 1223 1373 asper,

74 1467 255 1500 humanam*
284 1467 360 1499 olim
398 1467 477 1499 forte
511 1467 642 1499 formam
676 1468 825 1503 referens.

74 1510 161 1543 unde
181 1510 297 1543 fluctus
318 1510 403 1542 allisi
422 1510 550 1552 ingente
573 1511 694 1552 fragore
719 1516 827 1542 retun-

73 1553 249 1592 debantur;
297 1554 481 1595 Charybdis,
517 1554 673 1585 fluctuum
710 1563 826 1593 magno

74 1596 214 1633 tumultu
230 1595 365 1629 invicem
382 1606 415 1627 se
437 1596 637 1628 tundentium
654 1596 824 1628 vehemen-

73 1639 135 1670 tior
156 1639 307 1682 impetus.
355 1640 432 1670 Cum
450 1639 590 1680 Cyclope,
613 1639 822 1682 Polyphemo,

74 1681 256 1725 Cyclopum
271 1681 515 1713 immanissimo.

123 1725 196 1761 146,
225 1726 298 1757 147.
323 1725 388 1756 Nec
407 1726 542 1755 reditum
563 1724 727 1759 Diomedis,
751 1728 825 1755 cett.

73 1768 146 1800 Nee
162 1769 331 1804 Homerus,
346 1773 383 1799 ut
402 1768 527 1810 ineptus
543 1766 602 1798 iste
618 1772 711 1808 poeta
725 1765 824 1808 cycli-

73 1820 143 1848 cus,
172 1811 381 1843 narrationem
418 1811 458 1842 de
497 1809 662 1841 Diomedis
691 1820 708 1840 e
737 1808 822 1840 bello

74 1853 214 1903 Trojano
242 1853 345 1886 reditu
373 1853 487 1895 incipit
509 1863 528 1883 a
550 1863 582 1884 re
606 1858 678 1883 ante
700 1851 822 1883 bellum

74 1897 246 1939 Trojanum
273 1897 369 1934 facta,
399 1906 418 1927 a
442 1901 540 1927 morte
566 1895 689 1927 scilicet
717 1894 822 1925 Mele-

71 1940 141 1981 agri
157 1951 166 1977 ;
190 1950 249 1972 nec
268 1939 353 1972 idem
372 1939 491 1971 bellum
513 1938 686 1980 Trojanum
702 1937 824 1969 orditur

19 1993 23 1996 ·
71 1982 114 2014 ab
126 1982 263 2019 Helena,
279 1993 318 2015 ex
334 1982 432 2014 altero
447 1982 580 2013 duorum
603 1981 731 2012 illorum
747 1991 820 2012 ovo-

71 2034 142 2057 rum
161 2036 236 2068 quoe
255 2025 344 2057 Leda
362 2025 497 2057 edidisse
517 2024 658 2066 fingitur,
680 2024 823 2055 exclusa.

74 2067 231 2100 Diomedis
244 2074 346 2117 pater,
363 2068 494 2109 Τρώων,
511 2067 596 2098 filius
614 2066 709 2099 OEnei
728 2068 821 2098 AEto-

71 2109 231 2143 lorumvre
266 2120 293 2148 s,
314 2117 347 2143 et
366 2110 534 2151 Meleagri,
558 2110 652 2152 cujus
675 2109 822 2141 interitus

71 2154 159 2185 vario
173 2164 204 2185 m
249 2165 268 2185 o
283 2159 438 2191 narratur,
455 2154 550 2184 frater
566 2153 638 2184 fuit.

119 2198 284 2234 148‚149.
309 2197 350 2228 In
366 2198 479 2228 medios
493 2207 551 2232 res,
568 2202 645 2227 cett.
664 2206 727 2227 non
744 2206 820 2227 cau-

69 2249 120 2272 sas
137 2240 296 2272 Homerus
315 2245 432 2272 exorta}
450 2239 532 2270 inter
549 2240 821 2280 Agamemnonem

71 2288 106 2314 et
124 2282 283 2314 Achillem
302 2282 356 2314 irae
374 2287 448 2314 ante
466 2282 608 2323 exponit,
627 2281 683 2312 sed
703 2283 736 2313 in
760 2293 820 2313 me-

70 2327 138 2357 dias
159 2336 207 2357 res
229 2326 369 2369 (Μῆνιν
383 2324 467 2357 ἄειδε
485 2323 562 2365 θεὰ)
590 2324 657 2355 Nou
678 2335 760 2356 secus
783 2337 820 2356 ae

70 2374 157 2400 noto·
193 2369 364 2412 (tanquam
396 2368 464 2410 jam
504 2366 612 2408 notas)
649 2369 820 2398 auditorem

71 2412 167 2451 rapit.

119 2455 194 2491 151,
214 2455 287 2486 152.
311 2455 409 2496 Atque
431 2455 477 2485 ita
499 2455 659 2488 mentitur,
683 2458 759 2484 cett.
775 2459 822 2485 at-

71 2505 136 2539 que
151 2506 202 2529 res
214 2496 261 2529 ita
273 2496 377 2537 fingit,
393 2496 527 2528 et‘fictis
541 2506 631 2529 veras
649 2495 820 2532 immiscet,

16 2548 22 2553 ·
40 2546 42 2549 '
73 2544 111 2571 ut
123 2538 237 2583 prima,
251 2539 367 2578 media,
382 2544 414 2571 et
429 2539 542 2570 ultima
557 2538 659 2570 amice
675 2538 708 2570 in
725 2544 822 2570 totam

23 2605 29 2618 ·.
71 2591 137 2615 rem
155 2581 349 2626 conspirent.

15 2659 17 2661 ,
118 2626 300 2659 153—178.
311 2625 480 2656 Decimum
490 2624 706 2666 Praeceptum:
723 2625 826 2664 Scrip-

15 2675 27 2707 ,ἦ
41 2682 43 2685 ’
71 2674 120 2700 tor
137 2671 190 2710 qui
208 2670 266 2701 sibi
289 2669 453 2700 conciliare
470 2669 557 2708 cupit
577 2668 753 2698 auditorum
776 2669 822 2698 vel

69 2717 275 2796 &¹:333
291 2711 824 2796 :12525’33555’2'33‘2'202555202522‘3

7 2806 15 2811 ·
28 2799 39 2820 ἵ
73 2793 137 2829 Μ’
150 2802 339 2840 perspectum
372 2797 491 2832 habeat,
519 2806 632 2827 necesse
662 2801 715 2826 est.
774 2795 826 2826 Sic

73 2841 165 2876 enim.
195 2841 274 2881 quod
298 2842 414 2880 pueris,
436 2839 618 2881 juvenibus,
652 2844 681 2869 et
706 2839 826 2869 senibus

74 2883 271 2915 mumdum
282 2890 339 2921 est,
351 2884 518 2923 unicuique
531 2882 643 2913 tribuet
656 2892 667 2918 ,-
685 2887 725 2918 et,
742 2883 766 2911 si
781 2892 827 2912 eos

46 2922 54 2942 ἕ
75 2925 162 2961 talu,
192 2926 296 2968 quales
326 2937 395 2958 vere
416 2932 501 2963 sunt,
523 2925 643 2967 egregie
666 2925 827 2965 descriptos

42 2974 274 3052 Ἴξῗρκσεωαιυε
287 2970 319 3000 in
336 2979 451 3000 scenam
467 2968 659 3009 produxerit,
682 2967 822 3006 plausum

89 3017 164 3042 “aff

920 1468 994 1498 153.
1020 1467 1191 1502 Desideret,
1209 1477 1226 1498 a
1243 1466 1407 1508 te,exigat.

919 1511 992 1541 154.
1023 1511 1177 1541 plausoris
1203 1511 1301 1540 aulaea
1329 1510 1491 1544 manentis,
1520 1519 1622 1549 usque

872 1553 910 1583 ad
933 1553 1027 1585 finem
1050 1553 1167 1584 sabulae
1185 1552 1218 1583 in
1241 1553 1423 1595 spectaculo
1441 1552 1622 1590 manentis3

870 1597 970 1628 aulaea
995 1602 1114 1631 autem,
1140 1601 1268 1638 peracta
1289 1596 1411 1631 fabula,
1436 1605 1512 1631 non,
1537 1594 1622 1625 sicut

869 1649 968 1674 nunc,
981 1649 1020 1670 ex
1035 1639 1106 1670 loco
1118 1649 1152 1669 su
1159 1639 1277 1680 periore
1289 1638 1549 1674 demittebantur,
1565 1638 1620 1668 sed

868 1691 907 1712 ex
923 1681 1070 1713 inferiore
1087 1682 1157 1712 loco
1172 1691 1293 1712 sursum
1309 1682 1531 1713 trahebantur:
1558 1680 1622 1712 vid.

869 1734 940 1766 sup.
955 1724 995 1755 ad
1013 1724 1116 1766 Epist.
1133 1724 1166 1762 ii,
1186 1726 1214 1759 l,
1235 1725 1306 1754 183.

916 1768 987 1798 155.
1012 1767 1145 1797 Cantor.-
1178 1766 1364 1797 histrionum
1387 1775 1482 1803 unus,
1507 1767 1620 1797 recita-

869 1815 927 1845 tor,
957 1810 1010 1840 Vas
1034 1811 1172 1848 plaudite
1190 1810 1385 1840 decantans:
1411 1807 1473 1840 vid.
1500 1808 1539 1840 de
1559 1808 1617 1840 hoc

867 1853 938 1883 loco
960 1852 1110 1883 Wolfium
1124 1851 1163 1883 de
1184 1851 1330 1884 canticis
1346 1851 1380 1882 in
1398 1850 1616 1882 Romanorum

869 1895 1014 1932 Fabulis,
1034 1895 1138 1931 Halae,
1158 1896 1252 1930 1825,
1270 1894 1398 1936 praecip.
1413 1905 1446 1936 p.
1464 1895 1503 1926 19
1523 1905 1573 1937 sq.

914 1939 985 1970 157.
1011 1939 1232 1979 Mobilibusque
1259 1940 1348 1968 decor
1378 1940 1513 1973 naturis,
1544 1943 1620 1968 cett.

867 1981 966 2012 Hunc
994 1981 1111 2019 locum,
1140 1981 1180 2012 de
1207 1991 1271 2023 quo
1300 1980 1436 2011 multum
1465 1980 1618 2023 pulveris.

867 2025 1027 2067 praecipue
1049 2034 1068 2055 a
1091 2023 1250 2059 Bentleio,
1268 2033 1410 2065 sparsum
1426 2029 1485 2059 est,
1502 2023 1544 2054 ita
1569 2023 1618 2054 in·

867 2073 1038 2110 terpretor:
1065 2074 1178 2098 natura
1192 2066 1257 2108 jam
1271 2072 1331 2102 est,
1342 2065 1475 2102 indoles,
1493 2066 1617 2108 ingeni-

866 2121 932 2144 um.
948 2109 1104 2142 sentiendi
1127 2109 1307 2152 agendique
1327 2108 1418 2144 ratio,
1435 2120 1531 2151 quam
1547 2109 1617 2141 cui-

867 2163 937 2195 que·
957 2153 1120 2185 homiuum
1145 2151 1229 2184 aetati
1252 2157 1365 2182 natura
1388 2151 1523 2190 insevit;
1548 2152 1617 2184 haze

866 2195 964 2227 insita
987 2195 1111 2228 indoles
1129 2202 1178 2227 est
1193 2196 1320 2230 molibis,
1336 2195 1369 2226 h.
1385 2205 1415 2226 e.
1434 2196 1597 2227 mutabilis
1611 2208 1618 2233 ;

866 2238 958 2271 aliter
977 2241 1061 2271 enim
1082 2249 1170 2282 puer,
1190 2238 1280 2270 aliter
1296 2237 1435 2280 juvenis,
1453 2239 1544 2270 aliter
1560 2240 1617 2274 vir,

866 2281 958 2314 aliter
989 2293 1084 2314 senex
1114 2281 1219 2313 sentit.
1264 2282 1384 2312 Sensus
1416 2281 1512 2323 igitur
1527 2294 1533 2313 :
1576 2283 1618 2314 Et

884 2326 1004 2356 dandus
1019 2331 1062 2356 est
1077 2323 1183 2364 decor)
1201 2323 1403 2355 tribuendum
1419 2331 1467 2356 est
1482 2325 1513 2356 id
1531 2325 1616 2368 quod

888 2374 958 2400 ecet
979 2373 1011 2399 et
1029 2368 1178 2400 convenit
1198 2369 1374 2404 (mobilibus
1396 2369 1536 2409 naturis)
1562 2369 1616 2400 ho-

866 2410 987 2442 minum
1003 2410 1139 2452 ingeniis
1159 2416 1191 2442 et
1206 2410 1332 2445 studiis.
1347 2420 1421 2452 quae
1435 2422 1507 2442 cum
1525 2417 1618 2443 aetate

866 2459 897 2485 et
928 2454 1020 2485 annis
1047 2459 1220 2485 mutantur.
1264 2453 1381 2484 Plures
1409 2454 1511 2486 secuti
1544 2461 1618 2486 sunt

868 2497 1062 2534 Bentleium,
1080 2496 1135 2539 qui
1151 2507 1207 2540 pro
1221 2499 1343 2527 naturis
1358 2497 1498 2539 reposuit
1514 2505 1616 2529 mutu-

867 2542 923 2577 τῖε,
947 2545 983 2570 ut
1006 2549 1060 2582 per
1082 2549 1183 2571 annos
1205 2540 1325 2571 mobiles
1342 2540 1489 2581 pueriles,
1515 2547 1546 2572 et
1564 2552 1618 2583 per

869 2589 1004 2613 maim-ns
1023 2582 1140 2614 seniles
1155 2581 1386 2624 designentur;
1409 2583 1460 2614 sed
1480 2583 1616 2625 primum

872 2625 1024 2657 Horatius
1043 2635 1107 2656 non
1130 2625 1221 2662 duos,
1237 2625 1294 2657 sed
1314 2631 1450 2667 quatuor
1466 2626 1538 2658 vitae
1559 2638 1616 2658 an-

866 2678 935 2704 nos,
950 2673 986 2699 ut
1000 2667 1118 2699 docent
1137 2667 1315 2710 sequentia,
1329 2667 1479 2700 denotare
1497 2670 1618 2707 voluit;

866 2710 982 2742 deinde
997 2710 1087 2753 pueri
1110 2711 1239 2752 quidem
1255 2712 1375 2742 mobiles
1393 2717 1425 2743 et
1444 2722 1537 2744 senes
1552 2725 1616 2744 ma-

868 2755 945 2789 turi,
961 2753 1016 2784 sed
1032 2763 1096 2784 nou
1112 2754 1156 2785 ita
1172 2753 1247 2785 anni
1263 2753 1421 2786 dicuntur.

913 2797 1097 2828 158—160.
1122 2797 1184 2828 Hic
1201 2796 1291 2828 locus
1313 2796 1353 2828 de
1371 2797 1530 2839 cujusque
1546 2798 1618 2830 vitae

869 2840 972 2871 aetatis
998 2844 1111 2871 natura
1133 2839 1411 2882 praestantissimus
1432 2850 1616 2883 comparan-

868 2882 930 2914 dus
950 2882 1079 2914 omnino
1102 2888 1151 2914 est
1169 2893 1241 2914 cum
1261 2882 1395 2915 Aristot.
1413 2883 1508 2914 Rhet.
1525 2883 1558 2920 ii,
1580 2886 1618 2915 12

870 2936 942 2968 sqq.
991 2926 1128 2957 Reddere
1143 2927 1195 2967 qui
1212 2928 1368 2966 vocesjam
1389 2928 1443 2957 scit
1459 2937 1548 2966 puer,
1563 2926 1618 2968 qui

867 2979 906 3000 ex
922 2967 1043 3000 infante
1061 2969 1165 3000 factus
1179 2975 1228 3000 est
1243 2979 1333 3012 puer.
1382 2969 1424 3000 Et
1444 2970 1517 3008 pede
1537 2976 1617 2999 certo

868 3012 977 3053 Signat
994 3012 1130 3048 humum,
1143 3011 1306 3052 eleganter
1319 3021 1386 3053 pro,
1399 3011 1520 3041 firmum
1535 3021 1620 3052 gres-

799 3055 891 3085 Nn2
