1904 3314
635 215 862 260 LIBER
901 215 938 266 Ι,
976 218 1018 257 2.

1504 218 1602 260 303

172 319 499 362 Libertinarum
520 319 633 369 dico,
658 317 891 360 Sallustius
912 318 956 359 in
978 332 1087 372 quas

171 387 279 430 Non
299 389 440 429 minus
461 385 636 436 insanit,
658 400 788 440 quam
810 385 887 439 qui
909 384 1169 426 moechatur.

1231 384 1294 427 At
1315 386 1387 428 hic
1412 388 1448 428 si

86 456 144 498 50
174 456 277 504 Qua
295 471 382 507 res,
405 469 490 510 qua
511 454 622 495 ratio
646 453 864 503 suaderet,
889 467 1064 508 quaque
1085 453 1282 495 modeste

173 523 389 566 Munifico
410 536 508 564 esse
528 520 644 571 licet,
667 520 796 562 vellet
817 521 958 562 bonus
980 522 1111 575 atque
1133 521 1350 576 benignus

172 592 314 643 Esse;
347 592 472 633 daret
493 596 706 645 quantum
727 589 830 630 satis
853 595 983 639 esset,
1005 603 1086 630 nec
1108 589 1191 630 sibi
1213 590 1370 630 damno

174 659 486 714 Dedecorique
507 657 620 699 foret
637 675 647 708 ;
681 672 830 699 verum
851 657 936 698 hoc
960 672 1006 698 se
1028 655 1304 711 amplectitur
1326 673 1428 707 uno,

171 727 274 769 Hoc
297 733 426 777 amat,
448 726 533 767 hoc
552 725 727 766 laudat:
762 724 1011 766 Matronam
1033 723 1193 766 nullam
1214 739 1298 780 ego
1320 732 1470 781 tango.

87 795 144 836 55
174 794 239 837 Ut
259 795 477 850 quondam
501 794 735 844 Marsaeus,
758 800 924 835 amator
947 793 1142 848 Originis
1165 792 1249 844 ille,

175 862 267 910 Qui
287 863 474 918 patrium
496 863 635 903 mimae
657 862 791 904 donat
813 861 1084 916 fundumque
1106 861 1343 917 laremque,

173 929 253 972 Nil
273 930 404 972 fuerit
426 931 495 981 mi,
519 931 674 985 inquit,
697 945 797 972 cum
817 931 1029 972 uxoribus
1053 945 1242 985 unquam
1263 931 1428 972 alienis.

172 997 341 1040 Verum
362 1005 430 1040 est
451 1013 548 1041 cum
568 999 722 1048 mimis,
745 1005 812 1040 est
834 1013 930 1040 cum
951 999 1269 1050 meretricibus,
1291 1000 1410 1041 unde

173 1066 308 1108 Fama
327 1066 484 1109 malum
505 1067 695 1122 gravius,
718 1082 848 1122 quam
869 1081 940 1107 res
963 1066 1111 1108 trahit.

1174 1065 1248 1108 An
1270 1068 1349 1109 tibi
1370 1068 1547 1110 abunde

86 1135 144 1177 60
174 1134 412 1178 Personam
434 1135 538 1177 satis
561 1142 643 1184 est,
666 1149 755 1175 non
774 1133 898 1184 illud,
921 1135 1138 1189 quidquid
1162 1136 1326 1191 ubique

175 1202 342 1254 officit,
365 1203 561 1244 evitare?
594 1201 764 1243 Bonam
787 1201 1035 1256 deperdere
1056 1201 1229 1252 famam,

174 1269 290 1312 Rem
310 1270 447 1325 patris
469 1269 692 1320 oblimare,
715 1267 872 1310 malum
894 1276 962 1310 est
984 1270 1263 1324 ubicumque.

1327 1269 1449 1318 Quid
1470 1270 1607 1311 inter-

175 1337 276 1388 Est,
298 1338 343 1379 in
364 1344 577 1387 matrona,
601 1336 757 1379 ancilla
779 1351 995 1391 peccesne
1019 1340 1201 1392 togata?

174 1403 335 1447 Villius
355 1404 400 1446 in
420 1403 587 1445 Fausta
609 1403 744 1444 Sullae
764 1418 914 1459 gener,
936 1403 1019 1445 hoc
1042 1405 1171 1445 miser
1194 1419 1280 1446 uno

88 1472 146 1514 65
176 1471 365 1515 Nomine
387 1473 615 1528 deceptus,
637 1486 791 1527 poenas
813 1471 937 1513 dedit
957 1487 1098 1527 usque
1121 1486 1347 1527 superque

59 1615 125 1636 rem
151 1616 265 1637 omnem
291 1613 320 1638 et
348 1609 444 1639 vitam
469 1612 498 1638 et
524 1618 592 1663 cum
617 1617 739 1648 corpore
752 1607 812 1648 fa-

60 1659 152 1679 mam.

105 1692 160 1723 ⁴4.
187 1691 437 1727 Pet-minxerunt,
466 1691 676 1734 paedicarunt.
724 1693 813 1723 Calo-

61 1743 112 1764 nes
135 1734 272 1777 proprie,
297 1741 334 1767 ut
356 1736 450 1767 docet
475 1735 601 1771 Festus,
625 1734 707 1767 servi
730 1735 814 1766 mili-

63 1781 144 1812 tum,
166 1777 244 1809 dicti
267 1777 324 1814 ita,
349 1778 425 1820 quia
449 1777 572 1819 ligneas
595 1778 705 1809 clavas
728 1788 815 1820 gere-

63 1819 154 1856 bant,
194 1830 275 1862 quas
310 1820 418 1852 Graeci
449 1822 539 1852 κᾶλα
573 1827 699 1852 vocant.
756 1821 817 1852 Sed

62 1861 146 1894 inter
160 1873 266 1894 servos
281 1863 472 1895 domesticos
489 1874 616 1905 quoque
634 1864 668 1899 ii,
684 1863 738 1904 qui
755 1863 816 1903 lig-

63 1915 106 1936 no
120 1905 249 1937 ferendo
262 1912 295 1937 et
310 1906 381 1937 aliis
396 1906 578 1938 ministeriis
595 1906 818 1938 humilioribus

64 1947 311 1984 adhibebantur,
339 1949 489 1991 appellati
520 1955 595 1980 sunt
625 1951 754 1984 calones,
782 1955 817 1980 ut

66 1990 211 2023 hocloco
226 1997 259 2023 et.
274 1993 342 2023 Sat.
358 1991 380 2029 i,
396 1992 428 2030 6,
445 1993 518 2027 103,
538 1993 640 2034 Epist.
655 1992 678 2026 i,
699 1994 748 2028 14,
765 1993 817 2023 42.

109 2035 164 2066 46.
186 2034 266 2066 Jure
278 2045 397 2066 omnes:
421 2044 530 2066 omnes
551 2035 584 2066 id
605 2036 724 2066 factum
749 2046 818 2067 esse

68 2076 136 2108 'ure
153 2077 302 2115 aiebant,
326 2078 382 2109 sed
410 2078 512 2109 Galba
539 2079 688 2119 negabat.
735 2078 817 2109 Gal-

89 2130 152 2157 am,
167 2131 206 2151 ex
223 2120 321 2152 nobili
344 2121 474 2152 fortasse
492 2127 587 2162 gente
609 2121 752 2162 Sulpicia
768 2131 816 2152 or-

66 2167 149 2200 tum,
168 2169 204 2194 ut
224 2163 407 2195 adulterum
423 2163 474 2195 vel
495 2170 579 2195 certe
601 2164 816 2195 adulterorum

66 2211 249 2248 patronum,
266 2212 395 2238 notasse
410 2206 535 2238 videtur
551 2207 711 2238 Horatius.

111 2249 167 2290 47„
191 2249 292 2285 Marx,
305 2248 448 2280 libidinis
462 2249 585 2281 fructus
598 2249 682 2292 apud
696 2249 816 2280 liberti-

67 2301 138 2329 nas,
151 2302 225 2334 quae
243 2302 386 2335 corpore,
404 2298 554 2334 tanquam
573 2303 677 2324 merce
696 2292 816 2334 aliqua,

67 2340 226 2377 quaestum
240 2333 384 2367 faciunt:
410 2334 485 2367 hinc
501 2347 584 2367 mera:
598 2346 627 2367 v.
650 2336 692 2367 83
709 2335 748 2367 de
766 2346 816 2368 ve-

68 2377 204 2409 nustatis
215 2383 248 2409 et
262 2377 370 2410 formae
384 2378 565 2410 lenociniis.

112 2421 167 2452 48.
190 2421 369 2458 Sallustius,
393 2421 490 2458 idem,
514 2427 550 2452 ut
571 2419 706 2457 videtur,
731 2422 818 2454 Cris-

67 2473 130 2506 pus
155 2463 340 2501 Sallustius,
364 2464 405 2495 ad
427 2475 522 2506 quem
544 2464 663 2506 scripta
684 2471 733 2496 est
756 2465 820 2497 Od.

22 2536 25 2540 .
69 2506 211 2538 secunda
228 2506 302 2538 libri
323 2507 470 2543 secundi,
485 2507 541 2538 ubi
564 2507 627 2538 vid.
649 2517 819 2549 argumen-

69 2553 148 2581 tum.
193 2549 234 2580 In
248 2561 322 2591 quas
341 2550 410 2581 Non
430 2553 530 2581 minus
545 2552 673 2587 insanit,
690 2550 723 2581 in
739 2561 820 2593 quas

69 2601 134 2623 non
148 2591 269 2624 minore
285 2592 427 2624 libidinis
439 2594 543 2624 furore
559 2592 668 2624 fertur.

114 2635 168 2666 51.
198 2635 358 2678 Mumfico,
384 2646 441 2679 pro
473 2635 679 2666 munificum:
711 2635 754 2666 cf.
780 2635 821 2667 ad

14 2710 17 2712 ,
72 2677 140 2708 Sat.
154 2677 178 2713 i,
201 2679 230 2713 l,
250 2679 299 2711 19.
346 2679 523 2718 Benignus:
545 2679 586 2710 cf.
602 2689 672 2721 sup.
688 2678 728 2709 ad
743 2689 772 2709 v.
789 2681 821 2710 4.

115 2721 168 2752 52.
194 2721 323 2758 Damno,
346 2722 507 2764 perdendo
534 2722 640 2752 bona:
672 2724 822 2759 dedecori,

71 2762 230 2806 perdendo
245 2765 358 2796 bonam
376 2764 506 2796 famam.

30 2840 33 2846 N
115 2807 171 2842 53.
195 2807 248 2838 5⁴.
282 2807 347 2838 Hoc
377 2819 406 2839 se
434 2809 631 2847 amplectitur
659 2819 732 2846 uno,
760 2807 820 2838 hoc

28 2852 36 2866 '¹
75 2858 139 2880 nno
172 2848 314 2880 libidinis
345 2861 458 2891 genere
493 2850 553 2882 sibi
585 2850 701 2892 placet.
758 2851 823 2881 Hoc

74 2897 169 2930 emat,
191 2891 267 2924 huic
288 2892 345 2923 uni
367 2893 506 2924 libidinis
527 2893 633 2934 generi
656 2892 822 2934 indulget,

75 2933 128 2965 hoe
150 2934 272 2973 laudat,
289 2935 350 2967 hoc
368 2946 468 2968 unum
489 2935 632 2967 libidinis
650 2946 750 2977 genus
768 2946 823 2968 ex-

77 2975 176 3049 ξοΙΙὶῑ,
204 2977 282 3011 dum
314 2978 371 3016 ait,
406 2979 584 3012 Matronam
617 2980 738 3011 nullam
772 2990 825 3022 ego

89 3029 182 3060 ango.
400 3038 408 3042 ι
521 3030 523 3033 ·

902 1608 956 1638 55.
983 1607 1143 1648 Originis:
1167 1606 1294 1639 fuerunt
1311 1606 1366 1637 illo
1385 1612 1523 1649 tempore
1544 1607 1612 1638 Ro-

858 1659 919 1679 mae
936 1655 998 1681 tres
1015 1650 1218 1682 nobilissimae
1240 1650 1345 1680 mimae
1362 1655 1393 1681 et
1411 1649 1589 1681 meretrices
1604 1661 1612 1679 z

860 1692 970 1734 Origo,
993 1693 1132 1724 Citheris
1152 1693 1235 1735 (sive
1259 1692 1414 1730 Licoris),
1432 1698 1465 1723 et
1488 1693 1614 1724 Arbus-

860 1735 934 1766 cula
949 1747 955 1766 :
982 1735 1044 1766 vid.
1060 1737 1148 1767 Serv.
1164 1736 1203 1766 ad
1219 1735 1311 1776 Virg.
1329 1735 1401 1766 Ecl.
1421 1746 1452 1770 x,
1469 1736 1501 1766 2.

906 1779 959 1808 58.
990 1779 1090 1814 Unde,
1108 1788 1126 1808 a
1140 1777 1271 1819 quibus.

906 1821 958 1851 60.
983 1823 1033 1852 An
1051 1822 1104 1851 tibi
1124 1823 1243 1851 abunde
1265 1820 1440 1863 Personam,
1458 1826 1533 1851 cett.
1557 1820 1615 1862 qui

862 1869 1050 1898 matronam,
1074 1863 1107 1894 in
1129 1874 1192 1905 qua
1214 1873 1346 1906 peccare
1370 1863 1479 1904 possit,
1504 1863 1614 1899 evitat,

863 1911 896 1935 at
918 1905 950 1936 in
974 1906 1130 1942 libertina,
1153 1917 1248 1948 quam
1271 1913 1421 1942 sectatur,
1441 1913 1564 1948 peccat,
1589 1905 1617 1937 is

863 1959 928 1979 non
961 1960 1023 1980 rem
1051 1949 1164 1991 ipsam,
1191 1959 1253 1979 non
1278 1949 1358 1979 illud
1387 1950 1472 1990 quod
1499 1949 1615 1990 ubique

861 1991 978 2022 damno
995 1999 1026 2023 et
1042 1991 1187 2022 dedecori
1208 1997 1267 2025 est.
1285 1992 1338 2022 sed
1360 2001 1525 2033 personam
1544 1998 1613 2022 tan-

862 2040 929 2064 tum
951 2035 1059 2070 evitat,
1078 2045 1220 2076 personae
1242 2040 1378 2069 tantum,
1401 2045 1463 2065 non
1483 2034 1527 2066 rei
1550 2034 1617 2065 dis-

862 2076 981 2108 crimen
996 2077 1083 2108 facit.
1132 2078 1193 2108 Per
1205 2088 1359 2117 personam
1380 2076 1446 2118 jam
1463 2077 1610 2119 designa-

861 2126 924 2156 tur,
956 2127 1108 2155 matrona,
1141 2127 1280 2151 matrona
1313 2126 1361 2151 est
1390 2131 1520 2161 persona
1557 2121 1614 2151 bo-

862 2169 966 2199 nesta.
993 2163 1140 2195 libertina
1168 2173 1301 2206 persona
1328 2163 1434 2193 minus
1461 2163 1614 2202 lionesta3

862 2207 983 2247 ubique,
1007 2206 1040 2237 in
1061 2216 1189 2248 quaque
1212 2216 1356 2248 persona,
1375 2205 1397 2236 i.
1421 2217 1450 2237 e.
1473 2206 1615 2238 muliere.

864 2248 938 2279 Rem
959 2252 1058 2289 patris
1076 2249 1340 2291 (patrimonium)
1363 2250 1518 2285 oblimare,
1539 2249 1616 2280 limo

864 2292 1033 2328 obducere,
1058 2292 1092 2323 in
1112 2292 1224 2323 limum
1247 2298 1279 2323 et
1297 2302 1426 2324 coenum
1449 2293 1541 2334 quasi
1560 2294 1615 2323 ab—

861 2334 973 2376 jicere,
1004 2335 1052 2366 uti
1079 2335 1142 2367 sere
1171 2337 1348 2376 dilapidare
1384 2345 1452 2378 pro,
1483 2334 1617 2378 turpiter

863 2378 1064 2420 profundere.

907 2421 962 2452 62.
989 2422 1071 2456 Quid
1092 2422 1231 2456 interest,
1251 2426 1327 2453 cett.
1372 2422 1457 2462 Ergo
1481 2432 1616 2464 peccas;

863 2464 937 2495 nam
961 2464 1071 2495 eodem
1101 2464 1192 2502 redit,
1215 2471 1321 2495 utrum
1344 2464 1377 2495 in
1402 2470 1548 2497 matrona
1574 2475 1615 2496 an

865 2506 897 2537 in
913 2507 1031 2539 ancilla
1048 2518 1173 2549 pecces.

908 2551 962 2581 63.
987 2552 1112 2581 Ancilla
1129 2557 1245 2592 tagam,
1262 2550 1421 2588 libertina,
1438 2551 1504 2586 cui,
1522 2556 1616 2582 antea

863 2593 1003 2629 ancillae,
1035 2604 1122 2624 nunc
1157 2599 1263 2635 togam
1299 2593 1420 2635 pullam
1457 2604 1496 2625 ex
1530 2604 1616 2626 more

865 2636 1064 2667 meretricum
1084 2643 1206 2677 gestare
1226 2636 1354 2668 licebat.

908 2680 975 2710 64.’
992 2679 1103 2710 Villius
1118 2681 1152 2709 in
1171 2679 1298 2715 Fausta,
1314 2685 1390 2710 cett.
1407 2690 1469 2710 uon
1485 2679 1617 2715 Villius,

868 2722 923 2753 sed
949 2723 989 2752 Τ.
1018 2722 1147 2753 Annius
1177 2723 1269 2757 Milo,
1292 2732 1329 2753 ex
1357 2722 1514 2754 Cicerone
1541 2723 1618 2754 satis

866 2771 973 2799 notus,
996 2765 1122 2796 Faustae
1144 2764 1286 2800 maritus,
1302 2771 1333 2795 et
1352 2765 1484 2808 proinde
1505 2766 1618 2801 Sullae,

866 2808 964 2856 patris
989 2808 1127 2844 Faustae,
1153 2818 1248 2848 gener
1275 2807 1347 2838 fuit.
1392 2808 1454 2839 Sed
1485 2808 1617 2844 Villius,

866 2851 948 2881 idem
962 2851 1093 2882 sortasse
1109 2852 1225 2882 Sextus
1242 2851 1375 2885 Villius.
1393 2862 1488 2892 quem
1506 2851 1619 2882 Cicero

868 2894 990 2936 (Epist.
1005 2893 1046 2924 ad
1067 2894 1156 2925 Fam.
1177 2893 1212 2929 ii,
1229 2895 1268 2934 6)
1283 2893 1321 2924 ad
1344 2894 1479 2924 Milonis
1499 2894 1618 2924 amicos

866 2935 970 2972 refert,
993 2946 1068 2967 cum
1091 2942 1174 2968 esset
1190 2947 1276 2968 unus
1298 2935 1512 2967 adulterorum
1537 2945 1618 2977 quos

868 2980 998 3015 Fausta,
1015 2979 1130 3011 mulier
1147 2979 1331 3015 libidinosa,
1349 2979 1515 3010 admittere
1537 2978 1618 3008 sole-

866 3023 932 3061 bat,
953 3033 1050 3066 gener
1071 3022 1306 3066 quodammodo
1330 3022 1443 3057 Sullae,
1470 3021 1525 3061 qui
1548 3019 1619 3062 ejus
