1884 3288
307 217 392 258 262

909 217 1210 259 EPODON

479 318 506 357 5
535 316 663 366 Nam,
685 314 823 370 qualis
843 322 918 357 aut
939 315 1174 366 Molossus,
1195 323 1270 358 aut
1290 314 1431 358 fulvus
1453 316 1615 367 Lacon,

704 381 856 423 Amica
876 383 937 423 vis
959 384 1219 436 pastoribus,

537 448 677 503 Agam
699 462 776 502 per
796 448 902 489 altas
923 463 1025 489 aure
1047 448 1214 490 sublata
1233 449 1364 499 nives,

707 514 989 567 Quaecunque
1011 516 1228 567 praecedet
1247 515 1350 556 fera.

537 580 624 630 Tu,
645 595 776 634 quum
794 579 981 620 timenda
1001 593 1103 620 voce
1124 580 1346 633 complesti
1365 594 1529 629 nemus,

455 647 507 687 10

704 646 950 700 Projectum
972 645 1164 686 odoraris
1186 646 1339 686 cibum.

536 713 665 761 Cave,
687 726 788 753 cave
807 714 815 752 Ξ
848 726 1030 764 namque
1051 712 1095 751 in
1115 711 1246 752 malos
1268 711 1525 765 asperrimus

707 778 863 818 Parata
885 777 985 817 tollo
1007 791 1165 818 cornua
1182 794 1192 827 3

539 843 690 890 Qualis
712 843 940 897 Lycambae
962 850 1132 896 spretus
1153 842 1286 883 infido
1307 857 1452 896 gener,

705 908 797 949 Aut
817 923 914 950 acer
935 908 1071 950 hostis
1093 907 1275 962 Bupalo.

458 977 508 1015 15
538 974 623 1025 An,
646 975 680 1016 si
701 976 795 1028 quis
818 982 913 1015 atro
933 975 1062 1015 dente
1082 989 1148 1015 me
1169 974 1381 1027 petiverit,

705 1040 872 1081 Inultus
895 1047 942 1081 ut
962 1040 1075 1081 flebo
1097 1042 1234 1094 puer?

863 1209 1134 1257 CARMEN
1166 1215 1269 1258 V11.

703 1342 770 1372 AD
817 1337 1088 1373 POPULUM
1133 1342 1427 1374 ROMANUM.

549 1437 666 1486 Quo,
689 1448 773 1490 quo
796 1436 962 1478 scelesti
984 1437 1119 1486 ruitis,
1143 1443 1215 1477 aut
1237 1451 1312 1478 cur
1334 1435 1522 1477 dexteris

709 1502 929 1556 Aptantur
950 1517 1074 1543 enses
1097 1503 1291 1543 conditi?

315 1598 445 1646 primere
467 1603 607 1642 possunt.
652 1601 703 1632 Cl.
727 1600 860 1631 Mitsch.
888 1606 1047 1642 comparat

315 1640 445 1672 Pindar.
482 1643 575 1683 Pyth.
611 1642 644 1678 ii,
681 1644 752 1673 154.
796 1642 906 1672 Immes
940 1644 1047 1678 minas,

315 1684 424 1722 quales
439 1690 511 1713 sunt
524 1694 628 1714 eorum
646 1694 771 1720 canum,
783 1685 837 1724 qui
851 1690 965 1714 terrent
979 1690 1047 1713 tan-

315 1730 382 1754 tum
406 1725 560 1759 latrando.
581 1736 641 1755 uon
662 1733 776 1756 nocent
794 1725 972 1757 mordendo.
1015 1727 1048 1755 Si

310 1774 402 1804 putes,
419 1777 464 1798 sc.
482 1768 540 1798 lioc
555 1768 718 1808 impetrare
732 1769 772 1798 ab
786 1767 912 1808 ignavia
928 1774 992 1798 tua.

357 1810 558 1839 5—10.Ant
575 1811 719 1840 Molossus
722 1811 913 1850 ‚uutjnlvus
928 1810 950 1839 l
953 1821 1047 1839 acon:

315 1859 410 1880 canes
427 1852 453 1880 E
442 1850 575 1892 pirotici
591 1857 621 1881 et
642 1852 784 1893 Spartani
805 1852 899 1893 paulo
914 1851 1047 1882 robusti-

315 1901 395 1926 ores.
411 1898 474 1922 tam
490 1893 665 1934 pastoribus
680 1893 718 1924 ad
734 1903 841 1934 greges
857 1903 874 1923 a
890 1893 1049 1924 nocturnis

315 1933 433 1964 furibus
454 1940 486 1964 et
509 1935 650 1975 luporum
674 1935 801 1965 incursu
825 1935 1047 1972 defendendos,

315 1985 408 2015 quam
427 1977 625 2006 venatoribus
643 1977 681 2007 ad
702 1978 782 2007 feras
804 1977 998 2017 indagandas
1017 1983 1048 2007 et

317 2018 548 2057 persequendas
561 2018 786 2049 inserviebant:
805 2019 892 2059 Virg.
907 2019 1007 2049 Geo.
1001 2019 1047 2054 iii,

316 2060 391 2094 404,
409 2059 472 2089 Nec
488 2061 542 2089 tibi
554 2071 628 2090 cura
643 2061 863 2101 ozmumfuerit
879 2068 1045 2100 postrem113

317 2102 366 2131 sed
387 2112 448 2131 una
476 2102 591 2132 Vetaoes
619 2103 735 2142 Spartae
758 2104 874 2133 catulos
896 2114 1047 2142 acremque

316 2143 474 2173 Molossum
510 2144 597 2173 Pasce
622 2155 685 2174 sero
712 2145 834 2184 pingui.
885 2145 1048 2184 Nunquam

315 2187 484 2216 custodibus
501 2186 563 2215 illis
586 2186 775 2215 Nocturnum
791 2187 916 2215 stabulis
928 2192 1047 2227 jurem.

314 2228 509 2267 incursu-sque
542 2228 854 2267 luporum-horrebis
865 2239 875 2264 ,-
921 2228 974 2258 ubi
1011 2228 1050 2258 de

315 2269 476 2310 utriusque
497 2269 584 2299 canis
603 2269 700 2299 forma
717 2276 747 2299 et
762 2269 867 2300 indole
882 2269 946 2309 egit
970 2270 1047 2300 Vos·

315 2311 392 2341 sius.
431 2312 620 2351 Quaecunque
630 2312 865 2352 proecedetsern,
878 2322 943 2352 pro,
958 2321 1048 2350 agam

315 2363 549 2393 quamcunque,
574 2363 645 2393 quae
662 2354 738 2383 mihi
759 2353 923 2394 praecedet,
940 2354 1047 2391 feram,

318 2394 350 2425 b.
364 2405 392 2425 e.
404 2405 510 2426 omnes
523 2401 593 2425 ante
611 2406 659 2426 me
671 2402 829 2426 currentes
842 2397 921 2426 feras
935 2397 1049 2435 urgebo

316 2443 348 2467 et
363 2446 540 2478 persequar.
588 2438 754 2477 Preiecrum
778 2439 912 2467 odoraris
930 2439 1046 2468 cibum.
1042 2450 1049 2456 ·

319 2479 370 2509 cl.
385 2479 517 2509 Mitsch.
531 2486 690 2520 comparat
705 2479 844 2509 Martial.
861 2479 902 2514 iv,
920 2480 972 2514 53,
989 2481 1021 2510 6.

363 2522 497 2551 11—16.
521 2523 720 2559 Aspen-imus.
743 2521 979 2551 acerbissimus.
973 2533 979 2539 ·
1008 2521 1050 2552 cf.

316 2562 373 2593 inf.
401 2562 440 2592 ad
470 2562 570 2603 Epist·-
595 2564 633 2593 ad
660 2563 727 2593 Pis.
754 2573 782 2594 v.
812 2564 887 2593 221.
935 2564 1050 2593 Parata

318 2605 389 2634 tullo
408 2615 532 2639 cornua,
557 2614 626 2634 cnm
651 2605 755 2639 armis.
778 2615 848 2645 quae
873 2608 902 2635 in
927 2611 1049 2646 promtu

317 2646 564 2681 haheo,fo1titer
585 2657 768 2686 exsurgam3
792 2647 940 2687 intelligit
959 2649 1048 2677 nuni-

319 2699 386 2719 rum
413 2688 545 2722 iambos,
568 2689 684 2728 quibus
710 2690 754 2719 ita
778 2699 811 2719 se
834 2699 1049 2729 aggressurum

315 2739 384 2761 esse
399 2730 443 2760 ait
456 2730 639 2765 maledicos.
649 2730 693 2761 uti
704 2731 851 2761 cornibus
866 2731 931 2761 suis
944 2737 1051 2762 taurus

317 2772 376 2803 sibi
393 2771 522 2802 infestos
540 2773 667 2812 aggredi
686 2772 777 2803 solet.
823 2773 896 2803 Non
916 2773 1050 2814 persistit

317 2813 411 2852 igitur
424 2820 516 2861 poeta
536 2814 568 2844 in
592 2815 740 2853 allegoria
757 2825 775 2844 a
796 2815 926 2844 canibus
942 2815 1047 2850 ducta,

315 2857 370 2886 sed
384 2865 459 2886 nova
477 2855 612 2896 imagine
626 2867 659 2887 se
675 2856 844 2886 timendum
863 2857 935 2886 facit
951 2857 1046 2888 male-

314 2898 413 2935 dicis;
436 2907 507 2938 qum
529 2909 549 2939 q
554 2898 655 2928 uidem
676 2897 846 2936 imaginum
869 2899 1001 2928 mutatio
1017 2903 1048 2928 et

313 2939 475 2971 diversitas
495 2910 658 2982 displicere
673 2949 800 2972 omnino
818 2941 909 2971 debet
929 2950 991 2971 rem
1007 2940 1047 2971 ad

1091 1600 1165 1630 artis
1183 1605 1337 1641 praecepta
1354 1598 1602 1630 aestimantibus:
1624 1599 1666 1631 cf.
1689 1609 1758 1642 sup.
1780 1599 1820 1631 ad

1092 1641 1126 1676 ii,
1152 1643 1184 1676 5,
1207 1643 1240 1672 9.
1289 1642 1395 1676 Qualis
1417 1641 1571 1681 Lycamboe
1592 1648 1708 1681 spretus
1729 1643 1823 1682 infido

1089 1694 1192 1724 gener,
1211 1685 1272 1714 Aut
1292 1694 1359 1714 acer
1375 1685 1462 1713 hostis
1482 1683 1618 1722 Bupalo:
1641 1683 1765 1724 qualem
1788 1693 1822 1714 se

1093 1726 1260 1765 Lycambae
1283 1725 1417 1772 praebuit
1438 1725 1657 1760 Archilochus,
1677 1735 1748 1756 cum
1768 1725 1823 1756 ille

1092 1768 1186 1798 filiam
1215 1778 1303 1798 suam
1329 1777 1395 1808 Jam
1419 1766 1612 1798 Archilocho
1627 1768 1823 1815 desponsam

1093 1810 1296 1840 concessisset
1323 1809 1389 1843 alii,
1420 1814 1473 1838 aut
1499 1809 1603 1850 qualis
1626 1809 1704 1839 iram
1731 1819 1820 1839 suam

1092 1851 1203 1881 effudit
1215 1851 1400 1898 Hipponax
1394 1861 1426 1880 in
1438 1851 1608 1899 Bupalum,
1611 1850 1720 1898 quod'
1713 1860 1739 1881 is
1749 1860 1821 1882 curn

1092 1893 1264 1923 Anthermo
1291 1892 1499 1934 Hipponactis
1526 1892 1706 1932 imaginem,
1730 1892 1822 1923 foedi-

1090 1941 1152 1965 tate
1174 1935 1338 1975 insignem,
1363 1933 1560 1982 deridendum
1581 1933 1706 1965 circulis
1725 1944 1822 1976 expo-

1091 1983 1208 2007 suerat:
1227 1977 1290 2007 vid.
1301 1978 1384 2007 Plin.
1394 1975 1499 2008 xxxvi.
1513 1977 1544 2006 5.
1572 1978 1667 2017 Uterq
1668 1983 1822 2007 ueautern

1091 2026 1193 2060 poeta,
1226 2019 1436 2049 Archilochus
1468 2017 1595 2058 quidem
1628 2019 1822 2059 Lycamben,

1092 2061 1260 2101 Hipponax
1285 2071 1355 2091 vero
1380 2060 1536 2102 Bupalum
1555 2066 1588 2091 et
1602 2059 1822 2097 Anffierrnum,

1090 2102 1260 2132 iamborum
1277 2112 1400 2133 suorum
1418 2102 1586 2132 acerbitate
1601 2101 1641 2132 ad
1656 2101 1759 2132 restim
1775 2113 1823 2134 re-

1091 2144 1212 2184 degisse
1227 2144 1384 2174 dicuntur.
1419 2143 1679 2184 1uult21s,quiob
1692 2143 1822 2174 infirmi·

1092 2192 1184 2216 tatem
1200 2195 1287 2215 suam
1305 2196 1365 2216 non
1385 2185 1496 2216 ulcisci
1517 2191 1618 2226 potest
1632 2185 1743 2216 factam
1763 2185 1824 2216 sibi

1093 2237 1249 2268 injuriam.

1308 2311 1505 2343 CARMEN
1529 2311 1610 2342 VII.

1134 2351 1288 2393 Scriptum
1305 2360 1349 2383 est
1366 2353 1423 2385 hoc
1439 2363 1563 2384 carmen
1579 2352 1647 2384 sine
1666 2351 1762 2384 dubio
1784 2362 1822 2384 eo

1092 2400 1239 2435 tempore,
1256 2405 1329 2436 quo,
1344 2405 1428 2430 cum,
1446 2395 1528 2425 victo
1545 2395 1662 2436 Lepido
1683 2399 1716 2425 et
1730 2396 1824 2425 Sexto

1092 2437 1242 2477 Pompeio
1264 2437 1380 2474 occiso,
1399 2437 1499 2478 sopita
1521 2436 1713 2477 aliquamdiu
1736 2436 1824 2478 quie-

1093 2478 1206 2508 vissent
1231 2479 1314 2509 bella
1341 2479 1458 2513 civilia.
1486 2488 1598 2508 novum
1625 2478 1716 2512 illu&
1738 2479 1824 2519 quod

1095 2521 1136 2551 U
1161 2522 1347 2551 C.nccxx1
1370 2526 1477 2551 contra
1499 2519 1674 2551 Antonium
1696 2521 1826 2567 parabat

1094 2562 1300 2597 Octavianus,
1331 2562 1460 2603 gliscere
1481 2561 1650 2610 inciperet,
1675 2567 1707 2592 et
1734 2572 1824 2602 ignes

1093 2605 1200 2634 doloso
1222 2604 1318 2634 cineri
1341 2603 1490 2646 suppositi
1507 2603 1574 2651 jam
1595 2603 1658 2647 jam
1683 2613 1824 2646 prorum-

1093 2656 1164 2687 pere
1182 2645 1367 2676 viderentur.
1411 2647 1509 2677 Poeta
1529 2644 1638 2692 igitur
1644 2655 1738 2683 nova,
1750 2655 1822 2686 quae

1092 2688 1201 2729 patriae
1211 2688 1424 2722 intendantur,
1435 2687 1539 2718 animo
1550 2686 1731 2735 concipiens
1743 2688 1823 2728 peri

1091 2730 1174 2763 cula,
1190 2729 1354 2771 populares
1369 2739 1441 2760 suos
1451 2739 1470 2759 a
1483 2729 1618 2760 nefando
1631 2729 1692 2759 isto
1705 2729 1824 2760 bellum

1091 2772 1183 2802 civile
1206 2771 1433 2812 redintegrandi
1455 2770 1587 2802 consilio
1610 2771 1653 2802 ita
1673 2771 1824 2802 deterrere

1091 2813 1202 2851 studet,
1226 2820 1261 2843 ut
1283 2813 1414 2860 primum
1443 2812 1526 2842 mula
1545 2818 1575 2843 et
1604 2813 1729 2847 damna.
1751 2822 1824 2854 quae

1090 2856 1174 2886 bella
1188 2854 1314 2886 civilia'
1303 2864 1369 2896 Jam
1389 2853 1558 2888 intulerint.
1575 2853 1614 2884 iis
1628 2860 1701 2885 ante
1716 2854 1824 2885 oculos

1091 2904 1206 2939 ponam
1230 2897 1353 2932 deinde,
1369 2906 1462 2938 quam
1482 2905 1586 2927 caecus
1600 2895 1658 2927 iste
1673 2896 1754 2927 furor
1773 2895 1824 2932 sit,

1090 2950 1153 2981 quo
1173 2950 1204 2971 se
1221 2949 1283 2970 non
1302 2943 1410 2970 contra
1429 2938 1547 2969 hostem
1568 2937 1704 2980 aliquem
1723 2941 1823 2969 exter-
