1884 3288
305 220 363 260 62

864 219 1267 262 CARMINUM

816 379 1087 448 CARMEN
1125 406 1304 448 XXXI.

788 545 868 576 AD
915 545 1331 576 APOLLINEM.

589 657 713 705 QUID
735 658 982 700 dedicatum
1004 660 1140 713 poscit
1161 658 1408 714 Apollinem

587 725 750 767 Vates?
781 726 885 780 quid
907 734 1014 775 orat,
1037 727 1091 768 de
1114 734 1263 781 patera
1284 740 1439 767 novum

642 791 846 834 Fundens
867 792 1102 846 liquorem?
1162 793 1265 834 Non
1286 794 1448 848 opimas

703 858 911 900 Sardiniae
933 866 1100 914 segetes
1123 859 1299 910 feracis3

530 926 557 965 5
587 924 690 966 Non
709 932 905 967 aestuosae
925 933 1049 980 grata.
1069 925 1279 967 Calabriae

585 992 816 1043 Armenta3
847 1008 933 1034 non
954 1007 1118 1042 aurum,
1140 1001 1213 1034 aut
1234 994 1342 1034 ebur
1363 991 1585 1041 indicum'3

643 1058 746 1100 Non
767 1074 880 1108 rura,
902 1074 998 1113 quae
1020 1059 1133 1100 Liris
1155 1059 1301 1113 quieta

700 1124 878 1166 Mordet
898 1140 1008 1179 aqua
1029 1125 1266 1166 taciturnus
1287 1125 1435 1166 amnis.

589 1190 792 1232 Premant
813 1191 973 1232 Calena
992 1191 1115 1242 falce,
1137 1193 1294 1246 quibus
1317 1192 1438 1233 dedit

508 1258 558 1299 10
587 1257 795 1308 Fortuna,
817 1259 969 1300 vitem:
1002 1258 1121 1299 dives
1143 1265 1186 1299 et
1207 1259 1347 1300 aureis

646 1324 866 1366 Mercator
885 1325 1073 1367 exsiccet
1094 1324 1262 1366 culullis

699 1392 815 1434 Vina
835 1393 944 1448 Syra
963 1400 1164 1448 reparata
1183 1407 1338 1442 merce,

501 1498 698 1529 CARMEN
724 1499 850 1530 XXXI.

348 1540 432 1572 Cum
452 1539 502 1572 die
524 1540 668 1575 solemni,
683 1551 746 1582 quo
763 1541 928 1582 Augustus
945 1539 1042 1582 Apol-

304 1581 378 1613 linis
393 1583 541 1625 templum
558 1582 589 1612 in
607 1583 753 1614 Palatino
769 1583 825 1614 rite
846 1582 1044 1613 dedicaverat

305 1625 369 1665 (U.
392 1626 431 1656 C.
460 1630 495 1655 ut
517 1624 611 1655 tradit
634 1625 697 1655 Dio
719 1625 777 1660 liii,
803 1626 832 1662 1,
859 1624 1040 1664 necxxvl),

304 1676 396 1697 nemo
419 1677 493 1702 non,
517 1672 581 1697 tam
606 1667 742 1707 publice,
764 1677 858 1708 quam
886 1667 1042 1708 privatim,

304 1714 378 1739 vota
400 1714 616 1750 nuncuparet3
640 1709 789 1740 Horatius
817 1719 907 1740 secus
932 1708 965 1739 in
993 1709 1042 1740 his

304 1751 386 1781 votis
405 1761 424 1781 a
436 1751 530 1791 vulgo
550 1750 699 1787 sentiens,
715 1762 816 1792 neque
836 1761 922 1792 opes,
941 1761 1042 1792 neque

303 1792 481 1830 latifundia,
504 1803 604 1834 neque
625 1793 686 1823 alia
708 1793 825 1834 quibus
849 1793 945 1834 vulgo
968 1803 1042 1823 cen·

305 1841 392 1874 setur
404 1835 543 1866 bumana
563 1835 705 1870 felicitas,
721 1835 777 1867 sed
794 1846 842 1867 res
861 1841 981 1866 tantum
1003 1835 1042 1866 ad

304 1877 399 1908 vitam
411 1877 645 1908 sustentandam
658 1878 858 1913 necessarias,
868 1883 934 1908 tum
946 1877 1043 1908 animi

303 1919 503 1961 corporisque
526 1919 703 1956 sanitatem,
726 1920 886 1951 honestam
907 1919 1043 1960 denique

302 1966 335 1992 et
347 1971 474 2003 poeseos
486 1960 589 1992 studio
601 1961 837 1993 exhilarandam
849 1967 1042 1993 senectutem

303 2003 344 2034 ab
360 2003 511 2046 Apolline
525 2003 584 2034 sibi
597 2004 723 2044 expetit.

350 2047 446 2076 1—-4,
473 2045 571 2086 Finge
597 2044 655 2076 tibi
684 2045 847 2076 Horatium
874 2056 913 2076 ex
940 2045 1042 2077 media

303 2088 395 2129 quasi
411 2088 502 2119 turba
520 2087 726 2129 precantium,
742 2094 774 2119 et
793 2089 933 2119 certatim
949 2088 1043 2119 variis

303 2129 383 2160 votis
398 2129 579 2172 Apollinem
599 2129 810 2170 fatigantium,
827 2130 860 2160 in
876 2131 955 2167 haec,
972 2130 1042 2171 qui-

303 2170 364 2210 bus
395 2182 520 2203 carmen
550 2171 722 2208 exorditur,
750 2173 844 2203 verba
880 2172 1040 2214 erupisse:

307 2212 390 2249 Quid
419 2215 590 2244 dedicatum.
619 2215 712 2253 poscit
742 2216 910 2254 Apollinem
938 2216 1042 2245 vates?

305 2251 338 2288 h.
361 2266 391 2287 e.
414 2262 446 2287 at
468 2256 546 2297 quid
567 2266 625 2296 ego
649 2262 721 2298 peto
744 2257 783 2287 ab
805 2256 966 2298 Apolline,
990 2257 1042 2287 cui

306 2292 398 2329 hodie
413 2298 561 2340 templum
579 2304 790 2330 consecratum
806 2300 876 2330 est'!
914 2299 975 2329 Pro
990 2310 1043 2340 ego

305 2339 517 2382 significanter
560 2340 644 2371 osuit
664 2347 757 2377 vates,
776 2346 809 2371 ut
833 2340 988 2376 ostendat,
1010 2351 1042 2371 se

306 2392 362 2455 pro
389 2393 438 2416 e0.
469 2392 531 2423 quo
583 2382 641 2412 sibi
671 2389 771 2424 poetae
804 2383 889 2418 insit,
919 2383 1044 2423 ingenio

320 2435 401 2466 onge
423 2423 539 2455 distare
561 2425 601 2454 ab
617 2424 780 2456 humiliore
801 2425 956 2455 sentiendi
972 2425 1043 2455 rati-

305 2477 366 2498 one
394 2466 514 2509 populi,
539 2467 630 2497 rebus
660 2467 749 2498 vanis
774 2472 868 2508 atque
894 2467 1044 2498 inanibus

304 2509 484 2541 felicitatem
499 2508 666 2539 humanam
680 2509 849 2540 metientis.
880 2510 926 2540 De
939 2516 1045 2549 patera

304 2562 411 2582 ηουιυη
443 2551 584 2581 Fundens
612 2552 778 2591 liquorem?
806 2552 838 2582 h.
868 2562 896 2583 e.
926 2562 1041 2582 novum

303 2593 412 2625 §inum
435 2592 559 2631 libans;
583 2603 694 2623 novum
717 2594 800 2624 enim
821 2593 927 2624 vinum
951 2593 1041 2624 adhi-

303 2633 369 2667 beri
391 2634 514 2666 solebat
528 2635 559 2665 in
574 2635 789 2671 libationibus,
805 2636 878 2667 liinc
892 2647 961 2677 sup.
977 2635 1040 2672 xix,

308 2677 359 2713 15,
374 2683 480 2718 patera
496 2678 567 2708 bimi
583 2679 668 2708 meri.
697 2678 818 2718 opimas
833 2684 952 2719 segetes,
966 2677 997 2708 h.
1012 2688 1042 2709 e.

304 2719 438 2763 pingues
460 2729 549 2759 agros
573 2719 716 2758 (πίονας
738 2720 861 2761 ἀγροὺς
884 2719 1043 2758 Homer.),

305 2762 350 2794 sic
374 2773 452 2803 seges
474 2772 530 2803 pro
553 2772 626 2802 agro
649 2762 731 2803 apud
753 2763 875 2793 Tibull.
899 2762 921 2798 i,
939 2763 971 2798 3,
989 2763 1042 2799 61,

304 2805 378 2836 Fert
407 2805 516 2835 casiam
544 2815 603 2834 non-
631 2807 716 2835 culta
745 2815 847 2845 seges‚·
879 2804 933 2835 sed
962 2810 1042 2836 recte

302 2856 429 2889 quoque
448 2848 549 2885 npimae
563 2854 670 2886 segetes
685 2847 833 2888 explicari
857 2853 987 2888 possunt
1002 2846 1041 2877 de

302 2890 443 2920 ubertate
460 2888 594 2929 frugum,
607 2899 678 2929 quae
700 2899 738 2919 ex
754 2888 865 2930 opimis
881 2887 1038 2929 segetibus

301 2931 502 2972 colliguntur.
543 2931 692 2962 Sardiniae
704 2931 843 2972 feracis:
867 2931 906 2961 de
932 2930 1036 2961 Sardi-

301 2973 362 3006 niae
386 2973 543 3006 fertilitate
558 2972 622 3005 vid.
640 2973 721 3006 Mel.
737 2973 772 3011 ii,
790 2975 829 3013 75
854 2973 930 3005 Val.
947 2974 1040 3004 Max.

1083 1497 1138 1534 vii,
1153 1499 1185 1530 6.
1230 1499 1269 1530 In
1285 1497 1469 1530 sententiam
1489 1497 1539 1529 Cl.
1551 1496 1682 1529 Mitsch.
1694 1506 1821 1541 compa-

1084 1547 1132 1571 rat
1149 1540 1241 1572 Pind.
1258 1541 1353 1572 Nem.
1365 1540 1432 1576 viii,
1448 1541 1501 1571 63.

1127 1584 1224 1614 5-8.
1247 1583 1358 1618 Grata,
1374 1592 1419 1614 sc.
1433 1581 1579 1616 dominis,
1593 1591 1672 1623 quos
1685 1579 1823 1612 suaviter

1083 1624 1220 1656 delectat
1235 1635 1415 1665 magnorum
1433 1629 1639 1655 armentorum
1655 1623 1822 1665 possessio.

1086 1667 1245 1702 Calabriae,
1263 1668 1302 1697 ob
1322 1666 1446 1708 egregia
1464 1666 1547 1698 enim
1571 1665 1666 1707 hujus
1686 1665 1823 1706 regionis

1084 1719 1200 1750 pascua
1227 1709 1355 1740 alebant
1377 1708 1420 1740 ibi
1446 1707 1597 1740 beatiores
1626 1713 1766 1739 armenta
1790 1712 1824 1738 et

1085 1761 1216 1791 greges:
1241 1751 1283 1782 cf.
1313 1751 1370 1782 inf.
1395 1751 1492 1793 Epod.
1517 1752 1546 1786 1,
1568 1751 1622 1781 27.
1667 1750 1822 1785 AEstunsoe,

1085 1793 1242 1835 praecipue
1254 1794 1313 1824 sub
1328 1792 1576 1835 siderefervido:
1599 1791 1656 1823 inf.
1675 1791 1777 1834 Epod.
1794 1792 1823 1828 l,

1086 1836 1139 1870 27,
1163 1836 1292 1866 Pecusve
1315 1837 1454 1867 Calabris
1475 1842 1546 1866 ante
1566 1835 1650 1865 sidus
1659 1833 1823 1876 fervidum

1086 1877 1214 1908 Lucana
1230 1884 1323 1909 mutet
1335 1889 1457 1919 pascua.
1495 1877 1581 1908 Ebur
1598 1876 1757 1908 Indicum:
1782 1875 1821 1906 ad

1085 1920 1347 1960 magnificentiam
1386 1920 1471 1962 apud
1499 1925 1618 1951 veteres
1650 1917 1824 1960 pertinebat

1085 1960 1227 2003 inprimis
1250 1962 1391 2004 supellex
1417 1962 1534 1993 affabre
1555 1971 1594 1992 ex
1608 1961 1700 1992 ebore
1719 1960 1822 1998 facta;

1085 2003 1118 2034 in
1138 2014 1260 2035 summo
1282 2010 1385 2035 autem
1407 2003 1506 2046 pretio
1528 2003 1624 2034 fuisse
1644 2004 1719 2034 ebur
1735 2002 1823 2033 Indi-

1085 2056 1151 2076 cum
1166 2056 1294 2088 operose
1312 2047 1402 2077 docet
1418 2045 1521 2078 Cerda
1542 2045 1582 2075 ad
1599 2045 1688 2085 Virg.
1706 2044 1784 2075 Geo.
1799 2044 1823 2080 i,

1087 2089 1139 2119 57.
1194 2089 1279 2119 Liris
1316 2090 1419 2130 (nunc
1458 2086 1674 2128 Garigliano),
1709 2086 1823 2117 fluvius

1086 2130 1212 2160 Latium
1243 2136 1275 2162 et
1303 2130 1509 2173 Campaniam
1544 2129 1699 2166 dividens,
1729 2129 1823 2170 cujus

1085 2178 1249 2214 utramque
1265 2172 1364 2214 ripam
1387 2172 1453 2213 agri
1471 2171 1653 2203 fertilissimi
1671 2170 1825 2203 ambiunt.

1087 2215 1219 2250 Mor-det,
1244 2214 1431 2256 exquisitius
1455 2225 1521 2257 pro,
1547 2213 1660 2253 alluit3
1682 2212 1825 2244 similiter

1085 2258 1189 2287 rodere
1211 2258 1294 2299 apud
1319 2258 1446 2288 Lucret.
1470 2267 1500 2292 v,
1524 2257 1599 2294 257,
1620 2263 1649 2287 et
1670 2258 1753 2296 ripas
1772 2266 1825 2286 ra-

1085 2300 1188 2330 dentia
1199 2300 1336 2340 flumina
1351 2301 1463 2331 rodunt
1477 2311 1487 2336 ,-
1512 2304 1544 2330 et
1566 2298 1611 2330 sic
1627 2309 1696 2340 sup.
1714 2298 1823 2329 Carm.

1086 2340 1107 2375 i,
1129 2342 1183 2376 22,
1210 2343 1242 2377 8,
1267 2343 1393 2378 lambim
1415 2347 1446 2372 et
1467 2341 1524 2372 ins.
1547 2340 1581 2376 ii,
1605 2341 1636 2378 3,
1659 2341 1710 2376 18,
1734 2340 1823 2371 lavit.

1090 2383 1286 2419 Taciturnus,
1301 2383 1444 2415 similiter
1466 2383 1516 2414 hic
1539 2382 1648 2414 leniter
1668 2387 1700 2413 et
1718 2381 1825 2424 quiete

1087 2425 1188 2456 fluens
1202 2426 1316 2456 fluvius
1331 2425 1414 2468 apud
1429 2425 1488 2456 Sil.
1508 2424 1583 2456 Ital.
1597 2423 1640 2461 iv,
1654 2425 1728 2462 352,
1745 2425 1823 2455 taci-

1088 2473 1133 2498 tas
1148 2470 1231 2508 ripas
1244 2470 1448 2508 perstringere
1461 2467 1588 2499 dicitur.

1129 2511 1246 2541 9—16.
1276 2511 1422 2541 Premant
1451 2510 1565 2540 catena
1586 2508 1687 2557 falce,
1717 2509 1825 2549 quibus

1085 2553 1168 2583 dedit
1197 2552 1345 2588 Fortuna,
1369 2554 1478 2583 vitem.-
1506 2551 1560 2582 alii
1587 2561 1620 2582 in
1649 2549 1824 2592 Campania

1085 2594 1264 2635 possideant
1287 2595 1456 2635 colamque
1477 2593 1597 2625 vineas.
1644 2593 1734 2624 Falce
1754 2602 1823 2632 pre-

1084 2647 1163 2666 mere
1181 2638 1269 2667 vitem
1289 2642 1347 2674 est,
1362 2635 1489 2667 inutiles
1504 2635 1575 2666 vitis
1596 2634 1733 2666 ramulos
1756 2644 1824 2665 am·

1085 2685 1205 2726 putare,
1222 2678 1306 2719 quod
1321 2678 1484 2709 dicebatur
1495 2679 1638 2718 ριιίιιτῐος
1660 2676 1825 2718 undefala·

1086 2731 1154 2761 ipsa
1180 2720 1265 2751 dicta
1291 2726 1338 2752 est
1361 2722 1516 2760 putatoria
1540 2719 1624 2762 apud
1648 2719 1775 2750 Pallad.
1802 2718 1824 2753 i,

1086 2763 1137 2798 43,
1165 2764 1200 2801 1;
1225 2763 1268 2794 cf.
1293 2764 1387 2794 Voss.
1411 2763 1451 2793 ad
1472 2762 1563 2802 Virg.
1587 2761 1668 2793 Geo.
1691 2760 1725 2798 ii,
1747 2761 1824 2792 362.

1085 2804 1235 2836 Similiter
1260 2805 1349 2846 falce
1381 2814 1514 2844 premere
1549 2813 1615 2846 pro,
1650 2809 1823 2845 amputare,

1083 2846 1163 2877 dixit
1185 2847 1274 2887 Virg.
1301 2848 1383 2878 Geo.
1412 2846 1446 2882 ii,
1470 2847 1543 2877 401.
1589 2846 1716 2882 catena,
1739 2845 1824 2886 quod

1081 2899 1118 2919 ex
1134 2888 1255 2930 vulgari
1270 2888 1387 2920 ratione
1402 2888 1442 2919 ad
1456 2890 1546 2919 ritem
1560 2887 1664 2919 referri
1677 2887 1822 2922 debebat,

1080 2931 1218 2963 doctiore
1249 2931 1366 2962 ratione
1401 2931 1441 2961 ad
1462 2930 1551 2972 falce
1584 2936 1676 2972 poeta
1703 2929 1823 2964 retulit,

1081 2974 1173 3015 plane
1186 2979 1216 3005 ct
1229 2983 1299 3015 sup.
1314 2973 1336 3011 i,
1350 2974 1402 3011 20,
1413 2974 1445 3010 9,
1457 2974 1583 3013 praelum
1601 2973 1744 3004 Calenum
1757 2982 1769 3010 ‚·
1791 2976 1825 3003 et
