1904 3314
631 187 634 190 ⁴
666 174 892 219 LIBER
926 174 962 225 I,
998 175 1040 216 2.

1527 173 1613 214 443

190 281 326 330 Quod
349 281 453 324 satis
474 287 556 330 est,
577 278 649 322 cui
670 277 867 332 contigit,
889 276 961 318 hic
982 274 1090 317 nihil
1109 274 1294 330 amplius
1316 281 1453 329 optet.

191 350 298 392 Non
319 351 473 392 domus
494 355 539 390 et
559 346 738 396 fundus,
761 359 848 387 non
869 345 967 386 aeris
989 358 1171 386 acervus
1193 350 1238 384 et
1259 343 1354 384 auri

192 418 385 474 AEgroto
407 415 569 460 domini
589 414 776 457 deduxit
797 427 981 468 corpore
1002 411 1164 461 febres,

194 486 298 528 Non
320 485 462 528 animo
484 497 627 525 curaS.

690 481 850 524 Valeat
870 486 1314 535 possessorvoportet,

105 554 164 596 50
193 553 242 595 Si
262 551 543 608 comportatis
564 551 698 592 rebus
719 550 834 591 bene
855 549 1021 604 cogitat
1040 548 1118 589 uti.

195 621 287 670 Qui
307 620 442 675 cupit,
465 626 540 661 aut
559 618 728 667 metuit,
746 618 872 672 juvat
892 615 1013 658 illum
1034 616 1095 657 sic
1117 615 1271 657 domus
1292 621 1337 657 et
1359 629 1444 666 res,

194 688 259 731 Ut
278 686 447 743 lippum
467 687 596 742 pictae
620 684 794 735 tabulae,
817 684 1009 726 fomenta
1028 683 1288 739 podagrum,

194 754 429 799 Auriculas
451 754 631 797 citharae
653 753 834 796 collecta
856 753 987 794 sorde
1009 750 1222 794 dolentes.

194 823 423 866 Sincerum
444 829 512 865 est
532 822 616 864 nisi
635 837 725 872 vaS‚
748 821 1044 876 quodcunque
1065 819 1258 861 infundis
1280 819 1455 861 acescit.

107 891 164 933 55
194 891 364 947 Sperne
385 890 656 946 voluptates:
689 896 816 931 nocet
838 895 952 930 emta
972 886 1123 929 dolore
1144 886 1358 942 voluptas.

197 959 382 1015 Semper
402 974 558 1000 avarus
580 964 682 1014 eget
699 974 707 998 z
742 964 908 999 eertum
928 964 1030 998 voto
1051 963 1153 1011 pete
1173 955 1319 998 finem.

195 1027 377 1070 Invidus
399 1027 577 1069 alterius
599 1026 828 1068 macrescit
848 1025 981 1066 rebus
1004 1025 1158 1080 opimis
1176 1041 1185 1066 z

197 1095 366 1138 Invidia
387 1095 524 1138 Siculi
544 1110 633 1137 non
653 1096 856 1136 invenere
879 1093 1052 1148 tyranni

197 1163 347 1220 Majus
369 1171 646 1206 tormentum.
709 1162 800 1210 Qui
820 1176 908 1203 non
928 1160 1227 1203 moderabitur
1248 1160 1340 1210 irae,

80 1261 270 1304 lapsumque
292 1273 454 1305 nunquam
481 1261 572 1293 redit.
619 1262 767 1294 Ceterum
791 1260 831 1292 ad

80 1306 215 1337 rusticus
240 1316 277 1337 su
301 1305 418 1348 plenda
443 1311 493 1337 est
522 1304 680 1347 particula
703 1314 831 1347 compa·

81 1348 172 1380 randi
186 1354 224 1380 ut
240 1317 408 1386 venienti,
423 1358 520 1390 quam
545 1347 697 1378 Horatius
712 1347 745 1378 in
770 1348 828 1378 hac

82 1400 149 1422 una
163 1390 310 1434 Epistola
324 1397 437 1433 quater
452 1389 570 1424 omisit,
587 1401 617 1421 v.
630 1391 674 1421 26
690 1390 729 1420 ad
746 1391 831 1422 canis

82 1435 270 1472 immundus,
286 1445 318 1466 v.
330 1437 372 1466 ‘28
389 1433 429 1465 ad
443 1435 539 1475 sponsi
557 1434 724 1474 Pemlopoe,
742 1445 772 1464 v.
788 1434 830 1463 34

84 1476 126 1508 ad
139 1477 334 1518 hydropicus,
351 1483 382 1509 et
399 1477 431 1508 h.
448 1478 486 1514 l.;
502 1482 534 1507 et
545 1476 590 1507 sic
599 1487 670 1519 sup.
684 1476 785 1512 Sani,
798 1477 831 1512 7,

84 1520 127 1552 29
143 1519 181 1551 ad
205 1522 305 1551 durus
328 1521 550 1556 vindemiator,-
575 1520 643 1550 Sat.
667 1519 701 1554 ii,
719 1520 751 1556 3,
771 1519 832 1550 186

86 1562 126 1595 ad
149 1569 254 1594 astuta
276 1565 398 1604 vulpes.-
423 1563 465 1594 cf.
481 1562 537 1593 inf.
560 1562 660 1604 Epist.
681 1562 703 1598 i,
721 1563 752 1597 3,
774 1563 831 1600 18;

86 1605 192 1648 Epist.
210 1605 232 1644 i,
247 1607 279 1642 6,
296 1606 359 1643 63;
383 1605 485 1646 Epist.
509 1605 531 1640 i,
553 1605 605 1640 10,
622 1606 663 1644 53
689 1604 791 1646 Epist.
808 1604 832 1641 i,

89 1649 143 1685 16,
160 1649 202 1679 22
216 1660 224 1687 ;
249 1648 354 1691 Epist.
370 1649 410 1679 ad
427 1647 536 1679 Pisou.
550 1657 643 1679 versu
659 1647 783 1678 ultimo.

131 1692 272 1723 44-48.
296 1692 456 1726 Quaeritur
466 1697 642 1733 argentum,
653 1696 727 1721 cett.
773 1689 834 1721 Sed

86 1733 218 1777 plurimi
233 1734 376 1766 homines
393 1744 455 1764 non
479 1734 586 1764 animo
609 1732 784 1764 excolendo
806 1738 838 1764 et

87 1777 128 1808 ad
144 1777 294 1808 virtutem
310 1783 407 1819 atque
429 1776 617 1818 sapientiam
638 1775 836 1806 conforman-

88 1819 142 1855 do.
173 1820 228 1852 sed
267 1819 350 1851 vitiis
392 1819 580 1860 colligendis
622 1818 838 1860 augendisque

89 1862 185 1894 unice
201 1862 314 1894 intenti
329 1869 414 1894 sunt.
446 1862 555 1896 Beata,
572 1862 670 1896 dives
687 1867 724 1892 ut
739 1872 835 1904 saepe.

91 1905 135 1936 Et
147 1907 272 1937 incultae
295 1911 448 1946 pacantur
469 1916 584 1936 vomere
602 1906 696 1939 silroe,
713 1910 744 1935 et
767 1905 838 1935 loca

90 1947 215 1980 inculta
228 1954 262 1980 et
270 1949 419 1990 vepribus
431 1948 533 1979 obsita
545 1953 646 1978 aratro
663 1954 838 1989 purgantur

89 1997 124 2022 et
146 1990 271 2023 mitiora
297 1990 490 2027 redduntur;
517 2002 629 2031 pacare
651 1990 835 2033 (ἡμεροῦν)

90 2039 151 2070 est,
197 2033 326 2066 reddere
369 2033 491 2076 aliquid
535 2033 654 2068 mitius,
689 2034 837 2064 domare:

96 2076 214 2108 Claud.
230 2078 292 2120 Ep.
309 2076 344 2113 li,
360 2076 400 2107 de
415 2077 570 2108 Mulabus
587 2076 724 2108 Gallicis
742 2087 769 2107 v.
787 2077 838 2112 19,

96 2119 240 2158 Miraris,
254 2123 280 2152 si
296 2119 458 2162 vocejeras
470 2122 627 2159 pacaverit
643 2119 753 2160 (mites
769 2119 838 2150 red-

92 2161 226 2203 diderit)
245 2163 405 2203 Orpheus?
424 2163 514 2194 etsie
538 2163 632 2204 plane
655 2164 787 2198 domare,
806 2168 841 2193 ut

91 2204 126 2236 in
152 2205 211 2237 hoc
235 2205 306 2237 loco
329 2217 452 2246 pacare,
473 2206 557 2247 apud
584 2204 674 2245 Virg.
700 2205 778 2236 AEn.
794 2204 838 2241 ix,

93 2248 170 2284 608,
196 2249 240 2280 At
263 2250 381 2289 patiens
403 2259 525 2288 operum
546 2259 698 2288 parvoque
713 2250 838 2279 adsueta

81 2292 237 2331 juventus
259 2292 324 2323 Aut
347 2293 457 2322 rastris
487 2300 600 2322 terram
625 2293 737 2327 domat,
764 2297 839 2322 cett.

93 2333 246 2366 Attamen
270 2339 357 2370 sunt,
386 2333 443 2376 qui
472 2333 601 2365 lectioni
626 2339 752 2368 nostrae.
782 2346 838 2373 pa-

91 2383 219 2414 cantur,
242 2376 420 2419 praeferant,
443 2376 529 2419 quod
552 2376 692 2419 conjecit
723 2377 839 2408 Wake-

93 2418 232 2456 fieldius,
248 2421 428 2460 placantur.

138 2463 194 2494 ⁴7.
217 2463 303 2494 AEris
318 2474 462 2494 acervus.-
485 2474 522 2494 as
537 2462 654 2504 saepius
670 2462 754 2504 apud
772 2464 838 2494 Ho-

93 2504 211 2537 ratium
234 2515 302 2548 pro,
318 2506 456 2549 pecunia
470 2517 476 2535 ε
503 2505 560 2536 ins.
577 2505 679 2548 Epist.
695 2506 717 2541 i,
735 2507 767 2542 6,
784 2507 839 2542 39,

97 2547 265 2590 Mancipiis
288 2549 418 2588 locuples
441 2555 507 2589 eget
533 2550 600 2579 astris
631 2549 843 2589 Cappadocum

95 2601 171 2629 mm
205 2591 239 2622 in
267 2591 373 2634 Epist.
398 2591 439 2622 ad
467 2591 573 2622 Pisou.
601 2592 675 2627 164,
698 2594 844 2633 prodigus

95 2636 190 2672 eris3
213 2639 246 2674 et
267 2645 297 2666 v.
321 2635 398 2671 345,
426 2634 487 2666 Hic
512 2640 602 2665 meret
624 2645 684 2664 tera
709 2635 796 2670 liber,
813 2641 845 2666 et

97 2676 188 2709 alibi.

140 2721 196 2751 48.
219 2720 368 2758 Deduxit,
389 2719 556 2757 deducere,
580 2720 612 2751 h.
635 2730 663 2751 e.
686 2719 846 2761 depellere

97 2762 205 2803 valet4
227 2762 261 2794 in
276 2762 360 2794 hanc
373 2762 563 2794 sententiam
581 2763 623 2794 cf.
638 2773 708 2803 sup.
721 2762 784 2794 Od.
800 2763 845 2799 iii,

102 2806 133 2842 l,
158 2806 198 2837 41
225 2815 295 2848 sqq.
340 2806 536 2838 obversatus
567 2805 700 2836 Horatio
725 2805 849 2837 videtur

100 2847 270 2880 Lucretius
299 2847 334 2885 ii,
362 2850 404 2880 34
429 2859 513 2890 sqq..
540 2848 604 2879 Nec
627 2849 733 2879 calidae
756 2851 848 2880 citius

102 2891 252 2923 decedunt
279 2902 402 2933 corpore
420 2892 539 2934 febres,
567 2891 736 2922 Textiaibus
759 2893 787 2922 si
816 2893 849 2922 in

102 2935 233 2974 picturis
250 2941 384 2976 ostroque
405 2936 529 2965 rubenti
550 2934 698 2970 Jactaris,
714 2946 803 2976 quam
825 2936 851 2965 si

103 2977 221 3017 plebeia
242 2979 274 3008 in
285 2984 361 3010 veste
376 2978 549 3010 cubandum
565 2985 618 3009 est.
665 2978 704 3009 In
719 2977 851 3010 eandem

876 1261 1066 1292 sententiam
1095 1262 1188 1293 Varr.
1212 1261 1246 1292 in
1274 1261 1402 1302 Fragm.
1432 1260 1515 1302 apud
1540 1261 1625 1292 Bur-

878 1314 986 1335 mann.
1013 1304 1051 1335 ad
1078 1305 1212 1335 Anthol.
1238 1304 1345 1335 Latin.
1373 1304 1412 1334 T.
1441 1304 1463 1341 i,
1489 1314 1520 1346 p.
1546 1305 1626 1342 512,

875 1347 997 1387 Non-fit
1015 1348 1176 1382 thesauris,
1191 1359 1250 1378 non
1266 1358 1343 1378 auro
1364 1346 1464 1386 pectu'
1477 1348 1623 1377 solutum.

876 1389 946 1420 Non
970 1391 1080 1420 animis
1106 1392 1231 1421 demunt
1263 1400 1354 1421 curas
1383 1401 1419 1420 ac
1450 1390 1625 1430 relligiones

876 1432 1039 1463 Persarum
1057 1439 1178 1468 montes,
1195 1444 1254 1463 non
1270 1435 1352 1463 atria
1369 1431 1470 1463 divit?
1485 1432 1601 1463 Crassi.

922 1476 975 1506 49.
1002 1475 1123 1512 Valeat,
1140 1481 1203 1507 tam
1222 1485 1350 1517 corpore
1366 1485 1462 1516 quam
1478 1474 1596 1506 animo.

920 1519 1061 1549 51—53.
1097 1519 1159 1553 Qui
1189 1522 1287 1559 cupit,
1320 1523 1395 1549 cett.
1419 1527 1546 1554 avarus,
1570 1517 1628 1560 qui

878 1561 971 1603 plura
986 1561 1118 1604 appetit.
1137 1567 1193 1592 aut
1209 1561 1239 1592 id
1256 1561 1341 1603 quod
1365 1560 1517 1603 possidet,
1542 1561 1628 1591 velut

878 1614 1014 1640 sacrum,
1032 1605 1213 1646 contingere
1230 1604 1342 1635 metuit
1356 1608 1448 1646 (sup.
1465 1604 1534 1635 Sat.
1551 1603 1585 1639 ii.
1597 1605 1630 1642 3,

885 1648 976 1686 110),
1005 1647 1044 1682 is,
1071 1648 1274 1688 perturbatus
1311 1647 1360 1678 his
1393 1646 1628 1683 affectionibus,

880 1699 942 1720 non
959 1690 1062 1730 magis
1082 1690 1176 1720 domo
1197 1695 1261 1721 eto
1286 1689 1358 1720 ibus
1383 1689 1448 1720 suis
1470 1689 1575 1730 juvari
1598 1695 1631 1721 et

880 1731 1006 1763 deliniri
1022 1738 1135 1774 potest.
1152 1743 1248 1774 quam
1278 1731 1372 1774 ippus
1394 1731 1486 1780 pictis
1501 1731 1631 1770 tabulis,

882 1774 1070 1817 podagricus
1086 1775 1243 1811 fomentis,
1253 1775 1369 1806 surdus
1380 1775 1510 1806 citharae
1523 1775 1629 1813 sonis;

885 1828 939 1859 pro
955 1818 1112 1860 simplice,
1129 1828 1242 1849 avarus
1257 1818 1384 1849 nullum
1408 1818 1503 1860 plane
1517 1828 1556 1849 ex
1579 1816 1629 1848 di-

880 1861 966 1891 vitiis
982 1861 1119 1892 fructum
1144 1860 1242 1903 capit.
1287 1863 1354 1891 Aut
1377 1863 1502 1891 metuit:
1527 1865 1631 1902 potest

881 1914 1009 1945 quoque
1037 1904 1169 1945 cogitari
1194 1904 1235 1935 de
1266 1904 1359 1934 malis
1382 1903 1517 1940 furibus,
1549 1914 1630 1945 quos

882 1957 996 1977 avarus
1013 1948 1066 1989 (ut
1083 1958 1179 1989 supra
1195 1946 1336 1988 loquitur
1353 1946 1504 1978 Horatius
1521 1947 1588 1978 Sat.
1604 1946 1628 1983 i,

885 1991 914 2026 l,
938 1989 1011 2030 78),
1038 1997 1191 2031 noctesque
1219 1992 1338 2030 diesque
1356 1989 1525 2031 formidat.
1574 1990 1630 2020 Fo-

884 2041 1004 2064 menta.-
1029 2043 1113 2064 nunc
1130 2043 1257 2074 quoque
1273 2032 1435 2075 podagrici
1453 2032 1567 2063 calidis
1583 2038 1629 2064 te-

884 2076 1042 2116 gumentis
1066 2075 1181 2118 pedum
1197 2083 1260 2106 tam
1284 2081 1439 2106 tumorem
1462 2086 1556 2117 quam
1574 2075 1632 2106 do-

884 2118 982 2150 lorem
998 2118 1094 2150 lenire
1110 2119 1225 2154 solent,
1242 2119 1310 2154 sed,
1335 2124 1372 2149 ut
1393 2118 1486 2150 docet
1506 2118 1630 2160 experi-

884 2161 981 2198 entia,
1005 2161 1073 2193 sine
1096 2162 1181 2192 omni
1205 2162 1267 2193 fere
1290 2162 1427 2201 effectu;
1458 2161 1633 2194 rectissime

884 2203 979 2244 igitur
992 2204 1148 2246 fomenta,
1167 2216 1239 2246 quae
1256 2204 1336 2235 alias
1351 2210 1482 2246 aegrotos
1502 2204 1631 2245 juvant,

879 2246 945 2288 jam
965 2247 1043 2278 nihil
1061 2247 1189 2279 omnino
1205 2248 1380 2289 podagrum
1394 2247 1507 2290 juvare
1518 2247 1632 2279 dicun-

884 2296 946 2320 tur.
992 2290 1152 2322 Buherius
1167 2291 1274 2332 igitur,
1291 2291 1348 2332 qui
1364 2291 1397 2321 in
1415 2290 1549 2322 Anthol.
1564 2292 1633 2322 Lat.

885 2333 1038 2374 (Burni.)
1058 2335 1097 2366 T.
1120 2334 1153 2371 ii,
1174 2345 1206 2376 p.
1233 2335 1309 2368 485,
1336 2344 1403 2376 pro,
1420 2335 1563 2375 meenta
1587 2334 1633 2365 le-

884 2376 1023 2417 gendum
1040 2377 1235 2418 conjiciebat
1256 2383 1399 2413 tomenta,
1421 2376 1636 2419 applaudente

888 2419 1106 2456 Wakefieldio,
1133 2430 1195 2451 non
1221 2419 1319 2451 fuisse
1341 2419 1463 2451 videtur
1489 2420 1635 2462 podagri·

885 2472 953 2493 cus.
999 2463 1088 2500 Quid
1098 2463 1183 2494 enim
1197 2469 1328 2494 tomenta
1343 2474 1415 2494 cum
1434 2463 1635 2505 podagricis'!

886 2507 1054 2537 Auriculas
1069 2507 1213 2540 dolentes,
1233 2507 1314 2537 male
1327 2516 1360 2537 se
1373 2506 1523 2537 habentes
1538 2519 1546 2543 ;
1571 2518 1635 2537 sor-

886 2550 924 2579 de
945 2550 1082 2585 collecta,
1106 2559 1177 2590 quae
1203 2549 1353 2580 audiendi
1375 2549 1558 2580 facultatem
1575 2550 1636 2580 im=

907 2590 986 2622 edit.

886 2602 906 2633 p
931 2636 983 2666 54.
1015 2635 1174 2665 Sincerum
1207 2641 1249 2666 est
1278 2637 1336 2666 nisi
1365 2647 1429 2671 vas,
1467 2640 1542 2667 cett.
1563 2634 1636 2666 hoc

888 2677 1020 2709 transfer
1036 2677 1076 2708 ad
1092 2677 1232 2708 animum
1248 2689 1257 2716 ;
1281 2677 1340 2708 nisi
1353 2678 1479 2709 animus
1491 2678 1636 2709 vitiorum

889 2726 937 2751 est
949 2730 1060 2763 puruS,
1076 2730 1114 2751 ea
1134 2731 1206 2762 quae
1223 2720 1365 2752 animum
1388 2721 1508 2752 intrant
1525 2721 1636 2752 vitium

890 2763 1031 2795 trahunt.

934 2808 989 2838 55.
1014 2806 1104 2837 Emta
1120 2807 1233 2842 dolore,
1250 2807 1292 2838 ita
1317 2812 1406 2850 parta
1420 2813 1452 2838 et
1475 2811 1636 2848 percepta,

891 2854 927 2880 ut
939 2849 1029 2880 dolor
1044 2859 1114 2880 eam
1129 2856 1292 2892 sequatur.

937 2894 991 2925 56.
1014 2893 1134 2933 Semper
1145 2904 1258 2924 avarus
1267 2899 1345 2934 eget,
1356 2898 1405 2922 est
1417 2891 1501 2922 enim
1513 2901 1638 2926 avarus.

895 2940 932 2967 ut
945 2946 1018 2978 sup.
1036 2935 1102 2967 Od.
1120 2935 1165 2972 iii,
1182 2937 1234 2972 16,
1253 2937 1308 2971 28,
1326 2947 1449 2976 magnas
1473 2936 1553 2964 inter
1574 2944 1640 2973 opes

895 2981 996 3020 inops.-
1024 2978 1082 3011 inf.
1099 2979 1200 3021 Epist.
1218 2979 1251 3017 ii,
1266 2980 1299 3016 2,
1322 2979 1394 3015 147,
1414 2983 1527 3018 ‹litante›
1549 2977 1642 3017 plenta
