1884 3288
597 199 825 249 LIBER
856 205 940 256 111,
976 206 1042 247 16.

277 313 304 353 5
336 311 456 354 Inter
475 310 628 354 ludere
648 310 853 366 virgines,

394 379 456 420 Et
477 377 612 420 stellis
631 377 834 419 nebulam
857 391 1066 433 spargere
1087 377 1300 420 candidis.

337 445 457 494 Non,
480 446 515 487 si
536 446 642 501 quid
665 445 864 488 Pholoen
885 447 1007 496 satis,

394 514 456 555 Et
478 521 535 564 te,
560 513 724 565 Chlori,
747 515 875 556 decet
894 532 903 566 ;
934 514 1024 556 filia
1045 515 1206 566 rectius

337 581 581 638 Expugnat
596 583 807 638 juvenum
829 583 995 633 domos,

254 650 308 691 10
399 649 534 691 Pulso
556 650 724 705 Thyias
747 651 810 692 uti
832 652 1002 693 concita
1023 658 1242 706 tympano.

338 715 463 758 Illam
485 718 604 773 cogit
627 733 746 760 amor
766 718 910 760 Nothi

396 785 594 828 Lascivae
615 786 793 828 similem
814 786 968 829 ludere
990 801 1185 843 capreae:

333 850 405 895 Te
426 852 535 895 lanae
556 869 694 910 prope
717 853 905 896 nobilem

397 921 440 963 T
443 937 562 965 onsae
586 922 830 974 Luceriam,
854 938 942 966 non
967 923 1157 975 citharae,
1181 924 1353 975 decent,

254 990 307 1032 15
337 989 436 1033 Nec
457 990 538 1033 flos
560 1007 809 1048 purpureus
831 1007 958 1043 rosae,

397 1058 496 1102 Nec
517 1061 611 1116 poti
632 1060 821 1104 vetulam
842 1061 948 1103 faece
970 1067 1097 1103 tenus
1119 1061 1230 1103 cadi.

601 1238 879 1281 CARMEN
914 1239 1043 1282 XVI.

489 1359 578 1390 AD
635 1358 1154 1391 MAECE‘NATEM.

281 1454 519 1497 INCLusAM
542 1455 728 1498 Danaen
752 1457 885 1498 turris
907 1471 1059 1506 aenea,

278 1523 582 1580 Robustaeque
602 1524 733 1574 fores,
752 1533 800 1566 ‚et
822 1524 1012 1581 vigilium
1036 1539 1190 1567 canum

279 1590 451 1633 Tristes
473 1593 672 1634 excubiae
694 1593 939 1635 munierant
959 1594 1062 1635 satis

1512 207 1592 249 163

628 1661 869 1703 Nocturnis
891 1662 946 1704 ab
969 1661 1180 1704 adulteris
1199 1679 1209 1704 ε

45 1767 234 1803 argumento
255 1763 361 1795 Graeci
384 1762 552 1805 cujusdam
578 1768 678 1805 poetae
702 1763 797 1795 vesti-

45 1804 107 1846 giis
127 1805 294 1837 Horatium
314 1806 479 1841 institisse,
501 1817 539 1838 ex
565 1807 661 1837 totius
684 1806 795 1837 carmi-

46 1847 97 1879 nis
113 1847 220 1880 indole
236 1849 314 1880 satis
330 1855 414 1881 certo
429 1849 537 1891 colligi
554 1855 668 1892 potest.

95 1892 188 1923 1-6.
213 1892 378 1933 Pauperis,
395 1899 458 1924 tam
477 1894 517 1924 ad
539 1899 652 1924 sortem
671 1891 798 1924 Chlori-

45 1933 96 1965 dis
127 1934 339 1972 humiliorem,
365 1946 462 1978 quam
494 1936 534 1967 ad
564 1946 692 1967 causam
723 1946 796 1977 quae

45 1977 133 2008 illam
141 1978 183 2009 ad
192 1985 350 2021 questum
360 1979 570 2010 meretricium
582 1978 733 2021 adegerit,
747 1978 793 2009 in-

45 2019 226 2053 dicandam.
266 2021 400 2054 Famosis
413 2023 578 2057 laboribus,
593 2022 718 2057 infami,
731 2031 796 2063 quo

45 2071 203 2106 quaestum
227 2075 282 2096 cor
325 2076 357 2097 re
385 2065 489 2097 adhuc
513 2065 628 2101 fecisti.
652 2064 796 2096 libidinis

43 2108 208 2140 exercitio.
290 2115 381 2140 oturo
399 2110 525 2149 propior
536 2109 664 2151 funeri,
689 2108 794 2144 morti,

46 2149 100 2182 cui
125 2161 182 2194 pro
216 2156 308 2183 aetate
330 2157 387 2183 2tua
418 2157 542 2183 matura
566 2162 612 2187 es,
640 2151 792 2183 vicinior:

46 2191 122 2225 hinc
135 2193 194 2226 inf.
206 2194 239 2226 iu
252 2194 356 2238 Epist.
367 2194 411 2226 -ad
429 2195 496 2226 Pis.
514 2206 544 2227 v.
566 2196 639 2230 115,
654 2202 796 2226 maturus

45 2245 140 2270 tener.
191 2237 245 2270 cl.
276 2237 412 2270 Mitsch.
443 2243 619 2280 opportune
650 2238 682 2269 in
713 2238 795 2269 hanc

45 2280 235 2313 sententiam
251 2287 415 2325 comparat
435 2282 589 2313 Nicarch.
604 2282 667 2324 Ep.
690 2282 746 2317 xii,
761 2284 792 2318 4,,

45 2321 180 2357 Anthol.
210 2324 317 2357 Graec.
346 2326 385 2356 Τ.
414 2324 461 2360 iii,
487 2335 521 2367 p.
548 2325 603 2362 61,
633 2324 710 2356 ἀλλ’
743 2324 795 2356 ὅτι

45 2365 178 2407 ταύτην
191 2368 262 2400 Οὐκ
275 2366 386 2411 ἄνδρα
402 2369 520 2408 ζητεῖν
537 2369 601 2400 νῦν
615 2367 688 2406 ἔδει,
705 2367 796 2399 ἀλλὰ

0 2427 10 2460 '.
44 2408 165 2486 ‘ligggv-
214 2411 308 2443 Idem
343 2411 454 2442 laudat
489 2411 657 2454 Aristoph.
696 2412 796 2454 Vesp.

193 2453 326 2493 Ludere,
343 2454 476 2486 delicias
491 2454 606 2489 facere.
624 2464 692 2486 ama
698 2455 796 2486 utiam

0 2487 10 2515 s
47 2505 133 2529 mom
142 2496 247 2546 jocari
261 2510 268 2528 :
292 2499 432 2530 candidis
443 2498 538 2528 stellis
554 2498 693 2529 nebulam
710 2509 796 2538 spar-

44 2549 206 2583 gendam
231 2546 291 2577 eet,
315 2540 414 2572 libero
438 2539 604 2583 adspectui
627 2541 797 2572 nitentium

44 2582 223 2625 poenorum
261 2583 389 2615 nebulae
427 2583 535 2620 instar,
578 2594 651 2627 quae
684 2594 799 2616 earum

46 2624 246 2668 splendorem
261 2626 435 2670 intercipit,
451 2626 584 2658 offundi.

91 2668 213 2701 7-12.
237 2670 270 2701 Si
297 2671 377 2711 quid
410 2670 541 2701 Pholoen
573 2672 658 2706 satis,
687 2680 734 2702 sc.
766 2677 803 2702 ut

0 2722 6 2747 ,·’
46 2710 199 2754 puellum,
212 2712 244 2744 in
262 2713 366 2744 aetntis
381 2712 456 2745 flore
473 2714 693 2744 constitutam.
742 2713 801 2745 Ex-

45 2761 166 2798 pugnat
179 2757 334 2797 juvenum
356 2757 466 2792 dotans,
497 2756 587 2787 Pulso
612 2755 725 2797 Thyias
747 2760 795 2788 uti

4 2795 8 2802 ⁸
46 2799 164 2830 comta
182 2805 340 2840 tympano.
385 2798 511 2831 Chloris
532 2799 628 2841 igitur
648 2799 796 2831 lascivio—

46 2848 117 2872 rum
138 2842 318 2885 puellarum
342 2852 427 2874 more
453 2842 559 2874 adhuc
582 2842 744 2874 comissari
767 2850 800 2874 et

8 2907 10 2909 .
50 2881 155 2917 luere
183 2884 344 2918 Bacchico
374 2885 468 2927 quasi
497 2885 619 2928 percita
643 2885 798 2927 juvenum

0 2943 4 2946 >
51 2922 160 2959 dolans
186 2927 352 2971 effringere
375 2928 509 2960 solebat.
554 2928 636 2960 Cum
666 2929 802 2960 Bacchis

53 2974 159 3002 tutem
185 2969 270 3003 haud
296 2981 367 3002 raro
393 2971 568 3014 comparari
596 2972 700 3003 solent
726 2972 799 3002 furi-

53 3009 171 3044 bande
182 3013 344 3052 mulieres,
356 3015 473 3047 -vetulae
489 3013 646 3058 inprimis,
656 3014 803 3046 ‚libidinis

843 1763 948 1795 surore
976 1763 1123 1805 agitatae:
1155 1763 1218 1794 vid.
1243 1763 1376 1794 Mitsch.
1423 1763 1597 1804 Tympano:

842 1806 1000 1848 ejusmodi
1033 1808 1172 1848 tympani
1205 1806 1337 1846 figuram
1369 1816 1406 1837 ex
1443 1816 1598 1837 marmore

844 1850 960 1892 profert
991 1850 1152 1892 Ssspohnius
1183 1849 1326 1880 Miscell.
1354 1848 1453 1880 Erud.
1482 1849 1597 1891 Antiq.

844 1903 910 1924 sec.
934 1893 956 1928 i,
977 1899 1036 1924 art.
1058 1894 1101 1929 6;
1127 1892 1195 1924 fuse
1217 1893 1255 1923 de
1275 1892 1345 1934 ejus
1365 1892 1398 1922 in
1419 1892 1518 1923 sacris
1537 1902 1595 1923 usu

840 1935 983 1978 disputat
1005 1936 1149 1971 Perizon,
1168 1935 1207 1966 ad
1231 1936 1300 1967 AEl.
1317 1935 1361 1966 ix.
1382 1937 1414 1966 8.
1461 1935 1596 1966 Lascivae

839 1980 967 2010 similem
995 1980 1102 2010 ludere
1128 1990 1265 2019 capreae:
1295 1988 1418 2020 capreae
1447 1988 1533 2009 more
1561 1988 1595 2010 se

840 2021 1039 2054 lasciviorem
1055 2028 1086 2053 et
1101 2021 1323 2064 proterviorem
1336 2031 1454 2063 gerere.
1499 2022 1596 2054 Com-

841 2071 954 2107 parant
984 2066 1122 2107 DionyS.
1167 2065 1243 2096 Per.
1271 2066 1347 2100 843,
1376 2064 1594 2107 παρθενικαὶ,

840 2107 1016 2148 νεοθηλέες
1033 2108 1086 2140 οἶά
1100 2120 1136 2139 τε
1155 2107 1283 2151 νεβροὶ,
1300 2109 1494 2150 Σκαίρουσι.

886 2153 1026 2184 13-16.
1052 2151 1091 2182 Te
1118 2152 1196 2182 lanae
1221 2162 1312 2191 prope
1333 2153 1463 2183 nobilem
1494 2151 1595 2183 Tonsae

844 2195 1018 2226 Luceriam.
1065 2194 1210 2226 Multum
1232 2204 1309 2225 sane
1326 2194 1410 2226 sellis
1427 2201 1458 2226 et
1474 2194 1595 2226 acerbi-

841 2239 916 2269 tatis
941 2239 1038 2269 habet
1066 2237 1135 2269 haec
1166 2237 1308 2276 lanificii,
1332 2237 1371 2269 ad
1399 2237 1496 2280 quod.
1521 2244 1593 2269 tan-

838 2292 935 2323 quam
953 2283 993 2313 ad
1011 2281 1172 2355 prqprium
1187 2281 1365 2313 vetularum
1383 2291 1474 2324 opum
1493 2281 1594 2312 Chlo-

838 2324 939 2356 ridem
963 2335 1054 2356 aman
1082 2330 1126 2359 at,
1145 2325 1396 2356 commendatio.
1444 2324 1597 2356 Similiter

842 2369 956 2400 vetulae
976 2367 1120 2411 pristinae
1142 2367 1280 2399 levitatis
1301 2378 1430 2410 poenam
1455 2367 1595 2399 lanificio

840 2411 928 2443 luere
948 2412 1103 2453 jubentur
1124 2411 1207 2453 apud
1230 2411 1350 2443 Tibull.
1367 2411 1390 2447 i,
1409 2412 1442 2445 6,
1460 2412 1501 2442 77
1522 2422 1595 2453 sqq.

842 2455 992 2497 Inprimis
1009 2455 1070 2485 huc
1085 2460 1209 2496 spectat
1223 2464 1241 2485 a
1259 2454 1312 2486 Cl.
1331 2454 1465 2486 Mitsch.
1482 2454 1595 2486 lauda-

841 2503 909 2528 tum
943 2498 1002 2540 Ep.
1034 2497 1155 2528 Incert.
1186 2498 1286 2529 Auct.
1317 2497 1430 2533 lxxxii,
1461 2497 1597 2530 Anthol.

844 2541 951 2572 Graec.
975 2539 1076 2576 '1¹..iv,
1096 2550 1129 2582 p.
1152 2541 1228 2575 134,
1245 2539 1286 2571 ‘H
1312 2541 1350 2572 ro
1373 2542 1459 2584 πρὶν
1482 2541 1595 2583 αὐχή-

845 2596 936 2616 σασα
948 2583 1182 2625 πολυχρύσοις
1193 2583 1245 2615 ἐπ’
1256 2584 1429 2626 ἐρασταῖς,
1440 2583 1480 2615 Ἡ
1493 2584 1596 2626 Νέμε-

845 2639 901 2660 σιν
914 2627 1032 2666 δεινὴ,ν
1049 2627 1127 2668 οὐχὶ
1138 2626 1274 2659 κὺσασα
1285 2627 1376 2662 θεὸν.
1389 2627 1519 2660 Μίσθια
1534 2629 1597 2660 νῦν

845 2671 1003 2708 σπαθὶοις
1036 2672 1215 2713 πενιχροῐς
1241 2671 1446 2714 πηνίσματα
1473 2670 1598 2714 κρούει.

844 2713 924 2756 Ὀψὲ
939 2713 971 2757 ’γ’
987 2713 1153 2753 Ἀθηναίη
1170 2713 1309 2753 Κύπριν
1321 2714 1491 2754 ἐληΐσατο.
1532 2714 1599 2745 Lu-

839 2760 963 2792 ceriam.
985 2757 1136 2799 oppidum
1162 2756 1302 2799 Apuliae,
1332 2757 1415 2789 lauae
1443 2765 1596 2800 praestan-

841 2801 897 2835 tia,
915 2801 956 2831 ob
978 2799 1105 2841 egregia
1126 2810 1198 2842 quae
1218 2799 1264 2830 ibi
1279 2806 1370 2831 erant
1392 2811 1524 2843 pascua.
1539 2811 1597 2831 ‘no-

843 2843 919 2875 bile.
968 2843 1037 2873 Flos
1052 2854 1228 2884 purpureus
1244 2854 1326 2879 rnsae,
1343 2854 1470 2875 coronae
1485 2843 1598 2874 convi-

844 2887 932 2917 vales
949 2896 965 2918 e
983 2886 1062 2917 rosis
1085 2896 1200 2925 nexae3
1222 2889 1297 2928 poti,
1315 2897 1382 2929 pro,
1398 2886 1495 2929 epoti,
1512 2886 1545 2917 li.
1567 2896 1596 2917 e.

845 2929 1006 2964 exhausti,
1024 2929 1179 2960 exsiccati
1195 2942 1203 2968 ;
1217 2930 1300 2971 faece
1317 2937 1403 2960 tenus
1418 2931 1498 2963 cadi,
1516 2928 1599 2971 psal-

846 2973 922 3004 trias
963 2971 1119 3020 inprimis,
1159 2983 1232 3015 quae
1268 2973 1421 3004 interesse
1458 2971 1602 3002 solebant

847 3015 1127 3048 comissationibus
1162 3015 1225 3058 (cf.
1256 3025 1355 3046 carm.
1388 3013 1535 3045 anteced.
1571 3025 1601 3045 v.

796 3071 819 3090 M
838 3061 858 3090 2
