1884 3288
271 197 357 238 222

829 195 1225 240 CARMINUM

816 397 1084 439 CARMEN
1117 397 1244 439 VIII.

699 525 783 556 AD
840 523 1357 555 CENSORINUM.

559 619 794 661 DONAREM
816 627 985 674 pateras
1006 627 1212 674 grataque
1234 620 1494 668 commodus,

556 686 804 735 Censorine‚
826 687 929 726 meis
951 701 1037 726 aera
1058 685 1300 726 sodalibus:

558 753 776 794 Donarem
798 753 1006 806 tripodas,
1027 753 1202 806 praemia
1222 752 1397 793 fortium

556 820 809 870 Graiorum3
841 833 980 872 neque
1000 826 1046 859 tu
1067 819 1250 873 pessima
1269 832 1492 860 munerum

501 888 528 928 5
558 887 594 927 F
595 901 726 935 erres,
749 887 879 927 divite
901 901 966 926 me
989 885 1149 926 scilicet
1170 887 1337 934 artium,

559 953 681 1000 Quas
703 960 776 994 aut
798 953 1053 994 Parrhasius
1073 952 1266 1007 protulit,
1289 959 1362 993 aut
1384 952 1561 1006 Scopas,

560 1019 646 1060 Hic
668 1034 786 1068 saxo,
806 1019 979 1073 liquidis
1000 1018 1069 1060 ille
1091 1018 1305 1059 coloribus

276 1141 350 1163 nam
374 1131 554 1180 rapiendam
576 1130 770 1161 descenderit
791 1130 824 1160 in
845 1131 975 1165 Orcum,
993 1140 1012 1160 a

276 1174 414 1205 Plutone
442 1174 486 1204 ibi
516 1179 654 1204 retentus
685 1183 752 1203 esse
783 1173 935 1211 traditur·
958 1172 1011 1202 sed

276 1216 400 1247 fuerunt
414 1226 538 1257 quoque
553 1215 637 1246 baud
651 1215 757 1250 dubie,
770 1225 848 1255 quos
863 1196 1013 1245 Horatius

277 1264 403 1289 secutus
417 1264 476 1293 est,
493 1258 557 1293 alii,
574 1257 628 1298 qui
649 1257 804 1288 lheseuin
825 1267 887 1287 non
908 1256 1012 1286 statim

278 1311 350 1331 cum
369 1300 518 1334 Pirithoo,
535 1301 589 1330 sed
611 1299 710 1330 serius
732 1299 772 1329 ad
790 1299 877 1329 illum
897 1309 934 1329 ex
951 1299 1011 1329 Or-

278 1352 316 1372 co
332 1342 524 1373 liberandum
548 1353 584 1372 eo
605 1341 814 1376 descendisse,
829 1347 861 1371 et
875 1347 939 1370 tum
959 1340 1013 1370 de-

278 1394 364 1414 mum
392 1394 411 1414 a
438 1385 570 1414 l'lutoue
590 1383 634 1414 ibi
654 1383 788 1414 vinculis
811 1382 1013 1413 constrictum

277 1435 346 1457 esse
375 1426 538 1464 fingerent.
582 1426 665 1456 Nam
696 1424 780 1466 quod
810 1424 864 1455 alii
893 1430 1015 1465 putant,

279 1468 482 1508 cogitandum
498 1478 582 1499 nunc
601 1467 639 1498 de
654 1478 690 1498 eo
706 1473 841 1508 tempore
858 1476 936 1503 esse,
952 1476 1014 1507 quo

275 1509 342 1551 jam
359 1511 499 1541 Theseus
522 1511 561 1540 ab
581 1510 719 1540 Hercule
741 1519 778 1539 ex
803 1509 886 1539 Orco
904 1509 1013 1538 reduc-

279 1558 331 1582 tus
346 1552 449 1586 fuerit,
465 1551 496 1582 id
514 1553 568 1588 rei,
584 1553 622 1582 de
639 1562 703 1592 qua
717 1560 815 1581 sermo
831 1557 889 1587 est,
904 1559 1012 1591 parurn

279 1594 548 1625 accommodatum
565 1599 619 1624 est.
666 1594 763 1624 Poeta
779 1592 873 1628 enim,
890 1593 1012 1622 nullum

279 1636 404 1666 omnino
428 1646 466 1666 ex
490 1637 572 1667 Orco
590 1635 696 1666 reduci
720 1645 820 1676 posse,
837 1644 921 1664 nunc
945 1644 1014 1676 pro-

277 1678 350 1709 bare
366 1677 444 1708 vult.

454 1793 458 1796 Δ
486 1761 682 1792 CARMEN
710 1761 809 1791 VIII.

321 1803 540 1835 Saturnalibus
557 1804 613 1834 hoc
629 1813 753 1833 carmen
766 1802 939 1833 Censorino
955 1802 1011 1832 mi—

276 1846 354 1877 sisse
376 1846 540 1876 Horatium
562 1846 611 1876 vix
636 1846 771 1876 dubites.
814 1845 866 1875 Ad
887 1855 1015 1875 munera

276 1889 372 1922 enim,
397 1889 511 1929 quibus
537 1887 630 1918 amici
656 1887 790 1918 invicem
816 1897 849 1916 se
872 1886 1015 1928 excipere

277 1930 422 1961 solebant
437 1930 668 1962 Saturnalibus.
682 1929 881 1976 pertinebant
891 1939 1015 1970 quoque

276 1972 348 2002 libri
373 1978 405 2002 et
429 1972 580 2006 carmina,
606 1982 675 2012 quae
701 1982 850 2012 pauperes
874 1971 1015 2018 inprimis

276 2014 425 2044 divitibus
446 2014 494 2044 vel
517 2014 648 2044 clientes
672 2013 810 2054 pationis
832 2014 897 2043 suis
919 2014 1010 2044 obtu-

277 2056 352 2087 lisse
375 2061 515 2086 constat:
539 2055 602 2085 vid.
622 2055 754 2086 Lucian.
779 2066 811 2085 in
836 2055 1011 2086 Chronoso-

277 2098 343 2128 lon.
364 2107 391 2128 s.
411 2097 559 2137 Legislat.
584 2098 742 2127 Saturnal.
762 2099 861 2131 c.16‚
883 2109 914 2138 p.
936 2098 1010 2134 398,

278 2140 317 2170 'l.
334 2140 389 2170 iii.
415 2139 454 2170 cf.
457 2108 590 2170 g.Catull
602 2139 664 2174 xiv,
679 2141 728 2174 15,
741 2145 773 2169 et
786 2139 830 2169 ibi
848 2145 910 2169 not.
933 2140 1010 2169 Sen-

277 2182 375 2213 tentia
389 2182 484 2222 liujus
503 2181 649 2211 carminis
664 2187 711 2212 est
731 2181 792 2211 sere
811 2181 896 2211 haee:
921 2182 1010 2221 equi-

277 2223 347 2255 dem
370 2224 511 2254 lubenter
527 2223 617 2254 hodie
635 2223 855 2264 pretiosissima
875 2229 906 2253 et
921 2233 1012 2253 iar-is

277 2266 357 2297 sima
373 2276 506 2306 quaeque
529 2265 675 2296 donarem
694 2276 771 2295 mels
794 2265 965 2301 sodalibus¹
981 2271 1013 2295 et

277 2308 346 2344 tibi,
373 2307 554 2342 Censoriae,
579 2308 758 2355 praecnipue3
782 2308 835 2337 sed
858 2318 914 2347 ego
938 2307 1012 2337 talia

278 2361 341 2382 non
360 2350 514 2392 possideo
530 2359 587 2380 nec
605 2355 636 2379 tu
659 2350 696 2379 iis
714 2349 844 2389 indiges.
889 2349 1010 2380 Carmi-

278 2403 320 2423 na
339 2397 472 2426 tantum,
489 2392 603 2432 quibus
624 2392 800 2426 delectaris,
818 2391 876 2421 tibi
896 2392 1011 2422 donare

321 2445 418 2471 ssum,
429 2444 485 2465 nec
501 2434 647 2474 exiguum
663 2434 716 2464 illa
729 2434 844 2464 habent
860 2433 1010 2475 pretium3

278 2445 418 2507 {ennii
389 2476 471 2507 enim
493 2476 685 2506 carminibus
706 2475 844 2517 Scipioni
862 2475 1012 2506 Africano

277 2518 394 2560 Majori
412 2518 510 2548 multo
531 2518 715 2549 luculentior
729 2528 820 2558 quam
837 2519 1014 2548 marmoreis

277 2561 486 2592 monumentis
509 2566 541 2590 et
554 2559 749 2590 victoriarum
772 2561 811 2590 ab
832 2560 1013 2590 Hannibale

277 2609 498 2650 repet-tatarum
525 2602 625 2632 titulis
655 2609 741 2644 parta
771 2608 818 2633 est
843 2602 1011 2639 nobilitas,

277 2655 348 2680 nec,
371 2645 430 2675 nisi
454 2644 655 2678 carminibus.
675 2655 722 2674 res
746 2645 895 2685 pra-:clare
918 2650 1012 2685 gestae

277 2688 317 2718 ad
347 2686 552 2729 posteritatem
583 2693 804 2728 propagantur.
849 2688 1010 2717 AEternam

277 2739 364 2760 suam
379 2729 507 2770 gloriam
523 2729 678 2759 Romulus
694 2739 819 2769 quoque
833 2734 864 2758 et
880 2730 1012 2766 AEacus,

277 2771 339 2802 imo
353 2771 546 2802 divinitatem
567 2781 654 2800 suam
675 2771 837 2806 llercules,
855 2771 1011 2807 Dioscuri,

276 2820 308 2845 et
325 2813 471 2844 Bacchus
490 2819 650 2855 poetarum
675 2812 789 2843 debent
811 2812 1014 2844 carminibus-

278 2857 329 2887 De
332 2855 453 2903 ‘pretio
457 2861 614 2897 poetarum
631 2855 822 2886 carminibus
836 2855 1010 2903 statuendo,

275 2898 319 2928 cf.
331 2896 579 2939 inprimisearm.
590 2907 682 2938 sqq;
700 2897 828 2928 Pindar.
841 2897 935 2928 Nem.
947 2897 1011 2933 viii,

279 2941 319 2971 16
344 2950 436 2982 sqq.;
458 2938 615 2971 Theocrit.
642 2939 706 2974 xvi,
731 2940 773 2970 29
800 2949 893 2980 sqq.;
917 2939 1011 2971 Ovid.

1055 1130 1149 1160 Pont.
1163 1129 1205 1165 iv,
1223 1131 1254 1165 8,
1270 1130 1310 1160 43
1325 1138 1413 1170 sqq.·
1406 1152 1414 1167 ,
1438 1128 1508 1160 Cic.
1529 1138 1585 1170 pro
1599 1126 1697 1160 Arch.
1720 1137 1750 1159 c.
1765 1127 1786 1158 9

1055 1182 1125 1212 sqq.
1142 1177 1173 1202 et
1186 1181 1242 1213 pas
1245 1172 1314 1202 sim.
1359 1172 1453 1208 Quod
1468 1171 1507 1201 ad
1526 1171 1732 1206 censorinum,
1747 1168 1788 1201 ad

1055 1224 1148 1254 quem
1178 1214 1236 1244 hoc
1261 1224 1385 1245 carmen
1410 1213 1559 1254 scriptum
1583 1218 1640 1248 est,
1666 1211 1788 1250 attinet,

1057 1256 1140 1286 haud
1164 1256 1259 1287 dubie
1279 1255 1500 1296 intelligendus
1521 1259 1570 1285 est
1588 1255 1627 1286 C.
1646 1255 1789 1286 Marcius

1057 1298 1258 1334 Censorinus,
1291 1299 1329 1329 L.
1358 1297 1472 1328 Marcii
1501 1296 1666 1328 Censorini
1695 1297 1788 1333 filius,

1058 1341 1101 1371 U.
1134 1340 1171 1371 C.
1204 1351 1350 1371 ncexnvr
1380 1350 1450 1370 cum
1482 1339 1520 1370 C.
1551 1333 1663 1370 A'sinio
1694 1339 1789 1370 Gallo

1056 1382 1179 1417 consul,
1195 1382 1249 1423 qui
1274 1382 1389 1424 potius,
1404 1391 1499 1422 quam
1518 1380 1588 1422 ejus
1608 1387 1707 1423 pater,
1722 1382 1789 1412 Ho

1057 1424 1127 1454 ratii
1157 1424 1286 1465 aequalis
1311 1424 1406 1454 fuisse
1433 1423 1573 1462 videtum
1595 1429 1626 1454 et
1652 1423 1703 1454 hic
1730 1429 1788 1459 est.

1058 1475 1150 1506 quern
1165 1469 1263 1496 tirum
1279 1467 1460 1496 demerendis
1477 1446 1642 1496 homiriilms
1653 1467 1790 1507 genitum

1057 1514 1147 1538 vocat
1162 1508 1268 1539 Vell.'
1261 1508 1296 1543 ii,
1316 1509 1385 1539 102.

1103 1551 1195 1580 1—8.
1221 1551 1393 1580 Commodus
1415 1551 1484 1579 meis
1503 1550 1662 1583 sodalibus,
1677 1555 1712 1580 ut
1733 1549 1788 1580 ho-

1058 1602 1119 1626 mo,
1137 1591 1192 1632 qui
1215 1591 1249 1621 in
1265 1591 1418 1622 sodalium
1442 1601 1566 1621 suorum
1589 1592 1720 1631 gratiam
1738 1593 1788 1623 lu-

1057 1634 1166 1663 benter
1187 1633 1225 1663 ad
1251 1644 1298 1668 ea,
1323 1644 1393 1675 quae
1418 1632 1577 1663 sodalibus
1598 1634 1734 1675 placent,
1756 1644 1790 1666 se

1056 1675 1281 1711 accommodat,
1297 1686 1329 1707 se
1353 1676 1392 1707 iis
1415 1675 1600 1706 benevolum
1624 1681 1656 1706 et
1673 1676 1788 1707 officio-

1056 1728 1123 1747 sum
1150 1719 1283 1759 praebet:
1307 1718 1365 1749 inf.
1389 1717 1489 1759 Epist.
1511 1717 1546 1752 ii,
1567 1719 1594 1752 l.
1614 1719 1690 1754 227,
1713 1730 1788 1749 omn—

1055 1762 1158 1790 modus
1167 1762 1248 1790 ultro
1259 1762 1416 1797 Accessum
1435 1759 1535 1800 Epist.
1545 1759 1583 1790 ad
1595 1760 1662 1790 Pis.
1675 1771 1703 1791 v.
1714 1762 1789 1798 257,

1059 1803 1230 1833 Commodus
1252 1810 1280 1832 et
1302 1805 1433 1841 patiens.
1477 1801 1529 1832 Sic
1553 1802 1695 1842 ἄρμενος
1720 1805 1790 1840 τοῖς

1057 1845 1164 1886 φίλοις
1179 1844 1261 1886 apud
1278 1845 1406 1875 Graecos
1420 1855 1427 1874 ι
1450 1843 1512 1873 vid.
1527 1844 1659 1880 Mitsch.
1697 1845 1789 1877 Pate-

1057 1898 1118 1921 ras‚
1131 1898 1202 1922 aera,
1216 1888 1366 1926 tripodas:
1389 1896 1458 1917 cum
1476 1886 1612 1917 Romani
1628 1893 1694 1917 tum
1709 1892 1789 1919 tern-

1058 1930 1139 1970 poris
1154 1929 1302 1959 rariorum
1320 1937 1352 1960 et
1371 1928 1580 1970 antiquiorum
1597 1938 1741 1960 vasorum
1757 1934 1790 1961 et

1058 1971 1133 2001 artis
1155 1981 1278 2012 operum
1302 1977 1407 2002 essent
1430 1970 1686 2012 appetentissimi,
1706 1972 1790 2002 etin

1055 2023 1159 2044 eorum
1187 2013 1381 2055 possessione
1407 2012 1646 2053 magnificentiae
1671 2019 1790 2055 partem
1828 2023 1841 2029 r

1055 2062 1214 2096 ponerent.
1238 2062 1351 2095 paterer
1373 2061 1489 2090 autem,
1512 2066 1584 2092 arra,
1608 2062 1640 2086 et
1662 2058 1790 2096 tripodes

1054 2097 1177 2128 disertis
1201 2098 1302 2128 verbis
1326 2099 1447 2137 praemia
1462 2097 1598 2139 fortium
1625 2097 1789 2129 Graiorum

1055 2141 1094 2170 ab
1111 2139 1242 2170 Horatio
1263 2140 1482 2187 appellentur,
1504 2149 1566 2170 non
1583 2138 1720 2170 dubitari
1734 2150 1788 2182 po-

1055 2186 1125 2215 test,
1141 2181 1216 2222 quin
1233 2191 1267 2212 ea
1285 2182 1364 2222 ipsa,
1379 2191 1450 2222 quae
1466 2180 1565 2211 olim
1557 2192 1590 2212 ιιι
1607 2182 1787 2213 Graecorum

1055 2223 1137 2253 ludis
1152 2223 1304 2264 gymnicis
1320 2223 1488 2254 victoribus
1502 2222 1574 2254 data
1590 2224 1727 2259 fuerunt.
1738 2224 1787 2255 in-

1054 2265 1223 2306 telligenda
1239 2265 1320 2295 sint:
1340 2275 1394 2306 per
1406 2272 1526 2304 pateras
1538 2265 1634 2305 igitur
1647 2265 1789 2307 intelligo

1054 2307 1217 2348 capaciora
1246 2307 1373 2355 pocula,
1401 2307 1448 2337 vel
1481 2307 1613 2348 phialas,
1642 2317 1720 2349 quas
1748 2309 1787 2339 ad

1055 2349 1207 2379 victorum
1223 2349 1347 2391 praemia
1363 2349 1427 2380 sive
1440 2349 1585 2391 βραβεῖα
1602 2350 1790 2389 pertinuisse

1055 2391 1102 2421 vel
1128 2402 1166 2423 ex
1192 2392 1327 2422 Homero
1349 2391 1427 2422 disci
1453 2397 1567 2433 potest,
1583 2391 1676 2423 Iliad.
1700 2392 1786 2428 xxiii,

1055 2434 1140 2464 270:
1165 2433 1207 2464 cf.
1225 2434 1319 2464 Pind.
1339 2432 1414 2464 Ol.
1408 2443 1451 2470 ix,
1474 2435 1550 2464 137·
1544 2457 1552 2471 ,
1575 2435 1669 2466 Nem.
1685 2444 1716 2470 x,
1733 2436 1787 2466 81.

1056 2475 1118 2506 Per
1130 2487 1191 2506 (ενα
1214 2475 1350 2507 lebetes:
1377 2475 1441 2506 vid.
1467 2477 1561 2507 Hom.
1578 2476 1635 2507 lib.
1656 2476 1742 2508 laud.
1758 2488 1787 2508 v.

1057 2519 1130 2549 259.
1177 2519 1287 2553 (ἴθι-,σευ
1303 2517 1383 2559 quod
1408 2517 1561 2559 ejusmodi
1581 2518 1734 2560 κειμήλια
1755 2519 1788 2550 in

1058 2560 1200 2591 maximis
1217 2561 1410 2590 habebantur
1424 2560 1565 2600 deliciis;
1589 2571 1644 2608 per
1657 2563 1789 2599 tripodas

1055 2603 1140 2633 varia
1163 2602 1366 2650 supellectilis
1381 2608 1412 2633 et
1427 2585 1568 2633 vasoiuni
1585 2602 1684 2634 tribus

1058 2644 1115 2675 bus
1130 2644 1328 2675 innitentium
1341 2655 1470 2685 genera:
1497 2646 1623 2676 Homer.
1637 2645 1658 2676 l.
1669 2655 1698 2675 c.
1726 2646 1796 2676 Nes.

1053 2698 1109 2727 que
1132 2694 1167 2718 tu
1192 2689 1315 2726 pessima
1343 2687 1460 2720 Ferres.
1481 2697 1583 2735 neque
1607 2692 1640 2718 tu
1664 2687 1786 2724 ultima,

1054 2730 1107 2760 sed
1121 2729 1236 2770 optima
1252 2735 1284 2760 et
1298 2729 1452 2759 rarissima
1474 2739 1641 2770 acciperes.
1683 2729 1790 2761 Divite

1055 2783 1099 2802 me
1124 2772 1235 2802 scilicet
1249 2774 1375 2807 artium,
1392 2770 1424 2801 h.
1447 2781 1475 2802 e.
1498 2771 1524 2802 si
1545 2771 1622 2802 mibi
1641 2777 1787 2812 suppete-

1055 2819 1124 2844 rent
1150 2813 1226 2844 artis
1251 2824 1355 2862 opera.
1381 2813 1650 2844 celeberrimorum
1674 2823 1787 2856 nempe

1054 2856 1204 2887 artificum
1235 2855 1327 2897 pictae
1353 2855 1471 2886 tabulae
1496 2861 1527 2886 et
1555 2860 1685 2887 statum:
1707 2863 1788 2887 artes

1053 2907 1108 2939 pro
1121 2900 1199 2928 artis
1212 2899 1346 2936 operibus
1367 2897 1496 2939 passim,
1512 2902 1548 2928 ut
1566 2897 1624 2928 inf.
1639 2897 1771 2940 Epist.
1762 2909 1786 2933 1,

1080 2941 1165 2976 ..17
1192 2938 1283 2980 Virg.
1309 2940 1388 2971 AEn.
1417 2950 1446 2975 v,
1472 2939 1546 2971 359.
1592 2939 1786 2976 Parrhasius,
