1904 3314
712 230 939 274 LIBER
970 231 1006 281 1,
1035 231 1076 272 4.

1584 232 1668 273 317

243 335 291 378 Si
311 337 408 391 quis
429 341 524 379 erat
542 336 701 390 dignus
722 335 926 386 describi,
947 335 1069 390 quod
1089 333 1242 385 malus,
1265 340 1341 376 aut
1364 335 1454 384 fur,

243 403 378 452 Quod
399 403 595 446 moechus
615 402 742 453 foret,
764 409 841 445 aut
862 403 1060 452 sicarius,
1082 409 1158 444 aut
1178 401 1346 458 alioqui

185 470 213 513 5
242 471 469 522 Famosus,
490 469 625 512 multa
643 485 742 513 cum
759 469 963 513 libertate
983 470 1211 512 notabant.

243 538 362 582 Hinc
382 539 519 582 omnis
539 538 704 594 pendet
725 537 939 590 Lucilius,
960 537 1096 581 hosce
1118 529 1314 587 secutus,

242 605 428 648 Mutatis
449 613 617 648 tantum
637 606 824 662 pedibus
845 606 1150 661 numerisque3
1183 605 1369 655 facetus,

244 673 474 717 Emunctae
494 675 626 725 naris,
649 675 786 716 durus
807 689 1067 730 componere
1088 688 1243 716 versus
1265 690 1275 716 z

245 741 360 785 Nam
380 742 463 785 fuit
482 743 568 785 hoc
587 743 768 785 vitiosus
786 761 796 794 3
828 743 873 784 in
892 743 1002 785 hora
1024 757 1141 798 saepe
1163 742 1398 790 ducentos,

161 810 215 852 10
244 809 309 852 Ut
328 825 547 867 magnum,
568 825 720 853 versus
742 811 937 853 dictabat
958 818 1077 852 stans
1101 811 1214 866 pede
1236 810 1281 851 in
1306 824 1395 850 uno
1414 826 1423 858 ;

245 878 395 926 Quum
414 878 573 921 flueret
591 878 846 930 lutulentus,
869 886 964 921 erat
984 879 1104 934 quod
1126 878 1279 921 tollere
1302 876 1434 919 velles
1452 894 1462 926 3

246 945 481 997 Garrulus,
502 954 634 1002 atque
654 948 779 1003 piger
801 948 1021 990 scribendi
1043 947 1156 989 ferre
1178 946 1388 996 laborem,

246 1013 480 1057 Scribendi
498 1022 641 1066 recte3
674 1031 772 1057 nam
793 1022 843 1057 ut
863 1014 1060 1065 multum,
1081 1015 1142 1056 nil
1162 1029 1324 1056 moror.

1390 1013 1524 1062 Ecce,

247 1081 476 1138 Crispinus
497 1084 670 1127 minimo
688 1098 756 1125 me
778 1090 1013 1138 provocat:
1046 1081 1231 1137 Accipe,
1257 1083 1291 1123 si
1315 1082 1395 1131 vis,

163 1149 218 1192 15
246 1148 474 1206 Accipiam
494 1150 690 1201 tabulas3
723 1150 853 1192 detur
873 1151 999 1193 nobis
1019 1150 1156 1201 locus,
1178 1150 1306 1200 hora,

248 1218 493 1271 Custodes3
525 1219 763 1267 videamus,
786 1225 886 1261 uter
906 1218 1006 1274 plus
1029 1219 1220 1261 scribere
1243 1218 1399 1274 possit.

129 1361 244 1394 veteris
264 1363 430 1396 comoediae
445 1369 558 1406 poetae.
605 1364 774 1396 Comoedia
795 1364 880 1396 enim

131 1415 151 1437 a
166 1405 394 1438 Grammaticis
410 1406 638 1439 Alexandrinis
654 1407 810 1449 descripta
832 1412 881 1439 est

130 1448 164 1480 in
183 1455 322 1486 veterem,
342 1451 484 1488 mediam,
505 1456 538 1482 et
556 1462 677 1482 novam.
720 1451 760 1481 In
782 1458 881 1482 vetere

131 1491 273 1534 quidem,
291 1491 326 1523 in
345 1503 420 1534 qua,
436 1493 530 1525 sicuti
549 1493 583 1525 in
602 1492 778 1535 tragoediis,
802 1504 879 1524 can-

131 1539 237 1566 tantes
270 1534 358 1566 chori
389 1535 570 1578 prodibant,
600 1547 664 1567 non
694 1535 881 1578 simpliciter

132 1577 298 1609 homiuum
312 1577 403 1614 vitia,
421 1579 477 1611 sed
497 1578 556 1621 ipsi
575 1578 631 1621 qui
651 1579 736 1610 vitiis
755 1579 878 1611 labora-

133 1626 215 1658 rent,
234 1620 275 1651 ad
295 1630 421 1652 omnem
436 1631 544 1653 eorum
561 1621 705 1653 habitum
721 1622 880 1664 producti,

133 1672 253 1706 magna
266 1662 411 1695 libertate
430 1665 640 1702 notabantur;
666 1664 699 1695 in
718 1667 816 1696 media
832 1676 882 1698 res

133 1715 207 1738 vere
222 1711 331 1748 gaetae,
347 1706 402 1739 sed
426 1707 508 1739 fictis
525 1707 708 1739 nominibus
723 1718 730 1745 ;
754 1707 789 1738 in
805 1720 882 1739 nova

133 1758 183 1781 res
196 1748 280 1781 fictae
295 1749 361 1781 sive
375 1749 493 1781 fabulae
509 1750 691 1792 spectandae
708 1749 882 1783 dabantur.

136 1791 274 1832 Eupolin
302 1791 367 1824 sive
400 1793 579 1834 Eupolidem
605 1793 638 1824 in
661 1803 777 1834 magno
799 1794 885 1836 apud

136 1834 306 1867 Horatium
335 1834 453 1868 fuisse:
463 1837 576 1878 pretio,
603 1836 653 1868 vel
681 1836 768 1871 inde,
798 1837 885 1878 quod

135 1877 207 1919 ejus
229 1877 348 1920 scripta
376 1878 511 1920 legendo
540 1879 640 1910 otium
667 1878 700 1910 in
723 1878 800 1910 villa
828 1890 887 1911 sua

136 1925 299 1953 conterere
306 1920 430 1953 solebat
443 1921 605 1960 Horatius,
614 1921 751 1964 intelligi
761 1927 865 1964 potest
877 1935 884 1953 ε

136 1963 180 1995 cf.
199 1962 260 1995 inf.
283 1963 352 1995 Sat.
374 1963 408 2003 ii,
431 1965 464 2002 3,
487 1965 539 1997 12.
586 1966 762 2002 Cratinum,
785 1965 884 2007 insig-

137 2015 222 2044 nem,
239 2005 380 2049 plurium
394 2013 558 2050 poetarum
572 2017 669 2044 more,
685 2007 751 2040 vini
768 2014 800 2039 et
815 2009 886 2041 lau-

137 2049 278 2081 datorem
293 2054 328 2082 et
342 2055 482 2093 potorem
497 2046 605 2087 fuisse,
620 2061 693 2082 cum
706 2061 745 2083 ex
762 2052 885 2083 Horatii

137 2092 242 2135 Epist.
255 2091 280 2129 i,
299 2093 351 2130 19,
375 2094 416 2124 12
432 2094 570 2135 (Prisco,
587 2093 700 2136 priscae
719 2095 886 2127 comoediae

136 2140 252 2178 poetae,
274 2136 300 2166 si
323 2137 431 2175 credis,
455 2137 604 2168 Maecenas
627 2138 722 2174 docte,
748 2138 887 2177 Cratino,

140 2177 243 2209 Nulla
259 2179 380 2219 placere
397 2181 454 2210 diu
471 2190 526 2211 nec
546 2182 646 2211 vivere
662 2183 800 2212 carmina
819 2193 887 2222 pos·

137 2227 222 2258 sunt,
241 2220 316 2256 Quae
326 2223 507 2254 scribuntur
521 2234 604 2263 aquae
616 2223 802 2264 potoribus),
819 2229 887 2256 tum

138 2274 180 2295 ex
207 2263 370 2296 Nicaeneti
399 2264 432 2296 in
464 2265 599 2296 Anthol.
632 2266 738 2298 Graec.
768 2267 831 2299 vol.
863 2267 886 2304 i,

138 2317 172 2349 p.
180 2307 258 2343 206,
270 2309 292 2338 4
303 2307 355 2340 ed.
365 2308 499 2340 Jacobs.
511 2313 652 2350 apparet.
694 2310 745 2342 De
760 2310 888 2342 Cratino

138 2355 172 2382 et
189 2349 341 2390 Eupolide
361 2350 487 2394 scripsit
502 2350 682 2394 nuperrime
699 2353 740 2385 C.
758 2353 803 2385 G.
821 2355 886 2385 Lu-

138 2401 204 2432 cas,
224 2393 360 2430 Bonum,
386 2395 482 2426 1826.
529 2394 771 2437 Aristophanes,
792 2396 888 2439 cujus

137 2435 306 2468 comoediae
322 2446 407 2468 nunc
422 2447 551 2479 quoque
565 2437 750 2470 Graecarum
766 2439 887 2471 littera-

139 2488 210 2510 rum
232 2483 375 2512 amantes
395 2480 524 2512 mirifice
545 2480 716 2519 delectant,
737 2482 888 2518 Socratis,

140 2526 179 2552 ut
207 2521 287 2553 satis
312 2527 449 2562 constat,
479 2527 572 2554 aetate
602 2523 694 2555 vixit.
738 2525 889 2557 Cetemm

139 2563 197 2595 hos
210 2570 274 2596 tres
292 2570 413 2608 poetas,
429 2571 466 2597 ut
481 2565 594 2597 veteris
617 2566 783 2599 comoediae
802 2567 889 2610 prin-

139 2606 239 2650 cipes,
263 2607 394 2640 Persius
416 2619 545 2652 quoque
564 2608 763 2651 conjunctim
781 2610 892 2642 laudat

142 2649 211 2682 Sat.
226 2649 250 2687 i,
272 2651 344 2683 123.

183 2693 217 2725 2.
239 2693 338 2735 Atque
368 2695 438 2730 ulii,
468 2706 596 2734 quorum
623 2696 766 2726 comoedia
792 2698 893 2734 prisca

141 2737 279 2767 virorum
297 2743 352 2772 est,
367 2747 425 2784 pro
439 2737 574 2778 vulgari,
591 2742 687 2778 atque
706 2737 761 2768 alii
777 2738 891 2779 priseae

141 2778 308 2810 comoediae
323 2783 512 2821 scriptores:
537 2781 672 2811 virorum
690 2780 844 2818 abundat,
857 2787 893 2812 ut

143 2821 212 2852 Sat.
226 2821 249 2858 i,
267 2821 319 2856 10,
338 2822 390 2859 16,
407 2821 475 2859 Illi,
490 2825 602 2863 scripta
621 2824 730 2864 quibus
750 2826 893 2856 comoedia

141 2865 242 2904 prisca
258 2865 335 2895 viris
346 2871 400 2896 est.

189 2906 223 2938 3.
247 2907 371 2949 Dignus
389 2909 528 2946 describi,
543 2907 673 2949 dignus,
696 2907 764 2949 qui,
785 2909 892 2950 qualis

147 2954 242 2985 esset,
271 2955 346 2982 ante
374 2950 538 2981 hominum
569 2951 678 2982 oculos
714 2957 895 2992 poneretur.

152 2991 270 3030 Malus,
284 2991 358 3024 mali
375 2993 472 3024 animi
489 2993 594 3030 homo,
612 2993 800 3035 flagitiosus.

190 3035 230 3065 5.
253 3034 422 3073 Libertate,
439 3035 479 3069 de
501 3046 551 3075 ea,
572 3047 636 3078 qua
657 3036 730 3079 quis
752 3036 896 3070 licentior

924 1369 955 1397 et
969 1364 1037 1396 sine
1050 1365 1118 1396 ullo
1132 1369 1216 1396 metu
1229 1363 1362 1395 aliorum
1375 1361 1565 1404 vitia,carpit
1578 1373 1584 1391 :
1603 1371 1676 1398 noS,

925 1408 1197 1449 Freimmhigkeit.

969 1451 1001 1482 6.
1028 1451 1114 1482 Hinc
1133 1451 1239 1486 omnis,
1257 1454 1331 1480 cett.
1350 1448 1435 1479 Hinc
1451 1447 1511 1490 (ab
1528 1447 1596 1487 his)
1613 1459 1675 1478 atn-

925 1496 972 1525 m's
989 1494 1111 1536 (totus)
1128 1494 1282 1530 Lucilius,
1299 1493 1382 1522 hosce
1402 1498 1534 1527 secutus,
1555 1492 1678 1530 pendet.

923 1547 979 1578 pro
1002 1536 1137 1578 vulgari,
1158 1536 1216 1567 hos
1236 1535 1331 1568 unice
1356 1539 1486 1566 secutus
1508 1538 1557 1566 est
1580 1533 1677 1565 Luci·

924 1579 999 1610 lius.

969 1623 999 1653 7.
1025 1622 1158 1653 Mutatis
1186 1628 1319 1658 tantum,
1348 1625 1425 1652 cett.
1454 1630 1518 1651 non
1549 1629 1587 1651 eo
1611 1629 1677 1650 ver·

926 1675 1020 1696 suum
1037 1675 1163 1706 genere,
1181 1675 1244 1707 quo
1260 1663 1314 1695 alii
1329 1662 1561 1695 comoediarum
1576 1662 1676 1704 scrip-

927 1713 1009 1739 tores
1023 1707 1075 1738 usi
1091 1708 1230 1744 suerunt,
1245 1707 1300 1738 sed
1315 1711 1438 1737 mutato
1454 1710 1566 1741 metro,
1579 1705 1678 1736 hexa-

926 1756 1026 1782 metro
1050 1761 1148 1781 usus:
1179 1755 1313 1780 metrum
1340 1753 1467 1780 constat
1491 1747 1626 1790 pedibus
1647 1752 1679 1779 et

928 1792 1066 1824 numeris
1083 1793 1148 1824 sive
1163 1792 1323 1835 rhythmo.
1637 1831 1643 1838 ⁸

973 1837 1005 1871 8,
1023 1837 1055 1867 9.
1081 1836 1236 1867 Emunctae
1252 1837 1350 1872 uaris,
1368 1833 1518 1866 acutioris
1538 1832 1680 1874 ingen1i5

930 1878 985 1920 qui
1006 1878 1104 1911 habet
1124 1889 1213 1911 nares
1234 1885 1400 1914 emunctas,
1417 1877 1449 1908 h.
1466 1887 1494 1908 e.
1518 1880 1680 1918 purgatas,

930 1921 1078 1954 odoratur
1095 1922 1200 1953 acrius
1213 1933 1222 1961 ς
1246 1920 1332 1962 quod
1346 1920 1534 1952 transfertur
1549 1917 1590 1949 ad
1605 1928 1679 1949 eum

930 1965 986 2006 qui
1002 1970 1094 1996 acute
1109 1964 1207 2001 videt,
1220 1963 1380 1995 subtiliter
1391 1962 1537 2005 judicat:
1555 1960 1679 1992 homini

931 2014 1077 2039 emunctae
1090 2010 1175 2039 naris
1189 2006 1357 2049 opponitur
1370 2005 1464 2037 homo
1480 2006 1569 2036 obesae
1582 2005 1681 2040 naris,

929 2050 962 2081 h.
983 2061 1012 2082 e.
1033 2050 1196 2092 insipiens,
1221 2049 1378 2085 inficetus,
1397 2049 1524 2080 stultus.
1571 2047 1680 2078 Durus

930 2105 1102 2134 componere
1111 2104 1225 2130 versus,
1242 2093 1298 2124 sed
1312 2092 1397 2134 quod
1413 2091 1454 2122 ad
1467 2100 1577 2122 versus
1592 2100 1679 2120 com-

930 2136 1095 2179 ponendos
1119 2136 1244 2174 attinet,
1271 2135 1406 2167 durioris
1431 2133 1564 2175 ingenii,
1595 2131 1682 2163 haud

931 2179 1080 2220 elegans:
1105 2181 1203 2211 durus
1233 2184 1364 2210 vocatur
1395 2176 1555 2212 Lucilius,
1583 2175 1681 2223 quod,

931 2232 966 2254 se
978 2233 1087 2254 versus
1098 2223 1236 2258 scabros,
1250 2222 1419 2258 incomtos,
1432 2226 1463 2252 et
1474 2220 1684 2251 inconcinnos

931 2265 1077 2302 fundere,
1095 2276 1159 2296 non
1175 2265 1342 2297 sentiebat.
1389 2264 1452 2295 Ille
1463 2262 1547 2295 enim
1564 2271 1681 2310 magno

931 2318 1079 2340 versuum
1101 2308 1163 2340 levi
1183 2318 1280 2352 opera
1297 2313 1330 2339 et
1352 2306 1556 2339 festinantius
1580 2315 1681 2346 scrip-

930 2356 1034 2384 torum
1074 2361 1206 2383 numero
1245 2351 1360 2392 magis,
1401 2360 1500 2392 quam
1532 2358 1681 2395 versuum

932 2405 1049 2435 magna
1075 2394 1242 2436 diligentia
1276 2393 1487 2436 expolitorum
1525 2392 1684 2432 elegantia

932 2437 994 2469 sibi
1031 2437 1176 2475 lacebat;
1199 2437 1273 2469 hine
1297 2437 1414 2474 statim,
1438 2435 1520 2467 Nam
1533 2434 1606 2477 fuit
1631 2435 1683 2464 hoc

934 2481 993 2522 (ob
1010 2449 1083 2517 Eoc,
1097 2491 1136 2512 ex
1153 2481 1214 2512 hac
1233 2479 1434 2523 potissimum
1455 2488 1566 2513 causa,
1582 2476 1625 2508 cf.
1642 2475 1683 2507 ad

935 2524 1002 2554 Sat.
1019 2523 1041 2560 i,
1057 2525 1090 2562 2,
1106 2524 1180 2565 81‚)
1195 2526 1330 2560 vitiosus,
1346 2528 1451 2566 poeta,
1469 2521 1526 2564 qui
1542 2520 1684 2552 lutulen—

933 2572 986 2598 tus
1001 2567 1123 2599 flueret.

981 2610 1120 2641 10—12.
1142 2609 1183 2640 Ut
1193 2621 1350 2652 maguum,
1360 2607 1466 2651 quasi,
1476 2605 1598 2649 quihoc
1610 2616 1683 2648 pos-

935 2658 995 2695 set,
1005 2658 1100 2695 poeta
1108 2657 1191 2684 esset
1198 2652 1356 2694 egregius.
1379 2653 1469 2682 Stans
1477 2652 1552 2691 pede
1563 2652 1594 2680 in
1606 2661 1683 2680 uno:

936 2695 1135 2738 proverbiali,
1152 2700 1188 2726 ut
1202 2695 1336 2732 videtur,
1352 2693 1514 2726 locutione
1528 2699 1610 2723 stare
1623 2703 1685 2723 uuo

933 2741 1008 2779 pede
1032 2738 1159 2774 dicitur,
1180 2738 1236 2779 qui
1259 2749 1323 2770 rem
1347 2737 1488 2778 aliquam
1506 2735 1569 2767 levi
1590 2745 1686 2777 opera

936 2786 967 2813 et
981 2781 1050 2813 sine
1065 2781 1177 2813 virium
1193 2781 1395 2813 contentione
1411 2779 1544 2822 peragit.
1592 2778 1684 2813 Erat,

937 2827 1014 2866 quod
1031 2826 1136 2856 tollere
1154 2825 1254 2861 velles,
1271 2823 1461 2855 offerebatur
1480 2831 1570 2857 sane,
1586 2819 1684 2861 quod,

937 2873 1091 2910 tanquam
1114 2867 1237 2899 sordem
1260 2866 1450 2901 immixtam,
1474 2864 1548 2896 inde
1566 2863 1687 2894 auferre

936 2909 1004 2942 sive
1028 2910 1166 2942 recidere
1188 2916 1220 2942 et
1243 2910 1348 2942 delere
1376 2909 1494 2941 velles:
1525 2906 1584 2937 inf.
1617 2906 1686 2935 Sat.

941 2953 992 2990 10,
1015 2954 1070 2990 50,
1091 2954 1247 2995 ferentem
1278 2953 1380 2983 Plura
1406 2953 1523 2993 quidem
1553 2948 1685 2978 tollenda

937 2997 1156 3037 relinquendis,
1174 2995 1206 3027 h.
1219 3006 1250 3027 e.
1264 2995 1358 3038 plura
1373 3004 1480 3026 secum
1498 2991 1686 3037 trahentem,

938 3049 1011 3081 quae
1025 3038 1193 3073 recidenda
1205 3038 1307 3080 magis
1321 3047 1418 3080 quam
1434 3033 1588 3067 servanda
1602 3036 1666 3063 smt
1679 3043 1688 3070 ;
