1884 3288
667 220 894 263 LIBER
925 220 960 271 I,
992 221 1061 262 37.

1559 217 1634 264 Δ’73

438 324 608 366 Ornare
628 321 826 378 pulvinar
849 321 1048 363 Deorum

492 391 689 446 Tempus
710 398 803 432 erat
823 390 1027 445 dapibus,
1051 389 1248 432 Sodales.

321 461 348 502 5
377 458 581 501 Antehac
601 458 724 500 nefas
747 458 1004 513 depromere
1026 457 1267 500 Caecubum

377 526 510 569 Cellis
531 526 672 577 avitis,
695 527 799 567 dum
820 524 1038 581 Capitolio

434 595 608 650 Regina
629 594 853 636 dementes
874 594 1023 636 ruinas

490 662 642 704 Funus
664 669 708 703 et
729 661 916 717 Imperio
938 662 1123 717 parabat

375 730 678 773 contaminato
699 744 796 771 cum
817 744 951 785 grege
974 730 1166 785 turpium

291 798 350 840 10
375 798 537 840 Morbo
559 798 762 848 virorum,
784 796 1001 852 quidlibet
1021 798 1237 852 impotens

433 866 635 921 Sperare,
658 865 920 920 fortunaque
943 865 1061 908 dulci

490 933 643 975 Ebria.

706 933 796 975 Sed
818 933 970 975 minuit
992 933 1187 975 furorem

371 1001 462 1044 Vix
482 1016 569 1043 una
590 1015 741 1057 sospes
763 1001 883 1043 navis
905 1001 960 1042 ab
982 1002 1155 1057 ignibus
1173 1019 1183 1044 :

370 1069 655 1124 Mentemque
675 1067 943 1125 lymphatam
965 1069 1210 1111 Mareotico

289 1138 341 1178 15

429 1137 689 1193 Redegstin
710 1152 835 1179 veros
857 1138 1033 1179 timores

489 1205 653 1254 Caesar,
675 1206 730 1247 ab
751 1204 878 1247 Italia
898 1204 1114 1248 volantem

370 1272 523 1315 Remis
546 1274 791 1329 adurgens3
825 1274 1031 1329 accipiter
1053 1274 1171 1316 velut

79 1383 328 1423 discumberent,
340 1386 490 1419 collocari
507 1387 664 1422 solebant,
682 1384 768 1427 quod
783 1384 831 1415 di-

79 1429 212 1460 cebatur
231 1431 474 1466 lectisternirtn15
499 1429 606 1471 itaque
628 1439 739 1460 ornare
760 1429 832 1467 pul-

43 1485 46 1490 ’
77 1473 170 1503 vinm-
188 1474 311 1504 deorum
332 1473 504 1504 Saliaribus
524 1474 654 1513 dapibus
673 1472 739 1514 jam
763 1471 833 1508 erit,

78 1514 264 1557 magnificas
283 1516 395 1558 epulas
421 1516 484 1547 diis
509 1514 543 1547 in
568 1526 677 1547 eorum
705 1514 833 1556 templis

77 1565 242 1600 apparare.
273 1559 428 1591 Pulvinur
443 1569 499 1602 pro
512 1559 644 1601 templo,
657 1557 710 1590 ubi
727 1557 831 1600 pulvi-

77 1609 137 1632 nar
159 1601 299 1644 positum
319 1607 389 1640 est3
413 1600 459 1633 sic
482 1602 568 1644 apud
587 1601 772 1633 Ciceronem
798 1601 831 1632 in

80 1642 155 1691 Cat.
173 1644 220 1683 iii,
238 1645 288 1684 10,
303 1646 376 1687 quia
391 1646 431 1676 ad
445 1647 546 1676 omnia
560 1646 742 1685 pulvinaria
758 1655 831 1683 sup-

76 1686 206 1727 plicatio
217 1689 339 1720 decreta
353 1694 396 1719 est
408 1699 419 1725 ,·
443 1694 476 1720 et
490 1687 536 1719 sic
550 1687 660 1719 Livius
676 1687 764 1723 xxiv,
780 1688 831 1725 10,

77 1738 105 1761 8·
120 1730 176 1762 fin.
197 1738 227 1762 et
249 1732 434 1772 supplicatio
457 1732 594 1762 omnibus
612 1732 686 1766 deis,
702 1741 831 1772 quorum

74 1774 258 1812 pulvinaria
281 1774 383 1806 Romae
405 1781 510 1812 essent,
531 1775 648 1805 indicta
670 1779 723 1804 est.
766 1774 829 1804 Pe-

76 1815 230 1848 culiarem
257 1817 402 1848 libellum
431 1818 467 1847 de
494 1818 588 1848 sacris
614 1817 830 1856 pulvinar-ibus

77 1859 206 1902 scripsit
223 1860 258 1892 J.
277 1859 384 1892 David
405 1859 528 1895 Ellrod,
546 1859 662 1890 Altorf.
680 1859 774 1895 1726,
795 1861 827 1890 4.

76 1901 212 1934 Saliares
225 1904 317 1944 dapes
330 1902 370 1934 de
391 1902 496 1946 epulis
516 1902 611 1933 lautis
634 1908 666 1933 et
680 1901 831 1944 opiparis,

100 1945 194 1977 uibus
216 1955 250 1978 se
274 1945 408 1977 invitare
428 1945 574 1977 solebant
588 1944 705 1976 Martis
728 1955 832 1976 sacer-

100 1993 180 2024 otes,
193 1988 293 2029 Salii;
315 1988 390 2020 hinc
408 1991 644 2032 παροιμιακῶς
660 1988 745 2030 apud
762 1988 832 2019 Cic.

78 2030 119 2062 ad
132 2031 234 2064 Attio.
248 2042 280 2068 v,
296 2033 331 2069 9,
344 2033 466 2072 epulari·
483 2032 635 2063 Saliarem
651 2032 682 2061 in
699 2032 830 2062 modum.

79 2073 208 2114 Tempus
229 2081 309 2111 erut,
330 2074 493 2117 explicant
517 2085 584 2117 pro,
610 2080 735 2116 tempus
758 2079 806 2105 est
819 2087 828 2114 ;

75 2117 163 2159 quod
190 2127 256 2149 non
281 2128 362 2161 opus
385 2117 533 2157 videtur-3
557 2117 674 2159 cogita,
703 2122 828 2158 poetam

71 2158 142 2202 jam
154 2159 245 2193 initio
259 2159 503 2204 supplicationis
518 2161 602 2192 facto
615 2159 742 2191 sodales
753 2169 828 2191 suos

74 2201 251 2235 allocutum
277 2214 368 2236 esse:
392 2215 476 2236 nrenc
500 2210 616 2244 tempus
637 2210 718 2238 erat,
743 2213 826 2234 nun-

75 2255 171 2288 quarn
188 2246 291 2288 magis
306 2247 354 2279 fas
365 2246 428 2278 suit
441 2256 538 2288 quam
555 2256 654 2282 nunc,
671 2250 746 2278 cett.

117 2290 238 2322 5—12.
262 2291 422 2322 Coecubum
436 2300 492 2333 pro
508 2289 584 2321 vino
606 2288 822 2331 generosiore:

75 2331 118 2364 d.
139 2343 212 2376 sup.
235 2333 276 2364 ad
297 2333 320 2370 i,
336 2334 390 2372 20,
405 2334 438 2365 9.
484 2333 577 2364 Cellis
596 2334 699 2368 avitis,
715 2331 824 2363 vinum

75 2375 116 2407 ab
130 2377 198 2408 avie
219 2375 382 2408 conditum
396 2376 612 2408 servantibus:
639 2375 734 2407 Ovid.
754 2376 826 2407 Art.

75 2419 189 2452 Amat.
213 2418 249 2456 ii,
269 2420 346 2457 695,
363 2420 439 2451 mihi
451 2419 577 2462 fundat
599 2421 716 2450 avitum
743 2419 822 2450 Con·

74 2462 191 2494 milibus
218 2463 326 2503 prucis
350 2464 472 2494 condita
498 2468 574 2492 testa
599 2473 728 2493 merum.
773 2462 823 2492 Si-

26 2526 30 2534 s
73 2503 191 2537 militer
201 2511 306 2538 testam
318 2512 481 2546 paternam
494 2504 576 2536 dixit
590 2504 711 2536 Tibull.
729 2504 751 2543 i,
772 2506 823 2542 10,

23 2539 35 2570 ’-
73 2548 128 2580 48.

172 2548 344 2585 Dementes,
379 2548 571 2580 dementiam
608 2553 640 2580 et
675 2547 824 2579 insanum

73 2589 208 2623 §nitorem
237 2591 320 2634 ejuS,
347 2591 403 2634 qui
432 2601 485 2622 eas
515 2596 616 2634 parat,
645 2591 823 2633 prodentes.

73 2633 196 2673 Fumoe,
210 2633 243 2666 h.
258 2645 288 2667 e.
309 2634 468 2666 interitum
484 2647 490 2665 :
516 2644 581 2665 rem
605 2634 771 2670 Horatius,
789 2640 824 2666 ut

71 2682 176 2752 πίε,
193 2683 307 2719 auget3
332 2688 396 2709 non
410 2677 535 2720 proprie
554 2676 638 2708 enim
656 2676 822 2719 imperium

127 2731 256 2752 manum
272 2721 313 2752 ad
324 2721 486 2752 interitum
497 2726 666 2758 vocatura;
689 2721 746 2752 sed
761 2721 819 2750 im-

71 2763 151 2806 potii
165 2763 305 2796 Romani
319 2769 444 2795 tantum
465 2762 573 2795 sedem
591 2763 820 2795 Alexandriam

72 2806 264 2839 translatura
291 2813 359 2839 erat
384 2806 574 2849 Cleopatra:
605 2807 748 2848 Propert.
773 2806 820 2843 iii,

55 2885 58 2887 Α
75 2849 129 2886 ll,
143 2850 201 2886 ³1,
220 2850 275 2887 32,
296 2850 443 2892 Conjugt'i
463 2851 582 2881 obst-eni.
600 2852 734 2890 pretium
757 2849 820 2880 Ro-

73 2902 162 2924 uana
185 2894 320 2935 poposcit
342 2893 472 2931 Maenia,
495 2899 525 2924 et
546 2894 683 2923 addictos
707 2894 742 2924 in
764 2903 821 2924 sua

73 2945 171 2979 regna
190 2943 314 2977 patres:
338 2936 382 2968 cf.
406 2935 470 2968 Dio
492 2935 550 2967 lib.
565 2934 619 2966 vii.
665 2935 822 2967 Contami-

74 2984 147 3010 mto
159 2989 227 3010 eum
240 2990 335 3021 grege
353 2983 490 3019 turpium
505 2979 612 3010 Morbo
627 2980 773 3014 virorum,
788 2978 821 3011 in

74 3020 227 3055 comitatu
259 3032 318 3054 suo
347 3022 468 3055 habens
496 3027 653 3054 catervam
685 3022 822 3054 virorum

878 1383 962 1426 turpi
976 1385 1084 1416 morbo
1097 1384 1263 1416 infamium
1278 1398 1287 1425 ;
1313 1385 1456 1428 intellige
1473 1388 1629 1430 spadones

878 1427 943 1458 sive
955 1428 1142 1459 eunuchos:
1167 1429 1211 1460 cf.
1223 1428 1281 1461 inf.
1295 1430 1397 1471 Epod.
1410 1431 1455 1461 ix.
1470 1432 1520 1462 13.
1544 1432 1629 1463 Cum

877 1475 1042 1502 contemtu
1058 1477 1161 1502 autem
1176 1471 1269 1503 istam
1283 1479 1442 1504 catervam
1457 1479 1548 1505 vocat
1558 1487 1632 1516 gre-

875 1523 957 1554 gem,
973 1519 1006 1545 et
1021 1514 1151 1556 quidem
1166 1518 1420 1552 contaminatum,
1437 1517 1469 1548 h.
1482 1528 1510 1549 e.
1527 1517 1632 1560 impu-

876 1567 946 1587 rum
967 1557 1015 1588 vel
1038 1557 1125 1588 foeda
1144 1557 1274 1591 libidine
1290 1559 1471 1602 pollutum;
1494 1562 1632 1592 virorum

876 1601 976 1630 morbo
992 1603 1144 1641 turpium,
1163 1601 1196 1633 11.
1216 1613 1245 1633 e.
1268 1602 1402 1644 turpiter
1427 1603 1631 1641 eviratorum,

877 1652 949 1673 nam
967 1645 1098 1680 morbus,
1115 1650 1151 1675 ut
1172 1645 1274 1684 νόσος
1294 1645 1380 1688 apud
1397 1646 1541 1683 Graecos,
1557 1657 1630 1689 pas·

877 1684 935 1716 sim
949 1685 990 1717 de
1003 1687 1142 1728 corporis
1155 1688 1238 1719 vitiis
1252 1701 1260 1727 ;
1282 1688 1345 1719 nisi
1357 1689 1430 1730 quis
1443 1691 1577 1720 morbum
1591 1690 1631 1722 de

876 1738 925 1764 eo,
939 1739 1003 1771 quo
1015 1728 1178 1761 libidinosi
1193 1731 1350 1767 laborant,
1362 1732 1506 1773 accipere
1519 1733 1629 1774 malit3

876 1770 951 1803 hinc
976 1771 1062 1813 apud
1085 1773 1207 1804 Catull.
1231 1773 1298 1809 lvii,
1317 1775 1483 1806 Mamurra
1503 1780 1535 1806 et
1556 1775 1631 1807 Cas·

875 1823 936 1850 sar,
959 1814 1092 1857 pathici,
1112 1815 1263 1847 dicuntur
1283 1818 1429 1848 morbosi.-
1454 1817 1497 1848 cf.
1521 1818 1629 1852 Bentl.

874 1857 913 1887 ad
935 1857 966 1888 h.
984 1857 1006 1888 l.
1033 1858 1191 1892 Quidlibet
1214 1862 1357 1900 impotens
1378 1871 1510 1900 sperare,
1525 1860 1628 1904 impo-

875 1905 961 1931 tente
977 1901 1081 1931 animo
1098 1901 1149 1943 (h.
1164 1912 1193 1934 e.
1210 1909 1324 1945 praeter
1337 1903 1479 1939 modum,
1492 1904 1628 1943 temere)

875 1953 1006 1985 sperans
1023 1945 1150 1984 omnia3
1173 1947 1329 1985 impotens,
1344 1945 1443 1976 animi
1459 1946 1629 1988 cupiditati

875 1987 1087 2028 temperandae
1111 1986 1230 2030 impar-3
1258 1988 1368 2019 Livius
1392 1988 1434 2024 vi,
1456 1990 1506 2024 ll,
1522 1991 1628 2022 Animi

875 2030 998 2070 ingenio
1013 2031 1163 2061 vehemens
1181 2038 1210 2063 et
1233 2034 1389 2071 impotens.
1437 2031 1532 2063 Dulci
1547 2034 1627 2065 refer

874 2072 914 2102 ad
929 2072 1055 2103 dulcem
1072 2072 1162 2104 illam
1182 2084 1283 2116 spem.
1300 2085 1396 2116 quam
1415 2074 1455 2105 de
1476 2075 1625 2108 Romano

873 2114 1015 2157 imperio,
1029 2121 1181 2157 tanquam
1199 2117 1314 2148 amoris
1329 2117 1485 2154 mercede,
1499 2118 1540 2149 ab
1553 2119 1624 2151 An-

872 2157 960 2188 tonio
983 2158 1171 2201 accipiendo
1198 2160 1303 2201 (Flor.
1333 2160 1375 2197 iv,
1403 2161 1473 2201 ll),
1499 2161 1625 2195 fovebat

873 2201 1044 2243 Cleopatra
1058 2213 1066 2239 ;
1085 2203 1181 2239 ebria,
1192 2203 1270 2245 quia
1281 2213 1364 2246 spes,
1377 2214 1474 2246 quam
1487 2204 1623 2237 imbibe-

870 2249 928 2280 rat,
953 2244 1151 2283 dulcissima,
1177 2246 1247 2288 ejus
1270 2253 1421 2282 mentem,
1445 2251 1481 2277 ut
1505 2247 1623 2281 nimius

868 2293 974 2329 potus,
984 2294 1174 2330 perverterat
1184 2301 1191 2327 ;
1210 2300 1266 2322 nos
1278 2289 1434 2326 similiter,
1443 2291 1622 2329 herauscht;

871 2331 991 2367 Graeci,
1006 2330 1155 2373 μεθύων,
1172 2343 1203 2365 v.
1229 2343 1258 2364 c.
1282 2333 1442 2365 Theocrit.
1466 2333 1544 2372 xxii,
1566 2336 1622 2373 98,

868 2373 1003 2416 μεθύων
1019 2375 1128 2417 ἔρωτι.

915 2419 1054 2448 13—24.
1083 2419 1136 2448 Vis
1148 2430 1212 2448 una
1223 2429 1318 2458 sospes
1329 2420 1415 2450 navis
1425 2420 1462 2450 ab
1474 2419 1596 2460 ignibus
1610 2434 1619 2451 .-

868 2458 1112 2502 intelligendum
1128 2467 1176 2492 est
1190 2461 1230 2492 de
1244 2462 1348 2494 classe
1362 2462 1509 2496 Antonii,
1523 2473 1619 2504 quam

869 2507 966 2535 totam
982 2515 1074 2546 paene
1087 2504 1125 2535 -in
1142 2515 1248 2547 pugna
1267 2504 1405 2536 Actiaca
1419 2506 1619 2538 combustam

868 2556 937 2578 esse
962 2552 1107 2586 constat3
1131 2547 1201 2590 ipsa
1227 2547 1399 2590 Cleopatra
1428 2548 1512 2579 enirn
1537 2559 1619 2581 vano

867 2589 978 2621 timore
999 2596 1180 2622 exsternata
1197 2591 1257 2621 sub
1274 2602 1391 2633 pugnae
1406 2591 1512 2622 statim
1529 2591 1620 2624 initio

867 2643 940 2663 cum
969 2633 1134 2674 sexaginta
1156 2634 1291 2665 navibus
1318 2634 1496 2676 aufugerat,
1519 2645 1618 2676 quam

866 2685 938 2707 mox
953 2676 1025 2707 navi
1038 2677 1184 2719 praetoria
1197 2676 1255 2718 (ad
1267 2687 1362 2719 quam
1376 2683 1519 2719 spectare
1529 2678 1618 2710 vide-

865 2724 917 2750 tur
931 2731 995 2750 una
1007 2721 1094 2750 navis
1107 2731 1201 2760 sospes
1215 2721 1252 2750 ab
1267 2722 1411 2761 ignibus)
1424 2726 1554 2752 secutus
1568 2727 1619 2753 est

864 2762 1046 2794 Antonius:
1072 2762 1136 2794 vid.
1162 2762 1227 2794 Dio
1254 2763 1312 2795 lib.
1341 2763 1451 2799 xxxiii,
1477 2775 1509 2806 p.
1540 2765 1615 2800 439,

866 2805 954 2838 Flor.
979 2805 1023 2842 iv,
1054 2807 1104 2842 ll,
1131 2808 1163 2838 8.
1210 2807 1403 2848 Mentemque
1428 2807 1616 2848 lymphatam

866 2849 1182 2881 Mareotico—-Remis
1210 2851 1385 2891 adurgens.-
1414 2859 1527 2881 sensus
1543 2862 1550 2880 :
1584 2856 1617 2881 et

865 2892 975 2924 Caesar
1004 2891 1101 2923 celeri
1123 2903 1222 2924 cursu
1253 2893 1294 2924 ab
1318 2892 1413 2924 Italia
1442 2892 1615 2934 fugientem

865 2935 1066 2978 Cleopatram
1087 2942 1284 2978 persecutus,
1299 2946 1417 2967 vanum
1435 2934 1507 2977 ejus
1522 2935 1614 2966 timo-

865 2989 941 3015 rem,
959 2989 1021 3021 quo
1042 2989 1158 3020 pugnae
1182 2989 1216 3010 se
1234 2978 1442 3014 subduxerat,
1459 2978 1492 3008 in
1507 2988 1614 3008 verum

866 3021 906 3053 ad
918 3021 1149 3054 Alexandriam
1165 3022 1320 3062 mutavit;
1340 3032 1452 3053 vanum
1466 3022 1614 3057 timorem,
