1884 3288
12 2844 35 2889 d

674 195 901 238 LIBER
931 195 968 246 Ι,
1004 197 1041 238 1.

1540 200 1627 242 295

265 301 472 344 Perfidus
492 300 564 343 hic
584 314 740 356 caupo,
761 299 896 350 miles,
919 306 1168 355 nautaeque,
1189 315 1271 356 per
1290 315 1417 344 omne

176 369 235 410 30
263 368 472 411 Audaces
492 382 609 410 mare
628 368 706 422 qui
726 373 922 417 currunt,
945 366 1027 408 hac
1047 374 1191 408 mente
1211 367 1406 408 laborem

263 436 371 478 Sese
390 436 519 485 ferre,
542 450 668 476 senes
690 442 739 476 ut
758 435 803 477 in
823 436 911 476 otia
932 441 1028 476 tuta
1055 435 1278 484 recedant,

259 504 413 554 Aiunt,
436 518 568 558 quum
590 503 674 544 sibi
695 503 781 544 sint
802 510 1012 558 congesta
1032 503 1218 552 cibaria;
1253 502 1366 543 sicut

261 570 449 612 Parvula
469 571 582 623 (nam
602 569 802 625 exemplo
823 571 906 624 est)
928 570 1073 625 magni
1092 569 1271 611 formica
1289 569 1451 610 laboris

261 638 354 681 Ore
375 638 524 687 trahit,
547 639 843 693 quodcunque
864 646 1027 693 potest,
1049 645 1182 692 atque
1203 637 1327 678 addit
1349 652 1518 688 acervo,

171 706 229 748 35
259 706 403 754 Quem
423 706 566 755 struit,
589 706 709 746 haud
731 706 881 760 ignara
901 719 950 746 ac
974 720 1058 746 non
1081 706 1255 746 incauta
1276 704 1438 746 futuri:

261 774 389 824 Quae,
412 773 539 816 simul
560 775 776 815 inversum
798 773 1026 815 contristat
1047 773 1269 828 Aquarius
1291 788 1465 823 annum,

259 842 365 884 Non
387 857 568 897 usquam
588 843 800 897 prorepit,
823 850 867 882 et
887 841 969 882 illis
990 842 1129 882 utitur
1150 849 1250 883 ante

259 911 470 959 Quaesitis
494 911 694 966 sapiens3
726 924 859 965 quum
882 917 924 951 te
946 924 1088 964 neque
1110 909 1303 950 fervidus
1325 916 1460 951 aestus

260 977 494 1020 Dimoveat
515 978 651 1028 lucro,
674 992 754 1019 nec
777 977 929 1027 hiems,
951 977 1081 1032 ignis,
1102 992 1235 1026 mare,
1265 977 1450 1027 ferrum3

172 1045 230 1087 40
259 1045 338 1087 Nil
358 1047 504 1088 obstet
527 1046 619 1096 tibi,
642 1046 747 1087 dum
767 1059 820 1086 ne
844 1046 899 1086 sit
920 1052 963 1086 te
985 1045 1117 1087 ditior
1138 1044 1261 1086 alter.

260 1113 384 1162 Quid
399 1115 526 1169 juvat
545 1114 798 1155 immensum
819 1119 862 1154 te
884 1113 1055 1167 argenti
1077 1113 1250 1167 pondus
1272 1120 1316 1154 et
1337 1113 1432 1154 auri

256 1180 426 1222 Furtim
446 1180 624 1222 defossa
643 1180 839 1222 timidum
861 1180 1082 1235 deponere
1105 1181 1250 1222 terra?

260 1248 411 1298 Quod,
435 1249 472 1289 si
492 1249 770 1297 comminuas,
794 1247 920 1289 vilem
941 1249 1167 1303 redigatur
1188 1248 1242 1289 ad
1266 1262 1421 1290 assem.

259 1314 337 1364 At,
358 1316 403 1356 ni
424 1316 468 1357 id
489 1315 553 1365 fi‘t,
577 1316 684 1370 quid
705 1315 839 1356 habet
857 1315 1032 1369 pulchri
1052 1323 1330 1358 constructus
1351 1319 1566 1359 acervus?

171 1383 230 1424 45
259 1381 400 1424 Millia
421 1382 627 1424 frumenti
647 1389 724 1423 tua
745 1381 913 1422 triverit
936 1396 1038 1422 area
1058 1389 1248 1431 centum,

260 1449 365 1492 Non
387 1456 489 1491 tuus
510 1449 594 1491 hoc
615 1449 756 1504 capiet
777 1455 929 1490 venter
957 1447 1070 1504 plus,
1093 1463 1144 1491 ac
1166 1464 1311 1500 meus;
1345 1457 1393 1491 ut
1415 1451 1451 1492 si

130 1577 186 1608 28.
210 1577 281 1612 Ille,
293 1587 417 1618 gravem
437 1578 676 1612 duro—aratro.
699 1575 830 1617 elegans

86 1620 256 1662 descriptio
277 1621 400 1650 rustici.

130 1663 185 1694 29.
209 1663 352 1704 Perfidus
379 1663 427 1693 hic
449 1673 566 1702 caupo.
602 1661 716 1704 repetit
733 1666 834 1733 ‘poeta

87 1705 230 1736 homines
243 1707 361 1736 diversa
377 1712 550 1746 sequentem
575 1704 630 1735 sed
655 1715 710 1746 pro
733 1706 834 1745 legum

76 1749 222 1789 jurisque
250 1749 369 1788 peritis,
402 1758 442 1779 ne
473 1753 614 1789 carperet
643 1753 676 1778 et
698 1746 836 1778 elevaret

87 1801 196 1823 eorum
221 1790 338 1826 studia,
356 1791 406 1821 vel
427 1790 509 1837 quia
525 1789 747 1831 jurisconsulti
772 1799 835 1819 non

87 1832 181 1872 lucri,
189 1833 246 1864 sed
262 1833 389 1864 honoris
397 1839 428 1864 et
441 1831 588 1863 utilitatis
603 1842 700 1863 causa
710 1831 774 1862 de'
762 1841 835 1872 Jure

87 1877 334 1924 respondebant,
359 1875 528 1917 prudenter
551 1874 656 1917 posuit
675 1885 834 1914 caupones,

87 1919 145 1961 qui
161 1918 240 1950 lucri
252 1918 390 1950 faciendi
404 1924 437 1949 et
452 1918 626 1949 ditescendi
642 1916 743 1958 gratia
764 1928 833 1957 per-

77 1963 157 2010 fide·
173 1961 330 1997 homines,
355 1961 396 1992 ad
417 1971 450 1992 se
471 1960 669 1995 divertentes,
696 1959 833 1991 circum-

86 2004 194 2036 venire
217 2004 334 2040 solent,
358 2005 448 2040 dum,
473 2013 570 2045 parvo
596 2003 685 2033 lucro
708 2002 834 2038 intenti,

88 2057 222 2096 merces,
244 2058 323 2089 quas
347 2046 499 2084 vendunt,
516 2051 733 2087 corrumpunt,
757 2057 785 2076 v.
800 2056 831 2077 c.

88 2089 197 2121 vinum
219 2100 303 2131 aqua
328 2088 498 2120 miscentes
522 2094 598 2120 cett.
646 2088 699 2119 Sic
722 2100 832 2128 caupo-

87 2144 140 2165 nes
158 2134 289 2174 maligni
312 2132 371 2163 inf.
394 2134 461 2164 Sat.
477 2132 500 2167 i,
513 2133 546 2166 5.
565 2133 596 2164 4.
612 2131 704 2163 etsie
721 2143 832 2171 καπη-

87 2174 212 2211 nehem,
222 2175 305 2217 apud
322 2175 464 2207 Graecos.
503 2174 607 2210 Miles,
621 2173 677 2215 qui
694 2173 833 2205 laborem

87 2218 123 2249 in
89 2218 231 2292 mmbello
253 2217 378 2261 perfert
404 2223 469 2248 tam
494 2217 608 2258 praedae
626 2226 721 2257 quam
743 2226 834 2257 agro-

247 2267 259 2292 t
283 2261 368 2292 sacto
394 2259 551 2302 stipendia
574 2258 833 2300 accipiendorum

105 2271 282 2353 piinpenus
354 2303 483 2344 Nuuraeq
486 2314 535 2338 ue,
561 2307 594 2333 et
619 2308 830 2333 mercatores:

89 2355 162 2389 sup.
186 2346 220 2378 in
244 2326 308 2378 Od.
331 2345 366 2380 ii.
398 2347 451 2381 13,
467 2315 538 2378 q.l4
567 2347 673 2376 navita
708 2345 831 2381 Poenus,

87 2395 244 2422 mereator
258 2388 464 2421 Phoenicius.
509 2387 562 2419 Sic
586 2387 689 2429 Epod.
707 2389 758 2424 16,
776 2389 830 2425 61,

87 2432 208 2464 Sidonii
220 2439 335 2463 naute.

132 2475 188 2507 32.
213 2475 349 2510 Cibaria,
369 2473 488 2516 quibus
515 2472 650 2504 alimur·
680 2479 833 2514 congesta,

89 2517 326 2550 accommodate
340 2518 380 2549 ad
402 2516 580 2564 exemplum
596 2516 749 2563 jbrmicae,
762 2526 834 2556 quae

89 2559 124 2592 in
149 2560 284 2592 hiemale
297 2566 423 2609 tempus
443 2558 523 2589 mira
547 2557 715 2589 sedulitate
739 2564 834 2600 atque

88 2602 258 2652 prudentia
277 2602 430 2635 alimenta
450 2602 605 2642 congerit.-
629 2611 667 2631 ex
689 2600 835 2642 simplice

41 2660 44 2662 ·
89 2646 258 2681 namna.
280 2647 396 2678 cibaria
420 2651 558 2685 congesta
583 2655 662 2674 more
677 2644 832 2684 formioae,

90 2689 178 2720 enati
192 2694 274 2720 suut
279 2694 340 2720 tres
355 2698 464 2720 versus
473 2678 715 2728 elegantissimi.

134 2731 190 2763 33.
214 2731 295 2762 Nam
319 2732 449 2778 campio
473 2736 528 2763 est,
550 2739 596 2760 sc.
619 2738 746 2768 magum
769 2738 834 2770 quo

92 2773 187 2807 rebus
210 2774 279 2805 suis
296 2772 463 2822 prospicit,
489 2772 606 2803 labore.
651 2771 763 2812 M1gm'
787 2773 832 2802 la-

91 2817 182 2852 boris.
214 2816 353 2848 suaviter
385 2826 438 2858 per
473 2814 656 2846 ἀντίθετον
695 2814 834 2845 formicae

89 2861 228 2901 mule
243 2859 391 2891 tribuitur
406 2858 494 2889 labor
509 2868 648 2899 mugnus

94 2927 96 2929 -
137 2902 192 2934 ³6.
217 2902 304 2939 Quae,
316 2902 408 2933 simul
421 2907 497 2932 cett.
514 2906 546 2931 at
560 2900 683 2935 eadem,
701 2898 836 2929 simulac

26 2934 37 2943 ⁶
92 2943 190 2976 nolin
210 2944 389 2994 Aquarium
414 2943 538 2978 transit,
560 2948 592 2974 et
616 2949 751 2984 tempus,
772 2952 838 2982 quo

12 3198 16 3205 .
6 3115 38 3188 ''42ss
14 3095 28 3106 -.‹
11 3030 32 3085 Vm*

8 3219 46 3288 {Q

94 2995 198 3048 napus
212 2987 426 3020 circumactus
439 2991 500 3022 est,
512 2985 692 3028 pluviosam
705 2989 738 3016 et
750 2983 839 3016 triste

875 1575 988 1611 reddit,
1028 1586 1083 1618 pro
1116 1575 1274 1619 simplice,
1316 1581 1440 1618 tempus
1481 1576 1627 1609 hiemale.

877 1620 1001 1649 Annum
1026 1621 1191 1654 inversum,
1219 1619 1252 1650 h.
1272 1630 1301 1650 e.
1323 1626 1491 1651 exactum:
1524 1621 1626 1652 donec

877 1671 980 1691 annus
996 1672 1124 1692 cursum
1149 1672 1243 1692 suum
1268 1662 1405 1704 peragit,
1419 1662 1537 1694 dicitur
1560 1674 1626 1694 ver-

879 1710 964 1740 tens,·
997 1704 1127 1744 quando
1153 1714 1282 1734 cursum
1307 1714 1400 1734 suum
1431 1705 1547 1746 exegit,
1578 1705 1628 1736 di-

879 1746 960 1776 citur
978 1748 1126 1777 inversus.
1170 1747 1277 1778 Schol.
1302 1747 1471 1789 Porphyr„
1493 1748 1625 1779 Maxime

878 1789 937 1818 sole
952 1790 984 1818 in
1001 1790 1138 1829 Aquario
1157 1791 1321 1819 constituto
1346 1796 1533 1829 tempestates
1553 1791 1625 1821 hor-

879 1832 980 1862 rendoe
994 1838 1022 1861 et
1034 1831 1167 1873 frigora
1184 1833 1323 1872 ingentia
1345 1834 1439 1862 solent
1460 1843 1529 1863 esse.
1574 1833 1627 1864 Sol

877 1879 979 1904 autem
1004 1876 1115 1905 transit
1137 1876 1167 1904 in
1186 1875 1358 1914 Aquarium
1377 1875 1479 1906 XVII
1494 1876 1625 1907 calend.

880 1916 992 1952 Febr„-
1018 1918 1051 1947 in
1070 1927 1103 1946 eo
1122 1923 1164 1948 est
1190 1917 1296 1947 diebus
1320 1919 1454 1958 triginta
1474 1929 1567 1960 usqne
1584 1921 1626 1950 ad

880 1959 982 1989 XVI!
999 1959 1127 1990 calend.
1146 1959 1245 1990 Mart.

921 2002 976 2032 38.
1001 2001 1041 2031 Et
1060 2003 1124 2032 iltis
1147 2003 1252 2032 utitur
1277 2007 1350 2033 ante
1377 2001 1518 2036 Quaesitis
1542 2006 1624 2044 snpi-

876 2054 939 2079 ens,
960 2050 994 2075 et
1017 2043 1093 2079 illis.
1110 2055 1183 2086 quae
1209 2050 1282 2075 aute
1303 2045 1477 2086 congessit.
1500 2051 1534 2076 ut
1554 2046 1623 2077 ani-

876 2087 940 2117 mal
965 2086 1103 2128 sapiens,
1124 2097 1192 2129 pro,
1206 2087 1364 2129 sapienter
1384 2087 1487 2119 hieme
1503 2088 1625 2121 fruitur.

876 2129 949 2160 Jam
974 2129 1119 2160 transfert
1149 2135 1244 2171 poeta
1271 2130 1454 2171 exemplum
1486 2131 1625 2163 formicae

877 2171 917 2202 ad
942 2182 1104 2203 avarorum
1130 2172 1319 2211 stultitiam;
1350 2179 1527 2214 congerunt
1553 2174 1624 2216 qui-

877 2215 949 2245 dem
973 2215 1072 2250 avari,
1099 2214 1191 2246 sicuti
1224 2215 1368 2250 formica,
1398 2215 1538 2252 divitias,
1569 2217 1627 2248 sed

877 2257 916 2288 iis
932 2268 995 2289 non
1015 2263 1160 2289 utuntur.
1208 2257 1354 2289 Formica
1376 2257 1473 2299 igitur
1497 2259 1627 2292 homine

877 2309 971 2331 avaro
986 2306 1035 2331 est
1049 2299 1232 2342 sapientior.

919 2344 975 2374 39.
1000 2343 1116 2378 Hiems,
1133 2343 1241 2384 frigus.
1257 2345 1350 2385 ignis,
1375 2344 1624 2385 mure,ferrum,

876 2385 915 2417 de
930 2386 1023 2417 rebus
1044 2386 1202 2422 violentis,
1226 2397 1299 2427 quae
1324 2387 1496 2428 perniciem
1519 2389 1624 2419 inten-

878 2434 957 2460 tant.
1006 2429 1067 2459 Per
1080 2431 1188 2460 medios
1205 2430 1288 2470 ignes
1300 2430 1441 2465 volitare,
1458 2430 1544 2471 apud
1565 2431 1623 2462 Sil.

878 2471 954 2502 Ital.
970 2482 1022 2507 xv,
1040 2473 1095 2507 41,
1114 2482 1180 2514 pro,
1197 2481 1252 2513 per
1266 2482 1392 2502 summa
1414 2472 1569 2514 pericula,
1592 2479 1624 2505 et

876 2514 922 2546 sie
939 2495 1023 2556 apud
1042 2514 1175 2546 Graecos
1188 2513 1244 2545 διὰ
1260 2514 1382 2556 πυρός.

922 2558 975 2588 40.
1000 2557 1057 2587 Νιι
1071 2559 1163 2588 obstet
1177 2559 1244 2592 tzbz
1260 2563 1335 2588 cett.
1349 2568 1388 2589 ne
1403 2556 1521 2588 multa!
1548 2568 1622 2589 eum

878 2599 967 2631 nullo
989 2599 1119 2630 omnino
1144 2599 1285 2642 periculo
1311 2610 1329 2631 a
1352 2600 1472 2631 divitiis
1495 2611 1624 2632 coacer-

877 2642 991 2673 vandis
1014 2648 1045 2673 te
1069 2642 1217 2674 deterreri
1242 2642 1383 2685 patiaris,
1407 2643 1501 2674 modo
1520 2654 1623 2680 nemo,

877 2685 934 2726 qui
950 2691 980 2717 te
990 2685 1084 2716 ditior
1098 2686 1152 2722 sit,
1168 2686 1351 2727 reperiatur.

922 2729 976 2759 42.
1002 2728 1141 2770 quossa,
1168 2728 1332 2770 explicant
1356 2727 1474 2769 effossa,
1497 2733 1530 2760 et
1553 2728 1623 2760 lau-

878 2769 956 2801 dant
969 2771 1097 2819 defossos
1111 2782 1225 2811 specus,
1245 2771 1330 2812 apud
1354 2771 1445 2811 Virg.
1470 2770 1552 2802 Geo.
1577 2771 1624 2807 iii,

880 2814 955 2851 376,
977 2813 1100 2856 proprie
1120 2814 1205 2845 enim
1223 2824 1286 2844 uon
1311 2821 1408 2849 terr-,a
1433 2813 1488 2844 sed
1510 2826 1624 2845 aurum

879 2857 939 2887 sub
962 2863 1043 2887 terra
1066 2856 1168 2897 defodi
1187 2855 1317 2887 dicitur.
1365 2857 1418 2887 An
1438 2855 1567 2896 defossa,
1590 2862 1627 2887 ut

879 2898 912 2929 in
938 2898 1046 2930 multis
1068 2899 1139 2930 aliis
1162 2898 1252 2937 locis,
1277 2909 1340 2930 non
1366 2899 1407 2929 ad
1431 2908 1545 2928 nomen
1571 2899 1625 2929 cui

881 2941 1040 2983 adjectum
1055 2948 1115 2978 est,
1132 2941 1187 2973 sed
1211 2941 1252 2972 ad
1276 2951 1390 2972 nomen
1413 2940 1552 2971 vicinum
1577 2950 1625 2971 re-

882 2984 955 3016 ferri
982 2984 1100 3016 debet}
1132 2989 1169 3015 ut
1193 2984 1227 3015 in
1251 2985 1319 3015 Sat.
1343 2994 1393 3024 sq.
1419 2994 1449 3013 v.
1475 2983 1529 3018 29,
1566 2993 1628 3014 vox
