1904 3314
609 167 835 211 LIBER
866 168 928 220 II,
962 170 998 211 l.

1498 172 1584 213 503

154 267 224 311 Te
245 271 405 313 nostris
427 272 627 322 ducibus,
650 277 694 313 te
715 269 863 312 Graiis
885 269 1183 321 anteferendo,

67 335 126 379 20
155 337 314 380 Cetera
329 354 603 395 nequaquam
623 338 750 380 simili
770 339 926 380 rationi
947 338 1164 394 modoque

155 405 380 458 AEstimat‚
401 414 459 458 et,
481 407 564 448 nisi
583 421 683 461 quae
703 407 830 448 terris
853 412 1018 449 semota
1039 407 1216 462 suisque

157 472 453 530 Temporibus
475 474 682 517 defuncta
702 475 838 526 videt,
860 475 1028 517 fastidit
1047 481 1091 516 et
1108 473 1227 516 odit:

156 540 230 584 Sic
250 541 395 584 fautor
414 548 622 592 veterum,
646 549 694 584 ut
716 541 886 584 tabulas
907 556 1090 598 peccare
1112 548 1325 591 vetantes,

157 609 282 657 Quas
302 610 368 652 bis
389 610 582 666 quinque
602 611 683 652 viri
705 617 958 661 sanxerunt,
980 609 1150 653 foedera
1169 625 1323 666 regum

67 676 126 719 25
155 676 243 720 Vel
263 677 418 720 Gabiis
439 677 508 720 vel
528 693 625 721 cum
645 679 797 735 rigidis
818 685 990 734 aequata
1011 678 1201 729 Sabinis,

156 743 420 786 Pontificum
437 743 587 796 libros,
609 761 774 787 annosa
795 745 1011 787 volumina
1032 752 1193 796 vatum,

155 811 344 855 Dictitet
363 810 540 855 Albano
560 813 715 855 Musas
731 815 774 855 in
795 821 941 856 monte
961 813 1145 856 locutas.

156 879 219 930 Si,
241 881 343 936 quia
363 881 620 924 Graecorum
642 889 744 924 sunt
765 882 1063 937 antiquissima
1083 896 1270 937 quaeque

108 1007 111 1009 ‚
156 946 331 1004 Scripta
350 949 418 991 vel
437 950 614 1005 optima,
637 950 826 992 Romani
848 958 1089 1006 pensantur
1109 951 1263 993 eadem

71 1015 129 1058 30
159 1015 407 1072 Scriptores
429 1019 607 1069 trutina,
630 1033 718 1060 non
739 1025 806 1060 est
827 1020 948 1073 quod
969 1017 1105 1060 multa
1123 1019 1376 1074 loquamur:

158 1083 238 1126 Nil
257 1084 372 1127 intra
391 1092 460 1127 est
480 1086 632 1137 oleam,
655 1084 715 1128 nil
734 1093 860 1128 extra
882 1093 949 1128 est
969 1087 1013 1128 in
1034 1101 1144 1129 nuce
1166 1087 1279 1128 duri.

43 1205 121 1250 pulo
150 1205 283 1238 coleris:
315 1218 386 1251 sup.
415 1207 479 1240 Od.
509 1207 555 1246 iii,
581 1210 614 1246 5,
641 1209 674 1244 2.
705 1209 785 1240 Prae·

42 1261 108 1281 sens
123 1250 223 1281 Divus
238 1251 400 1282 habebitur
422 1253 591 1294 Augustus.
635 1252 789 1290 Μαῖαν-οε,

43 1291 245 1336 tempestivos
267 1291 300 1324 in
321 1293 397 1330 vita,
420 1304 484 1324 non
506 1304 591 1326 seros
613 1301 685 1337 post
708 1305 789 1325 mor-

44 1341 120 1368 tem.
163 1335 380 1377 Jurandasque
402 1342 490 1367 tuum
507 1348 562 1377 per
579 1349 685 1368 nomen
704 1340 790 1377 pom·-

43 1389 110 1411 mus
132 1389 215 1414 aras,
236 1378 293 1420 qui
313 1379 477 1421 jurabant,
499 1390 628 1411 manum
649 1391 711 1411 arae
733 1380 788 1411 ad-

43 1431 170 1454 movere
183 1422 238 1464 (ut
254 1421 418 1453 Hannibal
435 1423 520 1465 apud
538 1424 636 1455 Corn.
653 1424 739 1465 Nep.
756 1434 787 1455 c.

44 1465 97 1506 2).
117 1470 150 1496 et
170 1464 277 1501 deum,
299 1464 352 1496 cui
371 1475 426 1496 ara
448 1476 539 1497 sacra
558 1472 635 1504 erat,
654 1466 788 1508 jurisju-

43 1506 136 1539 randi
163 1512 273 1539 testem
298 1513 331 1539 et
349 1508 505 1540 vindicem
527 1509 685 1551 appellare
707 1510 790 1541 sole-

43 1550 143 1590 bant3
184 1551 296 1582 eodem
328 1551 425 1593 igitur
456 1551 548 1587 redit,
578 1558 683 1583 utrum
714 1563 789 1584 cum

45 1593 192 1627 Bentleio
211 1593 310 1635 legaS,
326 1600 414 1625 tuum
427 1606 483 1635 per
502 1606 626 1631 numen,
643 1605 684 1625 an
702 1602 790 1626 tuum

42 1649 98 1679 per
114 1647 232 1669 nomen.
277 1637 330 1668 De
343 1637 573 1680 permutatione
587 1638 722 1669 duarum
737 1649 789 1670 vo-

45 1690 134 1718 cum,
158 1691 270 1712 numen
293 1685 328 1711 et
351 1691 470 1717 nomen,
494 1680 559 1712 vid.
585 1681 726 1712 Gronov.
751 1681 791 1712 ad

46 1722 118 1756 Liv.
131 1722 187 1759 vii,
203 1724 258 1759 30,
275 1723 291 1764 §
304 1723 359 1754 20.

93 1767 232 1798 18—22.
277 1766 335 1797 Sed
365 1773 437 1797 tuus
467 1767 516 1797 hic
543 1767 686 1806 populus,
717 1772 794 1798 cett.

48 1809 167 1841 Sensus
185 1813 217 1841 et
239 1819 360 1840 nexus:
386 1808 482 1852 (Sed)
507 1808 591 1840 idem
614 1815 719 1840 tamen
744 1810 795 1841 hic

47 1852 186 1895 populus
201 1858 285 1887 tuus,
299 1851 353 1894 qui
369 1851 402 1883 in
418 1858 448 1883 te
464 1862 540 1888 uno,
552 1853 626 1883 dum
644 1858 674 1884 te
691 1852 795 1885 adhuc

47 1895 206 1927 viventem
228 1900 293 1926 tam
318 1894 433 1926 nostris
454 1905 550 1937 quam
577 1895 684 1927 Graiis
704 1895 793 1927 duci-

50 1939 112 1970 bus
130 1938 306 1987 anteponit,
323 1938 450 1980 sapiens
463 1944 495 1970 et
512 1938 618 1979 justus
635 1944 693 1975 est,
711 1950 794 1970 nun-

0 2015 3 2019 ,
49 1991 146 2024 quam
187 1980 285 2012 simili
323 1981 444 2013 ratione
468 1981 640 2022 'modoque
677 1987 797 2014 ceteros

51 2025 200 2060 aestimat,
216 2024 271 2055 sed
291 2034 356 2060 eoS,
372 2023 474 2056 donec
492 2025 612 2062 vivunt,
630 2024 751 2055 fastidit
763 2031 796 2056 et

50 2067 128 2099 odit.
171 2067 225 2099 Sic
243 2077 306 2098 non
325 2077 405 2109 opus
422 2072 480 2105 est,
497 2073 533 2098 ut
552 2067 585 2097 in
602 2078 633 2098 v.
658 2068 709 2103 18,
726 2079 794 2110 pro,

0 2116 24 2147 ⁷,
51 2111 101 2142 hic
121 2120 194 2142 cum
213 2109 361 2146 Bentleio
382 2110 516 2151 legatur,
539 2111 603 2141 hoc.
651 2110 691 2141 Te
713 2110 746 2141 in
766 2122 797 2142 v.

55 2154 95 2186 19
114 2159 178 2185 tam
197 2153 237 2184 ad
256 2155 383 2184 ducibus
404 2163 502 2195 quam
523 2152 563 2184 ad
583 2165 644 2185 uno
660 2153 796 2186 referen-

49 2197 126 2228 dum
141 2196 276 2228 videtur.

96 2240 151 2271 20.
197 2239 318 2275 Cetera,
349 2249 416 2281 pro,
453 2243 584 2275 ceteros,
613 2244 649 2270 ut
681 2240 796 2282 passim

53 2285 166 2319 omnia,
182 2292 250 2324 pro,
266 2292 390 2313 omnes.

97 2326 238 2358 21-24.
259 2324 330 2356 Nisi
346 2336 422 2366 quae,
444 2330 520 2357 cett.
547 2325 709 2366 eleganter
727 2337 794 2368 pro,

55 2366 116 2400 nisi
142 2379 196 2400 eos
219 2373 291 2417 post
316 2368 488 2414 fata'terra
513 2368 600 2409 tegit.
644 2369 794 2400 Ceterum

55 2417 168 2454 sponte
195 2410 248 2443 hic
283 2411 439 2442 succurrit
468 2417 561 2442 notus
586 2411 640 2443 ille
670 2412 794 2443 Horatii

54 2453 145 2486 locus
188 2454 252 2486 od.
292 2453 341 2490 iii,
381 2455 435 2491 24,
475 2455 518 2485 30
555 2465 641 2495 sqq.‚
685 2454 798 2487 Clarus

52 2499 244 2540 postgenitis,
267 2504 428 2539 quatenus,
449 2498 507 2528 heu
527 2498 625 2538 nefas,
649 2498 797 2529 Virtutem

56 2541 237 2572 incolumem
249 2542 378 2576 odimus,
394 2540 554 2570 Sublatam
566 2551 599 2571 ex
609 2541 704 2571 oculis
715 2553 794 2582 quae-

54 2585 150 2615 rimus
161 2585 272 2615 invidi.
297 2583 348 2614 Sic
350 2582 466 2625 jhutor
476 2589 627 2614 veterum:
649 2584 797 2625 populus,

55 2626 111 2669 qui
128 2631 254 2658 vetusta
273 2625 354 2657 tanti
372 2626 517 2662 aestimat,
536 2631 572 2656 ut
593 2627 713 2656 tabulas
729 2637 798 2667 pec-

57 2681 127 2702 care
155 2675 302 2705 vetantes,
332 2668 501 2701 duodecim
526 2669 632 2710 legum
661 2669 799 2705 tabulas,

61 2712 147 2748 Quas
160 2714 205 2744 bis
218 2714 350 2754 quinque
363 2714 424 2744 viri
439 2718 621 2747 sanxerunt,
636 2712 798 2755 conscrip-

57 2760 167 2798 serunt
185 2761 218 2787 et
237 2755 383 2798 probatas
403 2766 422 2786 a
443 2754 562 2798 populo
583 2760 712 2785 sanctas
731 2765 800 2787 esse

56 2797 238 2841 jusserunt:
269 2797 336 2829 vid.
358 2798 432 2829 Liv.
459 2798 506 2835 iii,
529 2799 584 2834 34,
609 2801 641 2828 et
665 2797 802 2840 Dionys.

60 2841 139 2873 Hal.
150 2853 184 2878 x,
197 2843 252 2878 57,
263 2842 367 2878 58,T.
383 2841 426 2878 iv,
437 2852 470 2883 p.
487 2841 718 2877 2142—2149,
728 2840 805 2873 edit.

61 2883 194 2916 Reiske.
239 2884 368 2916 Foedera
387 2895 508 2926 regum,
533 2894 551 2914 a
574 2883 715 2914 Romulo
735 2884 804 2926 qui-

61 2926 133 2958 dem
149 2937 220 2959 cum
237 2926 378 2962 Sabinis,
395 2928 470 2958 Liv.
487 2927 510 2962 i,
530 2927 581 2962 13,
599 2936 618 2956 a
633 2926 807 2968 Tarquinio

62 2969 205 3012 Superbo
221 2981 294 3002 cum
312 2970 428 3002 Gabiis
443 2969 539 3006 facta,
558 2969 629 3000 Liv.
645 2968 667 3007 i,
682 2971 737 3001 54.

878 1210 933 1246 25,
950 1211 1004 1242 26.
1029 1210 1118 1248 Cum,
1143 1214 1207 1241 tam
1234 1208 1275 1240 ad
1300 1209 1408 1240 Gabiis
1423 1220 1522 1252 quam
1545 1209 1586 1242 ad

834 1253 956 1284 Sabinis
980 1252 1189 1285 referendum.
1234 1253 1340 1284 Sabini
1364 1259 1518 1284 vocantur
1539 1256 1585 1285 ri-

831 1297 914 1336 gidi,
941 1306 1003 1327 non
1029 1301 1151 1326 tantum
1176 1295 1254 1337 quia
1281 1305 1389 1327 severa
1411 1295 1583 1338 disciplina

835 1338 919 1380 apud
937 1349 993 1370 eos
1013 1338 1137 1379 vigebat
1157 1338 1218 1381 (cf.
1240 1349 1313 1381 sup.
1337 1338 1401 1370 Od.
1421 1338 1467 1374 iii,
1487 1340 1519 1377 6,
1540 1340 1583 1370 37

834 1390 907 1422 sqq.
936 1387 967 1413 et
996 1381 1097 1424 Epod.
1126 1382 1160 1418 2,
1190 1380 1264 1422 41),
1295 1380 1351 1412 sed
1381 1382 1478 1412 etiam
1508 1382 1586 1423 quia

834 1423 927 1456 fortes
937 1430 966 1455 et
982 1423 1126 1455 bellicosi
1138 1429 1239 1455 eraut.
1270 1423 1322 1454 Sic
1333 1425 1418 1466 apud
1431 1424 1585 1456 Ovidium

834 1469 955 1509 ‘rigidus
986 1468 1087 1503 Mars,
1118 1468 1240 1509 rigidus
1276 1468 1332 1502 leo,
1363 1469 1473 1510 rigidae
1491 1469 1587 1510 jerae.

838 1511 984 1552 AEquata,
998 1510 1125 1552 juncta,
1139 1510 1187 1541 vel
1203 1509 1295 1546 inita,
1308 1509 1382 1541 latis
1397 1511 1438 1542 ab
1451 1516 1586 1553 utraque

834 1559 922 1595 parte
956 1553 1055 1595 aequis
1088 1552 1336 1584 conditionibus.
1399 1554 1587 1596 Pontrficum

835 1597 925 1627 libros
938 1609 947 1627 .·
970 1596 1113 1639 apposite
1128 1596 1161 1626 in
1177 1596 1260 1627 hanc
1276 1606 1339 1627 rem
1352 1596 1476 1628 faciunt
1490 1597 1588 1628 verba

836 1638 1000 1670 Ciceronis
1016 1639 1055 1670 de
1077 1639 1170 1670 Orat.
1187 1638 1221 1674 ii,
1242 1641 1292 1675 12,
1310 1640 1355 1669 Ab
1374 1642 1462 1671 initio
1481 1651 1586 1671 renam

837 1682 1047 1713 Romanarum
1061 1692 1152 1723 usque
1165 1683 1205 1712 ad
1227 1682 1263 1711 P.
1277 1682 1418 1713 Muciam
1432 1694 1479 1713 res
1490 1693 1590 1714 omnes

838 1727 1033 1766 singulorum
1063 1736 1215 1755 annorum
1250 1725 1396 1767 Pontifex
1432 1726 1589 1757 Maximus

840 1770 1005 1799 mandabat
1020 1769 1143 1806 litteris,
1156 1767 1364 1810 referebatque
1379 1771 1411 1799 in
1427 1769 1542 1803 album,
1559 1775 1589 1800 et

839 1812 1022 1851 proponebat
1041 1809 1177 1841 tussulam
1197 1812 1288 1846 domi,
1309 1817 1437 1850 potestas
1458 1817 1495 1842 ut
1515 1818 1589 1843 esset

835 1855 947 1894 populo
966 1855 1173 1897 cognoscendi,
1192 1855 1280 1894 hique
1301 1856 1390 1884 etiam
1412 1866 1497 1885 nunc
1522 1855 1586 1886 An-

839 1898 923 1928 nales
947 1898 1076 1928 Maaimi
1101 1898 1311 1928 nominantur.
1354 1898 1477 1929 Annosa
1501 1898 1588 1928 volu-

839 1942 922 1971 mina
951 1947 1068 1978 vatum,
1097 1939 1239 1971 carmina
1269 1939 1429 1982 Sibyllina
1457 1946 1490 1972 et
1522 1940 1586 1971 alia

840 1982 1016 2025 antiquitus
1031 1993 1050 2013 a
1065 1983 1189 2014 vatibus
1204 1981 1300 2013 edita.

881 2027 936 2057 27.
982 2027 1114 2057 Dictitet
1149 2027 1280 2061 Albano,
1311 2030 1386 2057 cett.
1418 2025 1452 2056 in
1480 2031 1587 2058 monte

841 2069 970 2100 Albano
986 2080 1023 2100 ex
1040 2069 1108 2111 ipso
1127 2069 1296 2100 Musarum
1311 2078 1363 2100 ore
1378 2068 1505 2100 fluxisse
1520 2069 1587 2100 dic-

840 2111 923 2144 titet.
953 2112 1016 2143 Per
1032 2113 1137 2143 Musas
1150 2112 1301 2143 Horatius
1311 2112 1485 2154 respexisse
1498 2112 1586 2144 vide-

840 2160 892 2186 tur
920 2155 1106 2197 Nympham
1129 2154 1287 2196 Egeriam,
1309 2165 1449 2196 quacum
1477 2156 1589 2187 Numa

842 2197 1031 2240 Pompilius,
1043 2203 1077 2229 ut
1087 2197 1285 2229 miraculosis
1297 2197 1484 2230 commentis
1495 2198 1588 2230 fidem

828 2241 969 2282 faceret,
991 2241 1110 2272 sibi-in
1133 2247 1240 2272 monte
1267 2240 1396 2272 Albano
1417 2247 1588 2273 nocturnos

841 2294 1030 2326 congressus
1060 2295 1130 2315 esse
1152 2283 1342 2315 simulabat:
1376 2285 1440 2317 vid.
1470 2285 1541 2316 Liv.
1566 2285 1589 2323 i,

843 2329 894 2359 19.
939 2326 1034 2358 Dixit
1055 2326 1207 2359 Horatius
1233 2327 1349 2364 Musas,
1372 2328 1447 2370 quia
1472 2327 1589 2368 Egeria

839 2370 873 2402 in
890 2371 1058 2401 Musarum
1073 2371 1168 2402 choro
1183 2375 1215 2401 et
1229 2371 1386 2402 consortio
1398 2371 1491 2402 fuisse
1506 2371 1586 2402 dici-

839 2421 909 2446 tur:
931 2413 997 2444 vid.
1014 2413 1148 2456 Dionys.
1167 2413 1241 2444 Hal.
1254 2412 1288 2450 ii,
1306 2414 1360 2452 60,
1372 2415 1410 2446 Τ.
1422 2414 1445 2452 i,
1463 2425 1495 2456 p.
1510 2415 1587 2451 364,

841 2457 917 2490 edit.
935 2456 1066 2487 Reiske.

885 2499 1010 2531 28—31
1021 2523 1027 2530 .
1044 2500 1089 2534 Si,
1105 2499 1177 2539 quia
1196 2499 1384 2534 Graecorum,
1399 2505 1477 2531 cett.
1507 2501 1587 2532 Sen-

840 2554 896 2575 sus
919 2542 1012 2583 hujus
1036 2541 1098 2573 loci
1123 2543 1218 2583 paulo
1240 2542 1430 2574 obscurioris
1452 2549 1501 2574 est
1527 2543 1589 2575 sere

842 2587 913 2617 hic:
940 2584 1036 2622 Quod
1057 2585 1096 2621 si,
1113 2583 1189 2625 quia
1210 2585 1431 2626 antiquissima
1452 2596 1590 2629 quaeque

844 2630 1031 2661 Graec'orum
1050 2627 1167 2669 scripta
1182 2628 1255 2670 jure
1273 2628 1447 2670 meritoque
1468 2629 1590 2671 optima

841 2671 1039 2714 judicantur,
1055 2671 1275 2702 Romanorum
1289 2682 1418 2713 quoque
1434 2672 1590 2714 antiquis-

845 2714 916 2745 simi
931 2713 1110 2756 scriptoreS‚
1134 2723 1175 2744 an
1200 2714 1335 2746 eandem
1359 2714 1509 2746 trutinam
1535 2725 1591 2746 ex-

845 2756 976 2789 aminati
1006 2763 1037 2789 et
1064 2755 1240 2799 ponderati,
1270 2757 1428 2788 habentur
1456 2757 1591 2801 optimi;

847 2802 926 2844 (non
959 2808 1000 2832 est
1035 2801 1114 2841 quod
1149 2801 1246 2831 multa
1283 2801 1474 2841 loquamur,)
1513 2800 1591 2831 nihil

846 2843 988 2887 profecto
1010 2843 1117 2874 dicere
1144 2842 1276 2875 attinet:
1309 2843 1370 2874 hoc
1394 2844 1479 2874 enim
1504 2853 1594 2884 aeque

849 2886 1022 2918 absurdum
1052 2892 1085 2918 et
1109 2884 1278 2917 ridiculum
1306 2892 1367 2922 est,
1391 2896 1428 2917 ac
1454 2885 1480 2916 si
1509 2886 1595 2926 quis,

851 2929 937 2972 quod
973 2929 1006 2960 in
1044 2929 1207 2971 proverbio
1239 2929 1368 2963 dicitur,
1403 2928 1596 2959 contendere

852 2972 942 3010 velit,
963 2972 1007 3004 nil
1031 2971 1101 3003 duri
1124 2982 1194 3003 esse
1217 2971 1299 3003 intra
1319 2971 1422 3002 oleam
1443 2970 1493 3011 (in
1519 2970 1598 3001 oleae
