1904 3314
325 224 410 266 396

867 223 1297 268 SATIRARUM

436 322 728 378 Pythagoran,
751 323 969 380 Anytique
989 340 1122 375 reum,
1145 326 1403 381 doctumque
1424 325 1618 370 Platona.

435 389 665 435 Peccatum
685 390 836 440 fateor,
858 406 987 445 quum
1009 398 1051 432 te
1073 392 1131 432 sic
1152 399 1343 446 tempore
1364 392 1470 434 laevo

376 455 403 495 5
433 454 763 510 Interpellarim:
796 457 872 498 sed
893 457 969 498 des
991 457 1154 497 veniam
1174 458 1326 506 bonus,
1349 472 1437 498 oro.

433 521 561 568 Quod
586 523 621 562 si
641 523 903 563 interciderit
925 524 1002 564 tibi
1022 537 1134 563 nunc
1155 522 1328 576 aliquid,
1351 530 1520 576 repetes
1546 537 1644 564 mox
1663 539 1675 573 3

431 587 528 628 Sive
549 594 614 628 est
634 594 797 629 naturae
817 589 913 638 hoc,
937 589 1023 629 sive
1045 590 1163 638 artis,
1183 589 1313 629 mirus
1343 595 1543 643 utroque.

432 653 551 700 Quin
570 655 614 696 id
635 663 726 696 erat
745 669 874 704 curae,
897 671 982 709 quo
1004 662 1130 709 pacto
1151 662 1304 696 cuncta
1323 663 1526 704 tenerem,

430 719 594 774 Utpote
615 734 682 761 res
703 728 867 770 tenues,
891 722 1008 762 tenui
1029 735 1221 762 sermone
1243 729 1453 776 peractaS.

348 786 400 826 10
430 784 527 827 Ede
547 785 727 827 hominis
749 802 916 836 nomen,
940 787 1062 828 simul
1082 795 1138 837 et,
1159 788 1378 828 Romanus
1401 802 1453 828 an
1473 786 1647 842 hospes.

432 851 533 906 Ipsa
553 868 710 894 memor
731 861 947 907 praecepta
967 868 1136 903 canam3
1169 853 1378 894 celabitur
1399 860 1564 894 auctor.

433 917 586 973 Longa
607 920 762 973 quibus
784 920 912 961 facies
934 921 1022 961 ovis
1043 920 1137 968 erit,
1159 919 1229 960 illa
1249 926 1474 968 memento,

433 984 496 1025 Ut
518 986 634 1026 succi
658 986 841 1026 melioris
863 993 906 1026 et
927 993 973 1027 ut
993 986 1127 1039 magis
1149 985 1256 1025 alma
1275 986 1486 1034 rotundis,

429 1051 623 1092 Ponere:
655 1067 836 1105 namque
859 1067 1013 1092 marem
1034 1052 1236 1091 cohibent
1261 1050 1418 1091 callosa
1438 1049 1637 1098 vitellum.
1694 1102 1702 1107 ι

350 1117 401 1159 15
431 1117 563 1158 Caule
585 1119 846 1166 suburbano,
868 1119 941 1171 qui
963 1118 1085 1158 siccis
1108 1117 1239 1157 crevit
1260 1117 1303 1156 in
1324 1117 1455 1171 agris,

318 1248 374 1270 cur
391 1248 462 1270 eum
482 1238 526 1269 ita
545 1239 700 1280 appellare
724 1245 821 1281 poetae
837 1239 1000 1280 placuerit,
1017 1239 1048 1270 id

318 1291 403 1311 nunc
427 1281 594 1316 nescimus,
615 1292 672 1312 nec
693 1281 725 1312 id
748 1282 826 1312 scire
848 1282 1046 1323 cujusquam,

319 1328 405 1364 puto,
438 1322 560 1353 Horatii
592 1322 715 1354 lectoris
742 1323 876 1353 multum
910 1323 1047 1354 interest.

319 1365 470 1395 Horatius
485 1365 566 1395 enim
582 1364 663 1395 hanc
682 1365 806 1394 satiram
829 1365 959 1406 scripsit,
983 1376 1046 1395 non

318 1411 354 1436 ut
377 1405 514 1441 Catium,
534 1406 586 1436 sed
607 1413 640 1436 ut
659 1406 798 1436 homines
821 1406 912 1437 Catio
934 1406 1049 1438 similes

320 1447 441 1478 rideret.
482 1447 702 1478 Amicissimus
720 1449 836 1478 Mauso
857 1448 888 1478 in
908 1449 985 1479 libro
1000 1449 1047 1479 in-

318 1489 444 1531 scripto,
473 1490 623 1531 Schriften
646 1492 710 1520 ‘und
733 1492 986 1531 Abhandlungen,
1018 1502 1048 1532 p.

317 1532 372 1568 59,
399 1532 431 1562 in
466 1533 551 1562 Catio
581 1532 709 1562 sortasse
745 1533 883 1566 Medium,
912 1533 1047 1573 equitem

319 1573 498 1604 Romanum
525 1580 555 1604 et
579 1584 610 1604 re
633 1573 814 1614 coquinaria
841 1574 976 1605 nobilem
1001 1575 1045 1604 la-

317 1620 380 1646 tere
404 1615 596 1656 suspicatum
622 1622 704 1646 certe
726 1615 793 1646 haec
812 1616 945 1657 suspicio
965 1623 1047 1647 cete-

317 1655 369 1692 ris,
399 1667 470 1698 quae
500 1657 539 1687 ab
573 1657 789 1698 interpretibus
823 1658 925 1688 allatae
962 1663 1046 1694 sunt,

318 1698 505 1739 praeferenda
521 1698 652 1730 videtur.

344 1738 394 1775 ⁴‘l,
411 1742 441 1771 2.
469 1741 565 1776 Unde,
577 1748 604 1771 et
620 1753 674 1781 quo
691 1742 818 1771 Catius?
840 1741 977 1781 vulgaris
994 1742 1048 1772 ob-

319 1782 385 1813 vios
409 1783 589 1823 alloquendi
612 1783 761 1813 formula:
793 1794 862 1824 sup.
882 1785 948 1814 Sat.
970 1783 991 1820 i,
1015 1786 1047 1819 9,

318 1825 371 1860 62,
398 1825 484 1855 Unde
503 1827 595 1859 venis,
617 1831 644 1855 et
662 1837 718 1865 quo
741 1827 857 1855 tendis?
901 1825 1050 1857 Similiter

318 1866 379 1896 sere
401 1866 555 1907 Virgilius
571 1867 728 1897 exorditur
749 1867 897 1908 Eclogam
921 1878 1046 1904 nonam,

320 1908 386 1942 Quo
416 1915 455 1945 te,
485 1909 587 1943 Moeri,
611 1911 718 1948 pedes?
743 1921 795 1943 an,
812 1921 866 1949 quo
882 1911 928 1940 via
951 1912 1046 1947 ducit,

317 1952 350 1980 in
380 1951 504 1980 urbem?
549 1951 617 1980 Non
646 1957 686 1981 est
715 1952 788 1980 mihi
814 1958 923 1990 {empus
947 1955 1047 1983 aventi

320 1991 434 2021 Ponere
455 1993 543 2032 signa
566 1993 648 2022 novis
666 1995 835 2031 pra-ceptis:
855 1993 919 2033 jam
944 1998 1046 2024 tecum

316 2033 539 2064 confabulandi
556 2033 641 2064 deest
654 2034 726 2063 mihi
741 2040 875 2075 tempus,
888 2034 1046 2066 festinanti

316 2074 437 2106 scilicet
454 2085 546 2109 nova,
561 2085 631 2115 quae
647 2075 738 2106 modo
759 2076 874 2110 audivi.
893 2083 1047 2117 praecepta

317 2117 500 2157 consignare
529 2117 649 2147 litteris.
695 2118 809 2147 Ponere
843 2120 941 2158 signu,
975 2129 1046 2149 cum

317 2157 453 2194 delectu,
481 2164 516 2188 ut
541 2158 673 2194 videtur,
704 2169 757 2200 pro
779 2159 911 2199 vulgari,
938 2159 1047 2190 litteris

316 2200 474 2231 mandare.
520 2200 604 2230 Nova
626 2207 770 2240 praccepta
792 2202 992 2232 versabantur
1014 2201 1045 2232 in

314 2242 505 2283 designando
527 2252 639 2276 rerum,
664 2252 680 2273 e
703 2243 816 2284 quibus
837 2243 930 2273 lautae
944 2240 1044 2283 epulae

315 2290 506 2325 pararentur,
531 2283 633 2320 modo,
659 2285 707 2315 vel
732 2294 886 2321 mensura,
909 2284 1045 2325 pondere

315 2332 389 2357 cett.
404 2326 448 2356 ita
461 2326 598 2367 quidem,
615 2330 649 2356 ut
664 2326 754 2367 plura
768 2326 894 2357 fortasse
908 2327 1042 2362 brevius,

314 2370 398 2410 signo
419 2367 633 2398 tantummodo
655 2368 761 2410 aliquo
777 2371 880 2408 posito,
902 2374 1046 2399 notaren-

315 2415 377 2445 tur,
403 2409 449 2440 uti
474 2410 534 2441 fere
558 2409 672 2440 medici
699 2410 794 2442 nostri
824 2410 1046 2452 componendis

315 2451 546 2493 miscendisque
557 2451 815 2483 medicaminibus
827 2454 913 2494 signa
925 2457 1045 2482 tantum

314 2504 422 2533 ponere
448 2494 560 2525 solent.
613 2494 710 2531 Nova,
740 2494 846 2536 qualia
875 2504 895 2525 a
923 2494 1044 2526 nemine

315 2535 416 2566 adhuc
432 2535 590 2577 proposita
604 2541 687 2566 sunt.

358 2579 390 2608 3.
413 2580 566 2619 Anytique
594 2588 688 2615 reum,
719 2579 897 2615 Socratem;
925 2579 1044 2619 Anytus

313 2619 396 2651 enim
411 2629 494 2650 unus
509 2619 644 2650 Socratis
659 2626 873 2651 accusatorum
889 2620 958 2651 fuit.

357 2663 388 2692 4.
410 2661 507 2696 Lamo,
522 2661 710 2702 importuno.

353 2705 385 2734 6.
407 2703 613 2740 Inter-cidem,
631 2703 735 2734 animo
755 2703 916 2742 exciderit,
932 2705 1041 2735 efflux-

309 2745 380 2778 erit.

355 2789 386 2819 7.
408 2788 476 2818 Sive
501 2794 542 2818 est
571 2794 701 2824 narum,
730 2791 804 2817 cett.
831 2786 894 2817 sive
918 2786 986 2817 haec
1010 2786 1039 2817 in

311 2828 489 2861 memoriam
519 2828 623 2859 audita
654 2827 816 2860 revocandi
839 2828 972 2858 facultas
994 2836 1042 2859 est

310 2882 358 2903 res
377 2870 463 2902 insiti
484 2870 540 2902 tibi
557 2870 686 2912 ingenii,
705 2874 764 2902 sive
780 2872 867 2907 artis,
889 2870 1040 2901 exercita-

311 2913 417 2950 tionis,
434 2912 540 2951 studii‚
557 2917 591 2943 tu
607 2923 682 2944 sane
700 2913 733 2943 in
753 2917 883 2952 utroque
901 2913 1040 2944 excellis.

309 2955 472 2997 Cogitasse
486 2954 605 2987 videtur
619 2961 707 2997 poeta
726 2954 764 2986 de
787 2960 849 2985 arte
868 2955 1034 2992 memoriae,

1093 1239 1183 1280 cujus
1209 1239 1334 1270 invento
1363 1238 1535 1270 Simonides
1565 1239 1660 1270 fuisse
1693 1239 1824 1271 traditur

1093 1282 1181 1322 (Cic.
1197 1282 1235 1312 de
1250 1283 1372 1312 Invent.
1387 1281 1420 1317 ii,
1437 1280 1509 1321 86).

1133 1324 1165 1359 8,
1197 1325 1229 1353 9.
1267 1324 1349 1357 Quin
1379 1325 1411 1352 id
1438 1329 1504 1352 erat
1529 1334 1620 1358 σανα,
1649 1334 1716 1363 quo,
1745 1327 1821 1354 cett.

1091 1364 1167 1404 quin
1194 1365 1252 1395 hoe
1274 1364 1375 1406 ipsum
1401 1365 1466 1405 jam
1491 1365 1633 1404 agebam,
1661 1370 1696 1395 ut
1717 1364 1822 1395 omnia

1091 1406 1166 1436 mihi
1187 1406 1299 1437 tradita
1322 1411 1476 1447 praecepta
1498 1406 1626 1436 memori
1649 1406 1752 1436 animo
1774 1416 1820 1437 re-

1092 1457 1249 1488 ponerem.
1296 1449 1354 1478 Res
1375 1455 1487 1482 tenues,
1507 1447 1648 1485 subtiles,
1667 1447 1822 1479 subtiliter

1090 1490 1299 1529 excogitatas3
1323 1490 1366 1520 sic
1388 1501 1418 1519 v.
1439 1491 1493 1524 36,
1517 1491 1615 1520 tenuis
1637 1491 1715 1520 ratio
1735 1499 1820 1528 sapo-

1091 1542 1183 1568 rum;
1208 1532 1263 1562 inf.
1294 1531 1395 1572 Epist.
1425 1531 1463 1561 ad
1493 1531 1561 1561 Pis.
1589 1533 1640 1567 45,
1666 1531 1705 1561 In
1726 1532 1821 1562 verbis

1091 1575 1178 1603 etiam
1204 1575 1300 1604 tenuis
1325 1580 1487 1613 cautusque
1506 1575 1654 1604 serendis.-
1677 1573 1822 1614 exempla

1092 1615 1308 1650 Ciceroniana,
1325 1615 1379 1645 ubi
1394 1616 1492 1645 tenuis
1507 1625 1573 1656 pro,
1589 1614 1711 1646 subtilis
1730 1614 1820 1656 poni-

1091 1661 1151 1691 tur,
1168 1657 1230 1687 vid.
1244 1657 1276 1687 in
1294 1658 1418 1687 Ernest.
1435 1656 1523 1688 Clav.
1537 1657 1606 1688 Cic.
1622 1667 1648 1688 s.
1661 1666 1689 1688 v.
1701 1657 1821 1688 Tenuis.

1092 1698 1245 1734 Perartas,
1263 1698 1402 1734 traditas,
1416 1698 1581 1740 expositas.

1138 1742 1188 1771 10.
1217 1742 1363 1777 Hominis,
1391 1750 1436 1771 sc.
1460 1740 1543 1782 apud
1566 1750 1659 1781 quem
1681 1750 1728 1771 res
1753 1739 1817 1771 illae

1092 1783 1222 1814 subtiles
1237 1787 1374 1814 tractatae
1389 1787 1471 1812 sunt.

1136 1826 1185 1856 11.
1210 1826 1364 1855 celabitur
1389 1831 1514 1855 auctor.-
1545 1822 1615 1864 quis
1643 1822 1736 1854 fuerit
1764 1823 1818 1854 ille

1090 1866 1180 1907 cujus
1209 1877 1322 1897 nomen
1353 1872 1444 1908 poeta
1472 1864 1589 1901 reticet,
1615 1865 1666 1896 vix
1690 1875 1743 1896 eos
1764 1865 1819 1907 qui

1091 1913 1158 1938 tum
1175 1908 1323 1939 vivebant
1342 1909 1435 1938 latere
1454 1907 1565 1950 potuit.
1610 1907 1683 1939 Fuit
1693 1907 1820 1938 fortasse

1092 1950 1137 1979 vir
1152 1951 1278 1991 quidam
1295 1950 1438 1986 nobilior,
1454 1949 1546 1990 cujus
1562 1948 1638 1979 iram
1659 1954 1768 1980 contra
1785 1958 1819 1980 se

1091 1991 1208 2023 irritare
1224 1993 1334 2023 noluit.
1378 1993 1524 2023 Ceterum
1545 1990 1596 2021 hic
1614 1990 1680 2032 ipse
1695 1990 1819 2022 subtilis

1091 2043 1233 2075 saporum
1253 2034 1349 2075 judex
1373 2039 1405 2064 et
1427 2032 1710 2074 experientissimus
1737 2043 1817 2074 prae-

1090 2076 1271 2107 stantiorum
1287 2076 1447 2118 epularum
1465 2074 1629 2106 aestimator
1643 2080 1737 2116 atque
1751 2084 1816 2105 ma-

1090 2116 1181 2156 gister
1200 2118 1271 2148 huic
1295 2117 1464 2148 scribendae
1485 2116 1587 2147 satirae
1606 2126 1730 2148 omnem
1749 2126 1816 2147 ma-

1090 2158 1196 2188 teriem
1212 2159 1425 2200 suppeditasse
1439 2159 1572 2190 videtur.

1134 2201 1183 2236 12,
1205 2202 1255 2231 13.
1279 2202 1384 2241 Longa
1410 2202 1514 2240 quibus
1526 2201 1628 2242 faciet
1648 2201 1720 2238 ovis,
1741 2205 1816 2231 cett.

1090 2241 1172 2270 Satis
1198 2247 1329 2277 constat,
1361 2242 1393 2271 in
1425 2242 1524 2272 coenis
1549 2241 1633 2282 apud
1658 2241 1818 2274 Romanos

1088 2283 1221 2323 primum
1238 2294 1290 2314 ova
1310 2289 1340 2314 et
1361 2288 1549 2324 postremum
1572 2282 1652 2312 mala
1675 2283 1819 2324 apposita

1086 2333 1165 2359 esse,
1197 2325 1276 2355 unde
1303 2330 1411 2355 natum
1434 2329 1481 2354 est
1504 2323 1583 2354 illud
1605 2324 1815 2365 proverbium,

1087 2367 1124 2395 ab
1145 2368 1204 2396 ovis
1218 2377 1308 2407 usque
1327 2369 1366 2397 ad
1391 2367 1469 2396 mala
1486 2366 1573 2407 (sup.
1591 2366 1655 2396 Sat.
1677 2365 1698 2402 i,
1714 2366 1746 2401 3.
1765 2366 1817 2406 7).

1088 2408 1212 2449 ltaque,
1252 2408 1307 2449 qui
1338 2418 1421 2439 nunc
1455 2407 1494 2438 de
1527 2406 1628 2448 epulis
1661 2407 1815 2440 subtiliter

1089 2450 1278 2480 aestimandis
1292 2455 1386 2491 atque
1395 2448 1607 2490 dijudicandis
1621 2449 1715 2480 verba
1727 2449 1814 2488 facit,

1087 2497 1218 2528 servato,
1257 2503 1320 2533 quo
1356 2492 1420 2522 illae
1456 2491 1488 2522 in
1532 2500 1626 2522 coena
1661 2500 1694 2521 se
1729 2493 1814 2523 exci-

1086 2544 1157 2574 pere
1175 2534 1327 2569 sohebant,
1346 2533 1463 2568 ordine,
1479 2532 1611 2574 primum
1628 2533 1814 2566 sententiam

1086 2586 1174 2606 suam
1191 2577 1249 2607 fert
1262 2576 1301 2606 de
1323 2577 1394 2606 ovis.
1441 2576 1504 2606 Ο-υα
1524 2575 1616 2615 longe
1625 2575 1736 2617 faciei,
1754 2586 1812 2616 pu-

1086 2618 1232 2649 tabantur
1251 2624 1282 2648 et
1299 2617 1402 2648 adhuc
1425 2621 1571 2659 putantur
1592 2618 1727 2647 vitellum
1749 2627 1812 2648 ma-

1085 2671 1146 2690 rem
1168 2659 1326 2691 continere
1345 2659 1425 2701 (vid.
1447 2658 1530 2689 Plio.
1548 2658 1588 2689 H.
1604 2658 1650 2690 N.
1666 2669 1697 2694 x,
1714 2659 1766 2694 74,
1780 2666 1813 2692 et

1086 2702 1254 2732 Columell.
1269 2701 1336 2737 viii,
1352 2703 1383 2738 5,
1402 2702 1453 2736 11,
1467 2700 1574 2742 ibique
1589 2699 1760 2740 Gesner.);
1782 2706 1814 2732 et

1084 2744 1160 2785 quia
1183 2744 1324 2775 vitellum
1356 2753 1468 2774 marem
1492 2741 1683 2773 circumfluit
1710 2741 1812 2774 resina

1084 2785 1238 2823 callosior,
1263 2786 1311 2817 vel
1338 2785 1440 2825 liquor
1468 2783 1596 2826 spissior
1623 2789 1655 2815 et
1682 2784 1813 2815 crassior

1085 2830 1170 2870 (ηοξ,
1189 2830 1238 2859 ein
1257 2828 1413 2870 galligter,
1429 2826 1564 2867 steybrer
1581 2825 1738 2865 samaim),
1752 2835 1812 2858 ova

1083 2871 1188 2911 longa,
1209 2876 1243 2901 ut
1261 2868 1395 2901 melioris
1415 2867 1532 2910 saporis
1550 2871 1582 2898 et
1599 2873 1635 2899 ut
1657 2867 1729 2910 plus
1751 2868 1810 2899 ali-

1084 2912 1178 2943 menti
1199 2910 1377 2953 pumentia,
1398 2909 1538 2941 rotundis
1559 2909 1811 2951 praeferebantur.

1083 2955 1184 2996 Magis
1200 2956 1291 2990 atina,
1307 2962 1374 2991 ηοξ,
1390 2953 1471 2983 mehr
1485 2953 1634 2989 π’(ὶΙινοηά,
1650 2951 1809 2994 nahrhast.
