1884 3288
619 194 844 238 LIBER
876 195 911 245 1,
948 195 1013 236 16.

338 299 520 342 Sublimi
540 297 680 352 fugies
702 296 839 338 mollis
860 295 1054 338 anhelitu
1071 314 1080 347 3

453 366 557 407 Non
578 364 662 406 hoc
682 363 899 419 pollicitus
920 371 1020 404 tuae.

335 434 552 476 Iracunda
572 433 684 474 diem
703 431 898 486 proferet
919 430 999 471 Ilio

337 501 640 554 Matronisque
662 499 887 553 Phrygum
909 497 1058 539 classis
1082 497 1296 542 Achillei:

250 571 307 612 35
337 569 445 612 Post
465 576 606 610 certas
626 567 789 609 hiemes
813 574 908 608 uret
930 565 1125 608 Achaius

450 637 570 692 Ignis
593 636 854 691 Pergameas
877 635 1044 676 domos.

599 839 876 882 CARMEN
909 839 1038 882 XVI.

664 992 984 1024 PALINODIA.

342 1112 385 1154 Ο
408 1125 564 1154 MATRE
584 1110 768 1166 pulchra
788 1109 876 1151 filia
898 1110 1133 1165 pulchrior,

343 1180 488 1228 Quem
509 1179 747 1221 criminosis
768 1193 940 1233 cunque
963 1178 1079 1221 voles
1101 1180 1276 1222 modum

405 1248 551 1289 Pones
572 1247 749 1297 iambis;
782 1247 870 1287 sive
892 1246 1075 1296 flamma,

460 1315 562 1356 Sive
583 1315 688 1356 mari
709 1314 817 1355 libet
838 1313 1080 1356 Hadriano.

57 1462 134 1493 lium
158 1461 300 1500 Nestora,
322 1461 411 1504 Pyli,
436 1461 576 1503 antiquae
606 1459 746 1492 civitatis
772 1460 805 1492 in

57 1505 292 1547 Peloponneso,
308 1515 426 1547 regem.
472 1506 661 1535 Salaminius
679 1503 805 1540 Teucer,

55 1547 250 1583 Telamonis.
270 1548 352 1590 regis
375 1547 558 1584 Salaminis,
576 1547 673 1578 filius.
720 1547 806 1577 Sthe-

57 1592 157 1627 netas,
175 1592 316 1634 Capanei
331 1590 416 1621 filius
430 1603 439 1629 ;
461 1593 555 1621 sciens
570 1601 680 1630 pugnae
697 1589 808 1632 (εἰόὼς

58 1633 188 1677 μάχης,
209 1632 356 1674 Homer.)
375 1644 442 1676 pro,
460 1633 559 1664 sortis.
604 1633 675 1664 Non‘
692 1635 808 1675 auriga

55 1678 159 1718 piger,
183 1677 245 1708 fuit
267 1687 380 1719 nempe
403 1675 574 1708 Sthenelus
595 1675 706 1716 auriga
729 1676 808 1707 Dio-

57 1719 173 1751 medis.

102 1764 245 1794 26-28,
270 1762 450 1794 Merionen:
474 1761 517 1793 cf.
531 1772 603 1804 sup.
618 1760 659 1792 ad
676 1760 698 1797 i,
711 1762 743 1796 6,
762 1763 810 1792 15.

61 1805 185 1842 Nemes,
201 1806 236 1837 h.
250 1816 280 1838 e.
296 1805 398 1837 virum
421 1804 532 1836 fortem
552 1815 621 1836 esse
643 1804 760 1835 senties
780 1810 811 1835 et

59 1848 242 1891 experieris.
289 1849 383 1879 Furit
405 1855 433 1879 te
456 1850 603 1888 reperire,
628 1847 660 1878 h.
683 1858 711 1878 e.
736 1847 813 1878 furit

61 1901 127 1934 prae
141 1891 316 1934 eupiditate
329 1898 360 1922 te
374 1890 549 1933 reperiendi
562 1896 594 1922 et
610 1895 714 1921 tecum
734 1900 810 1921 con-

61 1933 225 1976 grediendi
235 1935 382 1978 (Homer.
389 1933 526 1977 μεμαὼς
535 1932 687 1974 κιχέειν).
707 1934 813 1971 Atrox,

62 1983 112 2013 ut,
127 1989 236 2014 που,
247 1983 406 2014 cruentus,
421 1982 498 2008 cett.
518 1986 584 2019 pro,
600 1975 702 2006 fortis.
750 1976 810 2016 Ty-

61 2022 160 2057 diaes,
198 2019 384 2056 Diomedes,
421 2019 524 2061 Tydei
560 2018 656 2049 filius.
702 2018 814 2049 Melior

60 2070 160 2104 patra.
189 2063 224 2095 h.
255 2073 285 2095 e.
319 2062 427 2094 fortior
458 2062 614 2104 (πατρὸς
650 2061 812 2104 ἀμείνων,

62 2105 259 2148 κρείσσων).
451 2111 457 2116 ·

67 2170 70 2171 ⁷
106 2150 249 2182 29-31,
273 2149 368 2185 Quem
384 2155 431 2185 eu,
445 2159 551 2180 cervus
563 2150 611 2180 nti
626 2149 727 2183 valtis,
740 2153 816 2180 cett.

64 2203 198 2225 sensus:
221 2203 316 2236 quem
330 2191 465 2224 simulac
481 2191 588 2234 procul
604 2192 817 2233 conspexeris,

65 2235 177 2268 eadem
191 2236 312 2271 statim,
330 2241 366 2266 ut
387 2234 480 2266 homo
494 2235 599 2265 mollis
614 2240 647 2265 et
669 2234 815 2276 ignavus,

66 2279 230 2311 celeritate
250 2278 365 2320 fugies,
379 2288 444 2320 qua
466 2277 529 2309 fere
543 2287 666 2313 cervus,
683 2277 818 2309 simulac

66 2321 180 2364 lupum
201 2322 236 2353 in
258 2322 358 2353 altera
380 2320 472 2351 vallis
493 2325 581 2362 parte
607 2320 777 2363 prospexit,
801 2331 818 2352 e

66 2365 196 2408 pascuis
210 2364 315 2396 statim
333 2365 505 2406 (graminis
518 2365 691 2402 immemor)
710 2364 820 2405 fugere

67 2408 159 2440 solet.
193 2407 352 2439 Graminis
366 2408 537 2437 immemor.-
559 2405 605 2436 sic
622 2416 719 2437 vacca
733 2406 818 2449 apud

69 2450 162 2492 virg.
177 2450 323 2487 Ec1.viii,
335 2450 368 2484 2,
383 2459 401 2480 a
413 2450 554 2490 gramine
565 2448 766 2491 depascendo
779 2450 819 2481 ad

69 2493 211 2525 earmina
234 2498 396 2536 pastorum
423 2491 582 2524 audienda
608 2492 714 2523 subito
742 2503 819 2525 con-

69 2546 172 2576 versa,
197 2538 351 2568 immemor
379 2536 540 2566 herbarum
571 2533 701 2566 dicitur.
742 2536 820 2567 Sub-

71 2579 139 2611 limi
151 2580 304 2615 anhelitu,
316 2578 348 2609 h.
366 2588 395 2610 e.
411 2578 549 2619 graviter
565 2577 732 2615 anhelans,
747 2578 825 2610 dum

71 2622 200 2672 spiritus
220 2632 260 2654 ex
283 2621 349 2652 alto
363 2626 404 2652 et
425 2620 556 2651 sublimi
578 2626 705 2662 pectore
728 2627 823 2653 attra-

68 2665 180 2706 hitur3
198 2664 343 2696 similiter
365 2675 458 2695 eursu
473 2665 618 2694 exanimis
643 2664 728 2706 apud
745 2666 827 2697 Stat.

73 2708 177 2740 'Iheb-
192 2707 238 2743 xi.
252 2708 329 2739 239.

116 2752 171 2783 32.
195 2750 264 2782 Non
280 2751 345 2786 hoc,
360 2759 424 2781 non
440 2748 525 2781 hanc
545 2747 642 2780 animi
659 2748 825 2781 mollitiem

73 2798 106 2826 et
127 2793 308 2836 ignavium
331 2792 387 2824 sed
402 2803 486 2830 eam,
501 2803 574 2834 quae
590 2791 695 2823 virum
715 2792 827 2825 fortem

73 2836 178 2874 decet,
193 2835 352 2868 virtutem.
400 2835 483 2873 Tuae,
499 2835 646 2866 Helenae.

117 2879 258 2911 33—36.
282 2878 588 2910 bacanda-classis
601 2878 744 2916 Achillei,
754 2877 787 2908 h.
798 2887 829 2909 e.

74 2920 248 2954 iracundus
258 2922 298 2952 ob
306 2927 449 2970 ereptam
463 2920 524 2952 sibi
535 2921 576 2952 ab
589 2921 828 2962 Agamemnone

76 2965 254 2997 Briseidem
291 2963 462 2996 Achilles:
502 2965 658 2995 Achilleus
698 2964 830 3005 antiqua

77 3005 188 3046 forma,
211 3013 247 3039 ut
269 3017 342 3050 sup.
365 3008 398 3044 6,
423 3008 440 3038 7
467 3007 593 3038 Uliseus
615 3016 683 3048 pro,
703 3005 830 3038 Ulixes.

854 1461 1008 1493 Iracundu
1038 1461 1151 1497 classis,
1178 1461 1322 1504 exempla
1352 1463 1391 1493 de
1421 1461 1601 1504 adjectivis.

851 1515 914 1535 non
942 1504 981 1535 ad
1009 1515 1123 1535 nomen
1149 1507 1200 1535 cui
1230 1505 1338 1536 addita
1365 1511 1450 1541 sunt,
1478 1505 1534 1536 sed
1561 1506 1601 1536 ad

851 1547 938 1578 aliud
966 1546 1105 1578 vicinum
1136 1548 1317 1585 referendis,
1350 1550 1468 1590 ubique
1497 1549 1603 1579 obvia.

853 1591 955 1625 Diem,
987 1591 1114 1621 fatalem
1149 1590 1267 1621 excidii
1300 1590 1397 1626 diem,
1431 1591 1603 1622 excidiam.

855 1634 1086 1674 Maronis-que:
1110 1633 1150 1664 ad
1166 1633 1399 1664 miserationem
1415 1634 1604 1664 movendam

854 1677 1044 1707 mentionem
1069 1675 1147 1706 facit
1170 1683 1392 1712 matronarum.
1413 1676 1530 1717 quibus
1555 1677 1604 1707 in-

853 1719 962 1760 primis
978 1719 1018 1749 ob
1036 1719 1207 1749 timendam
1229 1719 1291 1750 sibi
1308 1722 1491 1750 servitutem
1508 1719 1608 1750 horri-

855 1762 918 1792 bile
941 1771 1010 1792 esse
1033 1761 1171 1792 debebat
1184 1761 1289 1803 Trojae
1313 1761 1487 1792 excidium.
1534 1763 1606 1794 Post

854 1811 951 1835 certas
965 1805 1084 1838 hiemes.
1101 1810 1173 1845 post
1187 1811 1307 1835 certum
1323 1815 1491 1841 annorum,
1507 1814 1526 1835 a
1545 1805 1608 1837 fato

855 1846 1109 1883 constitutorum,
1126 1857 1306 1878 numerum.

900 1977 1079 2006 Amantium
1117 1978 1192 2012 iras,
1230 1975 1314 2018 quod
1350 1975 1516 2008 Terentius
1554 1977 1609 2012 ait,

856 2020 965 2049 amoris
991 2021 1281 2060 redintegrationem
1303 2029 1386 2058 esse,
1408 2018 1440 2050 id
1465 2025 1556 2062 poeta
1578 2021 1611 2050 in

858 2061 918 2092 hoc
940 2061 1080 2093 carmine
1103 2061 1180 2092 satis
1196 2062 1530 2104 luculenterexemplo
1553 2073 1612 2094 suo

858 2105 981 2147 probat.
1022 2104 1085 2136 Vix
1102 2106 1186 2136 enim
1203 2105 1257 2136 ille
1273 2104 1328 2135 irae
1343 2106 1444 2136 furore
1462 2107 1612 2148 abreptus

860 2147 1002 2190 pulchrae
1019 2147 1145 2178 cuidam
1163 2148 1291 2190 puellae,
1308 2148 1422 2179 iambis
1436 2148 1614 2180 criminosis

861 2191 889 2222 ei
906 2190 1023 2226 missis,
1038 2191 1159 2222 bellum
1177 2190 1346 2226 indixerat,
1362 2202 1435 2222 cum
1452 2191 1558 2222 statim
1575 2191 1616 2222 ad

861 2233 942 2264 illud
958 2234 1212 2275 componendum
1231 2234 1298 2276 ipse
1312 2234 1513 2265 mollissimas
1528 2234 1616 2277 pacis

863 2276 1062 2307 conditiones
1086 2276 1188 2308 ferre-t.
1233 2278 1310 2309 Jam
1337 2288 1409 2308 cum
1433 2277 1535 2308 omnis
1559 2288 1614 2320 po-

863 2326 921 2351 etae
937 2319 1022 2361 apud
1038 2319 1176 2361 puellam
1198 2320 1237 2352 de
1253 2320 1350 2352 misso
1372 2319 1512 2352 carmine
1527 2320 1616 2362 igno-

863 2362 998 2393 minioso
1023 2363 1187 2394 excusatio
1215 2363 1313 2406 petita
1340 2362 1382 2394 sit
1407 2363 1448 2394 ab
1474 2363 1541 2400 irae.
1566 2365 1618 2395 cui

862 2405 918 2437 ille
948 2405 1093 2437 resistere
1124 2416 1188 2437 non
1217 2406 1368 2448 potuerit,
1398 2406 1618 2447 vehementia3

864 2448 1032 2491 plurimam
1055 2448 1153 2491 hujus
1175 2448 1325 2480 carminis
1348 2454 1468 2491 partem
1492 2449 1525 2480 in
1549 2460 1619 2492 gra-

867 2491 1003 2522 vissimae
1030 2491 1118 2522 illius
1147 2491 1246 2522 animi
1273 2491 1450 2524 affectionis
1477 2493 1527 2523 vel
1553 2493 1622 2524 vitii

866 2534 998 2566 humani
1019 2533 1243 2577 descriptione,
1265 2545 1360 2576 quam
1382 2535 1486 2566 locum
1511 2535 1621 2567 classi-

869 2588 943 2609 cum
967 2577 1006 2608 de
1027 2579 1078 2608 ira
1097 2579 1230 2609 humana
1252 2578 1382 2614 dixeris,
1399 2578 1516 2610 versari
1531 2589 1624 2611 nemo

870 2621 964 2652 facile
975 2620 1153 2652 mirabitur.
1179 2620 1231 2652 Ad
1268 2631 1341 2652 uam
1354 2621 1506 2663 puellam.
1519 2628 1623 2653 utrum

871 2664 911 2694 ad
927 2663 1154 2706 Tyndaridem,
1170 2673 1212 2694 an
1281 2665 1313 2696 vG
1320 2663 1476 2700 ratidiam,
1490 2664 1625 2697 aliamve

869 2707 1024 2750 puellam,
1040 2707 1100 2737 hoc
1123 2717 1250 2738 carmen
1266 2707 1419 2750 scriptum
1435 2707 1487 2745 sit,
1501 2707 1533 2738 id
1553 2719 1625 2740 cum

873 2749 1030 2781 veteribus
1052 2756 1084 2781 et
1107 2749 1337 2781 recentioribus
1360 2749 1552 2792 quibusdam
1578 2752 1626 2783 in-

872 2793 1060 2835 terpretibus
1095 2793 1259 2833 exquirere
1296 2793 1391 2828 velle.
1428 2793 1481 2823 vix
1523 2803 1627 2836 operae

872 2836 1005 2878 pretium
1026 2841 1092 2867 est.
1135 2834 1286 2867 Imitatus
1307 2843 1355 2866 est
1374 2836 1502 2872 Noster,
1517 2843 1552 2867 ut
1572 2838 1628 2867 ob·

873 2883 975 2910 servat
999 2878 1116 2916 Acron,
1141 2878 1369 2916 Stesichorum,
1393 2879 1463 2920 qui,
1490 2889 1560 2909 cum
1590 2879 1631 2910 ob

873 2931 1000 2953 carmen
1020 2922 1217 2964 probrosum,
1234 2921 1266 2952 in
1287 2921 1443 2952 Helenam
1463 2921 1631 2963 scriptum,

874 2964 1014 3007 privatus
1032 2970 1114 2996 esset
1128 2964 1291 2995 oculorum
1309 2964 1441 2998 lumine,
1460 2965 1633 2995 recantatis

875 3007 1053 3050 opprobriis
1075 3007 1141 3039 sive
1165 3006 1327 3049 palinodia
1351 3005 1452 3042 visum
1476 3006 1634 3049 recepisse

817 3052 875 3082 »2
