1904 3314
11 2551 56 2583 ⁴3.
92 2548 167 2584 np-
193 2540 257 2573 Od.
285 2541 309 2577 i,

19 2597 49 2626 χι.
97 2584 236 2616 σιντ-ἰων-
251 2587 344 2616 areis.
386 2585 456 2616 Sive
475 2597 529 2628 ego
549 2595 654 2625 prave,
673 2590 763 2621 cett„
787 2585 846 2616 hoc

96 2631 160 2668 ego
185 2626 254 2659 sive
285 2627 370 2659 male
398 2627 466 2660 sive
495 2629 577 2660 bene
605 2627 704 2664 volui,
735 2638 775 2659 ne
803 2628 846 2659 sis

657 149 886 193 LIBER
917 149 978 201 11,
1009 151 1051 191 3.

191 258 294 301 Hoc
316 257 492 302 Staberi
510 256 770 314 prudentem
791 254 980 296 animum
1000 253 1175 295 vidisse.

1538 153 1618 194 381

1239 252 1361 300 Quid
1383 267 1489 308 ergo

51 330 57 335 ’
102 327 162 369 90
191 327 352 378 Sensit,
374 341 508 382 quum
527 338 734 367 summam
754 320 990 378 patrimoni
1010 319 1256 376 insculpere
1281 335 1390 362 saxo

190 394 408 437 Haeredes
426 393 559 436 voluit
574 394 591 435 2

653 391 815 440 Quoad
836 390 959 440 vixit,
982 389 1170 443 credidit
1190 390 1345 445 ingens

191 462 454 518 Pauperiem
473 462 636 510 vitium,
659 466 704 501 et
724 459 836 501 cavit
856 457 963 500 nihil
982 458 1150 506 acrius3
1182 465 1246 506 ut,
1270 458 1306 498 si

190 530 325 572 Forte
342 531 485 586 *minus
505 527 700 583 locuples
722 541 811 568 uno
832 526 1077 582 quadrante
1098 526 1302 580 perisset,

192 597 294 653 Ipse
313 598 535 640 videretur
557 597 640 638 sibi
660 595 868 650 nequior:
902 595 1040 636 omnis
1063 594 1179 636 enim
1201 609 1287 642 reS,

105 663 164 706 95
193 663 364 714 Virtus,
386 663 511 714 fama,
535 664 686 714 decus,
709 663 854 704 divina
872 662 1148 716 humanaque
1171 660 1368 717 pulchris

193 730 369 773 Divitiis
390 739 570 787 parent3
603 746 713 787 quas
734 731 810 786 qui
832 730 1142 780 construxerit,
1164 729 1236 771 ille

194 798 350 841 Clarus
370 800 466 850 erit,
490 799 629 850 fortis,
651 800 812 854 justuS.

195 865 259 908 Et
278 867 494 923 quidquid
515 867 646 909 volet.

875 798 1149 852 sapiensne?
1209 796 1379 838 Etiam!
1415 803 1459 837 et
1481 810 1573 844 rex,

707 867 825 918 Hoc,
846 866 982 908 veluti
1002 867 1163 908 virtute
1184 872 1401 921 paratum,

196 933 399 990 Speravit
419 950 586 991 magnae
605 935 725 977 laudi
746 935 853 977 fore.

916 934 1039 982 Quid
1064 933 1199 975 simile
1221 934 1292 975 isti

84 1001 168 1045 100
196 1001 383 1045 Graecus
405 1002 675 1060 AristippUS,
697 1005 772 1060 qui
794 1019 942 1046 servos
963 1004 1179 1059 projicere
1201 1018 1355 1045 aurum

197 1069 252 1112 In
271 1072 414 1114 media
432 1073 565 1128 jussit
587 1073 745 1128 Libya,
767 1073 869 1127 quia
890 1072 1057 1114 tardius
1079 1072 1194 1113 irent

199 1137 390 1195 Propter
411 1156 520 1182 onus
543 1155 699 1196 segnes
720 1142 737 1182 2

797 1140 910 1182 Uter
930 1148 997 1182 est
1018 1140 1209 1181 insanior
1230 1139 1420 1181 horum?

198 1206 279 1248 Nil
298 1208 388 1263 agit
407 1208 668 1264 exemplum,
690 1208 808 1250 litem
829 1209 947 1263 quod
969 1207 1045 1250 lite
1067 1207 1256 1250 resolvit.

85 1333 237 1376 gravioris
257 1334 370 1373 morbi,
392 1346 456 1378 quo
482 1335 569 1367 avari
593 1336 750 1372 laborant,
772 1335 833 1367 sci-

85 1377 174 1409 entia
195 1377 261 1411 sive
289 1378 442 1420 cognitio.
496 1380 681 1420 Anticyram
707 1390 834 1414 omnem,

29 1430 34 1435 ·
85 1419 240 1463 quicquid
253 1421 428 1454 hellebori*
420 1432 454 1453 ιιι
473 1427 540 1454 tota
554 1422 660 1454 insula
677 1421 835 1463 Anticyra

86 1464 240 1496 nascitur.

131 1507 297 1539 84—102.
325 1509 400 1540 Jam
432 1507 651 1557 Damasippus
677 1507 835 1539 insaniam

88 1559 210 1587 eorum,
225 1550 280 1592 qui
296 1551 329 1583 in
350 1561 537 1591 magnarum
560 1551 741 1582 divitiarum
764 1561 835 1593 pos-

87 1592 225 1624 sessione
241 1599 273 1624 et
287 1594 454 1642 splendore
476 1604 631 1625 summam
653 1591 837 1625 felicitatem

88 1641 224 1678 ponunt,
238 1636 348 1668 divitis
366 1637 534 1679 cujusdam
557 1638 677 1668 Staberi
693 1636 838 1678 exemplo

87 1679 222 1752 proban
244 1678 457 1728 cuiopponit
461 1682 664 1721 Aristippum,
687 1690 782 1728 quem
802 1685 839 1710 ut

113 1731 251 1754 omlnem
282 1723 316 1754 in
342 1723 488 1766 pecuniae
513 1729 676 1755 contemtu
705 1722 838 1754 nimium

89 1764 207 1807 pariter
234 1766 276 1797 ad
307 1735 490 1814 insipientes
523 1767 628 1798 refert.
687 1766 840 1797 Staberus

89 1774 226 1847 scilicet,
240 1814 277 1840 ut
297 1808 492 1845 divitiarum,
509 1819 590 1851 quas
613 1808 749 1840 moriens
767 1807 839 1840 reli-

89 1856 215 1892 querat,
239 1852 426 1894 magnitudo
456 1852 620 1883 hominum
644 1852 841 1883 sermonibus

89 1892 311 1931 celebraretur,
327 1895 491 1927 haeredes'
484 1906 516 1926 in
531 1901 719 1927 testamento
733 1905 840 1926 earum

89 1945 248 1969 summam
293 1939 441 1987 sepulcro
482 1939 685 1970 incidendam
731 1947 841 1970 curare

87 1978 196 2022 jussit,
210 1981 269 2013 bac
285 1981 336 2024 adJ
340 1987 412 2013 ecta
431 1981 624 2017 conditione,
641 1987 688 2018 ut,
705 1981 766 2013 nisi
781 1981 841 2012 hoc

91 2021 192 2061 fieret,
216 1993 357 2056 haeredes
382 2025 468 2056 Arrii
497 2025 679 2067 cujusdam,
703 2024 841 2055 hominis

91 2065 258 2105 luxuriosi,
278 2068 408 2100 arbitrio
428 2074 555 2100 centum
575 2069 663 2111 paria
687 2068 841 2116 gladiato-

94 2119 178 2146 rum,
195 2110 341 2152 epulum,
362 2117 395 2143 et
417 2111 574 2153 ingentem
591 2111 741 2142 frumenti
755 2110 843 2153 copi-

95 2161 145 2184 am
170 2153 296 2202 populo
313 2153 389 2186 dare
413 2159 605 2186 tenerentur.
652 2154 784 2185 Suavior
810 2154 846 2185 fit

94 2194 164 2226 baec
181 2196 450 2229 narratiuncula·
442 2197 542 2240 ipsius
560 2197 683 2229 Staberi
701 2197 839 2240 interpo-

93 2237 156 2270 sito
169 2249 325 2272 sermone.

138 2282 194 2313 84.
214 2281 380 2319 Summam,
393 2293 439 2315 sc.
456 2282 662 2315 baereditatis.

138 2325 192 2357 86.
218 2325 380 2364 Damnati,
394 2325 547 2358 obstricti.
594 2327 693 2358 Arri:
719 2325 840 2362 Arrius,

30 2352 34 2377 2
94 2366 190 2400 homo
217 2367 407 2408 luxuriosus,
435 2370 503 2401 sive
532 2379 618 2401 unus
645 2380 684 2401 ex
714 2369 840 2400 duobus

12 2411 42 2446 ξ’
93 2410 252 2448 frutribus.
277 2423 412 2454 quorum
434 2413 552 2444 mentio
576 2413 608 2444 fit
629 2413 687 2444 inf.
706 2424 737 2444 v.
762 2413 840 2448 243,

23 2449 30 2477 *²
92 2452 163 2486 sive
176 2459 266 2497 puter
280 2456 323 2493 Q.
339 2455 466 2487 Arrius.

139 2497 195 2536 87,
203 2498 258 2530 88.
281 2498 443 2573 Frulmenti
455 2505 601 2540 quantum
616 2500 702 2531 metit
713 2498 842 2540 Africa:

360 2543 450 2580 „10
476 2542 636 2583 Quidquid
661 2544 697 2574 de
722 2542 846 2583 Libycis

98 2667 154 2701 hu
181 2680 198 2702 S
210 2669 384 2702 VOluntatlS
394 2681 474 2703 meae
487 2681 616 2703 severus
630 2681 752 2702 censor·
783 2671 844 2702 Lo-

35 2715 62 2751 .)
98 2722 123 2756 q
157 2717 209 2745 tur
231 2723 345 2763 nempe
365 2713 435 2756 ipse
456 2715 628 2752 Staberus3
660 2714 716 2746 sed
740 2714 845 2750 verba,

32 2758 52 2785 ’.“
98 2754 218 2799 quibus
236 2756 348 2794 utitur,
368 2767 478 2800 sapere
499 2757 577 2788 mihi
596 2737 743 2788 videntur
764 2756 847 2787 anti-

55 2825 62 2841 :
96 2806 196 2842 qnam
211 2799 392 2836 formulam,
409 2810 506 2842 quam
525 2800 659 2832 fortasse
677 2805 847 2831 testamen-

19 2840 49 2870 '⁴³3'
96 2845 202 2874 tunm
228 2841 407 2874 conditores
435 2843 476 2874 ad
499 2843 674 2875 monendos
698 2842 849 2881 haeredes,

39 2889 52 2925 f,
100 2889 139 2916 ut
155 2884 275 2922 omnia,
290 2895 363 2928 quae
373 2885 462 2928 jussa
475 2892 594 2923 essent,
611 2886 679 2917 sine
695 2886 782 2917 omni
802 2897 850 2918 re-

39 2931 45 2943 “·
101 2927 265 2960 emtione
277 2935 537 2971 exsequerentur,
553 2929 750 2962 testamentis
771 2929 852 2971 adji-

35 2995 50 2999 ,.
102 2979 174 3002 cere
186 2970 343 3004 solebant.
389 2973 541 3011 Patruus,
560 2973 752 3017 objurgator,
771 2972 853 3003 vitu-

879 1343 1022 1378 perator:
1054 1336 1118 1367 vid.
1143 1346 1179 1366 su

881 1379 943 1410 Od.
959 1378 1005 1414 iii,
1023 1380 1075 1414 12,
1094 1380 1126 1410 3.

923 1422 1064 1453 88—92.
1091 1422 1188 1453 Credo
1214 1422 1278 1452 Hoc
1301 1422 1421 1452 Staberi
1450 1422 1630 1461 prudentem

880 1467 1016 1496 animum
1047 1467 1173 1496 vidisse:
1213 1465 1378 1496 Staberum
1414 1464 1472 1495 hoc
1501 1464 1633 1494 arbitror

880 1507 1074 1550 praevidisse,
1094 1518 1139 1539 sc.
1156 1507 1232 1543 fore,
1254 1514 1289 1539 ut
1312 1508 1450 1539 haeredes
1472 1516 1629 1537 summam

880 1551 1063 1599 patrimonii
1078 1561 1153 1582 saxo
1169 1550 1348 1593 insculpere
1364 1555 1522 1585 recusent,
1539 1561 1614 1589 prm
1617 1562 1630 1580 e

881 1595 913 1626 id
937 1605 1062 1636 Jussum
1090 1604 1159 1626 esse
1185 1594 1381 1636 judicantes.
1429 1593 1536 1628 Quoad
1569 1604 1632 1624 una

882 1637 1006 1679 syllaba
1034 1637 1322 1684 pronunciandum.
1367 1637 1480 1678 Ingens
1507 1637 1630 1676 Paupe-

880 1682 955 1710 riem
978 1682 1107 1711 vitium.-
1132 1690 1204 1722 sup.
1226 1680 1289 1711 Od.
1312 1679 1359 1715 iii,
1380 1681 1434 1716 24,
1456 1680 1510 1717 42,
1534 1679 1629 1721 Mag-

882 1735 955 1753 num
970 1725 1128 1762 pauperies
1144 1724 1346 1763 opprobrium.

927 1767 982 1797 94.
1010 1766 1184 1801 Videt-etur,
1201 1775 1257 1808 pro
1274 1764 1407 1806 vulgari,
1426 1763 1513 1795 visus
1527 1769 1609 1795 esset
1623 1776 1630 1793 :

885 1808 948 1839 vid.
967 1809 1076 1840 Bentl.
1091 1808 1130 1840 ad
1149 1809 1180 1840 h.
1197 1809 1219 1839 l.
1266 1808 1371 1839 Omnis
1385 1809 1463 1838 enim
1480 1818 1538 1845 res,
1553 1813 1631 1838 cett.

884 1851 975 1883 locus
1002 1851 1156 1883 classicus
1186 1851 1225 1883 de
1254 1850 1436 1882 divitiarum
1466 1850 1633 1892 potentia;

885 1895 1061 1926 Lambinus
1088 1901 1200 1938 praeter
1221 1894 1285 1925 alia
1307 1899 1470 1936 comparat
1490 1894 1516 1924 T
1519 1893 1634 1935 heogn.

928 1981 982 2012 97.
1006 1981 1190 2022 Sapieusue?
1227 1980 1285 2011 inf.
1315 1979 1419 2023 Epist.
1442 1979 1476 2017 ii,
1499 1981 1532 2013 2.
1558 1980 1632 2016 152,

884 2025 1050 2060 Audimus,
1066 2026 1118 2056 cui
1135 2025 1210 2055 Rem
1228 2025 1283 2055 Dii
1303 2025 1463 2059 donarint,
1482 2024 1532 2054 illi
1549 2024 1634 2054 dece-

885 2069 957 2098 dere
969 2079 1095 2108 pravam
1112 2068 1300 2098 stultitiam.

929 2111 983 2142 98.
1007 2111 1085 2147 Hoc,
1115 2112 1211 2142 veluti
1242 2113 1359 2141 virtute
1388 2116 1546 2150 paratum,
1577 2109 1635 2140 has

887 2153 986 2185 veluti
1002 2154 1116 2186 virtute
1131 2160 1328 2185 constructas
1343 2152 1483 2184 divitias.

928 2198 1076 2232 99,100.
1102 2198 1185 2232 Quid
1209 2198 1306 2228 simile
1331 2198 1385 2228 iste
1408 2197 1535 2227 Graecus
1551 2195 1635 2226 Aris-

885 2242 1006 2280 tippus.
1002 2252 1008 2258 ·
1032 2239 1110 2282 quid
1126 2241 1200 2272 fecit
1217 2240 1413 2282 Aristippus,
1430 2239 1516 2281 quod
1536 2238 1638 2269 simile

886 2282 928 2314 sit
950 2283 1002 2314 isti
1027 2284 1171 2320 Stabero,
1194 2283 1246 2315 vel
1269 2283 1393 2315 Staberi
1414 2282 1506 2313 istius
1529 2282 1636 2312 sacto!

886 2336 941 2368 pro
963 2326 1098 2368 vulgari,
1122 2337 1217 2369 quam
1243 2326 1407 2357 dissimilis
1429 2331 1476 2357 est
1498 2324 1638 2366 Aristip-

883 2380 942 2411 pus
958 2370 1112 2401 Stabero.
1106 2370 1112 2390 '
1142 2370 1356 2412 Damasippus
1374 2368 1498 2401 scilicet
1510 2368 1636 2411 fronti-

885 2414 939 2443 bus
960 2415 1092 2445 adversis
1113 2414 1167 2456 (ut
1189 2423 1260 2455 sup.
1285 2414 1353 2444 Sat.
1377 2412 1400 2448 i,
1428 2413 1458 2450 1,
1483 2404 1544 2443 103
1572 2411 1639 2442 Ho-

885 2455 986 2487 ratius
1010 2456 1167 2498 loquitur)
1191 2467 1287 2488 secum
1311 2457 1485 2497 pugnantia
1510 2465 1579 2485 com
1606 2464 1639 2484 o-

887 2498 946 2530 nit.
991 2500 1180 2540 Aristippus,
1207 2500 1394 2548 Cyrenaeus,
1418 2498 1558 2530 Socratis
1600 2497 1641 2527 is-

889 2541 1029 2585 cipulus‚
1046 2542 1235 2591 Cyrenaicae
1246 2542 1430 2585 disciplinae
1446 2546 1569 2573 auctor.

938 2585 1122 2617 101.1rent
1142 2596 1211 2634 pro,
1227 2585 1338 2617 ibant:
1365 2596 1428 2616 non
1452 2595 1521 2616 raro
1543 2582 1641 2626 parti-

891 2628 965 2660 cula
995 2630 1067 2670 quia
1098 2628 1225 2671 ponitur
1255 2639 1328 2659 cum
1359 2627 1576 2670 conjunctivo,
1608 2631 1643 2656 ut

890 2671 982 2702 docet
998 2682 1115 2714 magna
1131 2671 1348 2714 exemplorum
1365 2671 1467 2714 copia,
1464 2682 1553 2745 5quae
1566 2680 1644 2700 con-

893 2714 989 2755 gessit
1007 2715 1171 2746 Drakenb.
1187 2715 1227 2746 ad
1244 2715 1339 2746 Liv.·
1332 2715 1365 2753 ii,
1383 2716 1414 2750 8.
1433 2716 1484 2755 §5
1490 2737 1498 2744 .

939 2758 1012 2789 103.
1037 2758 1094 2789 Nil
1109 2760 1176 2800 ugit
1196 2760 1374 2799 exemplum,
1394 2759 1476 2788 litem
1494 2758 1570 2797 quod
1592 2757 1645 2786 lile

894 2802 1025 2832 resolvit.
1072 2802 1184 2838 Lstem,
1215 2811 1279 2833 rem
1311 2801 1344 2831 in
1375 2801 1461 2832 litem
1490 2805 1646 2833 vocatam,

896 2845 961 2879 lite,
973 2844 1036 2875 alia
1049 2855 1081 2876 re
1093 2845 1206 2887 pariter
1218 2844 1252 2875 in
1266 2844 1354 2875 litem
1367 2849 1496 2881 vocata:
1513 2843 1646 2876 resolvit,

896 2886 1095 2925 dissolutum,
1133 2888 1302 2919 diremtum
1338 2886 1372 2917 it.
1426 2888 1562 2917 Sensus.
1607 2883 1647 2913 ad

898 2940 960 2961 rem
986 2930 1127 2973 aliquam
1151 2930 1441 2973 reprehendendam
1466 2927 1543 2958 nihil
1565 2926 1649 2955 valet

899 2972 981 3004 alius
1011 2974 1054 3006 rei
1092 2974 1209 3017 pariter
1242 2970 1507 3015 reprehendendae
1542 2978 1648 2999 exem-

1183 1346 1215 1378 p.
1244 1335 1284 1366 ad
1310 1335 1376 1366 Sat.
1403 1335 1437 1373 ii,
1463 1335 1495 1372 2,
1520 1336 1575 1370 97,
1599 1340 1632 1366 et
