1904 3314
272 198 356 238 316

804 195 1239 238 SATIRARUM

384 296 479 337 Nec
502 295 638 337 soleas
659 295 785 346 secit3
818 303 937 336 sutor
957 303 1096 337 tamen
1116 302 1182 337 est
1203 295 1382 349 sapiens.

1445 294 1533 342 Qui
1548 298 1564 337 2

384 362 459 412 Ut,
481 363 670 417 quamvis
691 369 804 404 tacet
825 362 1136 417 HermogeneS,
1159 369 1307 404 cantor
1327 369 1468 402 tamen
1489 369 1617 416 atque

274 430 354 470 130
384 429 585 484 Optimus
605 435 672 470 est
691 427 956 478 modulator3
988 435 1036 469 ut
1057 427 1239 469 Alfenus
1261 428 1377 468 vafer
1398 429 1510 468 omni

383 494 570 550 AbJecto
590 495 870 535 instrumento
890 495 1007 543 artis,
1029 494 1256 547 clausaque
1277 495 1470 544 taberna,

383 562 514 603 Sutor
534 568 647 602 erat:
681 561 848 614 sapiens
870 561 1010 615 operis
1033 561 1098 601 sic·
1113 561 1296 614 optimus
1318 561 1452 601 omnis

385 628 468 668 Est
488 626 633 681 opifex
654 626 782 675 solus,
805 626 864 668 sic
885 641 975 667 rex.

1036 625 1214 667 Vellunt
1234 626 1312 667 tibi
1331 627 1508 668 barbam

383 693 554 734 Lascivi
573 693 710 747 pueri,
731 707 840 746 quos
862 699 908 733 tu
930 693 973 733 ni
994 692 1106 733 fuste
1127 707 1314 742 coerces,

274 761 354 802 135
383 759 563 813 Urgeris
584 759 712 799 turba
731 758 889 799 circum
909 765 951 799 te
974 765 1125 808 stante,
1147 759 1359 812 miserque

384 825 617 879 Rumperis
638 830 681 865 et
700 823 844 873 latras,
866 839 1116 878 magnorum
1136 825 1315 866 maxime
1336 839 1484 879 regum
1501 827 1512 866 t

383 892 455 933 Ne
475 891 650 945 longum
669 890 819 931 faciam
837 907 845 932 ε
879 891 980 931 dum
1001 897 1048 931 tu
1068 891 1304 944 quadrante
1324 890 1510 932 lavatum

385 958 486 999 Rex
502 957 600 1006 ibis,
621 970 761 1010 neque
782 962 823 997 te
845 957 1070 1010 quisquam
1092 957 1271 1010 stipator
1291 956 1482 1010 ineptum

385 1024 552 1065 Praeter
573 1022 816 1075 Crispinum
837 1023 1096 1072 sectabitur3
1128 1029 1172 1062 et
1192 1022 1294 1062 mihi
1313 1021 1460 1063 dulces

276 1092 357 1132 140
385 1089 628 1144 Ignoscent,
651 1088 687 1127 si
706 1088 810 1141 quid
830 1101 1011 1142 peccaro
1033 1087 1203 1136 stultus,
1226 1088 1362 1136 amici,

384 1155 521 1208 Inque
542 1154 676 1195 vicem
694 1152 861 1194 illorum
879 1154 1019 1207 patiar
1039 1152 1194 1193 delicta
1212 1151 1412 1202 libenter,

386 1221 673 1274 Privatusque
693 1220 826 1273 magis
848 1220 983 1260 vivam
1003 1225 1045 1259 te
1065 1232 1169 1272 rege
1188 1219 1356 1260 beatus.

860 1418 1094 1460 SATIRA
1124 1418 1203 1460 IV.

390 1543 601 1592 EUPOLIS,
624 1548 752 1596 atque
774 1541 989 1588 Cratinus,
1010 1539 1427 1593 Aristophanesque,
1448 1545 1604 1594 poetae,

390 1611 536 1664 Atque
558 1609 641 1658 alii,
663 1622 843 1663 quorum
864 1606 1074 1648 comoedia
1094 1606 1236 1660 prisca
1255 1606 1441 1647 virorum
1460 1613 1541 1656 est,

281 1707 465 1740 venerabilis
501 1707 613 1738 Stoicae
651 1706 855 1748 philosophiae
892 1706 1011 1740 doctor,

279 1751 332 1782 cui
362 1750 472 1782 Cicero
502 1748 660 1789 ingenium
689 1749 871 1778 acerrimum
894 1747 1012 1784 tribuit,

280 1803 343 1834 prae
373 1791 482 1823 ceteris
507 1791 653 1822 omnibus
681 1791 812 1820 ornabat
839 1789 1012 1820 Stoicorum

282 1834 454 1876 porticum3
478 1833 563 1864 unde
581 1832 637 1863 inf.
657 1833 721 1863 Sat.
739 1832 772 1868 ii,
795 1834 825 1866 3,
843 1833 894 1867 44,
915 1833 1012 1871 Chry-

280 1878 357 1915 sippi
384 1878 516 1914 porticus
543 1880 571 1906 et
598 1885 684 1915 grex.
738 1875 855 1914 Inquit,
887 1874 1012 1904 Stoicus

283 1917 375 1948 modo
390 1917 535 1957 loquens.
651 1939 669 1956 ,⁴

328 1960 400 1989 127.
425 1959 723 1997 Crepidas—soleas:
747 1957 911 1988 discrimen
933 1957 1013 1987 inter

282 2003 416 2040 crepidas
430 2006 462 2032 et
475 2002 565 2030 soleas
580 1999 646 2030 leve
659 1998 751 2030 fuisse
766 1998 906 2037 videtur3
930 2004 1013 2029 utro·-

282 2053 343 2084 que
362 2043 445 2074 enim
465 2041 668 2074 calceamenti
687 2051 796 2081 genere
812 2041 927 2082 plantae
943 2046 1011 2071 tan-

284 2091 350 2116 tum
367 2084 560 2124 tegebantur.

330 2127 401 2157 130.
423 2127 551 2167 Alfenus
570 2124 676 2165 vafer:
699 2129 789 2154 vetus
809 2123 926 2158 schol„
951 2123 1012 2153 Ur-

284 2171 357 2199 bane
381 2170 452 2198 satis
482 2167 626 2207 Alfenum
657 2167 768 2196 Varum
794 2166 1013 2195 Cremonensem

285 2212 412 2245 deridet,
428 2211 479 2249 qui
493 2211 607 2249 algjecta
621 2209 753 2242 sutrina,
769 2218 855 2247 quam
866 2209 898 2236 in
913 2209 1012 2237 muni·

284 2255 360 2292 cipio
377 2263 428 2282 ειιο
442 2257 626 2286 erere-uerat,
647 2250 770 2279 Romam
789 2251 882 2283 venit,
902 2250 1012 2288 magis-

285 2302 385 2334 troque
407 2304 478 2324 usus
505 2294 550 2323 Μ.
572 2293 704 2331 Sulpicio
729 2291 949 2321 Jurisconsulto
973 2293 1013 2321 ad

287 2343 402 2367 tantam
416 2337 549 2375 pervenit
563 2335 727 2368 scientiam,
741 2340 775 2363 ut
790 2339 818 2362 et
826 2333 1012 2363 consulatum

284 2384 412 2418 gereret,
422 2384 447 2407 et
455 2379 576 2417 publico
576 2378 692 2417 fimere
701 2375 872 2416 efferretur.
904 2375 994 2416 Vaser
1004 2387 1012 2404 ε

282 2420 496 2462 jurisconsulti
519 2419 602 2449 enim
624 2418 687 2448 sive
706 2427 869 2448 causarum
894 2417 1014 2457 patroni

287 2462 411 2498 callide,
431 2461 515 2502 quod
530 2470 634 2491 causae
654 2470 720 2489 suae
742 2459 843 2489 favere
859 2459 966 2500 possit,
982 2460 1015 2489 in

288 2509 390 2546 partes
413 2509 547 2541 vocant;
571 2501 644 2546 hinc
668 2501 722 2531 inf.
743 2502 807 2531 Sat.
830 2500 862 2534 ii,
884 2503 916 2536 2,
944 2503 1014 2536 131,

286 2547 368 2588 vqs'ri
390 2547 511 2576 inscitia
524 2547 623 2584 juris.
668 2542 760 2573 Adde
776 2543 870 2573 Ovid.
888 2543 1016 2574 Iler-oid.

288 2599 339 2623 xx,
356 2589 410 2622 31,
427 2588 622 2626 Consultoque
638 2585 688 2626 (in
704 2585 868 2616 consilium
888 2585 1016 2626 vocato)

277 2632 426 2672 suijuris
441 2630 546 2660 Amore
561 2630 656 2669 vqs'er.

334 2674 404 2702 132.
429 2672 519 2702 Sutor
537 2678 611 2707 erut,
628 2671 658 2700 h.
675 2680 704 2699 e.
724 2669 881 2699 manebat.
925 2669 1018 2699 Hunc

289 2715 432 2755 Alfenum
458 2719 548 2754 poeta
572 2712 638 2753 jam
662 2711 762 2742 verbis
792 2712 840 2751 (v.
875 2710 951 2750 125)
978 2712 1018 2741 Et

289 2763 371 2787 sutor
400 2757 490 2785 bonus
518 2754 550 2785 in
580 2755 683 2785 animo
714 2753 859 2782 habuisse
886 2752 1017 2790 videtur,

289 2798 381 2838 eujus
397 2807 520 2833 nomen,
537 2802 572 2827 ut
587 2807 650 2828 rem
666 2794 810 2836 exemplo
831 2795 1019 2836 comprobet,

289 2850 371 2870 nunc
387 2840 488 2870 affert.

339 2883 410 2917 133,
424 2882 496 2912 134.
510 2881 630 2912 Vellunt
642 2881 822 2911 abibat-bam,
833 2879 950 2908 Lascivi
960 2890 1016 2917 pu-

290 2926 334 2954 eri
347 2937 354 2954 :
377 2923 414 2955 ad
431 2933 469 2956 ea
483 2922 598 2965 quibus
610 2920 831 2954 contumeliose
842 2921 1016 2952 tractaban-

1054 1709 1103 1734 tur
1115 1703 1274 1744 aretalogi,
1287 1702 1461 1746 pertinebat
1469 1702 1562 1735 etiam
1570 1701 1708 1739 lascivia,
1719 1712 1782 1744 qua

1055 1746 1140 1787 pueri
1154 1746 1294 1783 barbam,
1309 1755 1402 1817 quam
1417 1745 1464 1776 illi
1478 1750 1514 1783 ut
1528 1745 1706 1787 philosophi
1718 1745 1782 1776 ale-

1055 1789 1143 1824 bant,
1159 1788 1273 1819 vellere
1287 1798 1320 1818 so
1334 1788 1440 1818 ebant.
1477 1787 1529 1818 De
1540 1786 1722 1829 proverbiali
1735 1786 1782 1817 lo-

1056 1830 1181 1861 cutione
1202 1831 1283 1872 (τὸν
1305 1830 1454 1871 πώγωνα
1468 1829 1594 1861 τίλλειν
1608 1829 1693 1869 τινί)
1715 1838 1783 1870 pro,

1054 1872 1168 1903 habere
1191 1872 1326 1913 aliquem
1347 1871 1491 1908 ludibrio,
1506 1870 1708 1912 ignominiose
1725 1869 1782 1901 ali-

1055 1924 1148 1955 quem
1158 1919 1299 1950 tractare,
1310 1913 1375 1944 vid.
1385 1914 1523 1945 Casaub.
1532 1914 1571 1944 ad
1580 1914 1666 1944 Pers.
1675 1912 1697 1950 i,
1711 1913 1784 1943 133.

1102 1957 1172 1987 136.
1204 1957 1375 1995 Rumperis‚
1404 1966 1450 1987 sc.
1479 1965 1542 1997 prae
1571 1954 1636 1985 ira:
1673 1959 1783 1986 notum

1056 1997 1135 2028 illud
1160 1997 1279 2038 Virgilii
1298 1997 1386 2038 (Ecl.
1400 1997 1443 2034 vi,
1466 1997 1538 2036 26),
1559 1998 1677 2028 invidia
1697 2007 1782 2026 rum-

1054 2046 1171 2086 pantur
1195 2047 1230 2070 ut
1254 2041 1309 2070 ilia
1339 2040 1446 2071 Codro.
1490 2040 1612 2077 Latras,
1640 2037 1784 2070 convicia

1053 2090 1147 2121 jacis.

1102 2125 1172 2154 137.
1211 2124 1399 2159 Quadrante,
1426 2122 1531 2154 oblata
1559 2126 1670 2164 quarta
1697 2125 1784 2163 parte

1057 2164 1157 2202 assis3
1187 2175 1258 2196 nam
1284 2175 1437 2205 pauperes
1459 2164 1593 2195 lavaturi
1616 2165 1649 2194 in
1672 2163 1785 2194 balneo

1056 2207 1215 2277 gorgimuiii
1237 2206 1439 2248 quadrantem
1467 2211 1588 2236 tantum
1613 2205 1787 2237 balneatori

1079 2258 1096 2278 a
1120 2254 1184 2278 ant.

1102 2291 1159 2321 138
1189 2300 1236 2330 sq.
1281 2289 1425 2328 stipator,
1456 2288 1579 2320 satelles
1595 2300 1604 2328 3
1644 2287 1785 2330 apposite

1056 2331 1096 2362 ad
1111 2342 1192 2368 rem3
1215 2341 1302 2372 reges
1316 2331 1398 2362 enim
1414 2341 1520 2361 secum
1535 2330 1656 2362 ducunt
1666 2329 1785 2361 satelli·

1055 2379 1119 2446 tle286
1159 2375 1351 2414 Crt'spinum:
1385 2373 1426 2404 cf.
1452 2382 1522 2414 sup.
1547 2373 1586 2404 ad
1613 2372 1680 2403 Sat.
1703 2372 1726 2408 i,
1753 2373 1783 2408 l,

1297 2499 1466 2529 SATIRA
1489 2498 1550 2529 IV.

1103 2540 1265 2575 Horatius,
1289 2540 1398 2581 iniqua
1419 2541 1458 2570 de
1483 2539 1596 2577 satiris,
1618 2538 1650 2570 in
1673 2538 1786 2587 quibus

1061 2583 1221 2613 hominum
1247 2582 1324 2613 vitia
1346 2582 1573 2624 perstrinxerat,
1593 2581 1713 2623 judicia
1731 2591 1785 2612 ex-

1061 2631 1176 2666 pertuS,
1194 2624 1342 2660 animum,
1358 2635 1420 2665 quo
1435 2625 1474 2654 ad
1490 2623 1600 2654 satiras
1609 2622 1788 2654 scribendas

1061 2667 1201 2701 accedat,
1219 2666 1328 2707 aperit,
1341 2676 1440 2707 eoque
1453 2670 1558 2708 aperto
1572 2665 1674 2696 lenius
1687 2663 1786 2695 homi-

1062 2719 1117 2740 nes
1133 2709 1171 2740 ‹le
1193 2719 1225 2739 se
1241 2709 1436 2749 judicaturos
1451 2717 1519 2738 esse
1538 2712 1651 2749 sperat.
1694 2707 1787 2738 Cete-

1063 2762 1130 2781 rum
1149 2751 1187 2782 de
1209 2757 1390 2791 argumento
1410 2749 1505 2791 liujus
1520 2748 1628 2779 Satirae
1643 2757 1788 2795 compara

1064 2794 1195 2824 Dissert.
1218 2794 1256 2823 de
1276 2791 1397 2823 Horatii
1417 2791 1537 2832 judicio
1558 2791 1597 2821 de
1614 2789 1786 2821 vetustiori-

1062 2837 1120 2866 bus
1140 2836 1250 2876 poetis,
1270 2834 1302 2864 in
1321 2834 1461 2865 Manso’s
1484 2831 1698 2864 Vermischten
1717 2831 1785 2862 Ab·

1062 2878 1169 2909 handl.
1185 2889 1215 2918 p.
1231 2877 1283 2908 87.
1713 2896 1715 2898 -

1107 2922 1135 2950 L
1166 2920 1300 2959 Eupolis,
1331 2919 1485 2954 Cratinus,
1513 2916 1788 2956 Aristophanesque,

1744 2989 1760 3001 q
