1884 3288
631 195 859 239 LIBER
893 196 930 247 I,
966 198 1037 240 22.

1550 202 1606 243 47

298 298 398 341 Nec
420 298 640 340 venenatis
661 299 842 354 gravida
864 299 1049 354 sagittis,

587 365 744 416 Fusce,
766 366 996 421 pharetra:

241 435 268 475 5
298 434 399 476 Sive
419 449 499 489 per
519 433 672 489 Syrtes
693 435 776 476 iter
796 442 1024 486 aestuosas,

299 501 399 544 Sive
420 501 615 543 facturus
636 517 717 557 per
737 502 1044 558 inhospitalem

298 569 555 620 Caucasum,
577 569 646 612 vel
665 585 763 625 quae
783 569 878 612 loca
899 570 1132 628 fabulosus

586 638 762 680 Lambit
783 638 1038 694 Hydaspes.

298 705 502 760 Namque
525 721 591 747 me
614 705 720 747 silva
741 705 872 761 lupus
894 706 937 747 in
961 707 1139 757 Sabina,

211 774 265 816 10
294 773 415 815 Dum
435 789 572 816 meam
594 782 720 816 canto
743 774 955 830 Lalagen,
978 782 1022 817 et
1042 775 1158 818 ultra

293 841 550 884 Terminum
571 843 686 884 curis
710 839 844 897 vagor
865 843 1102 898 expeditis,

581 910 717 966 Fugit
736 911 965 953 inermem:

294 977 438 1027 Quale
458 986 711 1034 portentum
731 994 872 1034 neque
894 979 1090 1020 militaris

298 1046 494 1089 Daunias
514 1046 617 1089 lutis
639 1046 714 1089 alit
735 1047 967 1098 aesculetis,

214 1114 267 1156 15
296 1115 396 1157 Nec
417 1114 549 1157 Jubae
571 1113 699 1157 tellus
722 1123 905 1171 generat
926 1115 1100 1158 leonum

585 1182 727 1224 Arida
746 1184 912 1224 nutrix.

295 1251 418 1294 Pone
438 1267 520 1302 me,
542 1251 680 1307 pigris
703 1251 777 1292 ubi
797 1250 915 1293 nulla
937 1253 1099 1307 campis

298 1317 444 1361 Arbor
466 1320 617 1361 aestiva
638 1326 863 1360 recreatur
885 1334 1014 1370 aura3

8 1447 15 1484 ζ
63 1451 235 1502 debebam.
281 1453 421 1486 Gravida
449 1465 517 1497 pro.
544 1455 653 1497 plena,
677 1455 812 1493 referta;

63 1495 110 1528 sic
126 1497 251 1530 Grecis
264 1497 422 1540 ἐγκύμων
437 1498 610 1541 κυόμενος.

106 1541 404 1582 5-8-,νιι1ςιιῐεω
433 1541 635 1577 sententiam,
668 1541 814 1583 quamvis

0 1580 14 1596 '⁹
63 1581 125 1614 iter
148 1583 178 1615 ei
204 1583 388 1615 faciendum
415 1584 457 1615 sit
483 1595 538 1627 per
561 1586 633 1616 loca
654 1585 812 1627 periculo-

0 1629 11 1644 ’ν
63 1626 202 1663 sissima,
213 1626 308 1658 docte
317 1627 493 1658 exornavit.
529 1628 646 1668 Syrtes,
658 1629 728 1659 loca
737 1629 811 1669 Syr·

63 1667 150 1701 tibus
166 1669 220 1712 (h.
233 1679 263 1701 e.
277 1669 368 1701 vadis
391 1669 455 1701 illis
470 1670 612 1702 arenosis
627 1671 659 1702 in
681 1670 760 1701 mari
775 1670 814 1701 ad

3 1722 10 1735 1
63 1717 214 1744 extremae
246 1712 366 1744 Africae
398 1713 486 1750 litus,
518 1713 623 1749 hodie,
656 1713 748 1756 Galfe
778 1715 815 1744 de

62 1755 158 1787 Sidra
201 1762 229 1787 et
269 1755 386 1795 Gabes)
425 1757 624 1798 adjacentia3
670 1755 815 1787 similiter

65 1797 146 1831 Hor.
169 1797 230 1831 inf.
251 1798 286 1834 ii,
307 1799 362 1836 20,
385 1800 438 1835 15,
460 1810 514 1842 per
537 1800 640 1840 Syrtes
664 1799 814 1835 Gaetulaa

64 1846 98 1872 et
122 1841 213 1883 Virg-
240 1842 321 1873 AEn.
342 1841 384 1872 iv.
408 1843 462 1878 41,
491 1853 547 1884 per
570 1843 691 1883 Syreem
715 1843 814 1873 inhos-

0 1904 1 1908 =
60 1885 174 1924 pitam,
207 1890 355 1916 extremae
391 1879 511 1916 Africae
545 1895 617 1916 oras
654 1885 813 1926 designat.

65 1927 234 1966 AEstaasatt,
249 1928 290 1959 ob
305 1937 432 1959 arenam
452 1938 472 1959 a
491 1928 568 1960 solis
590 1934 670 1960 aestu
693 1928 737 1959 ibi
754 1928 814 1959 fer-

67 1975 191 2002 ventem
204 1982 215 2010 ;
242 1970 289 2002 sic
312 1970 440 2014 Jupiter
465 1972 623 2002 Hammon
646 1971 687 2001 ab
711 1981 816 2002 arenae

0 2038 5 2053 ,ι
65 2018 142 2045 oestu
167 2013 202 2045 in'
232 2013 348 2055 Libya,
373 2014 430 2045 ubi
458 2013 530 2056 ejus
560 2013 713 2056 templum
744 2013 815 2049 suit,

65 2055 153 2105 apud
175 2057 300 2089 catull.
323 2056 380 2092 vii,
405 2058 438 2092 5,
459 2066 602 2088 aeszunsus
624 2057 763 2093 dicitur3
786 2063 818 2088 et

7 2109 9 2118 ¹
65 2109 113 2131 stc
134 2100 223 2143 apud
241 2099 379 2131 eundem
402 2099 480 2138 xlvi,
500 2102 532 2136 5,
552 2101 655 2131 Νὶοιεα
678 2106 817 2131 aestuosa.

64 2141 284 2183 Ῐηὶεωρίιαὶεηι
330 2143 513 2180 Caucasum,
553 2149 692 2174 montem
737 2141 819 2174 inter

66 2184 131 2218 cas
153 2185 218 2217 inm
235 2193 268 2218 et
281 2196 367 2217 mare
382 2186 516 2227 Nigrum
533 2186 640 2223 situm,
655 2185 724 2227 qui,
741 2186 819 2227 quia

0 2237 13 2269 ‚¹
65 2228 108 2260 ob
140 2239 277 2265 eratum,
293 2239 367 2272 quae
386 2228 432 2260 ibi
452 2229 587 2260 latibula
611 2239 670 2260 sua
686 2229 816 2264 habent,

0 2284 14 2305 ³·
63 2269 296 2304 immanitatem
311 2278 344 2304 et
364 2272 507 2304 locorum
525 2271 703 2303 vastitatem
725 2271 818 2302 inha-

13 2336 18 2339 -
65 2314 210 2347 bit-bilis
221 2321 281 2351 est.
291 2315 453 2356 eleganter
463 2317 652 2355 inhospitalis
663 2316 815 2357 (ἄξενος,

14 2383 15 2390 ,
73 2357 88 2368 ”
160 2370 210 2396 ος,
251 2357 504 2402 ἀπάνθρωπος,
550 2358 664 2390 .²Esch.
709 2358 817 2389 Ptom.

18 2418 22 2430 s
51 2399 128 2442 ¹19)
150 2401 280 2434 dicitur.
311 2401 380 2433 >Vel
400 2413 465 2443 qnoe
494 2403 569 2438 loca,
595 2412 663 2443 pro,
687 2401 735 2432 vel
762 2411 817 2443 per

181 2454 256 2486 quae
299 2450 377 2476 cett.
430 2444 599 2475 Fabulosus
644 2445 815 2485 Hydaspes,

17 2516 23 2526 t
65 2486 169 2519 ludim
199 2487 336 2519 fluvius:
367 2488 407 2520 τὸ
423 2487 591 2530 fabulosus
614 2487 748 2519 referunt
774 2487 815 2518 ad

67 2529 165 2566 miras
182 2529 391 2566 narrationes,
410 2541 484 2572 quae
504 2530 544 2562 de
561 2529 755 2561 immanibus
775 2530 816 2561 ad

66 2570 154 2606 hune
175 2573 309 2605 fluvium
334 2573 443 2605 bestiis
465 2579 496 2604 et
519 2573 680 2612 monstris,
706 2573 750 2604 uti
776 2573 815 2604 de

66 2620 135 2649 ton
185 2615 290 2651 ludia.
335 2616 629 2655 circumferuntur;
681 2616 818 2656 respexit

29 2690 37 2695 ,
68 2668 184 2703 mpe
206 2665 300 2703 poeta
321 2659 459 2695 fabulas,
478 2669 560 2701 quas
583 2669 668 2690 nunc
691 2660 817 2700 ignora-

22 2708 25 2714 s
50 2711 160 2734 -mnsz
184 2703 291 2734 lambit
305 2701 497 2745 exquisitius
511 2713 580 2744 pro,
598 2702 704 2734 alluit.

69 2769 73 2774 ,
115 2745 168 2783 10,
195 2746 246 2777 ll.
281 2745 376 2777 Ultra
405 2747 582 2787 terminum,
612 2745 644 2777 h.
673 2756 702 2777 e.
731 2753 820 2777 extra

23 2823 25 2825 ,
68 2788 251 2824 terminum.
267 2788 352 2820 intra
371 2799 468 2830 quem
490 2788 571 2819 alias
590 2787 820 2829 circumvagari

22 2851 25 2854 >
68 2831 192 2864 uolebat
219 2831 253 2862 in
282 2831 366 2863 silva
392 2831 532 2869 Sabi'ua3
562 2831 706 2862 animum
734 2831 819 2862 enim

26 2886 27 2891 ¹
68 2874 126 2917 qni
151 2875 221 2918 jam
248 2880 336 2906 totus
368 2874 402 2906 in
432 2873 637 2906 meditatione
671 2873 821 2906 carminis

26 2914 38 2950 J
68 2923 147 2956 ent,
169 2917 211 2949 ad
229 2916 313 2949 viam
336 2927 400 2949 uon
421 2918 610 2949 adverterat.
655 2917 746 2948 Curis
769 2929 817 2948 e:-

66 2961 194 3002 punitis.
227 2959 419 3003 exquisitius
452 2971 509 3003 pro
545 2959 684 3002 vulgari,
714 2960 820 2991 animo

26 3026 37 3043 χ
68 3002 275 3037 auk-olum
287 3009 323 3037 et
339 3004 488 3047 expedito
498 3015 508 3044 3
531 3002 577 3035 sic
594 3004 681 3047 apud
697 3003 820 3036 Catuli.

859 1455 946 1493 xxxi,
972 1456 1003 1491 7,
1024 1455 1050 1486 Ο
1072 1458 1148 1497 quid
1169 1458 1276 1488 solatis
1298 1465 1341 1488 est
1365 1459 1480 1490 beatius
1504 1462 1612 1492 curis!

859 1508 926 1540 pro,
951 1498 1057 1530 animo
1079 1500 1164 1531 curis
1185 1501 1301 1535 soluto.
1326 1501 1380 1531 ubi
1406 1501 1449 1532 cf.
1472 1513 1543 1544 quae
1570 1503 1611 1536 de

859 1541 918 1573 hoc
953 1542 1104 1584 loquendi
1141 1554 1256 1585 genere
1289 1543 1489 1576 notavimus:
1529 1546 1611 1578 adde

859 1585 996 1615 Mitsch.
1015 1586 1055 1616 ad
1072 1585 1102 1616 h.
1119 1585 1142 1616 l.

904 1629 1043 1659 13-16,
1068 1629 1167 1664 Quale
1177 1635 1365 1669 portentum,
1376 1631 1504 1672 qualem
1519 1642 1609 1663 mon-

859 1675 990 1702 strosam
1008 1671 1159 1702 belluam.
1203 1672 1347 1703 Daunias
1359 1684 1406 1704 sc.
1419 1679 1500 1705 terra
1513 1674 1610 1716 (γῆ),

859 1713 1014 1755 Appulia,
1031 1725 1104 1755 quae
1120 1714 1176 1745 inf.
1190 1714 1232 1749 iv,
1254 1716 1304 1753 14,
1318 1717 1373 1754 26,
1388 1727 1485 1758 regna
1500 1717 1611 1750 Dauni

859 1757 976 1796 Appuli
992 1762 1132 1788 vocatur.
1173 1757 1337 1795 militaris,
1347 1759 1518 1797 bellicosa3
1535 1770 1611 1791 narn

859 1799 983 1840 Appuli
1011 1806 1043 1830 et
1074 1799 1175 1830 Marsi
1205 1799 1351 1841 inprimis
1382 1801 1464 1832 inter
1484 1800 1612 1834 'milites

861 1842 1028 1873 Romanos
1054 1843 1168 1873 virtute
1191 1843 1308 1874 bellica
1330 1843 1474 1885 insignes
1499 1845 1608 1877 suere:

858 1885 901 1916 cf.
912 1884 1024 1921 infiiii,
1037 1887 1069 1921 5.
1081 1887 1115 1917 9.
1162 1886 1251 1916 Latis
1259 1888 1416 1924 asculetis,
1428 1887 1461 1917 h.
1476 1897 1505 1918 e.
1516 1889 1613 1920 vastis

858 1934 891 1958 et
919 1927 980 1959 late
1012 1927 1163 1970 porrectis
1195 1928 1386 1960 aesculorum
1415 1930 1612 1962 nemoribus.

860 1970 949 2001 Jubae
965 1972 1068 2006 tellus,
1085 1971 1294 2007 Mauritania,
1306 1983 1379 2013 quae
1391 1973 1489 2004 Jubae
1500 1973 1614 2005 ditioni

861 2013 1006 2055 subjecta
1022 2013 1091 2044 fuit.
1140 2014 1273 2045 Leonum
1288 2017 1380 2046 arida
1396 2018 1516 2052 nutrix,
1535 2016 1568 2047 h.
1582 2028 1613 2049 e.

862 2055 950 2087 arida
973 2056 1030 2100 illa
1050 2056 1146 2098 regio,
1164 2067 1237 2098 quae
1257 2057 1365 2088 leones
1383 2057 1528 2101 inprimis
1552 2070 1615 2091 nu-

862 2099 934 2130 trit:
961 2102 1000 2131 τὸ
1021 2102 1112 2130 arida
1136 2100 1331 2131 referendum
1351 2100 1389 2131 ad
1411 2108 1500 2133 terrae
1522 2109 1614 2133 natu-

862 2152 941 2177 ram,
963 2153 1036 2184 quae
1059 2142 1134 2174 solis
1155 2143 1264 2175 ardore
1285 2150 1409 2179 exusta,
1432 2145 1560 2181 torrida,
1583 2151 1615 2177 et

860 2187 1029 2222 siticulosa,
1063 2191 1098 2216 ut
1120 2185 1179 2216 inf.
1205 2187 1307 2229 Epod.
1337 2188 1369 2222 3,
1398 2188 1450 2223 16,
1476 2190 1614 2227 Appulia

863 2235 1006 2264 vocatur,
1030 2227 1103 2259 suit.
1151 2229 1272 2260 Nutrix
1303 2230 1444 2260 leonum:
1470 2230 1618 2263 similiter

863 2271 1003 2313 Phrygia
1021 2271 1200 2314 θρέπτειρα
1221 2272 1372 2304 λεόντων
1386 2273 1567 2315 appellatur
1581 2275 1615 2306 in

861 2314 963 2346 Anth.
995 2315 1101 2346 Graec.
1133 2316 1194 2358 Ep.
1226 2315 1368 2348 Ἀδεσπ.
1399 2327 1547 2353 οωωιιν,
1585 2319 1616 2356 1,

859 2357 897 2389 T.
913 2357 956 2394 iv,
972 2369 1007 2400 p.
1026 2359 1097 2389 152.

907 2402 1048 2432 17—20.
1076 2401 1187 2432 Nexus
1213 2405 1246 2431 et
1270 2411 1406 2432 sensus:
1439 2402 1615 2434 certissime

859 2442 957 2484 igitur
979 2443 1018 2474 de
1043 2443 1209 2484 singulari,
1233 2454 1299 2485 qua
1326 2444 1371 2475 dii
1393 2455 1443 2475 me
1467 2445 1553 2487 pium
1583 2452 1616 2477 et

860 2486 1064 2518 innocentem
1086 2492 1209 2529 poetam
1233 2493 1374 2524 tuentur,
1388 2497 1465 2518 cura
1483 2499 1614 2530 persua·

860 2540 928 2568 sus,
944 2530 977 2560 in
993 2529 1211 2561 desertissimis
1227 2536 1316 2561 terrae
1338 2529 1531 2571 regionibus,
1547 2531 1615 2564 sive

860 2571 893 2603 in
909 2583 988 2604 zona
1002 2573 1126 2614 frigida,
1140 2572 1205 2604 sive
1221 2572 1254 2603 iu
1270 2583 1348 2604 zona
1363 2573 1491 2610 torrida,
1503 2585 1615 2606 securo

861 2615 968 2647 animo
985 2617 1146 2647 amoribus
1160 2616 1239 2647 meis
1254 2626 1367 2647 vacare
1387 2623 1509 2658 potero.
1558 2618 1615 2648 Pi-

860 2662 928 2700 gris
943 2661 997 2690 ubi
1013 2661 1102 2690 nulla
1115 2661 1228 2699 campis
1239 2665 1315 2690 cett.
1324 2660 1469 2701 sequitur
1480 2659 1615 2702 primum

852 2701 1001 2745 frigidae‚
1031 2702 1147 2734 deiude
1173 2704 1297 2733 torridae
1329 2714 1407 2733 zcmoe
1432 2702 1615 2745 descriptio,

864 2755 998 2787 quarum
1015 2745 1115 2777 altera
1129 2745 1169 2775 ob
1186 2745 1320 2776 nimium
1338 2745 1448 2786 frigus,
1466 2746 1566 2777 altera
1575 2748 1616 2778 ob

864 2788 998 2820 nimium
1021 2789 1098 2819 solis
1121 2788 1263 2819 ardorem
1287 2789 1327 2819 ab
1350 2788 1532 2820 hominibus
1554 2799 1617 2821 non

864 2831 1001 2863 habitari
1032 2841 1126 2874 posse
1155 2831 1339 2874 putabatur.
1393 2832 1547 2863 Veterum
1577 2833 1617 2863 de

863 2874 1008 2916 quinque
1032 2874 1118 2906 zonis
1142 2874 1323 2916 opinionem
1349 2874 1389 2905 ad
1417 2875 1617 2915 elegantissi-

862 2928 948 2948 mam
984 2928 1093 2950 earum
1123 2917 1370 2960 descriptionem
1403 2917 1489 2959 apud
1522 2917 1614 2958 Virg.

865 2961 944 2992 Geo.
970 2960 991 2997 i,
1023 2961 1100 2996 233,
1125 2961 1219 2991 docte
1241 2966 1273 2991 et
1299 2967 1446 2991 accurate
1471 2959 1617 3000 exposuit

865 3003 1023 3035 Vossius:
1055 3003 1099 3035 cf.
1126 3002 1249 3035 Tibull.
1274 3002 1319 3040 iv,
1349 3005 1378 3034 1.
1410 3003 1488 3042 1533
1522 3001 1617 3034 Ovid.
