1904 3314
368 183 451 224 524

481 285 598 332 Quid
621 285 749 326 dem?
781 285 883 339 quid
905 300 989 326 non
1010 287 1139 327 dem?
1170 285 1336 327 Renuis
1358 291 1418 333 tu,
1440 282 1555 337 quod
1571 283 1696 337 jubet
1715 280 1844 331 alter3
1898 343 1899 346 Ἴ

857 182 1379 225 EPISTOLARUM

482 350 613 396 Quod
634 351 759 404 petis,
782 351 826 391 id
848 365 946 392 sane
967 359 1033 392 est
1052 352 1232 392 invisum
1253 351 1506 403 acidumque
1527 349 1713 390 duobus.

398 415 455 456 65
485 415 650 456 Praeter
670 422 826 465 cetera,
847 431 914 456 me
935 416 1141 457 Romaene
1161 423 1356 470 poemata
1377 429 1523 456 censes

483 481 681 521 Scribere
701 497 846 535 posse,
868 483 978 523 inter
998 490 1063 523 tot
1082 497 1207 524 curas
1229 489 1378 536 totque
1399 481 1595 522 labores?
1803 503 1825 525 0

485 547 572 587 Hic
594 561 796 600 sponsum
814 555 950 597 vocat,
972 548 1042 589 hic
1063 549 1252 589 auditum
1276 548 1447 601 scripta,
1469 546 1626 587 relictis

486 613 698 654 Omnibus
719 613 888 663 officiis3
921 615 1050 655 cubat
1069 614 1138 654 hic
1159 615 1201 654 in
1221 613 1326 654 colle
1349 613 1534 661 Quirini,

485 678 571 719 Hic
590 685 780 719 extremo
800 680 843 719 in
865 678 1093 728 Aventino,
1111 680 1311 720 visendus
1328 687 1531 732 uterque;

401 746 455 786 ΤΟ
485 744 710 785 Intervalla
730 745 848 785 vides
865 745 1048 786 humane
1066 746 1299 786 commoda.

1359 744 1524 786 Verum

486 810 614 851 Purae
635 819 732 852 sunt
753 811 920 866 plateae,
942 811 1047 852 nihil
1064 818 1109 852 ut
1128 811 1430 852 meditantibus
1451 811 1606 851 obstet.

377 944 473 980 caput
486 944 518 970 et
532 938 614 970 circa
635 940 718 970 latus
742 940 867 978 saliant,
882 946 1050 981 tantusque
1072 940 1104 970 in

377 981 481 1021 platea
496 981 535 1010 sit
549 981 695 1022 strepitus
716 988 808 1023 atque
829 983 992 1017 tumultus,
1010 989 1046 1012 ut
1068 982 1105 1011 li-

378 1023 449 1053 bero
467 1022 571 1052 animo
593 1022 782 1054 carminibus
802 1023 974 1054 scribendis
995 1033 1105 1054 vacare

375 1073 437 1094 non
454 1063 562 1104 possit.

423 1107 476 1136 55.
490 1105 632 1145 Singula,
649 1115 746 1135 unum
763 1111 834 1147 post
845 1106 987 1136 alterum.
1018 1106 1108 1136 Nobis

380 1149 454 1176 anni
467 1148 638 1186 praeda'nter
651 1154 774 1183 euntes,-
800 1147 872 1178 hinc
887 1157 956 1188 sup.
972 1146 1072 1188 Epist.
1087 1147 1108 1184 i,

385 1189 413 1225 l,
437 1190 469 1223 4,
490 1188 559 1218 Non
578 1194 647 1218 aetas
662 1190 774 1226 eodem,
787 1201 843 1219 non
857 1199 956 1225 mens‚·
982 1189 1045 1219 Od.
1063 1189 1105 1224 iv,

383 1231 413 1264 l,
429 1230 460 1264 3,
477 1229 546 1259 Non
560 1240 635 1264 sum,
651 1231 746 1270 qualis
760 1242 840 1260 eram
859 1231 937 1260 bomr
951 1232 1003 1260 sub
1018 1241 1108 1271 regno

382 1272 522 1306 (Τίνων-α’,-
551 1270 642 1311 Virg.
672 1272 743 1302 Ecl.
767 1271 812 1308 ix,
835 1273 887 1307 51,
915 1273 1022 1303 Omnia
1062 1274 1108 1303 ‘ert

381 1312 515 1352 (aufert)
530 1320 622 1349 atas5
646 1313 771 1344 Platon.
790 1315 850 1354 Ep.
873 1313 947 1350 xix3
972 1314 1039 1344 Ant
1061 1314 1105 1344 ol.

381 1355 487 1385 Graec.
515 1355 553 1384 T.
580 1354 602 1390 i,
627 1365 659 1395 p.
692 1356 764 1390 106,
786 1355 836 1385 ed.
863 1355 990 1385 JacobS.
1017 1354 1105 1386 Αίὼν

379 1395 495 1427 πάντα
518 1394 614 1436 φέρει.
658 1396 782 1431 Eumes,
810 1396 876 1427 sine
900 1406 982 1426 mora
1006 1403 1105 1427 trans-

380 1443 510 1468 euntes:
532 1437 649 1467 Tibull.
665 1438 687 1471 i,
704 1439 735 1473 4,
751 1439 805 1473 28,
825 1438 890 1468 Non
906 1444 964 1467 stat
979 1445 1102 1469 ‘rement-

379 1491 435 1518 que
458 1481 538 1516 (ᾖσε,-
566 1478 621 1509 inf.
644 1479 678 1509 in
697 1479 799 1520 Epist.
822 1479 860 1509 ad
887 1479 953 1510 Pis.
978 1490 1006 1512 v.
1030 1481 1104 1516 176,

381 1521 484 1551 stIulta
499 1522 664 1551 recedentes
680 1521 789 1562 (anni)
806 1523 956 1551 adimunt.

422 1563 476 1593 57.
510 1563 648 1592 Tendunt
679 1570 847 1602 extorquere
870 1568 1014 1601 poemata,
1038 1571 1109 1602 poe-

380 1610 462 1634 mata
489 1603 644 1634 scribendi
665 1603 866 1634 facultatibus
886 1614 934 1634 me
955 1604 1107 1645 privatum

377 1650 465 1676 eunt.
513 1646 595 1679 Quid
631 1645 726 1675 eciam
748 1647 814 1676 vis?
836 1645 911 1686 quid
935 1655 984 1675 me
1009 1645 1108 1675 susci-

380 1697 462 1727 pere,
477 1687 526 1717 vel
544 1696 606 1727 qua
619 1697 636 1716 e
651 1687 822 1717 carminum
843 1697 941 1727 genus
960 1697 1008 1717 me
1030 1692 1108 1717 trac-

379 1734 442 1759 tare
464 1728 578 1769 jubes'!
603 1728 675 1758 hinc
699 1739 731 1759 v.
755 1730 808 1763 63,
834 1730 916 1763 Quid
940 1730 1017 1763 dem,
1035 1730 1108 1768 quid

379 1781 437 1800 non
452 1773 516 1801 dem
528 1772 540 1800 ἶ)

421 1813 473 1842 59.
499 1813 650 1848 Carmine,
668 1812 780 1853 Lyrico
795 1812 843 1842 vel
860 1811 968 1853 Epico.

422 1854 474 1883 60.
491 1854 610 1884 Bioneis
623 1856 821 1884 sermonibus:
846 1853 984 1894 intellige
999 1853 1107 1883 satiras

381 1894 606 1930 acerbissimas,
625 1906 703 1936 quas
719 1895 876 1937 scripsisse
897 1895 1012 1926 dicitur
1030 1895 1107 1925 Bion

380 1936 586 1977 Borysthenes,
602 1937 804 1978 philosophus
820 1937 1023 1978 Cyrenaicus:
1044 1937 1107 1967 vid.

380 1979 485 2008 Laert.
499 1978 541 2015 iv,
556 1980 693 2009 46—58.
725 1979 834 2020 Nigro,
849 1979 927 2010 refer
941 1978 978 2009 ad
995 1978 1106 2013 satirae,

379 2029 440 2060 qua
461 2019 530 2060 quis
569 2020 742 2057 erfricatur,
757 2021 977 2059 acerbitatem3
999 2020 1107 2051 eodem

379 2071 471 2092 sensu
490 2062 550 2091 Arc
576 2061 669 2092 ilochi
691 2072 796 2093 versus
812 2073 882 2104 sup.
900 2062 999 2103 Epist.
1019 2062 1040 2098 i,
1059 2063 1107 2099 19,

379 2104 398 2133 3
413 2102 560 2133 dicuntur
569 2105 643 2133 atri.

422 2145 473 2175 61.
493 2144 563 2174 Tres
575 2146 646 2174 mihi
657 2146 794 2181 convivae,
805 2150 878 2175 cett.
906 2144 960 2175 Illi
971 2145 1108 2185 quidem,

379 2186 434 2227 qui
448 2185 577 2216 diversis
586 2186 757 2216 carminum
775 2185 937 2225 generibus
949 2186 1107 2217 delectan-

381 2234 441 2262 tur,
458 2238 551 2269 prope
569 2227 644 2257 mihi
662 2228 823 2258 dissentire
841 2227 994 2262 videntur,
1012 2228 1108 2258 veluti

381 2275 442 2300 tres
463 2269 611 2306 convivae,
632 2275 706 2300 cett.
751 2270 801 2300 De
823 2269 935 2299 omissa
953 2269 1108 2311 particula

380 2310 620 2352 comparationis
636 2311 697 2341 vid.
712 2321 781 2352 sup.
798 2311 836 2341 ad
853 2321 881 2341 v.
896 2313 926 2341 8.

423 2354 475 2384 64.
499 2353 642 2388 Invisum,
658 2352 824 2393 injucundi
840 2353 967 2394 saporis.

423 2395 476 2426 65.
523 2394 636 2424 Praeter
664 2402 773 2429 cetera,
800 2405 862 2435 prae
889 2394 998 2426 ceteris
1027 2393 1108 2430 aliis,

381 2442 453 2467 ante
481 2436 595 2470 omnia,
621 2437 796 2477 praecipue;
819 2437 863 2467 sic
885 2438 965 2467 inter
987 2444 1107 2475 cuncta,

381 2488 451 2520 sup.
467 2477 568 2519 Epist.
584 2478 605 2513 i,
622 2480 671 2515 18,
687 2480 739 2510 96.

423 2520 562 2550 67—70.
586 2520 646 2550 Hic
666 2531 801 2559 sponsum
822 2527 916 2556 vocat,
937 2526 1010 2551 cett.
1028 2520 1108 2550 alius

381 2572 431 2593 me
450 2566 552 2596 vocat.
572 2567 617 2597 ut,
640 2562 755 2592 relictis
773 2562 863 2592 rebus
880 2562 1036 2597 omnibus,
1054 2572 1109 2603 pro

379 2613 417 2634 eo
451 2613 598 2645 sponsum
632 2605 784 2645 (spondet,
813 2603 868 2644 qui
900 2603 1110 2634 vadimonium

381 2643 542 2687 suscipit),
558 2645 649 2680 alius,
665 2650 700 2676 ut
709 2645 835 2687 scripta,
845 2656 915 2686 quae
926 2646 1110 2677 recitaturus

379 2691 438 2721 est,
454 2687 595 2717 auditum
610 2686 743 2717 veniam.

424 2729 476 2760 68.
501 2729 610 2764 Gabar,
633 2734 778 2768 aegrotat:
804 2728 867 2760 vid.
890 2740 961 2771 sup.
986 2730 1025 2759 ad
1046 2730 1110 2760 Sat.

382 2771 403 2809 i,
418 2771 450 2805 9,
469 2771 520 2801 18.

426 2813 477 2847 70,
503 2813 555 2842 71.
584 2812 750 2843 Intervalla
773 2814 851 2843 vides
877 2813 1004 2842 humane
1029 2824 1104 2843 com·

382 2856 477 2885 moda.
505 2855 583 2885 Haec
595 2855 700 2888 verba,
711 2865 780 2894 quae
790 2854 921 2884 multum
934 2854 1048 2894 negotii
1060 2855 1105 2884 fa-

381 2896 572 2928 cessiverunt
599 2895 828 2938 interpretibus,
850 2895 1036 2938 explicanda
1058 2896 1105 2926 vi-

1147 941 1259 970 dentur
1288 940 1354 970 sic:
1396 938 1483 971 vides
1517 936 1680 969 intervalla
1711 935 1874 968 commoda

1147 981 1291 1012 videlicet
1325 981 1470 1012 humanis
1506 979 1642 1010 viribus!
1683 977 1873 1010 contrarium

1147 1023 1242 1063 igitur
1256 1032 1309 1064 per
1322 1022 1450 1052 ironiam
1467 1021 1704 1062 intelligendum
1717 1024 1764 1050 eet
1773 1029 1783 1056 ;
1806 1018 1874 1048 Ho-

1150 1064 1245 1094 ratius
1267 1064 1349 1094 enim
1374 1063 1441 1094 sine
1464 1061 1559 1093 dubio
1581 1061 1751 1103 exprimere
1775 1059 1876 1091 voluit

1151 1105 1222 1140 hoc,
1245 1105 1333 1136 vides
1349 1104 1513 1135 intervalla
1531 1102 1663 1134 molesta
1682 1111 1757 1133 sane
1774 1106 1807 1132 et
1824 1100 1874 1131 in-

1152 1147 1312 1177 commoda
1329 1146 1444 1176 bomini
1456 1145 1535 1175 viam
1546 1145 1627 1175 inter
1640 1143 1752 1175 collem
1768 1142 1874 1179 Quiri-

1148 1198 1222 1218 num
1249 1194 1281 1218 et
1306 1189 1498 1219 Aventinum
1525 1185 1702 1217 emetienti:
1734 1185 1872 1221 humane,

1148 1241 1202 1270 per
1217 1229 1346 1259 ironiam
1361 1240 1369 1266 3
1396 1229 1524 1261 Vossius
1542 1228 1642 1263 vertit,
1657 1238 1713 1258 oon
1732 1227 1874 1256 hiibseher

1151 1272 1413 1301 Genrtichlichkeit.
1466 1271 1580 1301 Restat
1605 1275 1710 1300 tamen
1737 1267 1771 1298 in
1799 1278 1875 1299 voce

1148 1314 1275 1343 humane
1292 1313 1410 1360 aliquid
1428 1311 1614 1346 insolentiae,
1635 1320 1730 1351 quam
1749 1309 1801 1340 vix
1819 1309 1873 1340 tri·

1147 1355 1225 1385 buas
1251 1355 1389 1385 Horatio.
1433 1352 1523 1384 Dixit
1543 1352 1596 1383 ine
1619 1363 1650 1383 v.
1670 1353 1724 1387 65,
1747 1362 1792 1382 me
1812 1351 1873 1382 Ro-

1150 1407 1239 1427 mame
1260 1402 1392 1435 poemata
1415 1405 1510 1426 censes
1527 1395 1662 1425 Scribere
1678 1403 1770 1434 posse,
1793 1394 1875 1423 inter
1896 1411 1898 1413 >

1150 1443 1190 1467 tot
1206 1449 1295 1468 curas
1310 1445 1408 1477 totque
1424 1437 1558 1466 labores?
1579 1436 1618 1466 In
1633 1441 1767 1466 mentem
1781 1433 1875 1474 igitur

1150 1479 1225 1508 mihi
1254 1479 1409 1514 veniebat,
1439 1477 1601 1508 Horatium
1627 1477 1754 1508 sortasse
1777 1475 1876 1517 scrip·

1152 1520 1237 1558 sisse,
1267 1521 1435 1550 Intervalla
1469 1521 1549 1550 vides
1579 1519 1712 1549 Romano
1743 1518 1875 1559 (Romae

1561 1561 1608 1592 vel
1642 1570 1715 1591 cum
1745 1560 1874 1590 iuterro-

1519 1604 1597 1634 vides
1634 1602 1766 1632 Romano
1798 1613 1875 1632 com-

1154 1562 1286 1601 viventi)
1317 1563 1496 1592 incommoda
1508 1572 1518 1598 3

1153 1604 1287 1644 gatione,
1318 1604 1484 1634 Intervalla

1151 1647 1257 1675 moda?
1282 1646 1408 1679 videsne
1435 1645 1601 1675 intervalia
1627 1644 1738 1675 Romae
1760 1643 1877 1675 viventi

1151 1687 1335 1717 commoda!
1383 1687 1490 1716 Verum
1526 1686 1617 1717 Pure
1655 1691 1725 1716 siant
1759 1686 1875 1725 platee,

1151 1735 1225 1759 cett.
1270 1730 1341 1760 Jam
1365 1729 1413 1759 vel
1439 1729 1564 1759 Florum
1586 1727 1636 1758 vel
1658 1736 1877 1768 quemcunque

1152 1770 1245 1800 alium
1271 1781 1319 1801 res
1362 1770 1505 1801 ndentem
1526 1769 1664 1800 inducit:
1689 1769 1807 1800 Verum
1826 1768 1875 1799 via

1150 1811 1182 1842 in
1199 1812 1310 1853 plateis
1336 1813 1419 1843 ibere
1434 1817 1528 1852 patet,
1543 1816 1580 1842 ut
1595 1809 1778 1851 neutiquam
1797 1821 1876 1852 prze-

1150 1854 1336 1884 tereuntium
1358 1853 1573 1884 meditationes
1592 1852 1875 1893 interrumpuntur:

1147 1896 1254 1934 pluteoe
1279 1906 1376 1935 puroe,
1401 1900 1538 1937 purgatae
1561 1895 1612 1926 vel
1637 1893 1742 1925 liberte
1771 1894 1812 1924 ab
1839 1893 1877 1925 iis

1151 1947 1222 1977 quae
1250 1937 1332 1967 viam
1362 1935 1620 1978 praetereuntibus
1648 1935 1873 1977 intersepiunt:

1150 1990 1246 2017 purus
1272 1986 1299 2010 et
1323 1986 1427 2018 patens
1451 1988 1581 2018 campus,
1607 1977 1679 2008 Liv.
1705 1977 1790 2015 xxiv,
1814 1978 1875 2016 14;

1154 2020 1242 2061 Virg.
1266 2022 1343 2051 AEn.
1364 2019 1419 2055 xii,
1437 2021 1510 2058 771,
1527 2031 1604 2059 puro
1619 2025 1655 2050 ut
1672 2026 1786 2058 possent
1805 2030 1875 2050 con·

1150 2073 1271 2093 currere
1295 2074 1405 2101 campo.
1451 2061 1509 2093 Vir
1537 2061 1754 2093 celeberrimus
1781 2060 1876 2092 Mits-

1150 2103 1334 2134 cherlichius
1354 2104 1386 2134 in
1407 2104 1583 2134 Comment.
1607 2102 1710 2134 Acad.
1731 2102 1877 2144 Gotting-

1154 2146 1247 2181 1825,
1265 2157 1297 2187 p.
1315 2148 1334 2176 6
1350 2153 1382 2176 et
1394 2147 1425 2180 7,
1440 2145 1603 2176 lectionem
1619 2146 1746 2176 humane
1759 2150 1794 2176 ut
1806 2156 1875 2176 oon-

1149 2198 1258 2227 gruam
1276 2187 1439 2217 Latinitati
1452 2194 1480 2217 et
1493 2189 1616 2228 dignam
1632 2187 1758 2218 Horatio
1770 2187 1878 2218 defen-

1149 2228 1284 2259 dendam
1301 2229 1533 2270 suscepit,dum
1545 2230 1672 2259 humane
1685 2229 1801 2260 dictum
1811 2238 1879 2259 esse

1151 2275 1294 2300 autumat
1321 2281 1386 2312 pro,
1416 2271 1613 2301 humanitatis
1636 2273 1754 2311 aegrmis
1775 2273 1877 2301 amicis

1146 2313 1322 2351 praestandae
1343 2313 1460 2342 ratione
1483 2313 1597 2342 habita.
1638 2312 1698 2342 Sed
1718 2312 1801 2343 hanc
1822 2321 1878 2343 ex-

1149 2353 1348 2394 plicationem
1372 2363 1432 2383 non
1460 2353 1614 2384 sententia
1637 2358 1757 2384 tantum
1780 2363 1876 2395 quam

1151 2395 1202 2425 hic
1233 2395 1321 2425 locus
1350 2395 1498 2436 postulat,
1524 2396 1579 2426 sed
1601 2394 1694 2426 etiam
1723 2394 1878 2426 Latinitas

1149 2438 1242 2478 plane
1266 2438 1391 2477 respuit.
1435 2437 1494 2467 Est
1513 2443 1546 2468 et
1566 2442 1672 2468 manet
1694 2437 1798 2474 lectio,
1818 2438 1876 2468 hu-

1149 2490 1245 2513 mane,
1262 2484 1405 2519 corrupta
1419 2484 1451 2509 et
1465 2479 1643 2520 depravata,
1657 2489 1696 2510 ex
1715 2488 1779 2520 qua
1792 2488 1875 2510 com-

1150 2521 1260 2551 modus
1277 2530 1385 2550 sensus
1399 2530 1438 2551 ne
1458 2519 1587 2551 extundi
1602 2520 1742 2562 quidem,
1761 2519 1877 2552 nedum

1151 2562 1236 2598 elici,
1265 2567 1379 2604 potest.
1432 2562 1576 2594 Profecto
1605 2568 1668 2593 tam
1695 2562 1876 2598 insolenter,

1153 2609 1216 2634 tam
1244 2606 1386 2639 obscure,
1415 2609 1478 2635 tam
1504 2603 1650 2646 perplexe
1670 2614 1734 2635 non
1755 2604 1879 2646 scripsit

1154 2645 1315 2676 Horatius.
1360 2644 1445 2676 Hinc
1459 2656 1517 2687 ego
1533 2655 1587 2688 pro
1605 2646 1734 2677 humane
1750 2646 1878 2678 fortasse

1157 2688 1286 2718 Romano
1301 2687 1467 2727 legendum
1481 2697 1550 2719 esse
1563 2687 1788 2728 conjectabam.
1815 2687 1878 2719 Sed

1154 2729 1220 2760 haec
1235 2739 1360 2770 quoque
1373 2729 1555 2776 conjectura
1571 2739 1656 2760 nunc
1675 2729 1751 2760 mihi
1766 2729 1876 2770 displi-

1153 2781 1221 2802 cere
1245 2771 1353 2812 coepit.
1401 2771 1571 2802 Videamus
1593 2770 1601 2800 i
1627 2771 1634 2776 '
1652 2781 1697 2807 ur,
1718 2781 1758 2802 an
1781 2771 1877 2813 hujus

1151 2812 1211 2843 loci
1231 2812 1412 2854 corruptelae
1432 2813 1565 2843 remedio
1584 2777 1702 2854 affluo,
1717 2812 1791 2844 licet
1809 2813 1874 2844 vio-

1148 2855 1288 2891 lentiore,
1304 2859 1407 2885 tamen
1420 2853 1603 2892 efficaciore,
1616 2855 1756 2886 succurri
1771 2855 1877 2897 possit.

1151 2896 1312 2933 Horatius,
1333 2893 1352 2927 a
1371 2895 1463 2928 Floro
1485 2896 1525 2928 ad
1542 2896 1692 2935 carmina,
1711 2897 1786 2928 dum
1807 2897 1874 2928 Ro-
