1904 3314
325 202 410 243 464

816 202 1338 244 EPISTOLARUM

874 397 1189 439 EPISTOLA
1220 399 1277 440 X.

757 536 826 566 AD
862 537 1074 567 FUSCUM
1108 537 1392 568 ARISTIUM.

438 641 581 682 URBIS
601 647 829 682 amatorem
852 640 1037 680 Fuscum
1058 640 1217 681 salvere
1232 642 1434 694 jubemus

435 707 569 748 Ruris
591 713 813 754 amatores,
834 706 914 747 hac
936 707 979 746 in
999 722 1044 747 re
1067 707 1226 748 scilicet
1245 722 1331 748 una

436 773 624 814 Multum
644 772 882 821 dissimiles,
903 773 958 812 ad
979 779 1121 813 cetera
1140 787 1261 826 paene
1282 766 1462 826 gemelli,

436 838 653 879 Fraternis
674 838 834 888 animis,
857 838 1059 890 quicquid
1080 845 1208 892 negat
1228 838 1348 886 alter,
1369 845 1412 878 et
1432 837 1560 886 alte1·;

379 905 406 943 5
435 902 674 944 Annuimus
693 904 852 956 pariter
873 902 1002 943 vetuli
1022 904 1195 956 notique
1217 903 1414 944 columbi.

436 969 509 1010 Tu
529 970 674 1010 nidum
695 983 854 1017 servas,
875 983 956 1022 ego
975 968 1104 1009 laudo
1124 969 1234 1008 ruris
1255 969 1410 1010 amoeni

433 1036 583 1084 Rivos,
605 1042 649 1075 et
669 1048 813 1075 musco
833 1033 1066 1075 circumlita
1087 1048 1201 1082 saxa,
1223 1048 1470 1087 nemusque.

435 1101 555 1147 Quid
575 1101 762 1154 quaeris?
793 1101 886 1140 vivo
906 1106 949 1140 et
969 1113 1116 1152 regno,
1139 1099 1260 1139 simul
1279 1100 1361 1140 ista
1380 1098 1547 1152 reliqui,

435 1167 546 1213 Quae
566 1181 639 1207 vos
662 1167 716 1206 ad
736 1165 891 1206 coelum
911 1165 1071 1205 effertis
1092 1179 1260 1205 rumore
1281 1165 1484 1213 seeundo,

354 1234 405 1274 10
435 1232 581 1286 thue
602 1232 833 1273 sacerdotis
855 1230 1057 1284 fugitivus
1077 1230 1176 1279 liba,
1197 1245 1371 1271 recuso:

434 1299 551 1340 Pane
572 1295 693 1353 egeo}
708 1299 797 1352 jam
819 1296 983 1338 mellitis
1005 1297 1171 1350 potiore
1191 1296 1411 1349 placentis.

544 1427 765 1458 EPISTOLA
789 1427 830 1456 X.

366 1468 454 1499 Dum
471 1469 619 1499 Horatius
633 1468 665 1499 in
681 1469 739 1499 hac
756 1467 895 1508 epistola,
911 1477 943 1498 se
955 1466 1051 1496 vitam

322 1510 470 1540 rusticam
486 1510 558 1540 vitae
572 1511 712 1547 urbanae,
727 1509 791 1541 sive
807 1509 877 1539 vitae
898 1508 1050 1549 simplici-

323 1556 419 1582 tatem
445 1557 571 1583 externo
605 1551 760 1593 splendori
790 1551 882 1591 longe
913 1551 1052 1590 praeferre

347 1593 492 1628 rofitetur,
517 1593 548 1623 in
573 1594 631 1624 hac
655 1604 719 1624 una
741 1603 772 1623 re
799 1593 839 1622 ab
867 1591 967 1621 amico
994 1601 1050 1621 suo

353 1644 436 1670 usco,
454 1634 539 1665 urbis
561 1640 708 1670 amatore,
728 1645 760 1666 se
780 1633 955 1674 discrepare
977 1632 1051 1663 seri-

322 1674 378 1706 bit.
422 1675 473 1706 Ad
505 1675 657 1706 Aristium
694 1677 841 1712 Fuscum,
874 1674 1051 1714 grammati-

323 1727 407 1751 cum.
423 1722 557 1758 poetam,
573 1723 603 1748 et
620 1723 778 1754 oratorem,
795 1717 910 1757 scripta
926 1725 1052 1757 quoque

322 1764 371 1789 est
387 1759 458 1789 libri
472 1759 571 1799 prima
586 1760 645 1790 oda
659 1759 809 1800 vigesima
822 1758 974 1789 secunda.

368 1801 398 1835 l,
412 1802 442 1831 2.
470 1801 559 1831 Urbis
574 1801 874 1831 amatorem—Ruris
889 1807 1049 1830 amatores.-

321 1841 451 1882 pulchre
461 1842 520 1872 sibi
534 1843 719 1884 respondent
731 1842 896 1876 contraria,
908 1841 939 1871 in
952 1841 1051 1882 primo

324 1883 394 1914 loco
409 1883 539 1914 duorum
555 1883 722 1925 primorum
738 1894 881 1915 versuum
898 1883 1008 1924 posita.

366 1925 397 1954 3.
429 1926 503 1960 Pro,
530 1928 569 1955 ad
598 1932 695 1956 cetera
725 1925 825 1956 Codd.
854 1925 1050 1965 quorundam

322 1965 507 1996 auctoritate
536 1967 699 1997 Bentleius
725 1967 853 2008 recepit,
881 1973 914 1996 at
942 1973 1050 2000 cetera,

321 2007 406 2047 quod
435 2017 507 2037 vero
536 2008 575 2037 ad
604 2013 706 2039 cetera
735 2008 864 2038 attinet:
893 2017 955 2038 non
982 2017 1051 2037 raro

322 2054 417 2084 certe,
430 2053 465 2078 ut
475 2049 619 2090 exempla
630 2059 649 2079 a
662 2050 805 2080 Bentleio
822 2049 918 2079 allata
928 2050 1050 2086 docent,

319 2097 417 2120 cetera
431 2089 614 2131 simpliciter
627 2100 693 2131 pro,
705 2091 788 2131 quod
805 2091 843 2120 ad
860 2095 963 2121 cetera
978 2090 1049 2120 atti-

323 2138 387 2167 net,
417 2130 490 2173 poni
521 2131 609 2162 solet.
656 2132 794 2168 Gemelli,
823 2131 984 2168 simillimi,
1015 2138 1050 2162 ut

321 2183 392 2214 sup.
407 2174 472 2203 Sat.
486 2172 519 2208 ii,
528 2174 560 2210 3,
569 2173 643 2208 243,
655 2184 711 2211 par
723 2174 973 2214 nobilefrntrum,
987 2173 1047 2203 Ne-

321 2216 419 2254 quitia
439 2221 469 2244 et
484 2216 574 2254 nugis
589 2225 752 2254 pravorum
774 2221 802 2245 et
822 2225 919 2244 amore
940 2216 1048 2255 gemel-

320 2257 394 2286 lum.

363 2298 394 2328 4.
418 2297 446 2327 F
445 2298 574 2327 raternis
588 2298 714 2327 animis:
738 2295 856 2330 amicis,
871 2295 925 2337 qui
940 2295 1048 2327 intimo

321 2348 423 2369 amore
442 2349 475 2369 se
489 2338 621 2369 invicem
642 2339 900 2379 complectuntur,
908 2338 1049 2377 fraterni

319 2382 415 2410 animi
426 2380 603 2411 tribuuntur
615 2391 623 2418 ;
644 2385 674 2411 et
686 2380 758 2410 hinc
774 2379 891 2409 intimae
903 2379 1046 2410 amicitiae

321 2421 424 2452 foedus
448 2432 517 2463 sup.
537 2421 639 2463 Epist.
660 2423 690 2458 3,
705 2423 746 2453 35
755 2421 1048 2462 fraternum—simius

319 2462 444 2494 dicitur.
488 2463 530 2494 Et
543 2465 632 2501 alter,
647 2473 692 2493 sc.
709 2467 813 2503 negat.

361 2506 393 2535 5.
418 2506 588 2535 Annuimus
603 2507 737 2544 pariter.-
760 2504 786 2535 si
807 2503 884 2534 alter
902 2503 957 2539 ait,
973 2503 1049 2534 alter

319 2555 444 2587 quoque
468 2546 532 2584 ait3
555 2547 634 2577 alter
655 2546 741 2577 alteri
767 2546 799 2576 in
822 2545 906 2575 omni
928 2555 959 2576 re
982 2546 1048 2586 pari

318 2588 409 2618 modo
423 2588 551 2618 annuit:
576 2593 685 2628 sponte
699 2587 851 2619 succurrit
864 2587 942 2617 illud
956 2587 1044 2618 Gna-

318 2629 422 2660 thonis
445 2629 530 2671 apud
553 2630 677 2661 Terent.
703 2629 849 2660 Eunuch.
873 2628 907 2664 ii,
930 2629 963 2664 2,
992 2630 1045 2666 21,

317 2670 460 2712 quamvis
473 2671 506 2701 in
521 2670 665 2702 dissimili
681 2681 724 2708 re,
744 2672 844 2711 Negat
858 2672 933 2710 quis,
949 2682 1044 2711 nego,-

315 2716 371 2748 ait,
395 2715 454 2744 aio.
502 2713 602 2743 Vetuli
626 2715 746 2753 notique
768 2714 913 2743 columbi:
940 2713 1045 2744 omisit

317 2754 479 2791 Horatius,
494 2759 530 2784 ut
548 2764 641 2796 saepe,
657 2754 838 2796 particulam
858 2764 1041 2795 comparan-

315 2796 359 2832 di,
376 2797 481 2832 veluti,
496 2798 603 2826 sicuti:
627 2796 691 2826 vid.
713 2806 782 2837 sup.
797 2795 835 2826 ad
852 2795 952 2836 Epist.
971 2795 991 2831 i,
1008 2797 1039 2833 2,

314 2838 355 2868 42
368 2849 375 2867 z
400 2847 510 2868 sensus
524 2837 629 2878 igitur,
641 2837 738 2868 veluti
751 2838 844 2867 vetuli
860 2839 978 2876 notique
993 2849 1040 2868 co-

314 2879 407 2909 lumbi
422 2878 580 2920 (intellige
592 2879 802 2910 columbarum
819 2878 890 2918 par)
906 2878 1038 2909 invicem

312 2920 370 2951 sibi
394 2930 531 2953 annuere
553 2919 665 2951 solent.
712 2920 797 2955 Noti,
814 2920 1039 2952 consuetudine

1092 1425 1225 1455 invicem
1248 1423 1307 1454 sibi
1332 1422 1406 1454 facti
1430 1422 1506 1460 noti,
1530 1428 1562 1454 et
1586 1428 1694 1454 mutuo
1719 1434 1822 1456 amore

1093 1467 1172 1497 inter
1196 1477 1229 1497 se
1250 1465 1377 1506 juncti:
1401 1467 1546 1496 notissimi
1570 1467 1651 1495 inter
1677 1476 1706 1496 se
1736 1467 1820 1508 apud

1095 1508 1218 1538 Livium
1235 1507 1298 1543 viii,
1315 1509 1346 1537 8.

1138 1550 1167 1579 6.
1194 1549 1240 1578 Τ-ιι
1265 1550 1371 1579 nidum
1395 1559 1503 1586 servas,
1526 1547 1756 1579 accommodate
1781 1548 1821 1579 ad

1093 1590 1267 1621 institutam
1296 1590 1559 1631 comparationem
1584 1592 1688 1621 nidum
1719 1590 1822 1631 posuit

1094 1642 1148 1673 pro
1167 1633 1254 1667 urbe,
1278 1631 1332 1662 ubi
1357 1632 1491 1669 Fuscus,
1513 1631 1594 1662 sicut
1615 1631 1760 1663 columba
1786 1631 1819 1662 in

1095 1673 1168 1704 nido
1183 1674 1248 1704 ovis
1262 1673 1427 1709 incubans.
1442 1673 1588 1704 haerebat.

1137 1717 1168 1746 7.
1190 1716 1290 1750 Rivos,
1309 1721 1336 1746 et
1354 1726 1461 1751 musco,
1476 1720 1551 1746 cett.
1568 1723 1673 1746 versus
1693 1714 1819 1755 elegan-

1094 1757 1251 1788 tissimus:
1276 1756 1317 1787 cs.
1331 1767 1401 1798 sup.
1417 1756 1457 1787 ad
1473 1757 1540 1788 Sat.
1556 1756 1578 1792 i,
1596 1757 1624 1791 1,
1643 1757 1716 1786 114.

1138 1801 1169 1834 8,
1187 1800 1218 1829 9.
1243 1799 1325 1833 Quid
1339 1799 1468 1839 quaeris?
1490 1808 1530 1829 ne
1544 1797 1660 1828 multa!
1704 1798 1776 1828 Vivo
1789 1804 1819 1828 et

1093 1851 1195 1881 regno,
1208 1845 1279 1871 cett.
1293 1839 1424 1870 simulac
1438 1839 1499 1870 ista
1509 1839 1581 1870 vitae
1592 1839 1721 1870 urbanae
1735 1848 1820 1870 com-

1093 1882 1197 1917 moda,
1214 1893 1286 1922 quae
1299 1891 1354 1912 vos
1368 1881 1452 1912 urbis
1475 1886 1626 1912 amatores
1640 1880 1679 1911 ad
1701 1881 1819 1912 eoelum

1093 1934 1192 1964 usque
1207 1923 1367 1960 extollitis,
1382 1929 1413 1954 et
1427 1933 1499 1964 quae
1514 1933 1583 1963 ego,
1599 1928 1634 1953 ut
1648 1932 1755 1953 servus
1769 1923 1820 1952 fu-

1093 1965 1207 2006 gitivus
1227 1965 1395 1996 sacerdotis
1415 1965 1492 2000 liba,
1507 1969 1684 1999 contemno,
1698 1965 1819 2005 reliqui,

1094 2007 1243 2047 (simulac
1258 2017 1295 2037 ex
1307 2007 1382 2037 urbe
1394 2016 1446 2037 rus
1458 2005 1600 2046 secessi.)
1613 2005 1688 2036 mihi
1700 2004 1733 2036 iu
1745 2005 1820 2037 villa

1094 2059 1163 2080 mea
1179 2049 1249 2079 vivo
1273 2048 1380 2089 ibique
1393 2059 1495 2089 regno.
1509 2058 1566 2089 pro
1585 2047 1679 2078 animi
1695 2047 1755 2078 mei
1769 2057 1819 2078 ar-

1092 2090 1183 2120 bitrio
1194 2089 1299 2120 omnia
1312 2089 1393 2120 facio
1405 2102 1412 2120 :
1430 2089 1572 2120 similiter
1583 2089 1644 2120 sere
1655 2089 1819 2120 Menalcas

1093 2131 1175 2173 apud
1193 2132 1282 2172 Virg.
1303 2131 1374 2163 Ecl.
1390 2130 1413 2168 i,
1430 2132 1483 2168 70,
1498 2141 1598 2171 agros,
1614 2140 1694 2172 quos
1714 2141 1818 2172 posse-

1092 2173 1190 2209 derat,
1205 2184 1300 2214 regna
1316 2183 1370 2203 sua
1386 2178 1485 2204 vocat.
1525 2173 1656 2203 Rumore
1670 2175 1816 2204 secundo.-

1094 2214 1181 2254 Virg.
1201 2215 1279 2244 AEn.
1293 2225 1323 2250 v,
1341 2215 1415 2250 491,
1431 2216 1557 2245 clamore
1577 2215 1724 2252 suumin,-
1749 2214 1820 2246 Cic.

1091 2256 1186 2286 Tusc.
1209 2256 1332 2290 Quaest.
1357 2255 1390 2291 ii,
1409 2257 1438 2291 l,
1453 2257 1560 2295 populo
1581 2257 1718 2290 secundo,
1734 2256 1766 2287 h.
1788 2266 1818 2287 e.

1091 2298 1238 2337 probante
1253 2301 1284 2327 et
1305 2296 1428 2327 favente
1448 2297 1582 2338 populo;
1605 2306 1676 2339 sup.
1697 2297 1763 2328 Sat.
1783 2297 1817 2334 ii.

1091 2340 1122 2374 8,
1140 2340 1193 2373 83,
1210 2338 1374 2368 Balatrone
1386 2341 1522 2369 secundo.

1135 2381 1184 2410 10.
1211 2380 1307 2420 thue
1320 2381 1478 2410 sacerdotis
1482 2379 1643 2422 fugitiuus
1658 2380 1717 2410 liba
1727 2391 1736 2409 .-
1754 2380 1815 2410 liba

1090 2431 1129 2452 ex
1152 2422 1242 2456 farre,
1258 2421 1361 2456 melle,
1380 2426 1412 2452 et
1428 2422 1496 2452 oleo
1516 2421 1670 2456 confecta,
1689 2430 1758 2462 quae
1783 2421 1816 2451 iu

1091 2463 1186 2493 sacris
1213 2462 1420 2493 offerebantur
1446 2462 1518 2497 diis,
1543 2462 1672 2494 Baccho
1701 2461 1818 2504 (ovid.

1092 2506 1176 2535 Fast.
1191 2504 1236 2540 iii,
1253 2503 1347 2543 735),
1361 2504 1476 2539 Cereri,
1491 2504 1584 2540 Pani,
1599 2509 1672 2535 cett.
1687 2514 1758 2535 cum
1775 2504 1816 2535 ad

1091 2557 1124 2577 se
1138 2546 1339 2576 transferrent
1356 2546 1541 2583 sacerdotes,
1556 2551 1644 2577 tanta
1658 2546 1690 2576 in
1709 2555 1815 2577 eorum

1087 2588 1230 2618 domibus
1249 2587 1308 2618 suit
1326 2587 1457 2618 liborum
1479 2587 1580 2629 copia,
1593 2593 1630 2618 ut
1642 2587 1700 2618 illa
1721 2587 1818 2618 servis

1087 2629 1275 2660 comedenda
1303 2630 1523 2670 praeberentur.
1567 2628 1629 2659 Sed
1655 2629 1733 2660 servi
1762 2638 1813 2659 sa-

1087 2672 1258 2706 cerdotum,
1275 2681 1347 2702 curn
1362 2680 1415 2702 eos
1429 2675 1554 2712 caperet
1566 2670 1662 2712 hujus
1675 2669 1812 2712 quotidi-

1086 2713 1138 2743 ani
1167 2712 1228 2744 eibi
1258 2712 1398 2749 taedium,
1423 2713 1600 2742 recusabant
1627 2713 1697 2748 liba,
1725 2711 1757 2742 h.
1784 2721 1813 2743 e.

1084 2755 1244 2786 malebant
1268 2755 1385 2795 fugere,
1411 2758 1442 2784 et
1468 2763 1548 2795 pane
1577 2753 1691 2795 potius,
1715 2762 1811 2794 quam

1085 2796 1157 2827 libis
1170 2796 1264 2827 vesci.

1128 2839 1178 2868 11.
1204 2838 1286 2867 Pane
1297 2847 1375 2878 egeo,
1388 2839 1462 2868 cett.
1476 2840 1549 2867 sunt
1561 2835 1652 2866 verba
1665 2835 1787 2876 fugitivi
1800 2848 1807 2866 :

1083 2878 1158 2909 mihi
1175 2889 1254 2920 opus
1269 2884 1314 2910 est
1328 2888 1419 2920 pane,
1433 2887 1526 2919 quem
1543 2876 1694 2919 placentis
1708 2878 1810 2910 melli·

1082 2920 1119 2950 tis
1136 2921 1274 2962 praefero.
