1904 3314
642 185 868 229 LIBER
899 185 936 237 Ι,
972 186 1038 228 17.

1526 183 1613 226 483

177 284 381 330 Annonae
401 288 562 344 prosit3
594 294 740 343 portet
760 287 978 329 frumenta
998 301 1242 342 penusque.

177 352 262 395 Vir
281 355 422 397 bonus
443 362 488 397 et
509 355 680 410 sapiens
702 355 883 396 audebit
904 355 1075 396 dicere:
1110 354 1329 404 Pentheu‚

177 420 346 464 Rector
365 423 634 473 Thebarum,
657 422 764 476 quid
787 437 854 463 me
876 421 1072 477 perferre
1093 415 1274 477 patique

88 488 146 530 75
175 488 411 546 Indignum
430 491 588 545 coges?
620 489 822 532 Adimam
843 490 974 531 bona.

177 556 354 607 Lectos,
377 563 624 611 argentum:
657 555 784 597 tollas
804 555 919 597 licet.

1036 488 1211 543 Nempe
1232 503 1383 545 pecuS‚
1405 501 1511 536 rem,

984 555 1034 596 In
1056 556 1233 597 manicis
1254 563 1299 597 et

175 623 473 679 Compedibus
495 638 610 664 saevo
633 629 674 664 te
698 623 779 664 sub
800 623 984 665 custode
1006 624 1179 664 tenebo.

174 690 277 746 Ipse
299 690 439 740 Deus,
463 690 721 746 simulatque
742 689 895 740 volam,
917 706 985 732 me
1007 690 1159 733 solvet.

1222 691 1409 746 Opinor,

173 757 274 800 Hoc
296 757 451 800 sentit:
484 758 680 810 Moriar3
712 772 828 800 mors
850 757 998 800 ultima
1019 757 1132 800 linea
1152 773 1296 800 rerum
1317 766 1398 799 est.

567 969 890 1012 EPISTOLA
922 969 1076 1013 XVII.

627 1120 706 1152 AD
758 1120 1016 1152 SCAEVAM.

170 1237 399 1288 QUAMVIS,
423 1237 588 1287 Scaeva,
613 1237 717 1278 satis
739 1252 819 1291 per
840 1243 882 1278 te
904 1237 982 1278 tibi
1005 1236 1208 1288 consulis,
1231 1244 1276 1278 et
1298 1237 1381 1279 scis

169 1305 272 1352 Quo
294 1305 467 1347 tandem
490 1313 618 1360 pacto
640 1304 794 1346 deceat
815 1305 1053 1360 majoribus
1077 1306 1138 1346 uti
1156 1323 1165 1355 ;

167 1371 320 1422 Disce,
337 1372 564 1414 docendus
586 1371 732 1413 adhuc
753 1387 851 1426 quae
873 1380 1022 1413 censet
1043 1371 1266 1421 amiculus,
1289 1380 1338 1412 ut
1361 1373 1397 1412 si

164 1439 319 1481 Caecus
340 1439 423 1481 iter
444 1446 684 1482 monstrare
706 1439 834 1480 velit:
868 1446 1011 1481 tamen
1029 1439 1223 1494 adspice,
1242 1440 1277 1480 si
1297 1439 1405 1493 quid

108 1507 136 1548 5
168 1506 230 1549 Et
250 1521 343 1557 nOS,
366 1507 483 1562 quod
507 1521 633 1548 cures
654 1507 879 1562 proprium
902 1507 1072 1557 fecisse,
1095 1507 1338 1562 loquamur.

167 1574 216 1617 Si
237 1582 280 1617 te
299 1582 426 1630 grata
447 1576 570 1630 quies
592 1582 636 1617 et
656 1576 839 1631 primam
861 1590 1036 1618 somnus
1058 1576 1102 1616 in
1121 1575 1273 1617 horam

49 1697 271 1739 ποτακτεῖν).
300 1698 462 1740 eleganter
491 1699 652 1729 translatae
680 1703 756 1728 sunt
783 1707 802 1728 a

49 1740 179 1772 militia.

93 1784 148 1815 69.
174 1783 360 1823 Captivum.-
383 1783 484 1815 facete
502 1795 627 1819 avarus,
643 1789 680 1814 ut
694 1783 799 1815 deser-

50 1830 100 1858 tor
113 1825 239 1858 virtutis
250 1832 282 1856 et
292 1836 401 1857 servus
413 1827 570 1868 pecuniae,
585 1832 715 1857 vocatur
726 1838 797 1866 rap-

48 1871 155 1907 tivm3
179 1867 299 1910 captivi
313 1875 420 1901 autem
436 1875 500 1900 tam
519 1869 612 1901 vendi
628 1879 725 1911 quam
743 1879 797 1900 oc-

47 1911 112 1943 cidi
125 1915 282 1954 poterant.

92 1955 148 1987 70.
170 1955 287 1986 δον-υἱοὶ
308 1955 444 1990 utiliter,
460 1960 535 1986 cett.
550 1955 616 1997 jam
636 1955 726 1987 affert
745 1964 793 1985 ra-

46 1996 150 2029 tiones
172 1997 340 2040 quasdam,
354 2007 393 2028 ex
412 1998 530 2039 quibus
546 1997 673 2046 captivo
690 2005 795 2029 nostro

46 2040 243 2083 parcendum
278 2041 331 2076 sit,
360 2041 532 2072 ostendens
564 2040 697 2077 scilicet,
728 2041 795 2072 fieri

46 2089 209 2132 1⁸³8·st
226 2093 341 2114 avarus
361 2082 481 2115 utiliter
500 2083 626 2119 serviat,
642 2089 675 2116 et
690 2083 794 2115 inten-

45 2125 178 2157 tissimis
207 2125 369 2156 laboribus
407 2126 492 2157 vario
527 2127 621 2158 modo
655 2126 794 2169 publicis

46 2168 223 2200 commodis
256 2167 364 2211 prosit.
421 2169 542 2205 Durus,
573 2170 644 2200 duri
677 2169 794 2201 laboris

47 2212 194 2253 patiens3
217 2216 255 2243 ut
276 2222 351 2262 sup:
373 2210 478 2253 Epist.
498 2212 520 2248 i,
543 2214 576 2250 7,
594 2213 649 2247 91,
672 2213 792 2247 Durus,

46 2256 106 2290 nit,
133 2254 248 2291 Vultei,
268 2255 359 2286 nimis
378 2260 571 2297 attentusque
590 2257 702 2287 videris
723 2256 794 2286 Esse

42 2297 132 2328 mihi.

89 2341 144 2372 72.
165 2341 313 2378 Annonae,
328 2339 373 2371 rei
388 2339 613 2372 frumentariae.

90 2383 232 2415 73—-79,
251 2383 306 2414 Vir
322 2384 414 2414 bonus
428 2390 458 2414 et
474 2384 601 2423 sapiens.
641 2383 790 2425 Respon-

0 2442 2 2453 1
45 2425 102 2458 det
119 2425 172 2458 hie
193 2435 302 2458 versus
320 2432 352 2457 et
368 2436 439 2467 sqq.
462 2425 566 2457 versui
586 2427 626 2457 57
648 2431 682 2457 et
702 2436 790 2473 sqq„

44 2467 102 2500 ubi
128 2479 230 2501 sermo
253 2474 303 2500 est
321 2467 363 2500 de
382 2469 448 2500 viro
473 2469 558 2499 bono
581 2479 620 2500 ex
642 2468 792 2517 opimone

45 2511 143 2560 vulgi.
188 2511 300 2553 Longe
314 2511 406 2542 aliter
419 2521 468 2542 res
483 2521 516 2543 se
535 2511 644 2546 habet,
660 2510 705 2542 ait
721 2512 789 2542 Ho-

33 2553 155 2592 ratius,
170 2565 246 2586 cum
261 2554 328 2586 viro
343 2564 414 2585 vere
429 2554 512 2601 bono
529 2559 561 2585 et
575 2553 740 2602 sapiente,
765 2554 792 2585 is

44 2596 131 2629 euim
154 2597 218 2630 vim
244 2596 306 2628 sibi
325 2596 462 2628 allaturo
481 2595 550 2627 sine
569 2596 656 2628 omni
680 2597 793 2628 timore

46 2639 179 2672 audebit
195 2639 312 2676 dicere,
327 2639 414 2681 quod
434 2639 580 2687 captivus
602 2640 792 2680 vinctusque

45 2682 195 2715 Bacchus
208 2683 365 2719 Pentheo,
379 2681 514 2714 Cadmi·
507 2692 540 2712 ιιι
554 2692 650 2723 regno
665 2682 791 2713 Theba-

45 2734 115 2757 rum
123 2725 312 2760 successori,
324 2725 408 2774 apud
422 2724 623 2777 Euripidem'
616 2735 650 2755 ιιι
666 2724 789 2755 Bacch.

0 2780 2 2782 ’
45 2766 173 2800 dixitv.
194 2769 258 2800 492
273 2767 370 2810 (edit.
391 2767 523 2807 Beck),
542 2766 614 2809 Εἷφ’
630 2766 648 2799 ὅ
667 2779 700 2798 τι
722 2779 788 2798 πα-

846 1701 942 1751 σῶμα
965 1699 1028 1730 σὸν
1046 1698 1267 1772 gvko'tssopev.
1302 1699 1344 1730 V.
1368 1699 1444 1729 498.
1469 1699 1591 1732 Bacch.

846 1741 947 1772 Λύσει
962 1741 994 1783 μ’
1011 1741 1027 1772 ὁ
1066 1754 1175 1783 αιμων
1188 1742 1304 1779 αυτὸς,
1315 1741 1403 1772 ὅταν
1415 1740 1479 1783 ἐγὼ
1492 1741 1591 1774 θέλω.

844 1785 916 1815 Hoc
940 1784 1087 1815 ultimum
1107 1794 1126 1814 a
1152 1785 1295 1819 Baccho¹
1318 1783 1452 1815 Penthei
1474 1790 1587 1826 poten-

843 1827 920 1857 tiam
942 1827 1074 1863 ridente,
1096 1827 1244 1868 ambigue
1259 1827 1380 1858 dictum
1399 1826 1468 1867 jam
1489 1833 1589 1858 trans-

842 1870 940 1900 fertur
957 1869 996 1900 ad
1013 1875 1157 1904 mortem,
1174 1871 1241 1900 sive
1256 1870 1457 1909 (simulatque
1474 1870 1589 1909 votam)

842 1913 882 1943 ad
899 1911 1077 1944 Stoicorum
1094 1912 1328 1955 αὐτοχειρίαν.
1376 1911 1493 1943 Ultima
1510 1914 1593 1944 linea

839 1966 955 1991 rerum,
983 1955 1116 1986 ultimus
1139 1955 1256 1997 peracti
1282 1965 1394 1986 cursus
1420 1955 1588 1992 terminus,

839 2003 935 2036 meta,
948 1997 1032 2033 calx,
1049 2008 1150 2029 rerum
1166 1999 1374 2029 humanarum
1391 1997 1472 2030 fluis.

1029 2083 1253 2115 EPISTOLA
1282 2084 1398 2115 XVII.

884 2126 1044 2162 Horatius,
1071 2127 1210 2157 scribens
1233 2126 1274 2157 ad
1301 2128 1443 2157 Scaevam
1470 2126 1510 2158 de
1536 2138 1586 2158 ra·

838 2169 924 2201 tione
945 2180 1008 2211 qua
1027 2169 1175 2201 ditiorum
1197 2174 1228 2200 et
1250 2169 1462 2211 potenssorum
1484 2170 1587 2211 gratia

837 2212 945 2252 colligi
975 2218 1009 2244 et
1038 2213 1139 2254 parari
1174 2211 1299 2250 debeat,
1330 2223 1402 2243 eum
1434 2213 1489 2254 qui
1519 2223 1585 2244 rem

838 2255 976 2296 aliquam
1009 2261 1135 2287 strenue
1170 2260 1202 2286 et
1234 2237 1407 2305 prudenter
1444 2263 1585 2297 peragat,

835 2299 937 2329 multo
963 2298 1115 2346 potiorem
1141 2308 1211 2329 esse
1240 2299 1296 2329 illo
1326 2309 1380 2340 qui
1410 2299 1586 2330 molestiam

835 2341 976 2383 alicujus
998 2351 1040 2372 rei
1062 2340 1275 2383 suscipiendae
1297 2347 1328 2372 et
1352 2342 1513 2372 tentandae
1538 2342 1586 2373 su·

836 2384 913 2426 giat,
934 2383 1027 2415 docet
1041 2390 1072 2415 et
1092 2385 1258 2425 probatum
1281 2384 1316 2414 it.
1361 2384 1485 2415 Horatii
1506 2385 1584 2415 ami-

836 2437 903 2464 cuS,
922 2427 1046 2462 Scaeva,
1063 2426 1186 2457 videtur
1204 2426 1397 2468 quibusdam
1415 2426 1500 2458 filius
1515 2427 1585 2468 ejus

837 2469 942 2501 Cassii
959 2470 1090 2505 Scaevae,
1107 2479 1204 2511 quem
1222 2469 1321 2500 virum
1344 2470 1454 2501 fortem
1474 2470 1585 2501 laudat

836 2512 904 2544 Jul
920 2512 1005 2544 Caes.
1022 2513 1062 2543 Β.
1078 2512 1118 2544 C.
1134 2511 1180 2546 iii,
1194 2513 1249 2543 53.

883 2556 910 2586 l.
934 2555 996 2586 Per
1011 2561 1051 2590 te,
1064 2560 1119 2585 tua
1134 2554 1236 2596 ipsius
1246 2553 1425 2596 prudentia.

879 2598 914 2628 2.
939 2597 1110 2637 Major-ibus
1127 2600 1186 2633 uti,
1202 2607 1236 2628 se
1255 2607 1362 2638 gerere
1376 2609 1450 2639 erga
1473 2605 1583 2641 poten·

837 2639 941 2676 tiores,
958 2640 1073 2671 versari
1088 2650 1162 2670 cum
1178 2640 1423 2688 potentioribus.

880 2683 912 2713 3.
940 2681 982 2713 Ut
1001 2685 1037 2719 si,
1057 2692 1095 2713 ac
1113 2683 1152 2719 si,
1171 2682 1264 2724 quasi
1286 2693 1344 2724 ego
1369 2684 1458 2715 velut
1479 2695 1584 2716 caecus

837 2725 985 2768 (τυφλὸς
997 2724 1130 2767 ὁδηγὸς,
1138 2727 1150 2761 )
1162 2725 1220 2756 iter
1228 2724 1284 2756 tibi
1295 2733 1467 2758 monstrare
1478 2727 1584 2758 velim.

876 2769 908 2799 4.
943 2768 1055 2798 Tamen
1088 2770 1219 2808 adspice,
1245 2767 1453 2800 nihilominus
1477 2775 1582 2801 tamen

0 2831 3 2837 ι
46 2809 120 2844 θεῖν
141 2809 200 2843 δεῖ·
225 2810 259 2843 τί
275 2823 322 2863 με
333 2811 372 2842 τὸ
395 2810 506 2842 δεινὸν
529 2812 648 2851 (atrox,
674 2810 788 2841 Horat.
832 2810 1008 2842 considera.

44 2853 230 2907 indignum)
243 2853 391 2896 ἐργάσῃ;
416 2865 447 2884 ν.
467 2854 544 2884 494.
565 2853 679 2884 Penth.
702 2855 791 2892 πρῶ-

44 2906 109 2929 τον
129 2897 193 2939 μὲν
214 2895 302 2939 ἁβρὸ
304 2908 326 2929 ν
347 2896 551 2944 βόστρυχον
574 2899 661 2938 τεμῶ
685 2894 793 2927 σέθεν.

46 2937 201 2971 Horatius
217 2947 272 2982 pro
286 2940 436 2971 cincinnis
453 2950 486 2970 m
502 2949 567 2970 rem
582 2948 671 2970 suam
690 2938 795 2980 posuit

48 2981 136 3012 bona.
173 2981 218 3014 V.
233 2983 308 3014 497.
325 2981 442 3014 Penth.
458 2980 633 3024 Εὶρκταῖσί
651 2980 678 3013 r’
694 2980 794 3014 ἔνδον

881 2855 911 2885 5.
960 2854 1123 2893 Proprium
1143 2853 1268 2895 secisse.
1301 2853 1333 2885 in
1366 2864 1461 2885 usum
1492 2860 1582 2885 tuum

837 2896 1039 2928 convertisse.

881 2940 913 2970 6.
936 2939 969 2970 Si
989 2947 1018 2970 te
1033 2946 1126 2980 grata
1146 2940 1241 2979 quies,
1259 2944 1335 2970 cett.
1360 2938 1387 2969 si
1405 2938 1520 2970 sectari
1537 2939 1585 2968 vis

838 2991 876 3013 ea
896 2992 968 3024 quae
989 2981 1095 3013 animo
1115 2987 1170 3012 tuo
1183 2989 1271 3022 grata
1291 2987 1322 3012 et
1335 2981 1478 3021 jucunda
1497 2986 1584 3016 sunt,

780 3024 856 3055 1i2
