1884 3288
639 204 865 248 LIBER
896 205 931 256 1,
963 207 1004 247 2.

1579 203 1608 244 (τι

303 309 506 352 Vidimus
526 307 685 349 flavum
704 305 918 356 Tiberim,
939 306 1116 348 retortis

305 376 456 419 Litore
478 375 670 417 Etrusco
690 372 901 416 violenter
920 373 1065 424 undis,

225 445 277 486 15
306 444 376 486 Ire
397 444 615 499 dejectum
634 448 910 484 monumenta
931 441 1086 496 Regis,

715 509 989 564 Templaque
1011 508 1162 550 Vestae
1179 525 1188 558 3

308 579 400 621 Iliae
421 580 523 621 dum
546 592 591 620 se
613 578 788 619 nimium
810 577 1012 632 querenti

307 647 455 690 Jactat
475 645 673 695 ultorem,
695 638 832 700 v'agus
853 651 898 686 et
919 645 1093 685 sinistra

309 714 497 757 Labitur
517 714 625 770 ripa,
646 713 758 754 Jove
779 727 867 754 non
887 713 1118 768 probante,
1139 727 1186 753 u-

222 782 280 823 20

714 779 862 821 xorius
884 779 1034 821 amnis.

307 848 478 891 Audiet
497 848 612 890 cives
633 847 802 889 acuisse
823 846 1002 898 ferrum,

312 916 417 964 Quo
437 931 591 972 graves
614 915 763 956 Persae
785 914 935 956 melius
956 915 1176 970 perirent;

285 974 480 1027 'Audiet
499 999 671 1040 pugnas
693 983 796 1024 vitio
817 991 1047 1038 parentum

717 1050 839 1092 Rara
853 1051 1078 1106 juventus.

225 1122 283 1163 25
314 1119 456 1168 Quem
477 1126 602 1162 vocet
624 1118 786 1160 Divom
806 1118 996 1174 populus
1018 1119 1184 1160 ruentis

315 1187 478 1243 Imperi
497 1188 660 1229 rebus?
692 1201 822 1242 prece
843 1202 931 1242 qua
949 1186 1135 1242 fatigent

314 1255 521 1311 Virgines
545 1261 705 1297 sanctae
725 1255 867 1296 minus
890 1256 1139 1296 audientem

719 1323 923 1365 Carmina
944 1323 1158 1365 Vestam?

56 1532 129 1554 nem
145 1534 154 1560 ς
178 1520 259 1554 vidit
279 1521 364 1554 enim
384 1520 510 1563 Pyrrha
529 1521 677 1552 Proteum
698 1519 816 1563 phocas

55 1565 91 1596 in
113 1565 186 1596 altis
208 1566 372 1597 montibus
395 1570 590 1606 pascentem,
611 1563 691 1595 vidit
715 1563 817 1606 pisces

54 1608 213 1640 haerentes
232 1607 267 1639 in
289 1607 464 1643 arboribus,
485 1613 517 1638 et
541 1607 651 1638 damas
675 1613 819 1638 natantes

56 1650 92 1683 in
130 1661 270 1693 aequore.
315 1651 456 1682 Monstra
491 1649 651 1686 dicuntur,
687 1660 761 1690 quae
801 1660 819 1680 a

55 1694 181 1736 vulgari
203 1704 305 1726 rerum
329 1693 438 1724 ordine
458 1693 622 1729 recedunt,
639 1703 711 1734 quae
735 1703 818 1723 nun-

79 1747 156 1768 uam
183 1737 264 1773 visa,
295 1746 459 1778 nunquam
497 1735 605 1766 audita
639 1741 725 1766 sunt.
769 1736 820 1766 De

27 1818 31 1821 ,
56 1747 180 1818 J'rotem
214 1781 276 1812 deo
310 1779 448 1814 marino,
484 1777 630 1820 Neptuni
666 1784 818 1814 armenta,

58 1822 247 1855 nominatim
271 1822 402 1865 phocas,
425 1828 588 1864 pascente,
616 1821 661 1853 cf.
689 1822 819 1852 Homer.

61 1865 180 1909 Odyss.
198 1866 242 1902 iv,
258 1866 323 1898 386
345 1875 418 1908 sqq.
432 1870 465 1896 et
481 1865 572 1906 Virg.
589 1864 672 1896 Geo.
696 1863 740 1901 iv,
755 1865 820 1895 395

58 1919 159 1984 ‘mio-
181 1952 245 1983 Per
266 1951 430 1983 columbas
450 1950 517 1992 jam
534 1961 599 1982 non
618 1949 821 1986 domesticas,

59 1995 116 2027 sed
137 1994 296 2027 silvestres
317 1993 526 2036 (palumbes),
543 1994 649 2025 sedem
672 2003 764 2024 suam
787 1991 820 2022 in

60 2038 207 2070 arborum
218 2037 315 2069 ramis
326 2037 491 2073 habentes,
505 2036 729 2078 intelligendas
739 2045 820 2071 esse,

58 2087 172 2125 sponte
186 2086 328 2124 apparet.

107 2124 246 2156 13—16.
268 2123 400 2155 Flavum
415 2122 557 2154 solemne
570 2121 694 2153 Tiberis
709 2131 727 2152 a
739 2121 822 2152 flavo

61 2177 230 2200 arenarum
247 2166 353 2199 colore
374 2165 550 2209 epitheton.
595 2165 733 2196 Retortis
748 2169 823 2196 cett.

57 2209 137 2243 litua
160 2219 278 2252 nempe
291 2208 389 2240 maris
412 2208 542 2240 Etrusci
565 2207 632 2240 sive
655 2207 823 2250 Tyrrheni,

61 2252 97 2286 in
117 2252 206 2296 quod
227 2252 353 2284 Tiberis
379 2250 564 2288 effunditur,
589 2262 664 2283 cum
690 2250 823 2281 nimiam

61 2305 157 2339 aqua
177 2294 302 2338 copiam
317 2305 380 2327 non
396 2299 538 2337 caperet,
555 2293 588 2326 vi
603 2304 674 2326 eam
689 2293 823 2336 repelle-

59 2339 127 2371 bat.
170 2338 370 2370 Monumenta
387 2338 492 2379 Regis,
507 2336 531 2368 i.
547 2347 576 2369 e.
592 2338 710 2368 Numae
728 2337 824 2368 Pom-

61 2381 154 2426 pilii:
188 2392 263 2424 quae
292 2380 411 2413 fuerint
443 2386 548 2425 autem
578 2379 636 2411 illa
665 2390 682 2410 a
713 2380 822 2411 Numa

61 2430 225 2459 exstructa
252 2428 469 2462 monumenta,
498 2422 604 2454 statim
639 2421 822 2464 subjicitur,

62 2468 346 2511 nempevtemplum
373 2466 488 2504 Vestae3
513 2466 671 2508 particula
692 2477 749 2507 que
777 2467 826 2508 τῷ

64 2512 178 2553 tempta
198 2510 344 2543 subnexa
365 2509 429 2541 vim
452 2508 636 2552 explicandi
659 2509 766 2545 habet,
790 2514 828 2540 ut

63 2554 117 2591 sit,
134 2563 269 2602 nempe:
294 2552 357 2584 vid.
375 2553 541 2585 Drakenb.
565 2551 606 2584 ad
622 2552 694 2584 Liv.
709 2551 753 2588 vi,
772 2553 824 2588 16,

63 2599 80 2638 §
96 2598 129 2635 8,
145 2597 185 2629 Τ.
200 2596 234 2632 ἱι,
249 2607 281 2639 p.
296 2597 374 2628 330.

113 2640 250 2672 17-20.
278 2638 347 2671 Iliae
375 2640 450 2670 dum
480 2643 555 2670 cett.
584 2647 715 2669 sensus:
747 2637 824 2669 dum

65 2683 170 2716 amnis
186 2681 323 2718 Tiberis,
339 2687 375 2713 ut
387 2681 526 2723 querelis
541 2682 650 2712 uxoris
670 2691 738 2712 suae
753 2681 825 2713 Iliae

65 2725 252 2764 satisfaciat,
281 2724 471 2756 immodicus
499 2724 643 2765 exsurgit
668 2724 764 2761 ultor,
793 2730 826 2756 et

65 2775 180 2813 prater
193 2769 213 2802 J
217 2768 284 2800 ovis
298 2768 494 2800 voluntatem
517 2766 647 2798 sinistra
663 2767 732 2810 ripa
750 2778 823 2799 eva·

65 2818 171 2855 gutur.
210 2811 273 2843 Ilia
289 2811 356 2843 sive
372 2811 568 2842 Rheasilvia
583 2809 666 2846 ideo,
682 2810 769 2852 quod
785 2811 826 2842 ab

67 2854 202 2888 Amulio
215 2854 267 2887 vel
289 2853 323 2885 in
339 2853 471 2885 fluvium
487 2853 646 2885 Anienem
661 2854 712 2885 vel
730 2853 826 2885 Tibe-

66 2897 127 2931 rim
147 2897 291 2931 demersa
311 2896 438 2934 dicitur,
456 2897 622 2938 utriusque
644 2896 734 2928 fluvii
750 2907 829 2928 uxor

66 2940 141 2973 ficta
168 2946 229 2973 est.
283 2940 432 2975 Quaerenti
461 2950 508 2971 sc.
538 2949 648 2971 necem
681 2939 830 2978 Caesaris,

68 2983 199 3026 cognati
220 2982 282 3019 sui,
298 2993 371 3015 cum
393 2982 461 3019 ille,
477 2989 513 3014 ut
527 2982 596 3025 ipsa
612 2981 687 3021 Ilia,
701 2983 742 3014 ab
757 2983 831 3015 Iulo

69 3025 136 3059 sive
158 3026 314 3065 Ascanio,
338 3026 433 3058 Albae
456 3036 540 3068 rege,
563 3025 718 3068 originem
741 3036 831 3058 suam

860 1519 1003 1551 duceret.
1050 1520 1188 1552 Nimium
1205 1531 1269 1552 non
1292 1520 1331 1552 ad
1348 1522 1489 1562 querenti
1503 1519 1558 1551 sed
1581 1518 1622 1549 ad

859 1564 989 1594 ultorem
1028 1564 1225 1595 referendum
1263 1575 1333 1596 esse
1370 1569 1471 1606 puto3
1510 1564 1624 1594 nimius

862 1606 946 1637 enim
978 1606 1038 1637 fuit
1068 1608 1149 1638 ultor
1179 1608 1312 1643 Tiberis,
1341 1608 1405 1638 sive
1432 1606 1560 1638 modum
1590 1604 1623 1635 in

862 1649 1046 1680 ulciscendo
1062 1650 1167 1681 uxoris
1182 1661 1249 1681 suae
1263 1651 1372 1681 dolore
1387 1651 1535 1685 excessit,
1547 1649 1624 1680 dum

864 1698 984 1722 tantam
1001 1693 1124 1723 ruinam
1142 1694 1254 1724 Rornae
1272 1693 1414 1724 aedificiis
1429 1693 1627 1724 moliebatur.

864 1735 999 1766 Sinistra
1011 1737 1093 1775 ripa,
1108 1737 1164 1766 ubi
1183 1737 1288 1767 Roma
1303 1735 1364 1767 sita
1380 1735 1451 1766 fuit.
1478 1736 1552 1766 Jove
1566 1745 1625 1765 non

862 1779 1029 1817 probante.-
1053 1778 1180 1820 Jupiter
1195 1779 1292 1815 enim,
1309 1779 1343 1809 in
1365 1778 1459 1820 cujus
1478 1777 1626 1820 praesidio

866 1820 978 1852 Rornae
994 1821 1054 1851 fuit
1068 1821 1285 1857 incolumitas,
1297 1821 1475 1864 improbare
1489 1820 1628 1852 debebat

864 1863 975 1895 urbem
998 1863 1148 1905 perdendi
1170 1865 1350 1896 consilium.
1400 1864 1530 1894 Uxor-ius
1545 1862 1626 1895 dici-

865 1911 927 1943 tur,
953 1907 1010 1948 qui
1034 1908 1123 1938 uxori
1148 1907 1364 1939 deditissimus
1392 1906 1474 1937 nihil
1498 1916 1561 1937 non
1592 1905 1626 1936 in

865 1949 972 1980 uxoris
1006 1950 1140 1991 gratiam
1176 1950 1267 1982 facit.
1314 1949 1466 1981 Similiter
1504 1950 1628 1980 AEneas

865 1992 950 2034 apud
979 1992 1072 2034 Virg.
1106 1994 1185 2024 AEn.
1215 1993 1258 2031 iv,
1288 1994 1365 2029 266,
1394 1998 1427 2024 et
1457 1992 1630 2024 Vulcanus

864 2035 949 2077 apud
966 2035 1136 2067 Claudian.
1158 2036 1198 2067 de
1223 2037 1328 2078 Nupt.
1350 2037 1472 2068 Honor.
1492 2041 1525 2067 et
1542 2037 1630 2067 Mar.

865 2089 894 2109 v.
910 2079 964 2115 59,
981 2081 1081 2109 uxorii
1095 2079 1256 2110 dicuntur.

909 2122 1052 2152 21—24.
1075 2122 1188 2153 Nexus
1218 2128 1251 2154 et
1276 2132 1411 2154 sensus:
1434 2120 1630 2165 portendunt

867 2169 974 2195 autem
990 2163 1059 2196 haec
1074 2164 1218 2207 prodigia
1232 2165 1317 2197 bella
1333 2165 1462 2205 civilia3
1483 2164 1568 2207 quod
1585 2164 1630 2195 ita

866 2213 960 2250 poeta
994 2208 1133 2239 extulit:
1167 2208 1294 2251 posteri,
1326 2219 1462 2250 quorum
1493 2207 1630 2248 exiguus

868 2252 964 2292 (rara
983 2251 1158 2292 juventus)
1186 2251 1344 2293 majorum
1373 2252 1469 2293 culpa
1499 2250 1631 2282 restabit

867 2303 1031 2330 numerus,
1046 2294 1131 2325 fama
1142 2294 1314 2337 accipient,
1326 2294 1492 2326 Romanos
1503 2294 1632 2331 serrum,

869 2347 934 2378 quo
947 2336 1055 2368 hostes
1069 2337 1196 2369 vincere
1210 2338 1383 2375 debebant,
1398 2343 1508 2369 contra
1530 2342 1633 2368 semet

865 2379 953 2423 ipsos
964 2379 1102 2417 acuisse,
1115 2391 1301 2423 pugnasque
1316 2380 1524 2412 commisisse.
1547 2380 1631 2411 Gra·

867 2434 926 2461 ves,
947 2423 1084 2454 multum
1104 2423 1225 2465 negotii
1248 2423 1404 2456 Romanis
1425 2423 1631 2460 facessentes,

868 2466 1023 2498 timendi:
1051 2467 1162 2504 Persoe,
1191 2467 1223 2498 h.
1253 2478 1284 2500 e.
1315 2465 1438 2499 Parthi.
1487 2467 1632 2498 Per-irent

870 2519 937 2551 pro,
952 2509 1084 2552 perituri
1099 2510 1244 2542 fuissent.
1272 2511 1353 2542 Vitio
1366 2517 1544 2551 parentum,
1558 2509 1590 2540 h.
1602 2520 1632 2541 e.

869 2552 966 2594 culpa
990 2558 1170 2595 parentum,
1192 2553 1280 2596 quod
1303 2554 1463 2586 bellorum
1486 2552 1631 2584 civilium

868 2595 971 2627 surore
988 2606 1022 2627 se
1035 2597 1150 2639 corripi
1165 2598 1250 2640 passi
1266 2602 1353 2628 sunt.

911 2640 1052 2671 25—28.
1078 2640 1172 2675 Quem
1196 2647 1277 2671 vocet
1301 2640 1412 2671 Divom
1438 2644 1514 2671 cett.
1535 2649 1632 2681 quem

868 2681 1001 2714 deorum
1029 2682 1140 2715 adesse
1169 2689 1316 2725 precetur
1339 2683 1478 2726 populus
1507 2688 1633 2714 susten-

868 2725 979 2762 tando,
1014 2725 1098 2768 quod
1135 2726 1260 2758 ruinam
1294 2726 1446 2762 minatur,
1479 2725 1635 2768 imperio‘l

871 2769 973 2800 Rebus
998 2775 1047 2800 est
1073 2779 1168 2801 casus
1192 2770 1303 2801 tertius
1326 2779 1394 2812 pro,
1418 2769 1457 2801 ad
1480 2779 1530 2800 res
1553 2774 1634 2801 cett.

872 2811 931 2842 Res
945 2814 1068 2852 imperii
1087 2818 1155 2855 pro,
1171 2813 1240 2855 ipso
1262 2812 1416 2855 imperio3
1439 2822 1526 2855 saepe
1547 2811 1634 2843 enim

871 2865 918 2886 rea
939 2854 1068 2887 inservit
1090 2855 1278 2904 periphrasi.
1323 2855 1453 2891 Sancte,
1473 2855 1634 2891 Vestales,

871 2898 912 2929 ob
929 2897 1104 2940 pudicitiae,
1119 2909 1172 2930 cui
1187 2909 1222 2931 se
1233 2903 1473 2936 consecrarunt,
1484 2898 1636 2929 sanctita·

873 2946 948 2972 tem.
972 2941 1082 2972 Minus
1090 2943 1277 2978 audientem,
1288 2941 1365 2984 quia
1376 2941 1417 2973 de
1427 2940 1521 2972 bellis
1533 2940 1636 2972 civili-

874 2985 936 3015 bus
947 2989 980 3016 et
995 2984 1083 3016 caede
1095 2985 1231 3016 Caesaris
1244 2985 1451 3016 irascebatur.
1476 2984 1636 3018 carmina.

875 3027 1033 3060 solemnes
1067 3038 1198 3070 precum
1231 3027 1393 3060 formulas.
1443 3027 1572 3065 Vanam,
1605 3026 1638 3057 in
