1884 3288
251 172 336 212 232

807 168 1205 211 CARMINUM

477 269 576 310 Jam
596 282 674 309 nec
694 275 820 322 prata
839 269 995 323 rigent,
1016 281 1096 308 nec
1117 266 1235 308 fluvii
1257 272 1453 321 strepunt

844 333 1042 375 Hiberna
1061 334 1157 374 nive
1178 333 1353 386 turgidi.

424 401 450 441 5
479 400 645 441 Nidum
663 401 797 455 ponit,
820 400 919 454 Ityn
938 400 1139 441 flebiliter
1159 413 1346 454 gemens,

483 467 638 508 Infelix
658 467 761 515 avis,
783 473 826 507 et
848 467 1069 520 Cecropiae
1090 466 1240 506 domus

482 533 713 574 AEternum
734 533 1025 587 opprobrium,
1049 532 1166 586 quod
1187 531 1294 572 male
1313 532 1525 572 barbaras

850 599 1021 653 Regum
1043 605 1109 639 est
1129 598 1218 639 ulta
1237 598 1450 639 libidines.

485 664 650 706 Dicunt
670 666 714 706 in
735 673 882 706 tenero
903 665 1092 719 gramine
1115 664 1336 717 pinguium

404 730 456 770 10
485 730 699 772 Custodes
722 733 861 772 ovium
883 732 1068 771 carmina
1088 730 1247 778 fistula,

483 797 798 852 Delectantque
821 798 979 845 Deum,
1003 797 1069 838 cui
1090 811 1222 850 pecus
1244 802 1287 837 et
1307 796 1418 850 nigri

854 863 995 904 Colles
1018 862 1218 904 Arcadiae
1242 862 1423 917 placent.

261 986 362 1008 merce
378 977 507 1008 redimat
519 978 608 1019 quasi
622 979 766 1020 promissi
779 979 841 1009 vini
852 987 992 1009 munera.

263 1019 314 1049 Ne
338 1019 414 1049 forte
439 1026 542 1050 autem
565 1021 649 1051 hunc
672 1021 799 1051 laetioris
824 1021 894 1051 vitae
908 1021 991 1050 sruc-

263 1066 329 1090 tum
359 1060 501 1102 intercipi
539 1062 598 1092 sibi
637 1063 771 1103 patiatur
802 1062 993 1101 negotiorum

263 1103 345 1133 curis
376 1109 407 1133 et
435 1103 712 1139 administratione,
741 1105 780 1134 de
809 1105 893 1138 vitae,
920 1104 993 1133 dum

262 1144 348 1179 licet,
374 1145 512 1176 fruendae
538 1146 686 1176 brevitate
711 1156 782 1176 eum
807 1146 942 1186 cogitare
965 1151 997 1175 et

264 1187 309 1216 sic
336 1187 492 1228 sapienter
514 1188 618 1218 dulcia
641 1187 795 1218 interdum
822 1187 911 1218 seriis
938 1187 994 1216 rni-

264 1238 348 1259 scere
359 1228 458 1269 jubet.
505 1229 683 1260 Admodum
698 1230 879 1260 familiarem
897 1234 996 1270 poetae

266 1270 361 1300 fuisse
376 1282 460 1306 eum,
477 1283 612 1311 quocum
630 1278 694 1302 tam
709 1272 815 1307 libere,
832 1277 868 1302 ut
883 1271 915 1301 in
939 1272 997 1301 hoc

266 1313 404 1343 carmine
428 1314 545 1344 factum
570 1320 627 1350 est,
649 1314 749 1355 jocari
773 1321 888 1355 posset,
907 1323 998 1343 nemo

265 1364 328 1384 non
346 1354 504 1395 intelligit.
536 1357 616 1392 Quis
630 1362 732 1386 autem
750 1355 910 1386 Horatium
927 1365 997 1385 cum

269 1406 381 1436 magno
405 1404 494 1441 poeta
516 1397 649 1437 Virgilio
672 1398 705 1427 in
731 1397 885 1438 ejusmodi
908 1397 998 1427 farni-

267 1437 403 1469 liaritate
427 1439 540 1469 vixisse
564 1440 696 1475 dubitet,
724 1439 782 1474 vel,
804 1439 830 1469 si
854 1439 1000 1470 carminis

267 1489 337 1522 sup.
359 1480 382 1516 i,
407 1482 425 1511 3
448 1481 486 1512 ad
510 1481 677 1522 Virgilium
694 1481 799 1523 scripti
814 1480 999 1516 meminerit,

269 1521 414 1553 dubitare
439 1525 560 1565 potestl
603 1525 675 1555 Jam
699 1534 770 1554 vero
791 1524 874 1564 quod
902 1534 931 1553 v.
957 1524 998 1553 25

269 1565 348 1595 lucri
371 1567 506 1596 studium
533 1575 648 1607 ponere
676 1565 804 1606 jubetur
838 1565 1001 1604 Virgilius,

268 1606 341 1637 inde
357 1617 440 1641 eum,
458 1618 519 1637 non
543 1614 663 1648 poetam
681 1608 781 1642 illum,
806 1607 872 1644 sed,
895 1607 920 1637 si
942 1606 1002 1637 diis

268 1648 382 1689 placet,
409 1654 609 1680 mercatorem
635 1649 791 1689 quendam
821 1649 870 1679 vel
900 1659 1001 1690 myro-

271 1690 375 1730 polam
392 1691 469 1721 adeo
485 1691 548 1721 sive
563 1692 804 1730 unguentarium
822 1691 931 1726 fuisse,
947 1691 1001 1732 qui

271 1732 349 1762 serio
364 1733 599 1768 contenderent,
617 1733 701 1764 fuere
718 1733 832 1774 plureS.
855 1733 916 1764 Sed
929 1732 1002 1764 boni

270 1773 318 1804 illi
334 1774 360 1805 si
377 1774 577 1816 cogitassent,
594 1786 655 1805 non
672 1775 711 1805 ad
735 1780 917 1806 mercatores
931 1781 1000 1805 tan-

270 1821 349 1852 tum,
367 1817 421 1848 sed
438 1817 477 1847 ad
492 1828 608 1852 omnes,
629 1818 683 1858 qui
705 1817 886 1858 diligentem
902 1828 1000 1848 rerum

271 1868 396 1889 suarum
429 1869 533 1890 curam
561 1866 682 1899 gerunt,
710 1859 886 1890 honestiore
909 1870 1003 1890 sensu

273 1901 353 1931 lucri
365 1903 499 1931 studium
514 1903 685 1942 pertinere3
710 1901 872 1932 Horatium
890 1908 1005 1937 autem,

274 1942 332 1972 nisi
349 1953 403 1984 per
421 1943 528 1984 jocum
546 1943 660 1985 potiuS,
682 1943 735 1985 qui
755 1955 809 1985 per
823 1950 920 1974 totum
937 1955 1005 1975 car-

273 1994 344 2015 men
360 1991 480 2025 regnat,
498 1986 597 2016 amico
612 1995 669 2016 suo
693 1988 772 2016 lucri
794 1988 926 2016 studium
949 1997 1000 2017 ex-

271 2027 439 2068 probravit,
454 2027 536 2057 haud
550 2027 645 2058 dubie
661 2027 822 2058 honestius
833 2028 1001 2069 quoddam,

274 2069 325 2099 cui
341 2079 414 2099 cum
429 2069 562 2100 maxime
577 2069 717 2100 intentus
731 2076 824 2104 esset,
839 2072 919 2102 lucri
939 2077 1002 2101 stu-

272 2112 356 2141 dium
373 2111 562 2152 respexisse3
583 2113 719 2152 profecto
729 2122 829 2152 neque
839 2123 876 2142 ex
890 2123 1003 2153 magno

273 2158 365 2194 poeta
390 2159 589 2183 mercatorem
619 2153 776 2188 fecissent,
809 2164 909 2194 neque
940 2161 1002 2184 tam

273 2195 432 2226 humiliter
450 2195 489 2225 de
508 2195 630 2226 Horatii
649 2205 720 2226 cum
746 2202 914 2227 mercatore
937 2196 1003 2226 Ro-

274 2247 367 2268 mano
382 2237 520 2268 amicitia
535 2237 725 2268 sensissent!
752 2237 813 2268 vid.
830 2244 895 2268 not.
913 2238 951 2268 ad
975 2249 1004 2268 v.

275 2280 328 2310 25.
373 2279 519 2310 Ceterum
550 2279 633 2320 quod
660 2279 737 2310 veris
767 2279 1004 2321 descriptionem

275 2321 398 2357 attinet,
414 2331 558 2363 compara
577 2321 599 2356 i,
616 2323 646 2357 4,
661 2327 692 2352 et
706 2322 747 2357 iv,
762 2323 792 2352 7.
837 2323 908 2359 Quo
925 2332 1006 2352 anno

276 2362 335 2394 hoc
358 2373 484 2394 carmen
506 2363 653 2405 scriptum
675 2363 725 2400 sit,
743 2374 803 2399 non
825 2370 909 2395 certo
931 2365 1007 2395 satis

276 2405 425 2436 constitui
451 2411 570 2447 potest3
597 2405 662 2441 sed,
689 2406 716 2436 si
744 2410 896 2443 tenemus,
922 2407 1006 2448 quod

277 2457 372 2495 supra
400 2447 431 2478 in
460 2457 578 2488 argum.
607 2448 646 2478 ad
679 2447 776 2488 hujus
804 2448 874 2479 libri
909 2459 1005 2480 carm.

277 2500 369 2532 prim.
395 2491 586 2527 monuimus,
610 2491 772 2520 Horatium
801 2490 832 2520 in
855 2491 912 2522 hoc
930 2490 1008 2522 libro

277 2538 386 2573 quarto
410 2532 564 2563 nonnulla
587 2532 738 2568 carmina,
765 2543 835 2574 quae
859 2533 926 2575 jam
953 2533 1007 2564 diu

278 2579 349 2606 ante
382 2575 557 2615 scripserat,
590 2584 662 2604 cum
690 2575 770 2611 aliis,
797 2586 867 2616 quae
893 2575 1008 2607 seriore

278 2622 369 2648 aetate
388 2616 522 2658 scripsit,
545 2616 736 2647 carminibus
757 2618 882 2648 demum
905 2618 1007 2659 publi-

277 2669 384 2698 casse;
405 2665 486 2690 recte
496 2658 573 2688 illud
585 2659 623 2688 ad
635 2664 768 2700 tempus,
781 2669 843 2700 quo
858 2660 1008 2699 Virgilius

277 2701 380 2732 adhuc
397 2707 552 2743 superstes
568 2700 638 2735 fuit,
655 2701 756 2731 referri
773 2711 864 2742 posse
875 2702 1009 2733 videtur.

323 2744 436 2774 1—12.
462 2745 574 2773 Am'mae
603 2743 747 2780 Thraciae,
778 2744 861 2774 venti
885 2750 1008 2785 septen-

277 2785 435 2821 trionales,
459 2785 512 2827 qui
545 2786 584 2815 ab
617 2785 754 2816 Homero
785 2785 858 2816 inde
885 2793 916 2818 et
940 2786 1010 2816 aliis

277 2828 416 2870 antiquis
431 2827 530 2870 poetis
556 2827 662 2863 Ioniis,
685 2828 800 2868 quibus
823 2828 1006 2870 septentrio-

277 2880 348 2901 nem
373 2879 479 2901 versus
504 2869 563 2900 sita
589 2869 649 2900 fuit
682 2869 826 2905 Thracia,
860 2871 1007 2912 appellati

276 2919 350 2944 sunt
376 2912 520 2948 Thracii;
552 2911 699 2943 dicuntur
724 2918 826 2943 autem
856 2913 938 2943 Veris
960 2925 1006 2944 co-

1034 979 1128 1013 mites,
1146 978 1222 1018 quia
1237 978 1295 1007 sub
1316 987 1387 1008 vere
1406 975 1521 1018 spirare
1542 975 1644 1007 solent
1665 975 1767 1018 Aqui.

1036 1020 1136 1055 lones,
1162 1021 1225 1050 sive
1250 1019 1335 1050 venti
1359 1017 1628 1060 septentrionales:
1666 1019 1766 1050 Colu-

1036 1061 1123 1091 mell.
1149 1062 1190 1096 xi,
1214 1062 1246 1096 2,
1268 1062 1321 1097 21,
1347 1061 1380 1090 X
1398 1061 1466 1091 Cat.
1482 1060 1578 1090 Mart.
1600 1061 1680 1091 venti
1701 1070 1766 1100 sep-

1038 1105 1243 1136 tentrionales,
1272 1105 1323 1142 qui
1349 1108 1494 1132 vocantur
1531 1102 1679 1132 Ornithioe
1713 1113 1767 1142 per

1038 1147 1099 1175 dies
1114 1145 1218 1175 XXX
1230 1155 1287 1174 esse
1299 1147 1391 1175 solent
1403 1155 1414 1181 ;
1437 1149 1501 1174 tum
1519 1150 1547 1174 et
1565 1144 1696 1175 hirundo
1710 1146 1766 1174 ad—

1039 1188 1137 1217 venit.—
1161 1187 1202 1217 cf.
1219 1186 1350 1217 Aristot.
1370 1187 1409 1216 de
1431 1185 1546 1216 Mund.
1564 1195 1592 1216 c.
1614 1185 1656 1221 iv.
1670 1191 1703 1217 et
1723 1185 1769 1216 ibi

1042 1230 1148 1270 Kapp.
1173 1239 1204 1270 p.
1235 1230 1306 1259 118.
1351 1228 1548 1259 Mentionem
1573 1226 1667 1268 igitur
1693 1227 1769 1258 fecit

1041 1271 1110 1312 ejus
1135 1271 1327 1312 potissimum
1347 1270 1442 1305 venti,
1466 1269 1559 1310 cujus
1578 1269 1670 1300 flatus
1687 1270 1769 1300 veris

1041 1318 1177 1355 ternpore
1190 1313 1270 1343 solet
1283 1323 1350 1343 esse
1365 1311 1567 1342 creberrimus
1578 1323 1587 1350 ;
1611 1311 1770 1353 Zephyrus

1041 1355 1122 1385 enirn
1139 1355 1204 1386 sive
1220 1355 1387 1390 Favonius,
1403 1364 1497 1395 quem
1517 1353 1595 1384 alias
1615 1359 1714 1395 poetae
1737 1353 1771 1384 in

1043 1397 1121 1427 veris
1135 1396 1341 1438 descriptione
1357 1396 1525 1431 celebrant,
1541 1396 1639 1426 multo
1655 1395 1709 1427 illo
1723 1401 1772 1427 est
1796 1401 1804 1409 ⁸

1043 1439 1221 1469 mutabilior
1236 1445 1267 1469 et
1282 1437 1517 1470 inconstantior.
1561 1437 1774 1478 Ceterum‚{ut

1042 1480 1092 1511 hic
1108 1483 1213 1511 animae
1232 1480 1364 1510 Thracica
1383 1479 1466 1510 Veris
1481 1480 1598 1510 comites
1610 1479 1770 1517 dicuutur,

1044 1523 1086 1552 ita
1108 1533 1179 1564 sup.
1200 1524 1222 1558 i,
1245 1523 1300 1558 23,
1326 1523 1377 1556 19,
1401 1521 1503 1552 Eurus
1527 1521 1643 1560 Hiemis
1663 1523 1772 1553 sodalis

1045 1570 1183 1595 vocatur.
1229 1564 1394 1603 Impellunt
1408 1565 1513 1599 lintea,
1526 1562 1714 1603 navigationi
1723 1574 1772 1596 re-

1044 1608 1186 1648 petendae
1205 1605 1344 1637 secundo
1373 1606 1449 1636 flatu
1475 1615 1532 1635 suo
1555 1605 1672 1642 favent,
1701 1605 1773 1638 red-

1044 1649 1122 1679 dunt
1136 1659 1220 1680 mare
1237 1649 1410 1691 πλώϊμον;
1433 1647 1639 1688 navigationis
1658 1652 1773 1686 eutem,

1044 1691 1094 1721 cui
1121 1690 1159 1722 de
1181 1691 1300 1731 integro
1322 1691 1381 1721 sub
1402 1699 1472 1720 vere
1493 1689 1559 1720 dari
1576 1690 1656 1720 solet
1669 1699 1774 1732 opera,

1045 1733 1192 1774 frequens
1205 1733 1287 1774 apud
1302 1738 1409 1774 poetas
1423 1732 1456 1762 in
1470 1731 1550 1762 veris
1567 1731 1775 1774 descriptione

1045 1775 1180 1806 mentio:
1205 1775 1247 1806 cf.
1270 1785 1339 1816 sup.
1362 1774 1384 1809 i,
1409 1775 1440 1808 4.
1457 1775 1489 1810 2,
1505 1779 1536 1804 et
1555 1783 1634 1816 quos
1647 1783 1774 1816 compa-

1045 1822 1093 1847 rat
1117 1818 1168 1848 Cl.
1191 1817 1326 1848 Mitsch.
1349 1817 1487 1857 Meleag.
1509 1825 1559 1851 cx,
1576 1817 1619 1854 93
1643 1816 1776 1848 Anthol.

1046 1860 1152 1891 Graec.
1167 1860 1204 1890 T.
1219 1859 1240 1898 i,
1256 1869 1287 1900 p.
1301 1860 1341 1890 32
1354 1871 1363 1898 ;
1386 1859 1489 1889 Marc.
1504 1858 1674 1899 Argeum.
1689 1858 1774 1895 xxiv,

1047 1903 1079 1936 3,
1094 1903 1132 1933 T.
1146 1902 1180 1938 ii,
1196 1913 1227 1943 p.
1242 1902 1316 1932 248.
1362 1901 1425 1932 Nec
1439 1901 1536 1942 fluvii
1554 1906 1693 1940 strepunt
1711 1901 1774 1932 Hi-

1048 1945 1138 1974 berna
1168 1946 1235 1974 nive
1262 1945 1397 1984 turgidi.-
1436 1953 1506 1984 sup.
1535 1941 1579 1980 ἰν,
1603 1943 1632 1980 7,
1659 1943 1691 1978 3,
1717 1943 1777 1974 De-

1045 1988 1205 2017 crescentia
1227 1988 1308 2026 ripas
1323 1986 1458 2027 flumina
1478 1989 1671 2024 praeterennt.
1716 1980 1776 2016 Na*-

1045 2030 1117 2059 dum
1140 2030 1235 2068 ponit,
1260 2028 1333 2068 Ityn
1345 2028 1494 2069 flebiliter
1515 2037 1643 2068 gemens,
1663 2027 1778 2068 Ῑῃΐσὶἰι*

1046 2073 1119 2102 uvis.
1151 2071 1213 2100 Per
1222 2071 1371 2118 infelicem
1383 2079 1464 2100 avem
1477 2068 1619 2110 intellige
1630 2069 1776 2106 Procnen,

1046 2122 1139 2152 quam
1167 2111 1221 2142 alii
1247 2123 1279 2142 in
1302 2111 1510 2147 hirundinem,
1534 2110 1588 2141 alii
1614 2110 1649 2140 in
1679 2109 1776 2142 lusci·
1828 2108 1831 2109 ⁷

1047 2155 1131 2184 niam
1155 2159 1306 2184 mutatam
1333 2163 1400 2185 esse
1423 2154 1568 2183 tradunt:
1601 2152 1684 2188 vide,
1705 2163 1778 2195 quae

1047 2197 1085 2226 de
1109 2195 1204 2236 hujus
1226 2195 1342 2226 fabulae
1364 2195 1509 2226 dissensu
1537 2194 1711 2226 notavimus
1738 2195 1779 2226 ad

1048 2238 1165 2269 Catuli,
1191 2237 1256 2273 lxv,
1288 2238 1337 2268 14.
1381 2237 1454 2268 Jam
1479 2246 1550 2268 vero
1575 2246 1645 2267 cum
1668 2236 1709 2267 ad
1729 2247 1778 2274 ea,

1048 2290 1118 2321 quse
1141 2279 1220 2311 veris
1243 2278 1345 2310 reditu
1369 2278 1469 2309 oeulis
1489 2278 1710 2319 subjiciuntur,
1733 2279 1780 2310 hi-

1050 2321 1192 2353 rundinis
1206 2331 1330 2363 quoque
1345 2321 1510 2352 adventurn
1533 2321 1642 2355 referre
1657 2321 1782 2352 soleant

1050 2370 1148 2406 poetae
1164 2364 1248 2406 (ipse
1264 2365 1341 2394 Hor.
1357 2362 1412 2394 inf.
1429 2363 1531 2404 Epist.
1550 2362 1573 2398 i,
1589 2363 1620 2398 7,
1641 2364 1692 2399 13,
1708 2374 1777 2394 cum

1012 2429 1025 2439 .
1051 2407 1194 2448 Zephyris
1210 2413 1237 2436 et
1253 2407 1416 2436 hirundine
1429 2406 1548 2445 primm
1575 2410 1608 2436 et
1619 2404 1692 2436 hinc
1707 2407 1784 2437 veris

1048 2450 1251 2488 praetiunciam
1266 2445 1352 2478 illam
1375 2451 1467 2479 vocat.
1489 2446 1622 2478 Ovidius
1645 2447 1730 2478 Fast-
1744 2447 1779 2484 ii,

1053 2493 1126 2528 853,
1149 2491 1189 2522 cf.
1206 2490 1316 2532 Antip.
1340 2489 1448 2520 Sidon.
1471 2488 1587 2527 xxxvii,
1601 2490 1633 2525 3,
1651 2489 1783 2521 Anthol.

1054 2534 1205 2564 Graec.'r.
1215 2533 1248 2568 ii,
1259 2544 1290 2574 p.
1304 2533 1353 2567 16,
1365 2531 1420 2562 ubi
1433 2530 1512 2562 veris
1522 2537 1658 2573 ternpore
1669 2531 1783 2582 pariter

1052 2576 1114 2606 fere
1130 2575 1263 2606 hirundo
1279 2574 1446 2606 πλάσσειν
1460 2573 1622 2616 ὑπώροφα
1635 2573 1721 2605 οἰκία
1732 2573 1781 2605 di·

1051 2617 1144 2653 citur,
1160 2618 1203 2648 cf.
1220 2619 1322 2659 Satyr.
1336 2617 1385 2647 Th
1409 2615 1455 2646 ill.
1470 2625 1500 2646 v.
1521 2616 1535 2646 1
1553 2625 1635 2656 sqq..
1652 2615 1784 2647 Anthol.

1053 2660 1158 2691 Graec.
1171 2660 1208 2690 T.
1226 2660 1259 2695 ii,
1277 2670 1307 2701 p.
1323 2659 1385 2690 253
1409 2681 1417 2695 ,
1432 2657 1582 2699 infelicem
1597 2669 1691 2693 avem,
1710 2658 1784 2699 Ityn

1042 2703 1192 2743 flebiliter
1212 2707 1385 2744 gementem,
1413 2699 1596 2742 interpretes
1618 2699 1659 2730 ad
1683 2709 1783 2731 unum

1052 2755 1160 2775 omnes
1177 2744 1215 2775 de
1239 2742 1402 2774 hirundine
1423 2740 1592 2783 accipiunt.
1634 2741 1695 2773 Sed
1710 2752 1783 2774 cum

1044 2787 1194 2829 flebiliter
1211 2795 1328 2828 gemere
1351 2785 1434 2825 Ityn,
1459 2789 1492 2814 ut
1513 2783 1596 2825 apud
1619 2783 1783 2815 Catullum

1051 2830 1072 2860 Ι.
1092 2829 1111 2859 l.
1125 2829 1201 2870 fata
1213 2830 1341 2859 absumta·
1357 2826 1434 2867 Ityli
1452 2836 1579 2867 gemere,
1595 2834 1659 2856 non
1675 2826 1784 2858 hirun-

1050 2871 1145 2906 dinis,
1162 2871 1216 2902 sed
1232 2869 1374 2903 lusciniae
1395 2873 1515 2900 tantum
1538 2867 1697 2899 flebilibus
1717 2879 1784 2899 mo-

1050 2913 1098 2944 dis
1113 2918 1292 2944 constanter
1306 2922 1324 2942 a
1338 2910 1437 2954 poetis
1459 2909 1627 2946 tribuatur,
1650 2909 1785 2942 luscinia
