1884 3288
675 210 986 256 CARMEN
1020 213 1086 255 14«.

1563 214 1649 258 275

650 414 928 458 CARMEN
961 414 1093 458 XIV.

546 581 634 613 AD
680 580 1196 613 MAECENATEM.

332 712 515 756 MoLLrs
534 712 690 755 inertia
711 726 789 754 cur
810 718 973 754 tantam
995 712 1219 755 diffuderit
1240 713 1335 754 imis

505 780 781 823 Oblivionem
803 781 1021 830 sensibus,

334 848 500 892 Pocula
521 848 730 891 Lethaeos
752 855 802 890 ut
823 849 859 890 si
881 849 1086 891 ducentia
1107 864 1281 891 somnos

502 915 670 959 Arente
692 916 817 959 fauce
831 917 1059 968 traxerim,

271 985 300 1027 5
330 983 529 1028 Candide
550 985 787 1036 Maecenas,
812 985 974 1027 occidis
998 999 1116 1040 saepe
1137 984 1358 1040 rogando:

498 1054 640 1103 Deus,
663 1054 789 1096 Deus
809 1069 906 1096 nam
927 1068 995 1096 me
1017 1060 1134 1096 vetat

331 1121 551 1178 Inceptos‚
574 1122 674 1164 olim
693 1123 954 1178 promissum
975 1137 1163 1172 carmen,
1183 1122 1351 1164 iambos

504 1190 580 1232 Ad
599 1190 849 1232 umbilicum
870 1190 1106 1232 adducere.

331 1257 438 1300 Non
460 1258 585 1300 aliter
607 1258 753 1300 Samio
776 1259 927 1300 dicunt
948 1259 1106 1300 arsisse
1128 1257 1335 1314 Bathyllo

250 1324 304 1366 10

507 1325 790 1368 Anacreonta
810 1325 969 1367 Teium
984 1344 994 1377 3

332 1393 422 1441 Qui
443 1409 642 1449 persaepe
664 1408 772 1436 cava
790 1393 1010 1435 testudine
1031 1394 1151 1435 flevit
1173 1408 1376 1444 amorem,

505 1462 611 1504 Non
633 1461 909 1504 elaboratum
929 1462 986 1504 ad
1009 1462 1180 1518 pedem.

310 1563 514 1596 CARMEN
539 1563 638 1595 XIV.

142 1605 316 1638 Maecenati
339 1606 510 1638 identidem
535 1605 703 1637 Horatium
726 1605 849 1647 roganti

98 1652 132 1680 et
153 1658 227 1680 cum
250 1658 288 1681 eo
305 1648 534 1692 expostulanti,
554 1660 611 1680 cur
628 1648 696 1690 jam
715 1649 770 1679 diu
794 1648 849 1679 da-

54 1727 64 1738 ·
99 1695 164 1723 tam
183 1691 290 1729 fidem.
309 1702 342 1724 se
363 1703 492 1724 carmen
510 1692 682 1724 iambicum
702 1702 776 1723 cum
794 1691 851 1722 illo

97 1735 334 1768 communicare
369 1736 462 1774 velle,
494 1735 636 1766 nondum
667 1734 847 1770 exsolverit,

98 1777 267 1820 respondet
297 1784 393 1821 poeta
424 1779 457 1810 in
493 1779 552 1810 hoc
588 1778 740 1814 carmine,
771 1778 847 1808 dum

97 1820 202 1852 omnis
217 1831 313 1853 morae
327 1832 458 1854 causam
478 1821 511 1852 in
530 1831 681 1857 amorem,
697 1831 761 1862 quo
776 1831 846 1862 gra-

97 1862 170 1895 vius
182 1873 280 1906 quam
298 1865 374 1896 olim
392 1866 573 1900 Anacreon,
589 1869 755 1900 torreatur,
772 1870 849 1895 conss

98 1905 171 1938 fert.
215 1907 267 1939 De
288 1918 412 1939 summa
430 1914 538 1939 autem
558 1907 671 1939 amoris
689 1907 720 1938 vi
744 1906 846 1950 ipsum

98 1949 323 1987 Maecenatem,
336 1951 370 1982 in
381 1950 601 1994 pulcherrimae
611 1951 730 1993 ,puellae
743 1960 848 1982 amore

97 2002 173 2068 ‹fzaucrn
202 1993 340 2026 maxime
368 1999 572 2037 occupatum,
602 1995 704 2025 facete
735 1999 848 2025 testem

150 2041 187 2067 it.

146 2079 241 2112 1—8.
264 2080 370 2112 Mollis
397 2081 520 2118 inertia,
550 2085 625 2112 cett.
653 2079 787 2122 pulchre
816 2084 848 2111 et

98 2132 116 2153 s
138 2121 266 2155 lendide
283 2133 340 2166 pro
357 2122 493 2164 vulgari,
517 2134 575 2155 cur
592 2123 748 2155 effluxerit
770 2122 847 2154 mihi

98 2175 123 2208 p
208 2176 248 2198 ex
263 2166 381 2203 animo.
397 2167 483 2208 quod
499 2166 538 2198 de
555 2166 695 2198 carmine
710 2166 848 2198 iambico

98 2208 261 2251 quondam
282 2209 341 2241 tibi
366 2208 581 2252 promiseram,
604 2220 688 2252 saepe
710 2211 849 2250 rogando

29 2270 35 2278 .
97 2260 149 2283 me
183 2262 312 2288 enecas,
349 2251 485 2284 candide
524 2253 701 2284 Maecenas.
745 2253 851 2284 Mollis

38 2323 39 2326 ,
98 2295 226 2332 inertia,
241 2295 405 2338 ignavum,
421 2305 486 2337 quo
499 2296 572 2337 quis
590 2296 727 2328 molliter
740 2295 846 2327 difflu-

30 2339 36 2342 ’
97 2337 136 2374 it,
156 2337 268 2370 otium.
313 2339 431 2370 Pocula
451 2339 584 2370 Lelhaeos
603 2346 639 2370 ut
658 2342 683 2370 si
701 2341 847 2370 ducentia

43 2410 45 2412 .
97 2390 213 2413 mum
233 2383 347 2414 Arente
362 2381 461 2425 fauce
487 2385 646 2418 traxerim,
670 2382 764 2425 quasi
789 2393 848 2424 ego

96 2432 138 2456 u
153 2424 253 2458 Lethe
264 2424 410 2457 biberim.
454 2426 674 2468 Arentefuuce
690 2427 848 2463 traxerim,

97 2466 190 2500 avide
207 2467 386 2506 haueerim3
410 2467 456 2500 sic
481 2469 636 2500 Hercules
655 2471 761 2500 vinum
781 2476 846 2500 tra·

98 2508 173 2543 lbra
190 2510 277 2554 apud
301 2511 377 2544 Val.
397 2511 488 2543 Flac.
510 2511 557 2547 iii,
581 2513 645 2544 609
667 2512 795 2547 dicitur,
817 2518 849 2543 et

95 2550 145 2586 tie
166 2552 276 2588 ἕλκειν
303 2560 337 2587 et
361 2556 460 2604 evi-5311
489 2555 573 2597 apud
601 2555 751 2586 Graecos:
782 2555 847 2586 vid.

97 2595 244 2640 Derghr.
272 2597 314 2629 ad
346 2597 538 2641 Alerphron.
568 2598 590 2636 i,
620 2599 675 2634 34,
707 2610 740 2641 p.
776 2599 848 2630 149.

70 2665 79 2677 ,
97 2636 271 2679 'masmim
293 2640 498 2676 adducentia,
523 2646 559 2671 ut
579 2651 649 2684 sup.
672 2642 779 2673 Carm.
805 2641 850 2678 iii,

94 2678 157 2722 27,
171 2684 227 2720 42,
242 2687 389 2716 somnium
403 2686 526 2716 ducere.
574 2684 706 2716 Lethoeos
726 2695 849 2722 somnos,

71 2741 73 2745 ¹
95 2724 196 2758 hiem
212 2731 380 2770 torporem,
397 2727 498 2769 quali,
515 2726 571 2769 qui
587 2737 626 2758 ex
642 2727 743 2759 Lethe
758 2727 848 2759 bibe—

95 2764 187 2811 fim,
202 2769 391 2808 obruuntur,
407 2772 437 2802 h.
450 2781 479 2802 e.
495 2770 637 2802 omniurn
655 2781 755 2802 rerum
770 2770 852 2802 obli-

54 2814 67 2821 *
96 2811 240 2855 fflnem.
269 2813 426 2845 candide.-
443 2813 542 2845 animi
552 2815 733 2850 candorem,
744 2813 776 2845 in
787 2825 852 2856 quo

97 2855 152 2888 vul
164 2855 302 2888 maxime
316 2862 478 2900 spectatur
491 2856 643 2893 amicitia,
659 2856 854 2888 familiariter

97 2891 276 2932 &munti
293 2899 415 2932 tribuit.
447 2900 581 2936 Occidis,
597 2909 726 2932 enecas„
758 2901 852 2937 Deus,

98 2935 212 2975 Amor.
257 2943 339 2974 Nam
350 2956 359 2973 .·
383 2943 423 2974 ad
439 2942 521 2974 hanc
538 2943 727 2986 particulam
741 2943 855 2987 supple

100 2980 250 3017 &renue
265 2997 272 3016 ε
297 2986 377 3021 noli,
392 2997 513 3028 quaeso,
530 2987 649 3023 mirari,
665 2987 726 3024 vel,
742 2997 806 3018 non
822 2987 856 3018 in

18 3036 22 3047 ¹
40 3046 41 3052 ,
102 3031 206 3060 >cauea
222 3033 272 3062 eet
294 3029 400 3061 mollis
424 3030 548 3068 inertia,
573 3042 656 3067 nam,
677 3035 758 3062 cett.
803 3031 857 3061 Me

893 1568 986 1601 vetat,
1002 1567 1079 1594 cett·
1099 1572 1172 1604 sup.
1197 1562 1301 1604 Epod.
1326 1563 1378 1596 ll.
1400 1563 1428 1598 l.
1449 1563 1545 1601 Perti,
1567 1562 1647 1594 nihil

893 1617 949 1643 me,
972 1608 1051 1638 sicut
1073 1613 1176 1642 antea,
1191 1608 1289 1646 juvat
1312 1605 1449 1637 Scribere
1471 1608 1645 1642 versiculos,

894 1649 1003 1680 Amore
1031 1660 1208 1689 percussum
1240 1651 1344 1691 gravi.
1390 1649 1540 1688 Inceptos.
1572 1651 1646 1680 olim

894 1694 1071 1731 promissum
1085 1703 1218 1729 carmen,
1233 1693 1355 1729 iambos,
1371 1691 1534 1740 inceptum
1551 1692 1646 1730 illud.

893 1736 978 1776 quod
994 1734 1068 1766 olim
1085 1734 1144 1765 tibi
1156 1734 1297 1776 promisi,
1308 1744 1436 1766 carmen
1449 1735 1621 1766 iambicum
1635 1748 1644 1775 3

893 1778 996 1819 possis
1026 1787 1154 1819 quoque
1177 1787 1286 1808 vocem
1316 1779 1388 1808 olim
1418 1788 1492 1808 cum
1524 1779 1565 1808 W
1570 1778 1643 1810 ake-

893 1820 998 1852 fieldio
1013 1821 1052 1851 ad
1069 1823 1202 1860 inceptos
1214 1820 1339 1852 referre.
1385 1819 1436 1852 Cl.
1455 1820 1592 1853 Mitsch.
1611 1821 1646 1853 in

893 1874 1016 1904 argum.
1033 1863 1072 1894 ad
1090 1863 1150 1895 hoc
1167 1874 1295 1895 carmen
1315 1874 1371 1906 per
1387 1866 1516 1905 inceptos
1534 1866 1646 1896 iambos

891 1906 900 1936 i
942 1918 995 1938 um
1015 1907 1151 1949 Epodon
1173 1906 1290 1938 librum
1313 1906 1442 1937 omnino
1461 1906 1643 1949 intelligen-

914 1960 968 1980 um
990 1960 1060 1982 esse
1081 1949 1261 1981 existimatz
1286 1949 1342 1981 sed
1365 1949 1464 1980 nolim
1484 1950 1552 1992 jam
1574 1962 1646 1991 pro-

891 1995 1013 2024 missum
1042 2003 1163 2024 carmen
1194 1992 1234 2023 de
1265 1992 1411 2040 pluribus
1442 1992 1643 2034 intelligere;

892 2035 979 2067 haud
997 2035 1095 2067 dubie
1113 2036 1152 2067 de
1173 2035 1326 2079 peculiari
1348 2035 1488 2077 quodam
1506 2037 1646 2070 carmine

892 2089 994 2111 sermo
1014 2084 1074 2111 est.
1120 2078 1172 2110 Sic
1195 2079 1344 2111 Catullus
1367 2079 1421 2110 lxv
1443 2078 1484 2110 de
1506 2080 1646 2112 carmine

891 2124 1054 2162 peculiari,
1078 2121 1164 2164 quod
1184 2133 1222 2154 ex
1242 2121 1434 2154 Callimachi
1453 2123 1647 2155 carminibus

893 2166 934 2196 de
951 2167 1041 2198 Coma
1058 2165 1214 2196 Berenices
1230 2165 1356 2196 Latinis
1372 2165 1510 2197 numeris
1520 2177 1647 2209 expres-

894 2219 964 2240 sum
990 2210 1130 2241 nondum
1153 2219 1193 2241 ex
1217 2209 1370 2251 promisso
1391 2208 1531 2244 miserat,
1561 2210 1647 2252 apud

896 2253 1064 2283 Horatium
1081 2263 1114 2283 se
1134 2260 1276 2283 excusat.
1321 2254 1370 2283 Ad
1389 2254 1569 2284 umbilicum
1590 2255 1647 2284 ad-

891 2298 1014 2331 ducere,
1047 2296 1088 2326 ad
1114 2296 1210 2326 finem
1239 2294 1422 2337 perducere.
1479 2295 1647 2328 Umbilicns

893 2339 954 2370 fuit
967 2338 1104 2370 bacillus
1118 2345 1210 2374 teres,
1222 2339 1278 2380 qui
1289 2338 1437 2370 extremis
1447 2339 1645 2371 voluminum

893 2382 956 2414 oris
975 2381 1020 2414 ita
1038 2382 1284 2424 adjungebatur,
1303 2387 1340 2412 ut
1360 2382 1432 2424 ejus
1452 2382 1647 2414 adminiculo

894 2426 950 2457 illa
994 2425 1202 2457 circumvolvi
1242 2431 1391 2467 possent;
1437 2426 1655 2468 prominentes

891 2468 1050 2510 utrimque
1066 2474 1182 2511 partes,
1201 2479 1240 2500 ex
1257 2478 1345 2504 auro,
1363 2474 1507 2510 argento,
1519 2470 1569 2501 vel
1585 2470 1648 2500 alio

892 2512 1021 2543 metallo
1052 2512 1156 2546 factae.
1189 2511 1378 2543 dicebantur
1412 2523 1544 2543 cornua:
1582 2513 1647 2544 vid.

894 2556 998 2597 Heyn.
1013 2555 1054 2586 ad
1070 2554 1192 2586 Tibull.
1207 2554 1254 2591 iii,
1273 2556 1303 2590 1.
1319 2556 1372 2586 13.
1389 2554 1483 2586 Liber
1495 2555 1593 2596 igitur
1606 2559 1646 2587 ad

893 2600 1073 2629 umbilicum
1089 2600 1242 2629 adductus
1253 2598 1389 2630 debebat
1402 2608 1470 2630 esse
1482 2599 1648 2630 absolutus

894 2647 926 2673 et
941 2641 979 2672 ad
995 2641 1088 2672 finem
1107 2641 1290 2684 perductus.

937 2686 1058 2716 9—16.
1082 2687 1197 2716 arsisse
1222 2685 1388 2726 Bathyllo:
1421 2684 1460 2716 de
1486 2685 1649 2717 locutione

894 2730 1003 2760 ardere
1024 2729 1128 2770 aliquo
1150 2728 1201 2759 vel
1223 2729 1341 2770 aliqua,
1366 2728 1432 2759 vid.
1456 2739 1529 2771 sup.
1552 2729 1592 2759 ad
1617 2729 1650 2766 ii,

895 2773 929 2806 4,
948 2773 981 2804 7.
1013 2771 1127 2810 Teium,
1142 2771 1307 2813 hincfides
1320 2771 1394 2802 Teia
1406 2782 1478 2813 sup.
1492 2771 1514 2806 i,
1531 2773 1581 2806 17,
1599 2772 1651 2804 18.

899 2815 969 2846 Non
1001 2816 1190 2846 elaboratum
1227 2816 1268 2846 ad
1304 2817 1419 2854 pedem,
1453 2814 1649 2846 carminibus

897 2857 984 2889 haud
999 2857 1039 2891 ad
1060 2864 1163 2890 certos
1183 2858 1274 2889 metri
1298 2859 1391 2900 pedes
1409 2857 1576 2898 diligenter
1593 2868 1648 2888 ex-

897 2901 997 2939 actis;
1026 2901 1121 2944 paulo
1146 2900 1294 2934 licentius
1319 2911 1432 2944 nempe
1462 2901 1494 2931 in
1524 2911 1649 2942 permu-

899 2944 1004 2975 tandis
1027 2944 1152 2981 iambis,
1179 2943 1363 2986 anapaestis,
1390 2943 1549 2986 spondeis,
1575 2948 1651 2974 cett.

898 2995 1041 3019 versatus
1053 2994 1102 3019 est
1114 2988 1295 3023 Anacreon,
1311 2987 1397 3029 quod
1415 2986 1553 3017 suaviter
1566 2996 1651 3016 nunc

901 3031 1011 3063 tribuit
1038 3031 1110 3073 ejus
1139 3032 1258 3067 animo,
1289 3030 1509 3062 vehementius
1536 3027 1651 3059 amoris

850 3075 908 3106 r2
