1884 3288
300 196 381 237 104

844 195 1238 238 CARMINUM

634 295 730 337 Nec
751 302 871 345 curat
892 296 1028 337 Orion
1048 297 1192 338 leones

493 362 550 402 40

691 361 783 402 Aut
803 362 971 403 timidos
991 363 1151 416 agitare
1171 363 1328 416 lyncas.

831 568 1102 610 CARMEN
1134 569 1260 610 XIV.

791 715 874 745 AD
920 715 1302 745 POSTUMUM.

583 827 714 867 EnEU
739 827 926 881 fugaces,
949 827 1167 877 Postume,
1191 827 1410 878 Postume,

583 893 810 934 Labuntur
831 894 950 934 anni:
983 907 1061 934 nec
1087 893 1227 934 Pietas
1247 909 1405 935 moram

640 960 778 1012 Rugis
801 966 843 1000 et
863 960 1037 999 instanti
1058 959 1250 1000 Senectae

691 1024 893 1074 Adferet,
911 1025 1213 1078 indomitaeque
1235 1024 1393 1073 Morti3

525 1091 552 1130 5
582 1090 699 1138 Non,
722 1091 756 1129 si
777 1091 974 1138 trecenis,
996 1097 1207 1143 quotquot
1230 1096 1332 1130 eunt
1352 1090 1459 1139 dies,

580 1154 746 1203 Amice,
767 1155 910 1209 places
932 1154 1263 1196 illacrimabilem

639 1219 825 1260 Plutona
847 1220 979 1260 tauris
997 1237 1007 1269 3
1038 1220 1112 1273 qui
1133 1227 1197 1261 ter
1216 1221 1401 1274 amplum

695 1285 928 1338 Geryonen
948 1285 1194 1338 Tityonque
1215 1287 1327 1326 tristi

582 1350 826 1404 Compescit
846 1351 976 1399 unda,
999 1350 1159 1392 scilicet
1181 1352 1390 1401 omnibus,

298 1484 438 1518 minibus,
462 1493 534 1513 cum
558 1488 682 1524 stupore
709 1482 866 1513 admirans
888 1482 943 1512 illa
962 1492 1030 1512 ear-

299 1523 405 1562 mina3
428 1524 556 1555 observa
572 1524 633 1554 vim
650 1524 682 1554 in
698 1525 772 1559 illis,
789 1524 820 1554 h.
833 1529 933 1554 etam
949 1534 1029 1565 prae-

299 1565 402 1602 claris,
418 1564 544 1596 divinis.
589 1566 731 1595 Demittit
746 1575 854 1600 aures,
878 1565 924 1595 uti
946 1565 1030 1596 enim

298 1615 393 1636 canes
406 1606 543 1636 minaces
559 1611 590 1637 et
605 1605 863 1637 stomachabundi
879 1616 968 1636 eures
982 1617 1030 1636 ar-

298 1647 407 1687 rigere,
423 1649 466 1678 ita
481 1647 576 1678 iidem
592 1658 656 1684 eaS,
671 1648 797 1688 quando
812 1647 948 1678 suaviter
963 1648 1029 1677 affi-

298 1688 437 1726 ciuntur,
453 1689 613 1719 demittere
628 1690 741 1719 solent.
787 1690 827 1719 Et
848 1690 956 1719 intorti
979 1700 1030 1719 ca-

294 1731 380 1768 pillis
398 1731 599 1760 Eumenidum
621 1736 798 1760 recreantur
821 1741 951 1770 angues:
974 1740 1031 1760 an-

299 1781 387 1811 gues,
397 1782 476 1813 quos
489 1771 590 1802 Furiae
603 1771 724 1812 capillis
736 1771 888 1812 implexos
898 1777 1031 1810 gestant,

298 1813 434 1853 graviter
446 1823 500 1854 pro
515 1813 591 1854 ipsis
607 1813 711 1843 Furiis
725 1813 812 1843 dulci
835 1819 930 1843 cantu
943 1813 1030 1844 dele-

299 1854 358 1884 niri
367 1854 524 1884 dicuntur.
546 1855 584 1884 In
593 1854 732 1895 ejusdem
742 1855 785 1884 rei
795 1854 931 1894 imagine
943 1854 1031 1894 Virg.

297 1895 320 1926 l,
335 1897 364 1929 l,
377 1896 451 1930 483,
470 1895 647 1926 Eumenides
656 1895 735 1925 dixit
744 1897 882 1925 caeruleos
892 1897 1032 1934 implexas

297 1938 561 1976 crinibusangues.
571 1937 771 1967 Prometheus:
779 1946 852 1976 ergo
859 1936 1030 1967 secundum

300 1977 516 2018 antiquiorem,
525 1988 617 2018 quarn
626 1978 775 2008 Horatius
786 1983 910 2008 secutus
919 1985 976 2015 est,
984 1978 1030 2008 fa-

298 2019 418 2054 bulam,
427 2019 669 2050 Prometheusin
680 2020 762 2050 Orco
772 2029 896 2059 quoque
909 2019 1032 2050 aeternis

300 2060 460 2091 laboribus
474 2060 610 2091 exerceri
626 2061 716 2090 fictus
731 2065 798 2097 est;
821 2061 885 2090 vid.
902 2060 1033 2091 Aristot.

300 2103 390 2132 Poet.
410 2112 440 2133 c.
459 2103 496 2132 17
511 2113 519 2138 ;
542 2112 613 2132 nam
626 2102 719 2141 vulgo
733 2112 804 2131 eum
828 2103 970 2132 Caucaso
985 2101 1031 2131 af-

299 2143 407 2178 fixum,
424 2143 478 2173 ubi
505 2143 612 2183 a'quila
637 2142 786 2173 continuo
814 2153 868 2173 cor
889 2143 959 2183 ejus
981 2153 1028 2174 re-

301 2194 435 2215 nascens
449 2184 572 2221 exedat,
587 2184 721 2219 sceleris,
737 2194 798 2224 quo
820 2184 925 2222 ignem
947 2185 1029 2215 coelo

299 2226 494 2263 subduxerit,
508 2235 634 2267 poenam
649 2226 734 2256 luere
748 2225 888 2255 tradunt.
912 2226 1030 2265 Pelopis

296 2278 418 2307 parens,
434 2267 600 2301 Tantalus,
617 2266 656 2297 de
671 2277 734 2308 quo
750 2266 855 2296 omnia
870 2267 902 2296 in
918 2267 1030 2306 vulgus

301 2314 386 2340 nota.
431 2309 527 2339 Dulci
541 2309 675 2338 laborum
687 2310 838 2347 decipitur
851 2319 930 2343 sono,
953 2318 1029 2338 can-

302 2357 353 2381 tus
365 2349 533 2381 dulcedine
550 2350 590 2380 ita
606 2359 640 2380 se
655 2349 759 2390 decipi
776 2354 807 2380 et
829 2349 928 2390 abripi
951 2350 1030 2392 pati-

301 2398 363 2427 tur,
391 2396 426 2422 ut
456 2391 596 2422 laborum
627 2401 750 2422 suorum
788 2390 947 2421 immemor
982 2391 1031 2422 sit.

303 2434 459 2472 Dicipitur·
474 2435 619 2469 tuborum,
636 2432 747 2463 Graece
771 2431 889 2462 dictum
914 2432 1030 2473 (κλέπ-

300 2486 391 2506 τεται
403 2477 472 2506 τῶν
485 2473 620 2513 πόνων)
632 2484 699 2515 pro,
711 2473 861 2514 deceptus
871 2474 1027 2504 oblivisci-

300 2522 350 2546 tur
366 2516 518 2546 laborum.
563 2516 666 2552 Orion,
683 2515 709 2545 is
723 2515 807 2546 enim
822 2515 1028 2550 venationem,

300 2557 392 2598 cujus
414 2557 660 2587 studiosissimus
674 2556 706 2586 in
731 2557 796 2587 vita
818 2556 927 2592 fuerat,
947 2557 1029 2598 apud

300 2599 415 2629 inferos
424 2608 547 2639 quoque
558 2598 661 2639 (quia,
673 2603 709 2628 ut
719 2597 833 2628 dicitur
843 2598 927 2638 apud
941 2599 1030 2638 Virg.

303 2641 383 2671 AEu.
394 2640 436 2674 vi,
452 2640 527 2674 655,
543 2641 760 2670 cura—eadem
773 2641 908 2679 sequitur
922 2641 1031 2670 tellure

298 2682 442 2721 repostos)
458 2681 640 2718 exercebat;
665 2681 797 2715 Orionis,
813 2680 896 2721 apud
918 2681 1032 2712 inferos

301 2722 454 2757 venantis,
470 2722 638 2761 imaginem
658 2722 724 2763 jam
748 2721 944 2752 adumbravit
966 2724 1031 2753 Ho-

299 2774 375 2796 mer.
390 2763 504 2804 Odyss.
519 2763 562 2799 xi,
577 2765 638 2794 571
660 2773 731 2803 sqq.
777 2764 849 2800 Quo
864 2764 963 2803 magis
977 2774 1033 2794 au.

299 2811 360 2837 tem
370 2806 468 2837 Orion
478 2804 642 2836 venatione
651 2803 876 2842 delectabatur,
886 2815 923 2836 eo
933 2806 1029 2846 major

300 2846 488 2881 carminum,
505 2846 620 2887 quibus
635 2845 798 2877 audiendis
819 2847 858 2876 ab
873 2856 909 2878 ea
925 2857 959 2879 se
973 2848 1027 2878 de-

301 2888 390 2920 tineri
405 2897 516 2930 passus
530 2893 589 2924 est,
606 2887 651 2919 vis
663 2897 729 2919 esse
741 2887 858 2919 debuit.

1278 1484 1336 1514 CA
1344 1484 1478 1515 RMEN
1502 1485 1599 1517 XIV.

1117 1524 1201 1555 Vitae
1217 1531 1417 1566 praeceptum,
1432 1526 1472 1556 ab
1486 1526 1555 1566 ejus
1567 1526 1715 1556 brevitate
1723 1525 1801 1558 duc-

1073 1570 1152 1600 tum,
1167 1567 1251 1606 quod
1275 1566 1314 1596 ad
1339 1567 1420 1597 bona
1442 1577 1514 1607 q-uae
1532 1567 1647 1615 cuique
1661 1569 1800 1608 eontige-

1073 1606 1136 1636 riut
1149 1607 1316 1647 sapienter,
1332 1607 1406 1638 dum
1423 1608 1506 1644 licet,
1522 1608 1721 1650 percipienda
1742 1610 1800 1640 ite-

1074 1658 1142 1677 rum
1172 1647 1346 1689 iterumque
1377 1649 1485 1680 amicis
1513 1650 1579 1680 suis
1605 1651 1802 1682 commendat

1075 1689 1227 1719 Horatius
1246 1691 1300 1729 (ut
1322 1690 1428 1721 Dellio
1449 1701 1520 1733 sup.
1538 1691 1572 1728 ii,
1587 1693 1628 1730 35
1652 1692 1802 1728 Quinctio

1075 1730 1108 1764 ii,
1128 1731 1178 1763 11.
1194 1731 1248 1761 ubi
1265 1731 1306 1762 cf.
1322 1742 1462 1772 argum.;
1477 1738 1507 1763 et
1521 1733 1677 1774 Torquato
1690 1733 1747 1764 inf.
1758 1735 1801 1772 iv,

1075 1771 1124 1810 7),
1145 1772 1281 1802 Postumo
1294 1784 1418 1814 quoque
1428 1773 1573 1816 impertit.
1602 1775 1714 1815 Itaque
1727 1785 1800 1806 eum

1075 1813 1113 1843 ad
1129 1813 1260 1844 celerem
1272 1815 1418 1856 temporis
1427 1815 1533 1855 sugam
1545 1815 1684 1847 animum
1693 1816 1802 1848 adver-

1075 1859 1148 1891 tere,
1164 1855 1312 1886 moriendi
1330 1857 1555 1894 necessitatem,
1574 1857 1653 1888 nulli
1675 1858 1802 1890 omnino

1075 1895 1194 1926 homini
1208 1907 1309 1937 neque
1323 1897 1482 1928 sacrificiis
1491 1899 1688 1930 avertendam
1701 1910 1738 1931 ne
1762 1910 1802 1932 ue

1075 1937 1238 1977 prudentia
1251 1938 1440 1974 evitandam,
1457 1949 1561 1971 secum
1578 1911 1801 1982 κεραῖαι-αῖο-

1075 1979 1195 2019 nisque,
1211 1989 1281 2019 quae
1303 1980 1401 2010 haeres
1423 1982 1579 2022 profusius
1600 1982 1802 2014 absumturus

1073 2019 1125 2054 sit,
1138 2020 1238 2060 ipsum
1251 2021 1472 2062 perfruijubet.
1507 2023 1587 2060 Quis
1602 2023 1692 2054 fuerit
1707 2025 1800 2056 Post-

1074 2071 1174 2095 umus,
1189 2062 1239 2091 vix
1250 2063 1343 2092 certis
1356 2065 1547 2103 argumentis
1560 2063 1706 2102 evincas;
1729 2075 1802 2098 nam

1075 2113 1177 2143 neque
1203 2102 1310 2134 Julius
1335 2103 1456 2140 Florus,
1473 2105 1511 2136 ad
1537 2115 1630 2146 quern
1652 2106 1710 2137 inf.
1730 2107 1803 2139 duae

1072 2143 1223 2184 epistolae,
1234 2144 1292 2174 lib.
1303 2144 1325 2180 i,
1338 2147 1370 2181 3,
1383 2151 1414 2176 et
1428 2146 1461 2182 ii,
1479 2146 1641 2188 2,scriptae
1651 2153 1734 2184 sunt,
1746 2158 1802 2180 ne.

1072 2194 1132 2224 que
1147 2185 1200 2216 ille
1217 2186 1399 2221 Postumus,
1415 2187 1453 2217 ad
1465 2198 1559 2228 quem
1570 2188 1654 2235 apud
1668 2190 1802 2232 Proper-

1073 2226 1150 2298 tiulm
1179 2226 1225 2263 iii,
1258 2229 1296 2258 12
1325 2227 1427 2268 elegia
1454 2235 1568 2267 exstat,
1597 2230 1679 2261 idem
1707 2231 1802 2264 fuisse

1072 2278 1102 2298 vi
1125 2273 1202 2298 etur.

1117 2311 1231 2340 1--12.
1254 2311 1430 2347 Labuntur,
1445 2311 1588 2343 celeriter
1601 2313 1739 2344 fluminis
1753 2314 1801 2346 in-

1073 2354 1136 2381 star
1160 2352 1262 2392 (quod
1286 2353 1407 2393 proprie
1427 2354 1487 2383 labi
1509 2353 1642 2391 dicitur)
1663 2362 1804 2388 currunt.

1076 2391 1138 2422 Nec
1146 2394 1255 2431 pietas,
1267 2398 1341 2424 cett.
1355 2404 1412 2425 nec
1422 2394 1579 2426 sacrificiis
1585 2395 1704 2428 efficere
1715 2402 1802 2438 pote-

1075 2434 1127 2470 ris,
1144 2439 1178 2464 ut
1194 2444 1277 2474 rugae
1292 2441 1323 2466 et
1339 2434 1460 2466 instans
1473 2442 1598 2468 senecta
1613 2441 1707 2478 atque
1720 2449 1803 2470 mors

1072 2475 1190 2505 tardius
1206 2482 1235 2506 te
1247 2482 1401 2517 occupent
1413 2482 1506 2518 atque
1518 2489 1558 2519 op
1580 2478 1707 2510 rimant.
1751 2481 1804 2512 De

1072 2522 1196 2547 senecta
1211 2527 1266 2547 nos
1279 2517 1470 2559 opprimente
1489 2520 1543 2551 Cl.
1558 2489 1694 2551 iffflmh·
1715 2530 1802 2552 com-

1071 2564 1162 2608 parat
1186 2558 1368 2590 Mimnerm.
1397 2560 1438 2597 iv,
1465 2561 1498 2597 4,
1521 2561 1640 2592 Annal.
1662 2562 1803 2595 Brunck.

1077 2599 1107 2630 Γ.
1126 2599 1147 2634 i,
1165 2610 1196 2640 p.
1211 2600 1264 2630 61.
1309 2601 1477 2636 Indomita,
1494 2603 1581 2633 nullo
1601 2602 1727 2650 pietatis
1748 2614 1802 2651 ge-

1073 2650 1144 2671 nere
1155 2651 1188 2672 se
1198 2641 1332 2682 mitigari
1343 2642 1782 2683 patienti,saevae,mexorab=1i
1792 2657 1802 2685 ;

1074 2681 1216 2713 similiter
1231 2683 1351 2714 Graecis
1366 2683 1518 2722 θάνατος
1533 2685 1581 2716 vel
1594 2684 1706 2724 Ἀΐδης
1720 2686 1801 2718 ἀδά-

1074 2734 1212 2764 μαστος,
1226 2724 1411 2766 ἀμείλιχος.
1437 2726 1574 2756 Τνεειπὶι
1582 2730 1691 2763 tauris,
1703 2727 1802 2759 tribus

1076 2765 1279 2796 hecatombis.
1321 2766 1576 2804 luat-rimabitur»,
1591 2769 1631 2799 ad
1646 2768 1802 2807 lacrimas,

1073 2805 1105 2836 h.
1122 2816 1152 2836 e.
1168 2806 1207 2836 ad
1229 2806 1467 2844 miserationem,
1490 2818 1523 2840 se
1547 2810 1716 2851 permoveri
1738 2821 1801 2842 non

1071 2849 1252 2888 patientem,
1264 2848 1429 2889 ἄδακρυν·
1446 2849 1503 2881 inf.
1518 2851 1619 2892 Epist.
1631 2851 1666 2887 ii,
1677 2852 1711 2888 2,
1727 2852 1799 2889 179,

1070 2891 1095 2919 si
1119 2891 1201 2921 metit
1226 2890 1323 2922 orcus
1349 2890 1490 2922 Grandia
1513 2903 1581 2923 cum
1602 2894 1715 2933 pervia,
1741 2904 1801 2924 *uon
