1904 3314
356 229 446 270 666

401 329 574 367 importare.
616 329 721 360 odium
742 328 858 361 libellis
878 329 1007 361 sedulus
1029 330 1087 361 im-

358 374 460 409 portes
474 370 614 402 minister
630 372 690 412 Ep.
707 372 728 407 i,
746 373 795 406 13,
812 374 846 402 5.

393 411 600 458 *impar-tumis.
638 414 668 450 1,
682 413 878 454 importunus
892 413 999 444 curule
1013 413 1088 460 ebur

357 454 600 535 &sedisti
616 455 1086 543 {pff}..3238820325333

356 544 416 606 1)αέ
422 536 726 618 pgriesiggoriiindg
729 538 995 610 ,laz‘ss-arivgssgffis
1019 539 1086 611 gaai-

355 615 390 651 ii,
407 618 439 654 5,
453 619 506 649 96.
548 619 633 650 dives
652 626 684 651 et
702 621 895 662 importunus
919 622 980 663 Ep.
1001 621 1035 656 ii,
1051 622 1083 655 2,

359 659 445 705 185..
489 659 682 702 importunus
719 663 881 704 (Cupido)
916 662 1085 693 transvolat

359 699 422 730 Od.
438 711 480 738 ιν,
501 703 551 738 13,
566 704 597 734 9.

399 744 552 781 impotens.
609 746 638 779 l,
663 745 782 786 Aquilo
809 746 871 776 Od.
897 745 941 781 iii,
972 747 1024 782 30,
1051 747 1084 776 3.

357 791 490 816 cesserat
515 786 667 827 impotens
692 787 803 818 tellure
831 788 894 817 Od.
919 786 952 822 ii,
979 790 1008 823 1,
1032 789 1086 818 26.

356 826 388 860 2,
404 827 591 857 immodicus:
615 828 770 869 quidlibet
792 839 911 870 sperare
934 828 1086 871 impotens

358 867 420 897 Od.
436 868 456 904 i,
471 869 524 902 37.
543 870 591 900 10.

397 910 566 948 impotentia
605 910 766 952 (saevitia).

358 950 455 981 tentia
468 951 542 982 astri
558 953 659 994 Epod.
677 954 728 988 16,
744 954 796 984 54.

399 994 577 1032 impransus.
619 995 764 1034 magister
794 995 859 1025 Sat.
887 994 921 1029 ii,
951 995 983 1030 3,
1010 995 1085 1026 257.

355 1033 505 1080 impransi
527 1045 650 1066 mecum
672 1035 832 1077 disquirite
854 1037 918 1066 Sat.
940 1035 973 1071 ii,
995 1038 1027 1071 2,
1051 1038 1083 1066 7.

354 1084 531 1116 impransus
566 1087 628 1107 non
664 1077 718 1118 qui
753 1077 852 1108 civem
889 1077 1085 1117 dignosceret

357 1116 446 1147 hoste
464 1118 522 1158 Ep.
537 1117 558 1154 i,
578 1120 627 1153 15,
643 1119 697 1148 29.

398 1159 578 1197 imprimere.
621 1159 743 1190 tabellis
771 1159 859 1200 signa
894 1160 959 1190 Sat.
987 1159 1022 1194 ii,
1052 1161 1083 1195 6,

355 1200 409 1229 38.
447 1206 582 1230 aratrum
598 1201 693 1231 muris
709 1200 770 1232 Od.
785 1201 807 1236 i,
827 1202 876 1237 16,
893 1203 946 1232 20.
981 1207 1086 1232 notam

356 1240 452 1271 labris
467 1242 530 1273 Od.
545 1242 567 1278 i,
589 1244 636 1280 13,
653 1244 702 1274 12.

399 1285 577 1322 improbare.
637 1294 690 1325 per
732 1284 976 1326 improbaturum
1018 1284 1084 1316 haec

357 1325 467 1355 Jovem
485 1326 585 1367 Epod.
602 1328 633 1360 5,
650 1328 682 1357 8.

398 1367 558 1405 improbus.
603 1367 691 1398 Siren
715 1368 780 1397 Sat.
800 1366 833 1403 ii,
855 1368 886 1403 3,
910 1368 960 1397 14.
1005 1378 1083 1397 anus

357 1408 423 1438 Sat.
434 1407 468 1445 ii,
484 1410 516 1443 5,
532 1409 586 1439 84.
620 1408 702 1439 vivet
714 1414 782 1440 uter
797 1407 954 1450 improbus
969 1409 1035 1439 Sat.
1049 1408 1082 1444 ii,

356 1451 388 1485 5,
402 1450 454 1479 28.
490 1459 584 1490 quam
600 1460 662 1481 rem
678 1450 745 1491 agis
759 1450 941 1492 improbus?
967 1451 1031 1480 Sat.
1048 1450 1082 1486 ii,

355 1492 388 1525 6,
418 1492 472 1521 29.
516 1497 609 1532 negat
637 1492 794 1533 improbus
824 1493 885 1533 Ep.
915 1492 937 1527 i,
968 1492 999 1526 7,
1030 1492 1082 1522 63.

355 1532 438 1572 fugit
451 1533 517 1563 Sat.
529 1533 551 1569 i,
567 1535 599 1570 9,
615 1534 669 1564 73.
704 1533 862 1564 dominum
880 1533 970 1564 vehet
985 1534 1044 1574 Ep.
1059 1533 1081 1570 i,

358 1575 410 1610 10,
428 1575 480 1605 40.
523 1575 660 1615 improbe
680 1576 745 1605 Sat.
761 1575 794 1610 ii,
811 1576 842 1611 2,
860 1571 940 1612 1043
963 1576 1028 1606 Sat.
1050 1575 1083 1612 ii,

356 1616 388 1652 3,
413 1617 487 1646 200.
530 1616 686 1663 improbus
714 1627 799 1647 amor
829 1618 895 1646 Sat.
925 1616 947 1653 i,
971 1618 1003 1650 3,
1029 1618 1080 1647 24.

356 1657 474 1688 divitiae
498 1657 560 1689 Od.
578 1658 625 1694 iii,
644 1659 698 1694 24,
715 1659 767 1689 62.
810 1657 929 1689 Hadria
951 1658 1013 1689 Od.
1038 1658 1083 1695 iii,

357 1700 391 1735 9,
408 1700 461 1730 22.

398 1742 583 1780 improvisus.
636 1741 689 1772 leti
716 1741 763 1772 vis
793 1741 855 1772 Od.
887 1741 919 1777 ii,
952 1743 1000 1779 13,
1037 1742 1084 1773 19.

358 1782 477 1824 species
491 1783 550 1824 Ep.
566 1783 588 1820 i,
604 1784 635 1820 6,
654 1785 702 1813 11.

359 1848 361 1850 v
401 1826 581 1862 imprudens.
624 1835 699 1855 num
715 1824 790 1866 quid
805 1836 862 1866 ego
882 1825 955 1855 olim
972 1825 1084 1856 faciam

357 1866 534 1908 imprudens
549 1866 595 1897 illi
611 1867 711 1898 simile
720 1869 732 1896 ¹!
757 1868 822 1897 Sat.
837 1867 859 1903 i,
877 1868 907 1902 4,
926 1868 996 1898 137.

398 1909 540 1947 impubes.
574 1909 697 1939 Troilus
713 1908 774 1940 Od.
789 1909 821 1945 ii,
838 1911 869 1946 9,
888 1911 938 1939 15.
975 1918 1086 1950 corpus

355 1950 456 1990 Epod.
473 1952 504 1985 5,
522 1951 572 1980 13.

397 1993 563 2030 impudens.
615 1991 780 2033 impudens
815 1992 893 2032 liqui
931 1993 1082 2023 Penates:

355 2032 520 2074 impudens
535 2034 651 2063 Orcum
668 2044 767 2064 moror
782 2034 788 2063 !
825 2035 888 2065 Od.
905 2034 950 2072 iii,
965 2035 1018 2070 27,
1034 2035 1084 2071 49,

357 2076 410 2106 50.
451 2074 532 2104 bibis
548 2074 712 2116 impudens
729 2075 792 2106 Od.
807 2075 849 2110 iv,
869 2078 920 2111 13,
937 2078 968 2106 4.

399 2118 575 2155 impudicus.
619 2116 747 2147 Colchis
764 2117 863 2158 Epod.
882 2119 931 2154 16,
947 2119 998 2148 60.

379 2160 587 2230 9impugnare.
631 2163 735 2188 nostra
749 2158 912 2199 impugnat
928 2160 987 2200 Ep.
1002 2158 1035 2195 ii,
1055 2160 1083 2196 1,

399 2243 529 2281 impune.
577 2246 613 2271 ut
644 2241 751 2272 urbem
789 2241 913 2272 nomine
948 2241 1084 2282 impleris

358 2293 426 2314 meo
451 2282 551 2324 Epod.
570 2284 621 2318 17,
638 2284 690 2314 59.
735 2283 868 2314 revisens
894 2293 999 2323 aequor
1020 2283 1083 2313 Od.

357 2324 378 2362 i,
394 2326 448 2359 31,
466 2325 516 2355 15.
560 2334 615 2366 per
630 2324 775 2355 honestas
797 2325 839 2355 ire
853 2324 961 2355 domos
976 2325 1035 2365 Ep.
1050 2324 1083 2362 ii,

362 2367 389 2400 1,
423 2367 492 2396 150.
545 2366 671 2407 impune
699 2366 807 2397 licebit
833 2367 893 2407 Ep.
923 2366 944 2401 i,
977 2367 1007 2402 5,
1034 2367 1084 2396 10.

356 2409 498 2438 obturem
516 2408 638 2448 patulas
658 2417 747 2438 aures
764 2407 891 2449 impune
910 2407 1085 2448 legentibus

359 2450 420 2490 Ep.
442 2448 476 2484 ii,
496 2450 528 2484 2,
548 2450 622 2480 105.
664 2459 702 2479 ne
727 2450 834 2491 spissae
858 2449 954 2479 risum
975 2449 1086 2479 tollant

357 2500 478 2521 coronae
494 2491 554 2531 Ep.
571 2491 609 2520 ad
625 2490 690 2521 Pis.
705 2492 780 2522 381.
825 2491 945 2521 labores
959 2490 1085 2531 impune

357 2542 481 2573 carpere
504 2532 675 2563 obliviones
699 2533 762 2564 Od.
786 2533 826 2566 iv.
842 2533 874 2568 9,
894 2533 945 2563 33.
989 2531 1086 2572 coepit

358 2573 475 2621 placari
494 2574 616 2604 Genius
639 2574 766 2615 impune
789 2575 850 2615 Ep.
870 2574 909 2604 ad
926 2573 991 2604 Pis.
1011 2575 1085 2604 210.

357 2625 485 2658 impune
533 2625 565 2646 er
589 2626 695 2647 nemus
718 2621 863 2658 quaerunt
885 2616 991 2657 thyma
1017 2617 1085 2657 (ca-

354 2657 458 2698 pella)
474 2626 537 2688 Od).
553 2657 574 2692 i,
594 2658 644 2692 17,
661 2659 695 2688 5.

398 2701 573 2739 impunitus.
637 2699 690 2739 qui
731 2704 764 2729 tu
806 2698 984 2740 impunitior
1026 2699 1083 2730 illa

355 2741 487 2772 obsonia
499 2741 627 2782 captas!
650 2742 716 2771 Sat.
731 2741 763 2776 ii,
778 2742 900 2777 7>105.

356 2785 559 2854 44imputare.
601 2782 753 2824 imputata
781 2782 871 2814 vinea
901 2783 1004 2824 Epod.
1032 2783 1083 2819 16,

398 2867 485 2895 imus.
529 2865 550 2896 J
553 2875 630 2896 anus
650 2875 789 2896 summus
807 2865 846 2895 ab
861 2865 922 2895 imo
937 2866 997 2907 Ep.
1013 2865 1034 2902 i,
1052 2867 1082 2903 1,

356 2909 410 2939 54.
447 2906 487 2936 ab
500 2906 562 2937 imo
577 2907 616 2938 ad
631 2917 786 2938 summum
797 2906 950 2948 bipedalis
967 2908 1034 2938 Sat.
1048 2906 1083 2943 ii,

355 2950 387 2986 3,
410 2949 485 2980 308.
528 2948 591 2980 ima
612 2948 739 2981 summis
762 2954 881 2981 mutare
903 2949 967 2980 Od.
987 2949 1008 2985 i,
1029 2950 1083 2987 34,

819 916 951 942 aestuosa
986 911 1084 953 impo-

893 244 1036 272 INDEX
1067 243 1324 272 VERBORUM.

1132 331 1184 361 12.
1219 330 1300 360 imus
1314 330 1415 361 lectus
1430 329 1497 360 Sat.
1511 327 1545 364 ii,
1560 330 1592 364 8,
1608 329 1668 367 40,
1691 329 1753 371 Ep.
1766 327 1790 365 i,
1802 329 1855 366 18,
1896 339 1904 372 ἰ

1131 372 1183 402 10.
1228 372 1343 402 fundus
1360 372 1421 402 Od.
1437 370 1481 408 iii,
1499 372 1551 407 ll,
1566 372 1622 402 27.
1663 371 1741 402 vada
1757 370 1857 412 Epod.
1896 387 1904 413 .·'

1133 413 1182 448 16,
1198 414 1252 444 25.
1304 414 1384 443 latus
1402 412 1479 443 ibid.
1496 413 1547 450 11,
1564 414 1616 443 10.
1659 412 1772 452 gradus
1792 411 1857 443 Od.
1883 432 1890 435 »

1129 454 1150 491 i,
1167 456 1219 490 35,
1234 456 1267 485 2.
1313 454 1368 485 tali
1391 456 1456 485 Sat.
1470 453 1493 490 i,
1507 455 1540 491 9,
1559 455 1618 492 103
1641 454 1702 495 ΕΡ.
1723 452 1758 489 ii,
1774 454 1807 488 2,
1824 453 1857 483 4.

1128 506 1146 526 3
1177 496 1291 537 quibus
1324 496 1406 527 imus
1438 501 1520 528 amet
1551 495 1663 536 quavis
1698 503 1856 537 aspergere

1129 543 1258 568 cunctos
1282 539 1346 568 Sat.
1361 539 1382 575 i,
1399 540 1429 574 4,
1445 538 1500 568 87.
1543 547 1601 568 vox
1617 535 1680 567 ima
1700 537 1767 567 Sat.
1782 536 1805 572 i,
1823 536 1854 572 3,

1128 580 1161 609 8.
1206 581 1241 610 de
1255 582 1423 621 dignitate:
1446 579 1586 619 insignes
1606 582 1638 610 et
1655 577 1710 608 imi
1729 577 1791 609 Od.
1809 575 1855 613 iii,

1131 621 1160 656 1,
1192 622 1240 651 15.
1283 626 1389 661 gratus
1416 620 1486 651 imis
1515 625 1547 651 et
1573 618 1692 662 superis
1717 619 1856 650 Deorum

1129 661 1191 692 Od.
1219 662 1241 698 i,
1273 664 1323 699 10,
1349 664 1404 693 20.
1447 664 1591 693 intimus:
1615 670 1724 692 sensus
1753 659 1856 703 Epod.

1130 704 1180 739 14,
1195 705 1225 734 l.
1259 706 1363 740 imum,
1377 705 1491 735 snbst..·
1514 713 1544 740 a,
1565 702 1770 744 profundum:
1791 703 1855 732 ima

1127 745 1204 786 petit
1228 744 1351 777 vitellus
1381 747 1447 776 Sat.
1475 745 1507 781 ii,
1533 746 1565 781 4,
1595 745 1647 776 57.
1689 743 1730 775 ad
1757 743 1855 774 imum

1127 785 1224 827 vergit
1253 788 1312 829 Ep.
1341 788 1381 818 ad
1411 787 1478 817 Pis.
1506 787 1580 817 378.
1633 786 1666 822 b,
1685 786 1777 826 finis,
1806 795 1855 815 εει·-

1129 833 1273 859 tremum.-
1297 830 1393 860 imum
1407 839 1444 859 ne
1459 829 1612 870 discrepet
1622 826 1724 859 medio
1739 827 1802 868 Ep.
1816 827 1854 857 ad

1128 869 1195 900 Pis.
1221 871 1291 901 152.
1335 871 1374 900 ad
1399 870 1494 900 imum
1521 874 1659 900 servetur
1681 867 1759 901 ibid.
1783 869 1856 900 126.

1127 911 1167 941 ad
1180 911 1277 942 imum
1291 911 1396 943 Threx
1411 911 1468 942 erit
1483 912 1544 953 Ep.
1559 911 1580 948 i,
1598 912 1648 947 18,
1665 911 1718 942 35.

1171 955 1213 983 in.
1258 954 1286 988 Ι,
1314 965 1341 984 c.
1367 965 1454 984 acc„-
1489 955 1516 988 l,
1546 954 1583 983 de
1611 954 1692 983 loco:
1723 951 1868 983 tendens·

1129 994 1325 1025 Venafranos
1347 994 1379 1025 in
1403 1004 1493 1035 agros
1517 993 1581 1026 Od.
1599 993 1645 1030 iii,
1660 996 1693 1030 5,
1709 995 1763 1025 55.
1805 1003 1855 1025 me

1128 1035 1243 1075 releget
1257 1041 1409 1066 extremos
1431 1037 1464 1066 in
1485 1045 1574 1076 agros
1589 1035 1652 1067 Od.
1669 1035 1717 1071 iii,
1735 1036 1786 1070 11.
1802 1035 1856 1066 47.

1127 1075 1295 1107 descendat
1317 1077 1426 1118 petitor
1449 1077 1482 1107 in
1502 1078 1655 1119 Campum
1677 1077 1740 1108 Od.
1762 1076 1807 1113 iii,
1825 1078 1856 1113 1,

1129 1118 1181 1147 11.
1223 1118 1255 1148 in
1272 1128 1363 1159 rupes
1377 1118 1522 1159 protrusit
1539 1118 1668 1149 asellum
1687 1119 1748 1160 Ep.
1762 1118 1785 1154 i,
1800 1119 1854 1154 20,

1133 1160 1181 1190 15.
1226 1170 1315 1190 cruor
1338 1159 1368 1189 in
1385 1165 1496 1190 terram
1518 1160 1609 1190 fluxit
1631 1160 1732 1201 Epod.
1753 1160 1783 1197 7,
1801 1160 1854 1191 19.

1129 1200 1161 1230 in
1186 1202 1302 1232 coelum
1327 1201 1434 1232 redeas
1459 1202 1522 1233 Od.
1545 1201 1568 1236 i,
1588 1203 1620 1237 2,
1643 1203 1696 1233 45.
1739 1201 1862 1232 flumen-

1129 1242 1273 1274 delabens
1301 1243 1334 1273 in
1363 1252 1447 1274 mare
1478 1242 1540 1274 Od.
1568 1242 1614 1278 iii,
1642 1244 1695 1279 29,
1726 1243 1779 1273 36.
1822 1242 1855 1274 in

1128 1294 1211 1316 mare
1230 1290 1259 1316 te
1276 1285 1408 1316 referent
1426 1285 1538 1315 fluctus
1557 1284 1622 1315 Od.
1642 1285 1664 1319 i,
1682 1285 1732 1319 14.
1749 1285 1780 1315 1.
1821 1283 1855 1315 in

1127 1336 1211 1357 mare
1241 1326 1426 1368 procurrerit
1453 1326 1639 1367 Apenninus
1670 1325 1773 1368 Epod.
1803 1327 1855 1364 16,

1125 1368 1177 1398 29.
1217 1368 1310 1408 jactis
1334 1367 1366 1398 in
1391 1368 1487 1398 altum
1510 1367 1647 1398 molibus
1671 1367 1734 1399 Od.
1758 1366 1802 1404 iii,
1824 1369 1852 1402 1,

1125 1409 1177 1439 34.
1222 1411 1254 1440 in
1278 1419 1360 1440 mare
1385 1419 1521 1450 gemmas
1539 1409 1698 1440 mittamus
1723 1408 1786 1440 Od.
1807 1407 1853 1444 iii,

1125 1451 1178 1488 24,
1194 1452 1246 1481 47.
1286 1451 1407 1492 jaceret
1421 1451 1454 1481 in
1469 1452 1583 1482 flumen
1601 1451 1667 1482 Sat.
1681 1450 1714 1486 ii,
1731 1452 1763 1488 3,
1776 1451 1852 1481 242.

1126 1502 1159 1522 se
1181 1493 1299 1523 mittere
1322 1492 1355 1522 in
1377 1493 1492 1524 flumen
1515 1494 1579 1523 Sat.
1602 1491 1636 1528 ii,
1652 1493 1684 1528 3,
1700 1493 1754 1523 38.
1797 1491 1852 1523 de·
1883 1502 1885 1506 ·

1126 1533 1202 1564 cidit
1231 1534 1264 1564 in
1294 1540 1422 1575 puteum
1451 1535 1510 1575 Ep.
1539 1533 1579 1564 ad
1609 1533 1674 1565 Pis.
1701 1535 1776 1566 459.
1819 1533 1852 1564 in

1125 1575 1238 1606 fossam
1252 1576 1398 1606 confusus
1411 1585 1501 1606 cruor
1515 1576 1582 1607 Sat.
1597 1575 1620 1612 i,
1637 1577 1668 1612 8,
1684 1576 1739 1606 28.
1781 1575 1854 1606 mit-

1126 1622 1202 1648 teret
1230 1617 1262 1647 in
1293 1617 1434 1659 phimum
1463 1618 1542 1648 talos
1577 1618 1643 1648 Sat.
1670 1617 1705 1652 ii,
1734 1618 1766 1654 7,
1797 1617 1851 1648 17.

1126 1669 1287 1689 nummum
1312 1660 1344 1689 in
1368 1659 1488 1690 loculos
1510 1659 1670 1690 demittere
1689 1659 1750 1700 ΕΡ.
1770 1657 1804 1695 ii,
1823 1659 1853 1695 1,

1129 1701 1201 1732 175.
1244 1711 1323 1741 quos
1345 1700 1378 1730 in
1402 1700 1518 1731 vivaria
1541 1700 1666 1731 mittant
1691 1701 1751 1742 Ep.
1773 1699 1798 1734 i,
1822 1701 1852 1736 1,

1127 1742 1179 1773 79.
1222 1742 1255 1772 in
1276 1742 1386 1773 silvam
1402 1752 1463 1773 non
1483 1742 1569 1783 ligna
1588 1742 1664 1774 feras
1680 1742 1742 1784 Ep.
1759 1741 1780 1778 i.
1802 1741 1852 1776 10,

1127 1783 1180 1815 34.
1224 1784 1278 1815 ubi
1299 1795 1347 1815 me
1365 1785 1398 1815 in
1420 1794 1522 1815 arcem
1540 1789 1573 1815 et
1586 1789 1722 1814 montem
1739 1783 1854 1814 removi

1128 1826 1194 1856 Sat.
1218 1825 1251 1861 ii,
1271 1827 1303 1862 6,
1323 1827 1373 1857 16.
1416 1836 1484 1856 iure
1505 1830 1664 1856 extractus
1689 1825 1722 1855 in
1743 1825 1852 1856 urbem

1129 1867 1196 1898 Sat.
1213 1867 1235 1904 i,
1254 1869 1282 1902 l,
1300 1870 1350 1898 11.
1392 1877 1512 1898 currere
1530 1867 1564 1898 in
1579 1868 1685 1898 urbem
1701 1868 1766 1899 Sat.
1781 1867 1804 1902 i.
1820 1868 1852 1902 8,

1129 1911 1160 1940 4.
1217 1909 1335 1940 deferar
1366 1909 1399 1940 in
1428 1909 1533 1940 vicum
1567 1910 1627 1950 Ep.
1653 1908 1688 1944 ii,
1718 1910 1748 1945 1,
1778 1909 1854 1940 269.

1127 1950 1161 1981 in
1180 1951 1306 1982 domum
1327 1951 1431 1982 Paulli
1451 1951 1656 1981 comissabere
1674 1950 1737 1982 Od.
1760 1949 1803 1986 iv,
1822 1952 1852 1988 l,

1126 1993 1158 2023 9.
1201 1993 1233 2023 in
1256 1994 1395 2024 Deorum
1419 1992 1534 2034 templa
1553 1991 1668 2034 recepti
1692 1993 1753 2034 Ep.
1771 1991 1805 2028 ii,
1824 1994 1853 2029 1,

1127 2035 1159 2065 6.
1201 2035 1311 2075 migret
1331 2035 1364 2065 in
1389 2035 1538 2065 obscuras
1561 2034 1705 2066 tabernas
1726 2034 1787 2076 Ep.
1812 2034 1854 2065 ad

1127 2076 1194 2108 Pis.
1213 2078 1286 2108 229.
1328 2077 1361 2114 in
1376 2076 1482 2107 ludum
1497 2086 1548 2107 me
1560 2075 1679 2106 mittere
1697 2077 1765 2107 831.
1783 2075 1804 2112 i,
1821 2076 1853 2113 6,

1127 2118 1179 2148 72.
1222 2118 1336 2149 missus
1358 2118 1391 2148 in
1415 2118 1532 2148 bellum
1553 2117 1616 2148 dux
1641 2117 1668 2148 E
1693 2139 1701 2148 .
1723 2117 1763 2148 ad
1786 2118 1854 2149 Pis.

1127 2161 1200 2190 315.
1242 2170 1349 2191 versus
1364 2159 1451 2190 missi
1465 2159 1498 2189 in
1513 2168 1637 2190 scenam
1682 2169 1716 2200 Ρ.
1731 2158 1771 2189 ad
1786 2158 1854 2190 Pis.

1125 2202 1200 2231 260.
1257 2211 1314 2233 nec
1343 2201 1428 2232 intus
1457 2200 1552 2241 digna
1578 2200 1643 2241 geri
1671 2210 1791 2242 promes
1819 2200 1853 2232 in

1126 2252 1253 2273 scenam
1283 2244 1344 2284 Ep.
1373 2243 1413 2273 ad
1445 2242 1512 2273 Pis.
1544 2243 1615 2273 183.
1659 2247 1795 2284 repserat
1820 2242 1853 2273 in

1126 2294 1281 2314 cumeram
1301 2284 1447 2314 frumenti
1470 2285 1496 2314 E
1522 2306 1530 2314 .
1551 2284 1574 2320 i,
1590 2284 1621 2319 7,
1637 2283 1691 2315 30.
1733 2283 1855 2315 demisit

1126 2325 1242 2357 hostem
1272 2325 1305 2356 in
1332 2325 1426 2355 ovilia
1457 2326 1485 2356 O
1511 2347 1519 2356 .
1548 2325 1591 2361 iv,
1622 2326 1654 2360 4,
1683 2325 1716 2355 9.
1759 2325 1854 2356 trudit

1126 2376 1216 2408 apros
1241 2366 1274 2397 in
1300 2367 1459 2397 obstantes
1484 2366 1594 2408 plagas
1617 2365 1718 2407 Epod.
1742 2367 1776 2402 2,
1800 2368 1854 2398 32.

1126 2407 1159 2438 in
1178 2414 1316 2439 ventrem
1338 2408 1507 2439 descendat
1530 2406 1596 2438 avis
1618 2407 1720 2448 Epod.
1741 2409 1776 2444 2,
1799 2409 1853 2440 53.

1126 2449 1295 2481 descendat
1322 2449 1354 2480 in
1379 2449 1497 2491 judicis
1523 2458 1614 2480 aures
1639 2450 1699 2491 Ep.
1720 2449 1760 2480 ad
1785 2449 1853 2481 Pis.

1127 2493 1200 2522 387.
1243 2491 1276 2521 in
1300 2501 1404 2522 aurem
1427 2491 1529 2522 dicere
1555 2493 1622 2522 Sat.
1643 2490 1665 2527 i,
1689 2492 1722 2528 9,
1743 2492 1776 2522 9.
1819 2490 1853 2522 in

1128 2532 1728 2616 {2¹2⁸ss..¹1t¹2³.‘‡¹{.¹¹;¹53312‘}i¹,324¹32⁶&
1763 2533 1856 2605 Ἶιῖἴέῗ

1127 2616 1160 2647 in
1190 2627 1274 2647 arma
1303 2622 1397 2647 aestus
1426 2617 1487 2658 Ep.
1516 2615 1550 2654 ii,
1580 2617 1614 2652 2,
1642 2616 1697 2647 47.
1740 2614 1774 2646 in
1799 2615 1854 2657 jus

1125 2668 1231 2706 rapere
1246 2660 1312 2689 Sat.
1328 2658 1396 2706 1,.9,
1411 2659 1450 2689 77
1465 2668 1474 2695 ;
1498 2658 1564 2688 Sat.
1572 2657 1614 2704 ji,
1629 2658 1667 2705 3,
1677 2657 1730 2688 72.
1761 2663 1853 2704 yocet

1126 2710 1231 2772 {2235
1243 2701 1312 2772 ssaif
1315 2701 1492 2778 'i1¹‚¹'e‘f''⁵}f”''
1511 2703 1854 2786 3ᾛᾶᾙὲἶὲἶῖιῖ

1127 2783 1250 2814 fortuna
1264 2784 1330 2814 Sat.
1344 2783 1378 2820 ii,
1393 2784 1424 2820 7,
1440 2783 1493 2813 88.
1527 2791 1560 2813 m
1571 2791 1704 2813 vacuum
1717 2781 1849 2823 (heum)

1124 2825 1230 2856 venias
1254 2826 1319 2856 Sat.
1343 2825 1378 2860 ii,
1402 2826 1434 2861 5,
1456 2825 1510 2854 50.
1553 2823 1586 2854 in
1611 2823 1703 2854 breve
1724 2828 1756 2855 13
1779 2823 1850 2871 cogi

1126 2868 1188 2908 Ep.
1204 2867 1225 2901 i,
1238 2867 1292 2902 20,
1308 2868 1340 2898 8.
1372 2869 1563 2907 comportare
1575 2864 1609 2895 in
1622 2874 1721 2896 unum
1735 2865 1801 2896 Sat.
1817 2865 1851 2902 ii,

1126 2909 1158 2944 3,
1179 2909 1249 2939 104.
1291 2907 1324 2939 in
1348 2907 1484 2949 apricum
1505 2905 1638 2948 proferet.
1658 2911 1735 2938 astas
1753 2907 1812 2948 Ep.
1826 2905 1848 2942 i,

1126 2951 1158 2986 6,
1173 2951 1226 2982 24.
1271 2949 1402 2991 proferet
1422 2948 1454 2980 in
1475 2949 1577 2980 lucem
1598 2948 1658 2990 Ep.
1677 2947 1711 2986 ii,
1726 2949 1759 2984 2,
1777 2949 1850 2980 116.
