1884 3288
654 197 880 241 LIBER
915 198 949 248 l,
986 198 1050 239 18.

1556 200 1608 241 41

184 301 422 345 Mordaces
443 300 568 344 aliter
589 299 828 355 diffugiunt
851 299 1179 341 sollicitudines.

125 369 153 412 5
186 369 299 418 Quis
320 376 422 426 post
441 369 540 410 vina
560 382 736 423 gravem
756 365 949 408 militiam
969 373 1046 408 aut
1067 366 1323 421 pauperiem
1344 368 1524 422 crepat?

183 437 296 485 Quis
317 452 404 479 non
420 443 462 478 te
486 436 648 491 potius,
672 434 850 477 Bacche
870 441 1010 490 pater,
1028 441 1176 488 teque,
1194 435 1354 476 decens
1372 434 1553 477 Venus?

182 504 247 547 At
267 519 322 546 ne
342 505 440 560 quis
461 503 619 545 modici
641 502 855 544 transiliat
874 516 1058 543 munera
1079 500 1246 551 Liberi,

182 572 430 614 Centaurea
449 578 596 612 monet
617 585 716 613 cum
739 569 940 625 Lapithis
962 569 1058 610 rixa
1079 582 1213 622 super
1234 582 1353 609 mero

181 638 440 690 Debellata3
471 646 619 680 monet
641 637 852 680 Sithoniis
874 652 963 679 non
983 635 1090 678 levis
1116 635 1270 686 Evius,

99 708 153 750 10
183 708 333 756 Quum
353 706 418 749 fas
440 714 573 762 atque
594 705 717 748 nefas
739 705 901 760 exiguo
921 704 1009 746 fine
1036 703 1265 745 libidinum

183 775 454 818 Discernunt
475 774 604 816 avidi.

666 773 774 815 Non
794 787 878 828 ego
900 778 958 823 te,
981 771 1168 813 candide
1190 770 1429 821 Bassareu,

181 842 371 885 Invitum
391 843 608 898 quatiam;
639 857 720 884 nec
742 842 870 883 variis
892 841 1038 883 obsita
1058 839 1290 882 frondibus

185 911 280 954 Sub
297 911 445 953 divum
459 911 638 966 rapiam.
701 910 827 953 Saeva
848 916 948 951 tene
970 924 1069 951 cum
1090 909 1358 964 Berecyntio

185 981 335 1022 Cornu
357 987 578 1036 tympana,
600 995 700 1035 quae
721 979 1006 1034 subsequitur
1027 992 1170 1020 caecus
1192 977 1333 1020 Amor
1355 979 1437 1028 sui,

101 1049 154 1090 15
185 1048 248 1091 Et
268 1047 425 1090 tollens
446 1063 631 1090 vacuum
651 1046 750 1103 plus
772 1048 902 1090 nimio
925 1045 1080 1089 Gloria
1102 1046 1323 1097 verticem,

111 1124 113 1126 '
181 1115 434 1172 Arcanique
455 1116 590 1158 Fides
611 1116 813 1172 prodiga,
835 1115 1102 1172 perlucidior
1122 1115 1249 1157 vitro.

108 1245 207 1277 7-9.
229 1244 466 1277 Sententiarum
484 1255 586 1277 nexus
599 1251 647 1276 est
662 1244 726 1277 fere
743 1245 811 1276 hic:

65 1288 124 1320 sed
135 1288 403 1330 quemadmodum
414 1288 523 1319 vinum
537 1288 662 1320 modice
673 1295 814 1320 sumtum

64 1330 287 1363 dulcissimum
311 1341 460 1362 curarum
490 1331 702 1362 humanarum
734 1332 813 1363 leni-

63 1379 208 1406 mentum
225 1379 285 1410 est,
299 1373 345 1405 ita
361 1373 456 1411 idem,
474 1374 645 1406 immodice
662 1380 813 1410 sumtum,

64 1417 275 1449 maximorum
301 1417 458 1448 malorum
483 1427 581 1448 causa
611 1418 676 1449 fieri
708 1417 788 1448 solet
801 1430 810 1457 ;

62 1459 185 1492 bellum
199 1460 286 1492 enim
306 1461 514 1503 Lapitharum
540 1471 614 1492 cum
639 1461 812 1492 Centauris

65 1513 162 1546 super
175 1503 252 1535 vino
266 1509 423 1540 exortum,
438 1510 471 1535 et
486 1509 627 1535 cruentae
649 1503 812 1535 Thracum

64 1545 148 1578 inter
155 1546 408 1590 compotationes
417 1546 532 1584 caedes,
539 1557 813 1589 unumquemque,

64 1598 107 1621 ne
126 1589 258 1621 modum
277 1589 311 1621 in
337 1589 474 1622 bibendo
499 1590 574 1621 vino
597 1590 740 1626 excedat,
757 1590 812 1621 ad-

65 1631 185 1664 hortari
199 1632 330 1664 debent·
354 1667 356 1669 ,
375 1633 492 1664 Medici
508 1634 668 1664 transiliat
685 1644 813 1664 munera

66 1675 187 1711 Liberi,
210 1676 308 1718 paulo
329 1676 499 1707 sublimius
522 1686 592 1718 pro,
612 1677 740 1707 modurn
759 1677 815 1718 qui

65 1718 226 1751 tenendus
238 1724 287 1751 est
305 1718 340 1750 in
363 1718 576 1762 percipiendis
600 1718 722 1750 Bacchi
744 1729 814 1750 mu-

66 1761 208 1798 neribus,
235 1762 268 1793 h.
287 1773 319 1794 e.
338 1762 371 1793 in
397 1761 471 1793 vino
492 1762 644 1798 bibendo,
670 1763 815 1794 excedat.

68 1805 198 1842 Μοαίσί,
223 1804 348 1838 modice
371 1804 523 1843 bibendi3
555 1804 706 1836 Bacchus
731 1805 816 1836 enim

67 1857 132 1880 nou
146 1847 292 1880 ebrietati
307 1853 340 1880 et
357 1848 445 1884 rixis,
469 1859 543 1889 quae
564 1847 638 1879 inde
660 1847 816 1885 oriuntur,

67 1891 126 1923 sed
141 1891 307 1923 modestia».
323 1891 429 1930 savet3
452 1891 526 1922 hinc
541 1891 601 1922 inf.
614 1892 670 1926 27,
689 1892 721 1928 3,
733 1902 815 1922 vere-

68 1936 189 1965 cundus
205 1933 344 1966 dicitur:
367 1935 536 1970 transilire,
560 1934 722 1965 notionem
746 1944 817 1976 pro-

68 1976 178 2009 tervia‘.
193 1983 224 2009 et
238 1977 424 2009 temeritatis
440 1977 553 2008 habet:
579 1977 621 2007 cs.
633 1987 704 2019 sup.
718 1979 750 2014 3,
763 1979 818 2009 24.

69 2019 124 2052 Cl.
151 2020 286 2052 Mitsch.
314 2025 476 2062 comparat
505 2020 652 2061 Theogn.
680 2031 712 2051 v.
737 2021 816 2056 471,

62 2061 125 2101 '¹04-
140 2061 167 2095 δ’
181 2063 228 2096 ἂν
243 2062 447 2106 ὑπερβάλλῃ
464 2062 586 2100 πόσιος
598 2063 738 2106 μέτρον,
756 2063 817 2095 οὐκ

68 2105 112 2138 ἔτ’
128 2106 256 2146 ἐςεῑνος
269 2109 338 2145 Τῆς
354 2106 459 2138 αὑτοῦ
474 2106 634 2148 γλώσσης
656 2107 818 2148 καρτερὸς

69 2149 146 2182 οὔτε
158 2150 254 2182 νόου.
283 2150 477 2183 Centaurea.-
494 2159 612 2191 pugnae
626 2149 725 2185 illius,
738 2150 819 2181 inter

69 2192 251 2225 Centauros
264 2197 295 2224 et
311 2192 466 2235 Lapithas
482 2203 576 2235 super
588 2203 673 2223 mero
688 2192 720 2223 in
733 2203 815 2235 nup-

69 2234 123 2267 tiis
138 2235 274 2267 Pirithoi
288 2242 420 2271 exortae,
433 2235 656 2266 suavissimam
674 2235 816 2279 descrip-

69 2278 190 2311 tionem
219 2278 309 2310 dedit
335 2279 433 2310 Ovid.
460 2279 544 2310 Met.
571 2278 627 2310 xii.
655 2279 719 2310 219
744 2290 816 2321 sqq.

68 2321 228 2359 Sithoniis,
243 2322 388 2354 Thraciae
405 2322 534 2364 populo,
551 2332 608 2363 pro
623 2321 701 2364 ipsis
714 2322 815 2353 'l'bra-

70 2364 176 2402 cibus,
191 2365 310 2408 quibus
323 2366 365 2396 ob
379 2365 576 2401 ebrietatem,
590 2366 641 2396 cui
656 2365 703 2396 illi
718 2365 818 2396 dediti

70 2414 158 2446 sunt,
182 2408 234 2440 vel
255 2409 298 2440 ob
326 2409 474 2444 barbara,
501 2417 574 2449 quae
605 2407 679 2440 vino
709 2419 820 2449 graves

71 2451 287 2488 committunt,
302 2451 455 2487 facinora,
473 2450 624 2482 Bacchus
640 2463 699 2483 non
724 2453 817 2489 levis5

71 2495 128 2526 sed
143 2494 247 2536 gravis
261 2500 295 2526 et
308 2494 443 2526 infestus
461 2494 540 2526 deus
562 2500 628 2525 est:
654 2494 693 2526 de
717 2495 819 2526 Thra-

71 2537 335 2578 cumyinolentia
355 2538 397 2569 cf.
411 2537 470 2569 inf.
485 2538 540 2574 27,
560 2539 573 2568 l
593 2548 664 2580 sqq.
711 2538 818 2574 Euius,

71 2580 236 2619 Bacchus,
260 2581 302 2613 ab
326 2580 383 2612 illa
408 2579 636 2613 bacchantium
660 2581 819 2612 acclama-

70 2622 159 2656 tione
175 2624 254 2656 Eme
268 2624 320 2667 (εὖ
337 2624 384 2664 οἱ)
402 2624 447 2656 sic
464 2623 581 2655 dictus.

119 2668 171 2700 10.
193 2667 255 2699 Fas
269 2674 362 2709 atque
377 2667 476 2710 nefas,
494 2667 664 2699 honestum
681 2673 713 2699 et
727 2667 818 2698 inho-

72 2715 212 2747 nestum,
229 2711 399 2754 pulchrum
416 2716 448 2742 et
459 2716 563 2752 turpe.
611 2710 820 2752 Exiguofine,

63 2753 164 2785 »nullo
178 2753 243 2786 sere
263 2754 365 2786 limite
389 2754 574 2789 constituto,
600 2765 657 2796 pro
682 2753 820 2795 vulgari,

71 2806 198 2839 parum.
232 2798 327 2829 Avidi
342 2798 519 2833 libidinum,
535 2796 819 2838 libidinibus‚vino

67 2839 228 2878 excitatis,
244 2839 462 2882 indulgentes.

118 2884 172 2920 11,
202 2885 252 2915 12.
287 2884 360 2915 Non
382 2894 435 2932 ego
462 2889 492 2914 te
515 2887 594 2914 cett.
643 2881 818 2924 Vulgarem

65 2926 284 2959 sementiam}
301 2931 322 2945 “
335 2926 482 2969 equidem
499 2935 517 2956 a
533 2926 636 2957 furore
651 2925 706 2956 illo
717 2925 819 2957 ebrie-

73 2969 160 3005 tatis,
198 2980 249 3002 uoe
265 2969 335 3006 tibi,
352 2969 494 3005 Bacche,
507 2968 668 3011 displicet,
683 2968 819 3010 diligen-

74 3016 123 3045 ter
136 3012 180 3044 mi
204 3013 214 3044 i
228 3013 385 3050 cavebo‚''
398 3013 524 3054 egregie
544 3011 750 3054 sequentibus
765 3023 819 3044 ex-

859 1244 983 1276 ornavit
1014 1250 1117 1288 pocta.
1165 1245 1215 1276 Ex
1247 1244 1394 1276 nefandis
1420 1243 1608 1281 sceleribus,

859 1299 931 1329 quae
958 1289 998 1319 ab
1031 1287 1214 1319 hominibus
1243 1287 1427 1319 temulentis
1454 1287 1607 1320 committi

860 1331 974 1368 solent,
990 1342 1102 1369 unum,
1118 1331 1203 1373 quod
1221 1331 1262 1362 ad
1286 1330 1450 1362 Bacchum
1465 1330 1608 1373 proxime

859 1379 995 1415 spectat,
1015 1380 1251 1410 commemorat,
1262 1373 1395 1422 impiam
1411 1384 1524 1416 nempe
1535 1374 1608 1416 ejus

855 1417 1007 1458 mysteria
1023 1417 1196 1458 evulgandi
1212 1422 1431 1449 temeritatem.
1468 1417 1538 1448 Non
1554 1428 1608 1459 ego

857 1466 885 1490 te
912 1465 986 1491 cett.
1011 1461 1131 1491 cavebo
1155 1460 1233 1491 mihi
1257 1461 1296 1491 ab
1321 1460 1383 1491 ista
1407 1459 1605 1496 temulentia,

857 1513 952 1545 quam
969 1503 1177 1535 nefandorum
1193 1503 1349 1535 scelerum
1371 1513 1513 1541 causam,
1530 1504 1608 1535 abo·

857 1546 1002 1578 minaris.
1051 1547 1201 1583 Candide,
1228 1546 1374 1583 formose,
1402 1546 1548 1589 pulcher,
1567 1547 1609 1578 ob

858 1596 1043 1631 perpetuam
1069 1589 1391 1631 Bacchijuventam:
1418 1590 1461 1622 cf.
1485 1591 1609 1621 Brouk-

859 1632 932 1663 hus.
948 1632 988 1664 ad
1004 1633 1127 1664 Tibull.
1143 1632 1190 1668 iii,
1204 1634 1237 1668 6,
1254 1634 1283 1664 1.
1328 1633 1508 1669 Bassarens,
1523 1633 1608 1666 Bac-

859 1675 951 1712 chus,
970 1685 988 1706 a
1004 1686 1080 1707 voce
1095 1675 1233 1707 Thracia
1252 1676 1300 1707 vel
1327 1675 1403 1707 Afra
1428 1675 1610 1719 Βάσσαρος

859 1719 910 1749 vel
928 1719 1112 1760 Βασσαρίς,
1127 1728 1222 1759 quam
1239 1718 1356 1750 Suidas
1375 1724 1407 1750 et
1431 1720 1539 1760 Etym.
1555 1721 1608 1751 M.

860 1762 1022 1803 explicant
1037 1762 1196 1800 ἀλώπηξ,
1214 1762 1291 1804 quia
1317 1772 1380 1792 non
1402 1761 1609 1794 hinnulorum

860 1810 998 1841 tantum,
1025 1805 1080 1836 sed
1107 1804 1203 1835 etiam
1232 1804 1375 1846 vulpium
1402 1804 1544 1846 pellibus
1576 1815 1610 1838 se

861 1846 976 1878 texisse
992 1848 1144 1878 dicuntur
1166 1847 1319 1883 Bacchae,
1336 1858 1408 1890 quae
1425 1847 1499 1879 inde
1514 1848 1611 1881 dictae

862 1896 938 1920 sunt
954 1890 1175 1933 Βασσαρίόες.
1222 1891 1363 1943 Hesych.
1410 1890 1607 1934 Βάσσαραι·

863 1937 1016 1974 χιτῶνες,
1033 1933 1089 1971 οὕς
1102 1934 1245 1976 ἐφόρουν
1263 1945 1296 1964 αι
1312 1932 1454 1976 Θρᾴκιαι
1468 1933 1610 1976 Βάκχαι.

862 1976 1002 2008 Invitum
1027 1978 1176 2018 quatiam,
1204 1976 1236 2007 h.
1249 1987 1278 2007 e.
1303 1987 1390 2007 more
1417 1975 1475 2008 tibi
1498 1977 1611 2020 displi-

862 2026 955 2050 cente
979 2029 1071 2051 sacra
1098 2025 1151 2050 tua
1174 2020 1318 2051 movebo.
1362 2020 1497 2055 Quatere
1528 2021 1609 2052 Bac-

861 2063 950 2093 chum
977 2062 1061 2094 idem
1090 2072 1160 2094 esse
1199 2061 1335 2099 videtur,
1367 2062 1455 2104 quod
1488 2063 1611 2095 Bacchi

861 2116 949 2136 sacra.
965 2116 1140 2136 commovere
1155 2105 1240 2147 apud
1265 2106 1357 2146 Virg.
1374 2107 1454 2137 AEn.
1472 2106 1514 2142 iv,
1533 2108 1610 2143 301,

865 2148 975 2183 Qualis
988 2150 1139 2180 commotis
1160 2150 1258 2179 erc-ita
1281 2150 1376 2179 sacris
1403 2148 1537 2190 Yhyius5
1562 2150 1611 2180 in-

862 2191 971 2233 primis
986 2197 1092 2223 autem
1109 2192 1146 2223 τὸ
1162 2198 1287 2233 quatere
1303 2192 1352 2223 vel
1374 2203 1489 2223 movere
1505 2193 1544 2224 ad
1560 2203 1611 2224 sa-

862 2244 985 2265 crorum
1009 2245 1168 2270 vasorum,
1192 2236 1253 2266 sub
1276 2234 1367 2266 initio
1382 2236 1570 2267 ceremoniae
1593 2247 1611 2268 e

862 2278 990 2320 templis
1008 2278 1220 2314 sublatorum,
1241 2278 1450 2320 jactationem
1474 2279 1613 2311 reseren-

863 2320 939 2351 dum
957 2320 1093 2352 videtur.
1140 2321 1205 2352 Nec
1220 2323 1315 2352 variis
1331 2323 1426 2353 obsita
1439 2322 1612 2364 frondibus

864 2365 926 2395 Sub
941 2365 1046 2395 divum
1062 2366 1194 2404 rapiam,
1217 2375 1276 2396 nec
1300 2375 1391 2396 sacra
1412 2366 1539 2397 occulta
1562 2367 1613 2398 vel

864 2407 1026 2449 mysteria,
1045 2407 1140 2438 variis
1155 2407 1321 2439 frondibus
1335 2409 1473 2444 obtecta,
1491 2414 1613 2451 protra-

865 2450 937 2481 ham
956 2451 987 2481 in
1005 2451 1168 2492 publicam
1185 2451 1291 2483 lucem
1307 2463 1315 2490 3
1340 2451 1468 2494 publice
1483 2451 1613 2484 enimin

865 2493 962 2533 orgiis
979 2504 1028 2524 res
1043 2494 1191 2536 quaedam
1207 2494 1352 2536 mysticae
1370 2495 1404 2525 in
1430 2494 1510 2526 cista
1532 2505 1612 2536 qua-

863 2537 937 2567 dam
954 2537 1003 2568 vel
1020 2537 1140 2574 arcula,
1159 2537 1274 2569 hedera
1294 2543 1327 2568 et
1341 2537 1500 2580 pampinis
1516 2540 1613 2570 obve-

863 2580 941 2615 lata,
967 2581 1162 2612 circumferri
1189 2581 1335 2612 solebant
1361 2591 1380 2612 a
1403 2581 1610 2624 cistophoris:

865 2622 988 2655 Catull.
1011 2623 1088 2660 lxiv,
1104 2626 1181 2661 260,
1202 2625 1278 2655 Pars
1292 2626 1417 2655 obscura
1432 2627 1514 2656 cavis
1536 2627 1613 2657 cele-

867 2668 996 2698 brabant
1019 2669 1108 2709 orgia
1134 2669 1231 2704 cistis,
1261 2668 1372 2710 Orgia,
1397 2679 1462 2709 quae
1482 2668 1614 2711 frustra

866 2712 997 2750 cupiunt
1014 2712 1124 2741 audire
1138 2711 1278 2753 prqfani.
1325 2712 1370 2742 Τὸ
1398 2713 1494 2742 variis
1515 2712 1613 2754 paulo

866 2753 1010 2794 argutius
1026 2753 1075 2784 vel
1101 2753 1142 2784 ad
1166 2754 1312 2786 foliorum
1334 2753 1483 2790 colorem,
1501 2755 1551 2786 vel
1573 2755 1613 2787 ad

862 2807 970 2828 eorum
986 2804 1081 2828 vento
1098 2797 1288 2838 agitatorum
1305 2803 1426 2828 motum
1450 2798 1587 2829 referunt
1604 2810 1612 2836 ;

863 2839 1011 2882 equidem
1024 2840 1342 2888 simplicsterflvudes
1355 2842 1455 2871 varias
1465 2840 1504 2872 de
1517 2842 1612 2873 hede-

863 2883 976 2919 raceis,
993 2883 1184 2926 pampineis.
1199 2890 1231 2915 et
1245 2883 1317 2914 aliis
1334 2883 1468 2926 accipio.

911 2927 1051 2957 13-16,
1075 2927 1158 2958 διευα
1178 2934 1243 2958 lene
1258 2939 1327 2958 cum
1340 2927 1522 2967 Berecyntio
1538 2927 1613 2958 Cor-

865 2981 909 3000 ma
937 2975 1098 3010 tympana,
1124 2982 1190 3011 quae
1215 2971 1429 3011 subsequitur:
1465 2969 1562 3000 retine
1582 2975 1615 3000 et

866 3013 1037 3055 comprime
1060 3023 1179 3044 saevum
1206 3018 1428 3055 tympanorum
1457 3018 1489 3043 et
1518 3022 1615 3044 cornu
