1904 3314
632 212 779 242 INDEX
801 212 1067 242 VERBORUM.

39 303 58 312 '⁷
72 294 201 331 decidit
214 298 248 331 in
264 299 449 342 praedonum
462 300 587 332 turbam
603 301 672 332 Sat.
686 300 710 338 i,
725 301 759 337 2,
772 299 826 330 43.

55 378 58 379 ⁷
78 339 114 372 in
129 351 181 374 me
199 342 330 374 mictum
351 349 448 385 atque
470 349 615 376 cacatum
631 342 738 374 veniat
758 342 826 372 Sat.

38 383 46 402 ἶ
74 380 104 420 i.
121 384 155 420 8,
174 385 230 416 38.
274 385 421 428 (vinum)
440 386 526 427 quod
547 391 652 417 manet
676 385 709 415 in
729 394 827 416 venas

37 442 39 447 Α
77 425 285 469 animumque
312 429 374 470 Ep.
396 428 419 465 i,
446 430 500 464 15,
525 429 581 460 20.
624 428 658 459 iu
683 427 826 459 cubitum

36 457 45 475 ⁸
76 476 115 500 se
128 469 263 501 conviva
278 475 408 513 reponat
429 470 497 502 Sat.
512 469 547 507 ii,
564 471 596 506 4,
614 471 667 502 39.
710 470 743 501 in
761 468 824 501 otia

34 516 44 527 ³
77 512 229 544 recedam
251 512 320 544 Sat.
342 513 365 550 i,
384 514 414 550 1,
431 513 485 544 31.
528 513 561 544 in
584 513 694 544 horum
715 522 826 544 nume-

77 562 148 585 πω
162 561 236 586 voto
251 555 342 586 ruis?
372 556 436 598 Ep.
457 555 481 590 i.
498 557 549 593 14,
564 556 618 586 41.
662 555 770 587 clades
794 554 828 586 iu

38 587 53 646 ξ
78 595 212 639 petriam
229 597 320 630 fluxit
333 597 397 629 Od.
414 597 460 632 iii.
478 599 511 635 6,
527 598 583 630 20.
619 598 653 628 in
670 597 829 630 contraria

0 657 3 693 ᾗ
31 652 47 698 3
75 645 212 714 §.iniunt
234 639 318 715 sati:
329 640 353 678 i,
377 641 421 714 2ἔὶ
437 642 493 714 214..
538 640 665 714 (ἱξὲΙίεε
676 641 829 714 Ιἰζῐῐιίῐεειῐοι·

33 705 38 714 ,
158 693 192 714 rc
207 693 261 714 um
341 705 350 715 .
379 693 397 714 a
477 693 515 715 is.
610 706 619 715 .
711 694 826 715 omana

0 736 1 739 ¹
33 715 41 762 'J
75 730 229 756 ’venturus
249 725 284 756 in
298 694 353 757 oga
371 726 432 768 Ep.
447 726 470 762 i,
485 727 518 762 3,
533 727 567 757 9.
611 726 691 757 seria
706 726 827 758 ducent

35 765 47 788 ·'
77 763 113 799 iu
127 767 214 798 mala
227 769 290 811 Ep.
305 767 345 799 ad
361 767 426 800 Pis.
441 770 516 800 452.
560 769 594 799 iu
611 769 720 800 vitium
737 769 827 801 ducit

31 819 39 850 ss:
63 808 182 853 eulpae
205 810 282 852 fuga
306 811 334 842 E
361 834 369 842 .
397 811 438 843 ad
464 811 531 842 Pis.
557 813 612 842 31.
657 811 690 842 in
714 812 824 844 vitium

74 850 162 884 flecti
185 853 246 896 Ep.
267 853 308 885 ad
360 853 398 884 is.
420 853 493 885 163.
537 853 569 885 in
592 853 701 885 vitium
726 855 826 887 labier

34 900 54 935 ⁷4
75 890 143 937 Ep.
165 894 201 932 ii,
221 897 251 932 1,
270 897 324 928 94.
368 896 402 927 in
424 897 535 928 vitium
560 897 687 928 libertas
708 898 826 931 excidit

32 938 43 972 ’ζ
75 935 141 980 Ep.
169 937 211 970 ad
241 939 307 970 Pis.
334 940 412 971 202.
458 939 491 970 in
518 947 676 982 praecepta
702 941 825 972 relabor

28 973 178 1024 *ir-pa,
195 981 226 1019 1,
242 983 296 1014 18.
339 981 434 1014 cedat
449 981 482 1014 in
503 983 601 1014 altera
619 983 693 1024 jura
711 985 775 1027 Ep.
790 985 823 1021 ii,

26 1025 44 1064 'g
75 1020 109 1060 2,
138 1023 215 1056 174.
258 1024 293 1056 iu
323 1025 444 1056 medias
468 1035 515 1057 res
544 1025 718 1057 auditorem
743 1027 827 1069 rapit

74 1064 142 1108 Ep.
166 1065 208 1098 ad
230 1066 298 1099 Pis.
314 1068 388 1099 148.
432 1069 588 1108 metaph..·
613 1069 660 1099 nil
684 1068 826 1101 admittis

27 1124 44 1151 ὲ
73 1105 110 1139 in
125 1108 156 1140 tie
177 1109 236 1152 Ep.
250 1109 273 1147 i,
290 1111 342 1148 16,
358 1112 411 1142 53.
455 1111 490 1142 in
515 1121 601 1152 spem
624 1121 734 1154 arrepe
758 1114 826 1144 Sat.

25 1150 38 1196 j·
74 1148 112 1187 ii,
132 1153 166 1191 5,
190 1153 246 1184 47.
289 1152 378 1185 venit
400 1152 433 1184 in
449 1159 556 1185 votum
584 1155 644 1196 Ep.
675 1154 696 1191 i,
718 1156 768 1192 11,
790 1158 824 1187 5.

26 1208 30 1215 =
73 1193 248 1243 proriperet
274 1195 309 1226 in
335 1195 455 1227 caedem
487 1197 551 1228 Od.
581 1196 604 1232 i,
633 1198 664 1232 8,
694 1198 746 1228 16.
790 1198 825 1229 in

28 1243 35 1278 j
70 1245 146 1278 jura
167 1243 302 1280 paterna
326 1245 470 1282 receptus
494 1239 558 1282 Ep.
583 1239 622 1270 ad
650 1239 719 1270 Pis.
747 1241 826 1273 256.

30 1279 41 1310 ἒ
73 1277 130 1312 ted
154 1280 239 1312 cedit
262 1280 297 1311 in
317 1291 407 1312 usum
433 1292 518 1312 nunc
544 1281 634 1318 mihi,
659 1292 745 1313 nunc
771 1284 825 1315 alii

32 1329 33 1333 ’
75 1321 145 1354 Sat.
166 1322 201 1358 ii,
217 1324 250 1359 2,
268 1324 340 1355 134.
385 1329 496 1355 taurus
517 1334 612 1355 ruens
633 1325 664 1355 in
681 1334 825 1357 venerem

18 1355 42 1404 ᾗ
77 1363 144 1397 od.
172 1364 206 1402 ii,
235 1367 269 1402 5,
297 1368 328 1397 4.
377 1366 411 1397 in
438 1367 557 1398 celeres
587 1367 708 1398 iambos
739 1368 826 1400 misit

27 1406 46 1442 ᾗ
74 1405 230 1440 furentem
264 1408 330 1440 Od.
362 1408 386 1445 i.
420 1411 471 1446 16,
501 1410 554 1440 24.
619 1409 653 1440 iu
684 1417 823 1442 nostrum

42 1461 50 1466 ‘⁴
73 1458 178 1485 ,evum
197 1450 323 1484 delatus
342 1452 410 1483 Sat.
426 1451 449 1488 i,
468 1453 520 1489 10,
538 1453 592 1483 68.
637 1452 769 1484 alterum
790 1454 824 1485 in

74 1490 212 1525 lustrum
229 1499 380 1538 *proroget
401 1495 508 1526 Carm.
534 1496 616 1527 Saec.
639 1497 694 1526 67.
740 1497 772 1534 2,
788 1499 824 1528 cle

24 1513 47 1578 ἔ
74 1539 243 1569 nutatione
269 1545 391 1569 natura:
414 1541 480 1569 rei.-
511 1537 557 1569 Di
588 1537 764 1579 provehunt
790 1539 824 1571 in

23 1573 40 1587 ⁸
77 1577 183 1613 unfus
213 1579 278 1612 ou.
307 1580 355 1617 iii,
386 1582 417 1618 4,
446 1581 501 1614 67.
554 1580 639 1612 Ilion
669 1581 762 1613 vertit
793 1581 825 1614 in

45 1637 48 1666 j
74 1630 100 1670 p
134 1631 239 1696 νεῖ-ειη
267 1623 330 1697 0ᾱέ
351 1622 398 1672 iii,
422 1625 454 1660 3,
477 1625 560 1697 21.E
578 1633 671 1672 omne
683 1630 826 1699 lv5ert3-gt

77 1673 113 1698 ln
178 1676 266 1697 mum
298 1676 315 1697 e
359 1676 497 1698 cinerem
586 1689 595 1697 .
626 1678 648 1703 1,
727 1690 735 1702 ,
813 1691 821 1699 .

20 1731 21 1735 ,
76 1705 203 1750 dilapsa
226 1708 262 1740 in
288 1709 428 1740 cinerem
454 1677 592 1740 [ηοξ.
621 1709 662 1746 ἰν,
692 1711 744 1746 13,
770 1711 826 1742 28.

42 1763 50 1770 ⁴
75 1746 118 1781 in‘
133 1760 222 1783 avem
237 1756 386 1788 vertatur,
402 1753 436 1783 in
456 1761 593 1793 anguem
619 1753 679 1794 Ep.
703 1753 743 1784 ad
758 1753 825 1784 Pis.

19 1808 45 1859 Ρ
80 1793 155 1825 187.
197 1800 302 1826 mutor
330 1793 365 1825 in
397 1794 503 1826 alitem
532 1794 597 1826 Od.
625 1794 659 1832 ii,
690 1796 745 1830 20,
778 1797 827 1828 10.

55 1870 58 1871 ⁷
77 1842 248 1869 conversus
267 1836 299 1868 iu
317 1837 450 1878 pretium
467 1838 559 1868 Deus
574 1836 637 1869 Od.
658 1838 705 1876 iii,
724 1839 775 1874 16,
793 1841 827 1871 8.

24 1872 57 1916 ξ
77 1876 202 1911 (leniunt
221 1879 256 1911 in
276 1878 396 1922 piscem
420 1881 481 1922 Ep.
502 1880 543 1911 ad
565 1880 632 1911 Pis.
649 1881 682 1912 4.
729 1881 826 1924 Ligu-

19 1919 42 1963 -ξζς
77 1919 183 1955 riuum
202 1921 238 1954 in
253 1922 411 1965 hispidam
426 1922 551 1954 venerit
574 1922 686 1954 faciem
704 1924 767 1955 Od.
782 1924 824 1962 iv,

22 1959 39 2022 ’ἶ
78 1963 176 2039 125⁵·
198 1965 700 2040 ἷῗᾟξῖζῗὲἷὲῗρῖἓ]Ἱῗέιῗξ
702 1966 782 2040 13ξῇ
797 1969 825 2040 ¹1'

24 2060 53 2086 ,μ
76 2048 135 2087 18,
148 2051 183 2083 9.
226 2019 403 2083 ῐέἀεαιιὶὶιι
419 2061 529 2092 aurum
547 2055 686 2093 tempora
703 2052 731 2083 O
758 2075 766 2083 .
781 2052 824 2087 iv,

17 2082 59 2127 2'
78 2091 113 2129 2,
140 2093 196 2125 39.
239 2095 272 2132 3,
296 2094 482 2136 Richtung:
510 2094 643 2125 trecenti
671 2094 767 2136 pedes
791 2095 825 2126 in

43 2137 170 2184 *agros
195 2137 262 2168 Sat.
280 2136 306 2172 i,
328 2138 359 2175 8,
379 2137 430 2168 12.
473 2136 507 2167 in
531 2137 632 2167 altum
656 2143 825 2169 exstructae

42 2215 45 2217 ,
74 2176 198 2210 divitiae
222 2179 287 2210 Od.
311 2179 346 2215 ii,
368 2180 474 2218 ,3,19.
519 2179 551 2210 in
572 2179 641 2210 vias
665 2180 827 2222 despicere

26 2249 36 2259 ,ζ
78 2219 146 2252 od.
166 2219 213 2258 iii,
231 2222 263 2259 7,
278 2222 334 2253 29.
377 2221 471 2253 miser
491 2221 524 2252 in
540 2227 684 2254 neutram
704 2230 824 2264 partem

22 2261 49 2287 -7
76 2262 187 2295 cultus
214 2264 284 2295 Sat.
306 2263 341 2301 ii,
369 2266 402 2301 2,
427 2265 480 2296 66.
524 2265 556 2299 4,
581 2276 678 2306 erga.-
704 2266 825 2298 Procu-

74 2303 161 2338 laius
174 2305 210 2338 in
226 2306 337 2338 fratres
356 2307 454 2339 animi
471 2307 592 2349 paterni
609 2308 673 2339 Od.
690 2308 723 2344 ii,
740 2309 774 2344 2,
791 2310 824 2340 6.

45 2344 65 2386 ’ζ
121 2353 230 2380 ternus
249 2348 283 2381 iu
298 2359 412 2392 pueros
436 2350 562 2381 animus
578 2350 640 2382 Od.
660 2351 702 2388 iv,
721 2353 753 2387 4,
769 2353 823 2383 28.

19 2414 26 2422 ..
42 2430 43 2433 ¹
58 2357 179 2429 zm&
194 2391 229 2423 in
243 2402 372 2424 uxorem
394 2394 456 2435 Ep.
471 2392 506 2429 ii,
522 2394 554 2430 2,
572 2394 646 2424 133.
690 2394 827 2426 mendax

76 2430 115 2466 iu
131 2439 294 2477 parentem
309 2435 374 2467 Od.
399 2435 444 2473 iii,
463 2437 513 2472 11,
530 2436 585 2467 34.
631 2436 705 2477 quis
724 2443 774 2468 est
792 2438 826 2468 in

46 2483 51 2485 ⁴
153 2476 332 2510 crudeliori
368 2479 437 2510 Sat.
449 2478 484 2514 ii,
497 2480 530 2514 8,
544 2479 598 2510 61.
638 2489 710 2511 acer
724 2479 825 2511 Marsi

11 2542 14 2547 .
134 2523 188 2551 tus
215 2519 251 2551 in
279 2520 402 2552 hostem
434 2521 498 2552 Od.
525 2521 547 2557 i,
578 2523 611 2557 2,
642 2523 695 2554 40.
749 2523 825 2564 quid

50 2559 188 2599 't‘fiiultus
209 2561 245 2594 in
264 2573 366 2596 unum
384 2574 435 2595 me
455 2565 583 2595 truces!
620 2565 724 2607 Epod.
746 2567 777 2603 5,
794 2567 825 2598 4.

51 2599 54 2613 “
75 2600 112 2635 h
128 2614 214 2647 quas
232 2615 296 2637 non
318 2605 427 2637 minus
450 2606 569 2637 insanit
588 2608 654 2638 Sat.
673 2607 695 2643 i,
715 2609 748 2643 2,
770 2610 825 2640 48.

35 2644 116 2681 Mb
129 2647 260 2690 publica
283 2648 451 2680 commoda
466 2659 594 2691 peccem
617 2650 678 2692 Ep.
694 2650 728 2686 ii,
748 2652 779 2688 l,
796 2652 827 2683 3.

8 2712 9 2715 =
55 2686 206 2729 [sfflatroe
230 2701 282 2722 ars
304 2691 337 2722 in
351 2695 383 2722 te
399 2691 445 2722 nil
464 2701 562 2732 agens
579 2692 684 2733 Epod.
701 2694 753 2728 17,
769 2696 824 2726 81.

54 2749 59 2751 -
91 2767 94 2770 ,
113 2731 194 2775 ydra
213 2733 313 2765 crevit
330 2733 363 2764 in
385 2734 555 2766 Herculem
577 2735 640 2766 Od.
663 2735 706 2771 iv,
723 2737 755 2773 4,
771 2737 826 2768 62.

10 2774 13 2775 ⁷
40 2776 46 2780 ⁴
67 2774 77 2797 ἕ
138 2775 281 2818 quemvis
301 2777 468 2818 opprobria
493 2777 611 2818 fingere
638 2778 700 2820 Ep.
724 2778 746 2814 i.
773 2780 824 2816 15,

78 2820 81 2828 “
126 2838 137 2850 .
179 2818 265 2851 male
287 2818 466 2851 condiderit
485 2819 520 2850 in
543 2830 637 2861 quem
662 2820 733 2862 quis
757 2832 825 2853 car-

65 2873 102 2904 J..
138 2876 142 2886 ·
190 2861 258 2894 sat.
279 2861 316 2899 ii,
333 2863 364 2898 1,
381 2863 436 2894 82.
481 2872 540 2894 uec
562 2862 648 2905 lupis
670 2863 722 2895 hic
746 2874 827 2901 mos,

48 2919 50 2921 ·
67 2935 69 2939 ,
94 2901 117 2942 ,”
135 2901 144 2911 “
165 2900 202 2936 in
222 2903 331 2947 dispar
350 2905 457 2947 Epod.
481 2905 513 2941 7,
531 2906 583 2936 12.
628 2905 662 2936 in
683 2907 827 2939 morbum

56 2949 105 3002 ἐμ
142 2945 257 2986 hebui
286 2947 389 2995 multa
413 2947 540 2995 jocatus
568 2949 636 2980 Sat.
662 2948 686 2996 i,
715 2951 828 2998 5·.⁶²·

58 3007 66 3019 .v
167 3001 180 3021 .·
201 2999 311 3032 regum
325 2999 359 3022 m
375 3001 516 3034 proprios
536 3001 646 3034 greges
661 3002 827 3035 lmperlum

1535 201 1620 243 667

867 305 926 335 est,
941 299 1031 332 Jovis
1054 298 1089 331 in
1112 298 1198 341 ipsos
1221 307 1308 340 reges
1333 298 1398 334 Qd.
1425 298 1470 335 iii,
1489 301 1519 336 1,
1537 301 1570 338 5,
1589 301 1622 331 6.

869 351 1002 383 regnum
1026 341 1060 372 in
1081 351 1177 382 vagas
1200 351 1275 372 aves
1300 341 1365 372 Od.
1390 341 1432 377 iv,
1444 342 1486 383 ’,4,
1512 343 1544 373 2.
1587 342 1621 374 iu

870 385 964 415 ambo
979 390 1118 426 potestas
1135 384 1201 415 Sat.
1217 383 1251 418 ii,
1268 384 1300 420 7,
1317 384 1371 415 62.
1415 385 1448 422 5,
1463 386 1622 418 consilium

870 437 894 457 s.
912 429 1013 467 finem
1041 428 1221 469 significat:
1245 426 1279 456 iu
1305 427 1444 458 Junonis
1471 426 1622 460 honorem

872 469 936 500 Od.
958 470 981 505 i,
999 469 1030 505 7,
1047 470 1079 500 8.
1119 469 1152 500 iu
1173 479 1266 500 usum
1287 468 1352 500 Od.
1372 469 1395 506 i,
1417 471 1472 506 27,
1492 473 1506 502 1
1525 484 1533 510 ;
1557 474 1622 506 Od.

871 511 906 548 fi,
932 512 981 549 11,
1004 513 1038 542 4.
1081 511 1238 542 humanos
1264 511 1296 542 in
1320 522 1398 543 usus
1424 513 1490 545 Od.
1518 514 1564 551 iii,
1589 518 1621 553 3,

871 555 927 585 51.
971 553 1006 584 in
1031 559 1182 585 aeternum
1199 553 1349 585 exsilium
1364 565 1414 587 me
1435 555 1622 599 impositura

871 597 994 638 cymbae
1011 596 1074 628 Od.
1090 595 1125 632 ii,
1139 597 1171 634 3,
1188 597 1243 628 28.
1284 596 1317 627 in
1334 603 1469 629 vestrum
1486 601 1621 633 reditum

873 640 936 682 Ep.
961 640 981 675 i,
1000 641 1032 676 3,
1049 640 1103 671 36.
1147 639 1180 669 in
1198 649 1266 670 mea
1282 645 1354 670 vota
1375 640 1439 672 Od.
1455 641 1499 678 iv,
1516 645 1548 680 2,
1567 646 1621 677 56.

869 682 902 712 in
918 692 1005 724 spem
1021 689 1084 713 tuae
1102 681 1210 722 gratiae
1227 682 1331 723 Epod.
1353 683 1380 719 1,
1397 683 1453 715 24.
1497 686 1620 718 animos

868 725 996 756 exacuit
1011 724 1044 756 in
1061 725 1147 756 bella
1162 725 1223 766 Ep.
1242 724 1280 755 ad
1297 724 1365 755 Pis.
1381 727 1457 757 402.
1502 738 1621 769 pronus

869 766 903 798 in
924 768 1109 810 obsequium
1133 768 1194 815 Ep.
1212 768 1235 802 i,
1253 768 1305 802 18,
1324 767 1376 798 10.
1417 770 1454 799 de
1469 775 1597 810 tempore
1611 786 1620 803 .-

870 819 1034 852 nunquam
1051 810 1171 842 homini
1187 816 1314 841 cautum
1331 815 1378 841 est
1394 809 1427 841 in
1444 810 1538 843 horas
1555 815 1621 848 Od,

869 852 904 888 ii,
924 854 975 889 13,
994 855 1046 885 14.
1089 853 1220 884 veniens
1244 852 1276 882 in
1303 863 1406 883 aevum
1429 854 1495 885 Od.
1519 855 1565 893 iii,
1587 860 1620 895 5,

873 896 926 926 16.
974 896 1008 927 in
1023 905 1115 927 omne
1132 906 1233 926 aevum
1250 894 1315 926 Od.
1331 894 1377 932 iii,
1397 896 1447 932 11,
1463 898 1505 929 35
1520 911 1529 938 ;
1554 901 1619 943 Ep.

869 937 890 975 i,
915 940 948 974 2,
973 940 1028 970 43.
1049 959 1051 961 -
1076 938 1108 969 in
1136 949 1239 970 aevum
1268 938 1332 969 Od.
1357 937 1402 976 iv,
1431 941 1481 976 14,
1505 942 1539 972 3.
1586 945 1620 974 in

868 991 986 1012 annum
1006 983 1066 1024 Ep.
1080 981 1102 1018 i,
1126 982 1175 1016 18,
1198 982 1270 1012 109.
1312 990 1431 1011 nonum
1446 981 1481 1012 in
1498 993 1619 1017 annum

871 1024 933 1066 Ep.
955 1025 994 1055 ad
1013 1024 1080 1055 Pis.
1107 1025 1182 1055 388.
1228 1029 1366 1065 quatuor
1384 1024 1418 1054 in
1442 1024 1534 1057 horas
1556 1029 1620 1071 Ep.

870 1066 903 1100 ii.
919 1068 948 1102 l,
963 1068 1034 1099 189.
1064 1068 1158 1098 laetus
1174 1066 1207 1097 in
1223 1077 1363 1109 praesens
1376 1067 1440 1098 Od.
1453 1067 1487 1105 ii,
1503 1070 1555 1105 16,
1565 1072 1619 1104 25,

869 1109 974 1140 differs
994 1110 1027 1141 in
1046 1120 1163 1141 annum
1179 1110 1192 1139 1
1225 1110 1287 1151 Ep.
1302 1109 1324 1147 i,
1339 1111 1372 1146 2,
1387 1111 1443 1142 39.
1487 1112 1619 1153 longum

869 1152 1021 1183 diffundit
1038 1153 1070 1184 in
1086 1163 1190 1183 aevum
1207 1153 1269 1194 Ep.
1283 1151 1306 1187 i,
1321 1153 1354 1188 3,
1368 1154 1400 1184 8.
1438 1153 1471 1184 iu
1488 1154 1619 1195 longum
1659 1156 1671 1165 ⁸

870 1205 970 1226 aevum
993 1200 1178 1226 manserunt
1197 1194 1328 1234 vestigia
1352 1196 1415 1238 Ep.
1438 1195 1472 1232 ii,
1495 1198 1523 1235 1,
1544 1199 1620 1232 106.

869 1239 901 1274 6,
926 1239 970 1269 bis
991 1249 1052 1269 zu.-
1075 1238 1221 1269 lucernas
1243 1237 1343 1280 perfer
1370 1238 1403 1270 iu
1424 1238 1529 1271 lucem
1556 1242 1621 1275 Od.

871 1279 915 1314 iii.
931 1281 962 1315 8,
982 1282 1035 1312 14.
1081 1282 1114 1312 iu
1132 1280 1250 1311 medios
1273 1280 1408 1312 dormire
1429 1281 1497 1313 dies
1518 1284 1579 1326 Ep.
1594 1285 1617 1323 i,

869 1324 901 1360 2,
917 1324 971 1354 30.
1016 1323 1107 1366 quies
1121 1324 1254 1365 primam
1270 1323 1303 1353 in
1321 1323 1429 1354 horam
1445 1325 1510 1367 Ep.
1526 1326 1549 1363 i,
1568 1329 1618 1366 17,

869 1365 900 1396 6.
947 1367 978 1401 7,
995 1367 1040 1397 bei
1057 1366 1286 1406 Eintheilung:
1310 1365 1343 1397 in
1363 1372 1468 1408 partes
1487 1375 1618 1401 centum

868 1407 1020 1439 diducere
1037 1409 1098 1450 Ep.
1114 1408 1154 1439 ad
1172 1408 1238 1439 Pis.
1254 1409 1328 1439 326.
1375 1409 1477 1440 Iliada
1492 1410 1618 1444 diducis

867 1449 902 1481 in
933 1456 1023 1482 actus
1051 1452 1113 1493 Ep.
1140 1450 1179 1481 ud
1208 1449 1276 1481 Pis.
1309 1451 1382 1481 129.
1428 1451 1461 1482 in
1490 1453 1618 1494 singula

868 1503 912 1567 ἓξ
914 1493 1120 1568 8831ᾋῖῗὲ
1144 1493 1619 1572 33¹¹33m³423³¹‘1ni³'d1²e’m322

869 1578 978 1610 horam
1002 1580 1070 1610 Sat.
1084 1580 1118 1616 ii,
1135 1581 1166 1616 6,
1184 1579 1237 1610 47.
1282 1577 1315 1608 in
1331 1578 1423 1610 horas
1447 1581 1513 1611 Sat.
1529 1581 1564 1618 ii,
1581 1583 1615 1620 7,

872 1622 924 1653 10.
968 1622 1000 1653 in
1016 1632 1117 1653 annos
1130 1623 1191 1664 Ep.
1207 1621 1248 1651 ad
1265 1621 1332 1652 Pis.
1348 1622 1402 1653 60.
1449 1623 1481 1653 in
1497 1631 1617 1666 partem

869 1665 935 1707 (sc.
960 1663 1069 1706 suam)
1081 1665 1177 1707 juvat
1195 1663 1299 1706 Epod.
1323 1665 1356 1699 2,
1377 1666 1432 1696 39.
1478 1669 1621 1699 mortalis

871 1707 903 1738 in
926 1717 1026 1738 unum
1050 1708 1199 1749 quodque
1220 1712 1320 1748 caput
1343 1707 1404 1749 Ep.
1428 1707 1461 1744 ii,
1486 1710 1520 1744 2,
1547 1712 1624 1743 188.

871 1751 903 1786 8,
915 1751 1074 1792 ungeth'hr
1087 1751 1204 1793 mgfdie
1217 1751 1275 1780 Art
1289 1761 1297 1779 .·
1321 1749 1353 1780 in
1367 1760 1484 1782 morem
1497 1752 1620 1784 Salissm

872 1793 937 1824 Od.
955 1793 998 1829 iv,
1018 1794 1047 1829 l,
1062 1794 1116 1824 28.
1163 1794 1196 1823 in
1210 1792 1297 1823 hunc
1314 1802 1431 1823 morem
1448 1794 1516 1825 Sat.
1533 1795 1568 1833 ii,
1590 1798 1620 1832 l,

872 1837 926 1867 63.
972 1837 1004 1871 9,
1021 1837 1205 1867 secundum.-
1230 1835 1264 1866 in
1280 1834 1374 1866 verba
1387 1835 1495 1877 jurare
1514 1839 1620 1880 Epod.

874 1880 926 1915 15,
943 1880 983 1917 4;
1009 1879 1070 1921 Ep.
1086 1878 1108 1914 i,
1129 1880 1156 1914 1,
1178 1879 1229 1909 14.
1273 1877 1326 1909 sed
1338 1878 1484 1919 juremus
1500 1879 1534 1912 iu
1550 1881 1619 1913 haec

876 1921 974 1963 Epod.
1005 1923 1056 1956 16.
1085 1923 1140 1953 25.
1184 1921 1234 1956 lI,
1263 1932 1290 1951 c.
1315 1923 1434 1952 ablata
1459 1922 1492 1953 in
1520 1925 1620 1956 AEtna

870 1964 998 1995 flamma
1017 1964 1120 2006 Epod.
1141 1963 1190 1999 17,
1208 1965 1263 1995 33.
1308 1962 1342 1994 in
1358 1963 1478 2004 Algido
1493 1966 1558 1998 Od.
1574 1967 1618 2004 iv,

870 2008 903 2043 4,
929 2008 983 2039 58.
1028 2005 1191 2038 Armeniis
1221 2007 1255 2037 in
1284 2005 1346 2036 oris
1375 2006 1440 2038 Od.
1468 2007 1502 2045 ii,
1524 2011 1560 2046 9,
1586 2011 1620 2042 4.

869 2051 911 2080 sic
934 2051 1044 2090 passim
1060 2051 1158 2083 alibi:
1181 2048 1214 2080 in
1233 2048 1317 2096 coelo
1340 2049 1443 2092 Epod.
1458 2052 1491 2087 5,
1511 2053 1539 2083 l.
1585 2053 1618 2083 in

868 2097 952 2124 terra
975 2093 1039 2124 Od.
1061 2093 1083 2129 i,
1106 2094 1160 2129 22,
1183 2093 1236 2123 22.
1282 2101 1315 2122 m
1335 2092 1429 2123 undis
1454 2094 1522 2126 Sat.
1545 2094 1567 2131 i,
1589 2097 1619 2137 1,

869 2135 924 2167 60.
968 2135 1002 2166 in
1026 2135 1091 2166 alto
1113 2137 1174 2177 Ep.
1193 2134 1216 2171 i,
1233 2135 1286 2170 11,
1304 2135 1355 2165 15.
1400 2135 1434 2165 iu
1455 2135 1528 2178 igne
1550 2139 1618 2172 Sat.

870 2177 892 2214 i,
907 2180 939 2214 5,
957 2178 1011 2210 72.
1055 2178 1089 2209 in
1105 2188 1176 2210 aere
1193 2178 1251 2219 Ep.
1268 2176 1302 2214 ii,
1318 2178 1346 2213 1,
1363 2178 1440 2209 244.
1478 2191 1503 2210 s.
1518 2192 1549 2221 p.
1567 2194 1596 2214 α.
1609 2197 1618 2214 .-

870 2221 904 2252 in
923 2220 1008 2252 valle
1032 2221 1096 2252 Od.
1122 2220 1144 2257 i,
1164 2221 1215 2255 17,
1236 2221 1285 2251 17.
1330 2220 1364 2250 in
1389 2222 1531 2261 gramine
1554 2225 1620 2260 Od.

869 2263 904 2299 ii,
936 2265 968 2301 3,
1000 2265 1033 2295 6.
1079 2263 1112 2295 in
1139 2262 1227 2305 jugis
1253 2263 1316 2294 Od.
1346 2263 1392 2299 iii,
1422 2265 1476 2300 25,
1507 2267 1538 2298 8.
1584 2268 1617 2301 in

869 2306 959 2338 horto
985 2306 1050 2339 Od.
1073 2306 1116 2344 iv,
1134 2308 1186 2343 11,
1203 2308 1235 2338 2.
1279 2306 1312 2337 in
1336 2306 1490 2347 sepulcris
1515 2309 1618 2351 Epod.

871 2350 923 2385 17,
941 2351 994 2381 47.
1038 2350 1072 2381 in
1088 2350 1166 2382 urbe
1182 2351 1250 2380 Sat.
1264 2348 1286 2385 i,
1305 2350 1336 2384 4,
1354 2349 1409 2380 98.
1447 2349 1481 2381 in
1499 2351 1618 2387 theatro

871 2393 935 2424 Od.
957 2394 982 2429 i,
1000 2394 1054 2429 20,
1071 2394 1104 2423 3.
1150 2392 1184 2423 in
1204 2391 1308 2423 medio
1332 2391 1435 2433 posita
1457 2393 1525 2425 Sat.
1544 2396 1566 2432 i,
1583 2400 1615 2435 2,

875 2437 945 2468 108.
988 2446 1014 2467 ³.
1029 2447 1063 2475 p.
1080 2447 1131 2467 α..·
1155 2435 1187 2466 in
1203 2434 1296 2466 domo
1312 2433 1375 2465 Od.
1391 2435 1424 2472 ii,
1445 2437 1494 2472 18,
1512 2439 1544 2468 2.
1583 2441 1616 2472 in

870 2488 981 2510 mensa
1009 2478 1073 2510 Od.
1096 2477 1129 2516 ii,
1153 2479 1204 2515 16,
1223 2478 1276 2509 14.
1322 2476 1355 2508 in
1379 2478 1531 2520 amphora
1553 2483 1618 2516 Od.

871 2521 917 2558 iii,
946 2523 997 2558 16,
1026 2523 1080 2553 34.
1124 2521 1158 2552 in
1184 2520 1339 2552 sedilibus
1370 2521 1475 2562 Epod.
1503 2525 1535 2560 4,
1564 2527 1616 2559 15,

868 2564 901 2595 iu
927 2574 1022 2596 cruce
1045 2565 1111 2595 Sat.
1130 2564 1152 2599 i,
1169 2565 1201 2602 3,
1217 2565 1271 2594 82.
1316 2563 1349 2594 in
1368 2573 1442 2594 arca
1462 2566 1527 2597 Sat.
1544 2567 1566 2603 i,
1587 2571 1617 2606 l,
1671 2562 1675 2565 ⁷

868 2608 922 2638 67.
965 2618 989 2638 s.
1010 2618 1044 2647 p.
1067 2619 1119 2638 α..·
1142 2606 1176 2637 in
1202 2606 1381 2648 praecordiis
1405 2608 1507 2649 Epod.
1533 2611 1565 2647 3,
1585 2614 1617 2645 5.

869 2650 976 2681 matris
1003 2649 1037 2680 in
1061 2650 1133 2680 alvo
1161 2649 1224 2680 od.
1251 2648 1295 2686 iv,
1319 2650 1352 2686 6,
1378 2650 1433 2681 20.
1481 2651 1514 2682 in
1543 2654 1616 2687 sinu

870 2693 950 2724 ferre
966 2693 1030 2724 Od.
1049 2691 1084 2730 ii,
1104 2693 1155 2728 18,
1170 2692 1226 2723 27.
1268 2691 1365 2723 cubet
1381 2691 1488 2724 hircus
1510 2694 1542 2726 in
1559 2698 1617 2730 alis

870 2735 974 2777 Epod'.
993 2736 1045 2772 12,
1060 2737 1093 2766 5.
1142 2735 1176 2765 in
1191 2733 1309 2766 vertice
1328 2735 1396 2765 Sat.
1415 2735 1438 2773 i,
1456 2737 1487 2773 8,
1506 2738 1537 2768 6.
1582 2741 1615 2772 in

871 2787 945 2809 aure
969 2779 1037 2809 Sat.
1052 2777 1086 2814 ii,
1101 2778 1133 2816 6,
1149 2778 1203 2809 46.
1247 2777 1280 2808 in
1299 2788 1353 2810 ore
1371 2778 1434 2820 Ep.
1449 2778 1472 2814 i,
1494 2781 1543 2817 15,
1564 2784 1615 2815 13,

870 2821 903 2852 in
920 2821 1067 2852 manibus
1090 2821 1153 2863 Ep.
1179 2820 1214 2857 ii,
1232 2821 1262 2858 1,
1279 2822 1334 2852 53.
1378 2819 1412 2850 in
1432 2822 1512 2862 pede
1533 2829 1616 2858 stare

872 2864 939 2895 Sat.
955 2864 978 2901 i,
995 2865 1028 2900 4,
1040 2865 1091 2895 10.
1126 2875 1152 2895 s.
1169 2875 1200 2903 p.
1215 2875 1264 2894 a..·
1288 2862 1392 2895 medio
1409 2862 1441 2893 iu
1457 2864 1615 2909 triumpho

872 2906 938 2939 Od.
958 2906 993 2943 ii,
1021 2908 1052 2943 4,
1075 2908 1108 2938 7.
1153 2905 1184 2938 in
1211 2906 1383 2938 certamine
1406 2905 1471 2936 Od.
1496 2907 1538 2943 iv,
1565 2911 1616 2947 14,

875 2950 936 2990 17;
959 2951 1022 2992 Ep.
1047 2949 1070 2985 i,
1096 2950 1146 2986 10,
1171 2950 1226 2981 35.
1269 2948 1303 2979 in
1328 2958 1406 2990 pace
1431 2949 1498 2979 Sat.
1522 2950 1555 2987 ii,
1581 2954 1614 2988 2,

875 2993 947 3024 111.
998 2993 1033 3024 in
1061 2992 1170 3025 sunere
1200 2992 1262 3034 Ep.
1292 2991 1332 3022 ad
1362 2990 1430 3022 Pis.
1458 2992 1532 3024 431.
1582 2994 1615 3027 in
