1904 3314
344 225 430 266 424

881 223 1316 267 SATIRARUM

458 323 663 379 Illusique
683 324 818 379 pedes
839 324 1034 366 vitiosum
1054 324 1165 366 ferre
1186 329 1385 365 recusant

459 390 641 444 Corpus.

702 387 774 430 An
794 389 863 431 hic
883 397 1047 444 peccat,
1071 391 1150 432 sub
1171 396 1338 431 noctem
1357 389 1431 443 qui
1450 402 1560 443 puer
1578 403 1702 430 uvam

348 456 429 496 110
456 455 633 497 Furtiva
651 462 787 497 mutat
807 455 986 511 strigili?
1017 457 1091 510 qui
1109 457 1271 510 praedia
1290 455 1449 504 vendit,

457 521 535 563 Nil
555 521 720 571 servile,
741 522 853 576 gulae
872 537 1043 576 parens,
1064 523 1223 563 habet?

1282 521 1427 570 Adde,
1448 522 1562 576 quod
1583 520 1698 562 idem

457 588 562 630 Non
581 588 730 629 horam
751 595 890 641 tecum
910 603 1004 630 esse
1025 596 1148 643 potes
1165 605 1174 638 ;
1206 604 1290 630 non
1311 589 1396 630 otia
1416 595 1533 630 recte

458 654 648 695 Ponere:
680 661 809 709 teque
830 656 968 709 ipsum
987 655 1094 696 vitas
1115 655 1332 709 fugitivus,
1355 661 1398 695 et
1418 668 1527 704 erro,

457 720 554 761 Jam
572 721 670 761 vino
690 735 900 774 quaerens,
917 722 1005 775 jam
1027 736 1172 761 somno
1193 720 1338 761 fallere
1360 735 1525 762 curam:

347 787 427 827 115
456 786 658 836 Frustra3
689 802 785 828 nam
805 802 944 829 comes
966 794 1058 828 atra
1077 788 1244 842 premit,
1267 789 1544 842 sequiturque
1564 785 1772 840 fugacem.

457 851 587 892 Unde
607 852 708 892 mihi
728 852 941 906 lapidem?
990 853 1208 899 Quorsum
1229 861 1295 894 est
1315 855 1452 907 opus?
1505 852 1629 893 Unde
1650 851 1826 906 sagittas

457 915 550 957 Aut
569 917 725 958 insanit
742 918 885 967 homo,
907 926 980 959 aut
1000 934 1147 960 versus
1170 920 1284 961 facit.

1345 920 1479 960 Ocius
1498 919 1598 960 hinc
1618 925 1662 960 te

457 983 517 1023 Ni
538 984 668 1037 rapis,
689 985 867 1025 accedes
889 999 1021 1039 opera
1040 1000 1144 1039 agro
1164 1000 1277 1026 nona
1298 984 1472 1024 Sabino.

903 1172 1138 1214 SATIRA
1167 1173 1294 1215 VIII.

459 1308 531 1349 UT
552 1308 777 1350 Nasidieni
791 1308 903 1362 juvit
924 1315 966 1348 te
987 1321 1110 1348 coena
1128 1307 1275 1347 beati?

456 1375 571 1415 Nam
591 1375 693 1415 mihi
712 1374 920 1428 quaerenti
942 1374 1159 1414 convivam
1181 1374 1319 1414 dictus
1341 1373 1445 1414 here
1466 1372 1549 1414 illic

343 1488 448 1530 magni
471 1487 559 1530 pretii
577 1487 734 1529 piscibus:
759 1487 799 1518 cf.
822 1498 891 1535 sup.
912 1489 978 1519 Sat.
993 1487 1026 1523 ii,
1040 1488 1072 1522 2,

344 1532 397 1567 41,
413 1531 524 1562 deinde
540 1530 578 1560 de
595 1530 756 1571 quibusvis
772 1530 874 1571 epulis
890 1530 971 1560 aliis.

1117 1486 1230 1517 arridet
1252 1487 1346 1517 lectio
1369 1496 1462 1528 quam
1485 1497 1524 1518 ex
1545 1485 1727 1518 auctoritate
1745 1487 1847 1519 Codd.

1117 1529 1312 1569 quorundam
1335 1528 1367 1558 in
1391 1533 1510 1559 textum
1529 1528 1646 1570 recepit
1670 1529 1746 1564 Fea,
1766 1537 1849 1570 teque

391 1574 462 1603 108.
486 1573 632 1612 Illusique
652 1574 748 1611 pedes,
766 1582 827 1602 non
851 1572 932 1602 male
956 1571 1074 1602 Landi-
1117 1573 1214 1609 ipsum
1234 1573 1310 1601 vitas
1323 1570 1481 1611 fugitivus
1504 1577 1532 1601 et
1553 1581 1656 1607 err-11³5
1681 1581 1752 1602 nam
1771 1575 1849 1604 vitas

344 1625 415 1650 nus,
439 1614 527 1654 “qui
553 1624 624 1644 cum
653 1618 732 1644 stare
760 1623 793 1644 se
815 1624 906 1655 posse
932 1613 1073 1648 credunt,
1107 1614 1268 1653 fugitivus
1290 1612 1408 1643 dictum
1434 1618 1483 1643 est
1508 1622 1563 1654 pro
1588 1612 1728 1654 simplice
1740 1614 1846 1656 fugis.

347 1655 529 1688 vacillant.’¹

390 1699 570 1729 109—111.
592 1698 641 1727 An
663 1699 711 1728 hic
730 1704 843 1736 peccat,
865 1702 938 1727 cett.
961 1707 1000 1727 an
1024 1696 1074 1727 hic

345 1740 456 1781 (puer)
487 1750 604 1774 servus,
631 1739 685 1780 qui
715 1741 774 1770 sub
804 1739 904 1770 noctis
933 1739 1074 1770 tenebras

346 1786 402 1824 (ne
423 1781 689 1823 deprehendatur)
705 1781 809 1812 oblata
832 1781 944 1812 furtiva
965 1781 1073 1822 strigili

344 1835 437 1856 uvam
454 1824 580 1866 accipit,
596 1825 727 1866 peccat'!
745 1823 799 1854 ille
813 1834 897 1858 νει-ο,
909 1823 962 1864 qui
979 1826 1075 1865 (gulae

341 1867 472 1907 parens)
488 1872 524 1896 ut
542 1866 697 1897 luxuriose
712 1865 806 1900 vivat,
824 1865 941 1907 praedia
956 1865 1075 1902 vendit,

347 1920 409 1940 non
425 1918 528 1950 pravae
544 1919 609 1939 suae
624 1907 790 1948 cupiditati
806 1913 955 1949 tanquam
971 1918 1076 1940 servus

345 1951 507 1991 subjectus
522 1956 568 1980 est
581 1952 592 1980 2
638 1950 722 1980 Puer
735 1961 821 1980 uvam
837 1957 934 1981 mutat
950 1951 1075 1992 strigili,

345 2000 463 2023 mutare
474 1991 522 2022 vel
538 1998 709 2030 permutare
721 1993 837 2031 aliquid
848 1993 950 2032 aliqua
963 2003 994 2022 re
1010 2002 1075 2034 pro,

346 2045 416 2066 cum
442 2034 549 2075 aliqua
564 2044 605 2070 re,
622 2033 753 2074 saepius3
772 2034 838 2074 jam
860 2034 899 2064 de
919 2034 1076 2065 mutandis

345 2076 498 2108 mercibus
528 2075 812 2116 (Tauschhandel).·
835 2087 958 2107 mercem
983 2087 1076 2108 merce

345 2125 463 2149 mutare
491 2123 550 2152 est,
579 2123 641 2147 tam
670 2116 803 2148 vendere
831 2128 923 2158 quam
953 2129 1072 2150 emere:

345 2171 413 2202 sup.
427 2162 493 2190 Sat.
510 2159 532 2194 i,
547 2161 577 2195 4,
591 2161 643 2194 29,
660 2159 721 2188 Hic
737 2165 833 2189 mutat
849 2171 965 2190 merces.
993 2161 1072 2190 sm·-

340 2205 426 2244 gilis,
445 2203 613 2243 στλεγγίς·
639 2200 744 2231 Schol.
767 2201 875 2241 Cruq.‚
893 2204 1072 2232 instrumen-

347 2253 412 2276 tum
427 2251 468 2275 est
482 2255 604 2278 aeneum,
622 2254 677 2282 quo
696 2245 830 2272 sudorem
848 2245 940 2273 solent
961 2246 993 2274 in
1009 2245 1072 2274 bal-

343 2289 406 2318 neis
433 2288 559 2317 homines
587 2287 738 2326 detergere
765 2286 979 2325 deradereque:
1010 2286 1072 2316 vid.

346 2329 483 2369 Boettig.
499 2327 656 2358 Arcliaeol.
671 2326 724 2357 der
738 2326 883 2362 Malerei,
899 2338 929 2369 p.
945 2329 1019 2358 219.

390 2372 463 2402 112.
487 2370 593 2400 Tecum
608 2380 682 2399 esse:
704 2369 741 2398 ad
758 2373 786 2399 te
799 2368 909 2405 redire,
923 2374 954 2399 et
968 2370 1071 2410 qualis

344 2413 386 2445 sis
401 2419 503 2444 tecum
518 2416 673 2453 reputare,
688 2410 743 2440 tibi
761 2410 871 2442 vivere.
995 2434 1006 2439 -

389 2456 462 2486 113.
487 2454 581 2494 Teque
605 2455 699 2492 ipsum
723 2454 818 2483 vitas:
843 2458 873 2484 te
897 2451 997 2493 ipsum
1017 2463 1070 2483 ex—

346 2498 475 2540 plorare,
497 2497 530 2526 in
554 2502 584 2526 te
604 2495 704 2536 ipsum
727 2494 913 2526 descendere
936 2494 1069 2534 refugis:

344 2550 414 2581 sup.
437 2538 498 2570 Od.
518 2537 552 2573 ii,
572 2538 622 2574 16,
638 2539 692 2573 20,
713 2538 786 2570 Quis
806 2538 886 2567 exsul
910 2537 946 2567 Se
962 2548 1073 2577 quoque

334 2583 441 2624 sugit.
483 2580 657 2621 Fugitivus,
673 2587 700 2609 et
720 2590 796 2609 erro.
842 2579 1020 2618 Fugitivum
1043 2585 1074 2610 et

345 2634 478 2655 erronem
503 2622 548 2652 ita
571 2621 779 2661 distinguunt,
804 2626 839 2652 ut
865 2620 917 2651 ille
944 2620 996 2657 sit,
1019 2622 1073 2662 qui

343 2675 504 2707 nunquam
527 2663 679 2695 rediturus
702 2663 834 2704 aufugit,
855 2662 916 2698 hic,
934 2662 989 2703 qui
1011 2664 1070 2693 cir-

344 2712 558 2747 cumvagatur,
574 2711 694 2746 tempus
716 2705 748 2735 in
769 2706 857 2736 vanis
879 2705 971 2736 rebus
991 2705 1070 2742 terit,

344 2761 402 2782 nec
422 2750 506 2792 justo
529 2754 666 2790 tempore
692 2746 781 2782 redit,
805 2747 849 2778 ita
875 2746 1012 2788 quidem,
1038 2752 1072 2778 ut

332 2794 494 2835 fugitivus
522 2791 574 2826 sit,
601 2789 656 2830 qui
682 2789 764 2831 apud
790 2789 904 2820 milites
928 2791 1068 2825 desertor.

342 2847 409 2867 erro
428 2844 498 2866 vero
519 2843 662 2863 emansor.
707 2831 768 2862 Sed
794 2831 942 2862 Horatius
965 2831 1069 2872 expri-

343 2887 427 2908 mere
456 2881 576 2906 tantum
601 2872 699 2904 voluit
729 2873 806 2904 hoc:
834 2873 888 2914 qui
912 2877 942 2903 te
968 2873 1068 2914 ipsum

344 2920 438 2959 sugis,
455 2922 487 2949 et
507 2917 540 2948 in
563 2916 621 2947 hae
642 2916 717 2956 fuga
738 2920 769 2947 et
788 2925 886 2946 errore
907 2919 960 2946 tuo
980 2915 1070 2946 modo

343 2963 404 2994 huc
427 2959 517 2992 modo
541 2958 616 2990 illuc
641 2957 751 2999 ageris.
797 2958 879 2989 Hinc
903 2957 1070 2988 admodum

1121 1654 1279 1696 Cruquius
1299 1665 1337 1686 ex
1358 1654 1458 1685 Codd.
1477 1654 1617 1696 protulit,
1625 1656 1797 1697 flagitium,
1810 1663 1848 1688 ut

1118 1707 1233 1769 erqlol5.
1258 1738 1338 1768 Nam
1348 1749 1438 1769 comes
1447 1744 1516 1769 atra
1527 1739 1648 1778 premit,
1657 1740 1849 1780 sequiturque

1106 1780 1275 1821 fugacem-.-
1299 1791 1369 1821 sup.
1384 1780 1445 1811 Od.
1460 1779 1506 1818 iii,
1521 1782 1548 1818 1,
1566 1782 1620 1816 40,
1636 1781 1706 1812 Post
1721 1784 1847 1823 equitem

1119 1825 1196 1854 sedet
1211 1829 1278 1853 acra
1295 1833 1382 1853 curu.

1165 1865 1342 1896 116—118.
1378 1864 1465 1895 Unde
1497 1865 1570 1895 mihi
1599 1865 1748 1904 lapidem:
1778 1871 1848 1899 tan..

1119 1917 1213 1948 quam
1244 1907 1340 1937 iratus
1367 1917 1428 1937 non
1458 1905 1545 1937 addit
1568 1907 1707 1943 verbum,
1731 1913 1847 1950 petam,

1120 1959 1253 1986 sumam,
1272 1948 1400 1990 rapiam.
1445 1949 1554 1988 Opera,
1577 1949 1745 1991 operarius.
1769 1961 1848 1993 opus

1118 1991 1227 2022 servile
1239 1990 1368 2021 faciens.
1399 1991 1508 2021 Nona.-
1531 2000 1604 2031 ergo
1615 1990 1735 2023 familia
1745 1993 1847 2024 Hora-

1119 2033 1153 2063 tii
1168 2033 1349 2064 constiterat
1363 2033 1465 2063 adhuc
1479 2042 1518 2063 ex
1533 2038 1604 2063 octo
1619 2033 1726 2064 servis.

1336 2116 1503 2148 SATIRA
1527 2116 1628 2148 VIII.

1159 2158 1316 2189 Lautioris
1339 2169 1440 2190 coenae
1464 2159 1547 2200 apud
1569 2158 1725 2190 hominem
1747 2170 1846 2202 quen-

1117 2199 1187 2231 dam
1202 2200 1328 2231 divitem
1342 2200 1549 2231 Nasidienum
1561 2200 1778 2243 descriptione,
1791 2212 1847 2234 an-

1117 2247 1146 2272 te
1169 2242 1276 2272 oculos
1297 2242 1383 2284 ponit
1405 2241 1563 2282 ingenium
1582 2253 1688 2274 eorum
1709 2243 1764 2285 qui
1781 2255 1848 2276 me-

1116 2284 1185 2314 dias
1213 2283 1293 2314 inter
1317 2293 1392 2325 opes
1421 2283 1545 2314 sordida
1573 2284 1702 2316 avaritia
1725 2285 1847 2318 ridiculi

1114 2326 1203 2357 fiunt.
1247 2325 1322 2366 Agit
1345 2331 1450 2356 autem
1465 2324 1504 2355 de
1525 2325 1584 2356 hac
1599 2336 1632 2357 re
1655 2336 1726 2358 cum
1745 2327 1846 2360 arnico

1116 2367 1293 2404 Fundanio,
1310 2367 1376 2408 jam
1401 2377 1471 2408 sup.
1494 2367 1560 2398 Sat.
1582 2367 1605 2403 i,
1626 2369 1676 2403 10,
1697 2370 1738 2400 42
1760 2379 1844 2401 com-

1114 2414 1295 2444 memorato,
1307 2410 1362 2450 qui
1376 2410 1531 2450 superiore
1543 2409 1594 2441 die
1607 2411 1690 2452 apud
1701 2411 1732 2442 N
1734 2411 1846 2444 asidie·

1115 2462 1190 2483 num
1206 2456 1396 2482 coenaverat.

1159 2495 1188 2524 1.
1216 2494 1258 2524 Ut
1274 2499 1301 2523 te
1318 2494 1488 2531 Nasidieni,
1503 2493 1536 2524 in
1551 2493 1694 2535 pluribus
1707 2494 1795 2526 editt.
1810 2502 1846 2528 ut

1114 2542 1211 2567 metro
1232 2536 1455 2573 consuleretur,
1475 2542 1504 2566 te
1523 2542 1591 2577 post
1613 2535 1656 2566 Ut
1671 2536 1843 2570 exhibitum

1114 2583 1162 2609 est
1172 2590 1180 2617 ;
1205 2577 1259 2608 sed
1279 2579 1312 2608 in
1327 2577 1451 2609 nomine
1466 2578 1671 2608 Nasidiennsi
1727 2585 1757 2610 st
1773 2581 1794 2611 d
1809 2587 1845 2611 ut

1115 2629 1292 2650 consonans
1315 2619 1365 2650 vel
1390 2624 1423 2650 ut
1435 2622 1457 2660 j
1484 2618 1677 2661 pronunciari
1702 2630 1752 2651 um
1785 2628 1843 2658 est,

1116 2668 1150 2692 ut
1174 2661 1341 2693 Nasidieni
1356 2661 1421 2702 jam
1441 2671 1503 2692 non
1519 2661 1671 2702 quinque,
1688 2663 1743 2694 sed
1787 2673 1843 2695 ua..

1115 2709 1184 2734 tuor
1213 2704 1402 2745 syllabarum
1429 2713 1487 2734 vox
1518 2703 1570 2739 sit,
1597 2704 1636 2734 ad
1665 2713 1753 2735 exem
1790 2715 1843 2736 um

1116 2746 1225 2782 ariete,
1237 2746 1405 2780 abietibus,
1416 2744 1546 2787 pariete,
1557 2750 1648 2776 cett.:
1666 2745 1728 2777 vid.
1767 2747 1844 2778 entl.

1115 2788 1194 2826 Quis
1206 2787 1348 2820 sordidus
1360 2787 1418 2818 iste
1430 2787 1533 2823 homo,
1546 2787 1728 2819 Nasidienus
1739 2789 1790 2820 Ru
1808 2790 1844 2820 'us

1114 2834 1167 2870 (ut
1190 2841 1219 2861 v.
1243 2831 1284 2861 58
1309 2829 1440 2868 dicitur)
1463 2828 1567 2866 fuerit,
1590 2828 1640 2860 vel
1664 2829 1736 2877 quis
1761 2791 1843 2862 alius

1114 2873 1172 2902 sub
1184 2872 1254 2914 ejus
1265 2871 1389 2902 nomine
1401 2871 1506 2906 lateat,
1519 2870 1603 2902 malo
1614 2871 1758 2912 equidem
1769 2882 1842 2904 curn

1114 2914 1330 2954 ignorantibus
1345 2913 1496 2954 ignorare,
1507 2923 1600 2954 quam
1616 2922 1706 2945 vanae
1720 2913 1842 2946 divina-

1114 2956 1191 2988 tioni
1218 2955 1393 2997 indulgere.
1441 2955 1494 2991 Ut,
1523 2955 1700 2996 quomodo:
1731 2962 1760 2988 te
1792 2966 1862 2989 sc.⁴
