1884 3288
684 197 994 242 CARMEN
1024 201 1067 242 6.

1560 200 1642 244 261

249 300 309 343 95
339 299 401 343 Et
420 299 624 356 inquietis
643 299 841 342 assidens
861 300 1133 354 praecordiis,

511 367 679 410 Pavore
701 383 874 410 somnos
893 367 1102 410 auferam.

337 437 432 480 Vos
453 436 583 478 turba.
601 435 774 478 vicatim
792 435 896 478 hinc
917 443 962 478 et
982 436 1085 478 hinc
1107 436 1224 478 saxis
1245 443 1401 492 petens

509 502 763 545 Contundet
784 505 997 546 obscenas
1019 519 1142 545 anus.

335 570 445 614 Post
462 569 682 626 insepulta
701 572 895 613 membra
915 571 1120 614 different
1136 570 1247 628 lupi,

225 638 307 681 100

508 637 570 679 Et
587 637 831 694 Esquilinae
850 638 999 681 alites:

336 704 496 762 Neque
517 704 601 748 hoc
620 713 840 762 parentes,
861 707 950 749 heu
970 707 1076 749 mihi
1097 707 1355 764 superstites
1372 709 1382 749 !

509 773 732 830 Effugerit
746 775 1057 830 spectaculum.

676 974 955 1018 CARMEN
993 976 1076 1019 VI.

341 1123 468 1172 Qum
490 1122 765 1165 immerentes
783 1122 980 1178 hospites
1001 1138 1148 1174 vexas,
1172 1126 1304 1176 canis,

516 1191 709 1247 Ignavus
732 1191 965 1233 adversum
985 1190 1144 1247 lupos?

343 1258 464 1306 Quin
485 1258 572 1300 huc
593 1259 757 1309 inanes,
782 1259 817 1300 si
838 1266 979 1314 potes,
1003 1260 1135 1302 vertis
1158 1262 1309 1312 minas,

513 1327 574 1368 Et
595 1342 663 1369 me
684 1341 980 1368 remorsurum
1001 1329 1114 1382 petis
1132 1331 1148 1371 ἓ

109 1447 282 1491 imaginem
309 1447 477 1490 designare
503 1446 674 1484 voluerint,
701 1445 856 1490 exposita,

109 1491 248 1529 additur,
279 1491 336 1522 Hae
362 1497 435 1523 sunt
459 1492 562 1531 impiis
590 1492 717 1521 assidua:
746 1493 858 1522 domes-

110 1535 241 1576 tieaeque'
258 1534 377 1572 Furiae,
400 1545 463 1576 quae
486 1535 549 1564 dies
569 1540 725 1574 noctesque
746 1544 859 1574 paren-

112 1583 179 1609 tum
197 1588 300 1619 poenos
322 1589 342 1608 a
363 1577 653 1608 consceleratissimis
665 1577 750 1618 filiis
775 1587 857 1616 ‘repe-

111 1625 196 1652 tune.
250 1621 411 1657 Obscenos,
446 1618 690 1655 abominandas,
722 1619 859 1650 detesta-

112 1662 196 1696 biles
209 1674 220 1703 3
241 1662 389 1706 exempla
406 1662 472 1694 vid.
487 1662 527 1693 ad
544 1661 666 1693 Catull.
686 1661 788 1697 lxviii,
803 1662 860 1693 99.

114 1706 160 1742 Du·
187 1713 284 1742 mut,
307 1705 372 1738 hue
400 1705 478 1737 illuc
505 1715 614 1736 secum
640 1710 740 1735 tracta
766 1703 862 1735 devo-

112 1758 148 1782 τι
171 1754 241 1782 unt.
285 1749 455 1791 Esquilinae
482 1750 591 1779 alites:
620 1746 764 1788 intellige
789 1757 863 1778 aves

113 1791 280 1826 famelicas
302 1797 336 1824 et
359 1801 501 1834 rapaces,
525 1790 704 1832 accipitres,
728 1789 864 1828 milvios,

112 1845 236 1872 corvos,
258 1840 335 1868 cett.
359 1835 393 1866 in
417 1835 544 1876 regione
571 1833 629 1864 illa
655 1834 695 1865 ad
726 1838 864 1864 montem

114 1877 333 1921 Esquilinum,
370 1877 427 1909 ubi
463 1876 624 1920 supplicia
655 1887 675 1908 a
707 1875 867 1907 damnatis

115 1921 334 1959 sumebantur,
356 1920 648 1953 circumvolitantes
671 1923 702 1951 et
725 1918 865 1960 projecta

115 1963 293 1998 occisorum
308 1973 440 2007 corpora
453 1962 656 1994 dilaniantes.
693 1962 798 2002 Neque
811 1963 865 1993 hoc

110 2013 268 2049 parentes,
297 2007 356 2038 heu
381 2008 456 2038 mihi
480 2005 676 2047 superstites!
705 2004 865 2046 Effugerit

114 2051 332 2092 vectaculum.
377 2048 474 2086 Quod
490 2049 618 2095 quidem
641 2057 821 2091 poenarum,
845 2058 864 2079 a

115 2093 259 2129 scelesti·
281 2092 429 2126 veneficis
450 2092 674 2135 expetitamm,
697 2095 863 2132 spectacu-

117 2134 185 2168 lum
205 2135 392 2180 parentibus
411 2135 503 2172 meis,
522 2134 586 2166 heu
607 2133 689 2166 tristi
707 2144 777 2164 meo
799 2133 864 2165 fato

51 2213 54 2216 ,
115 2179 349 2223 superstitibus,
373 2177 499 2210 accidet
520 2177 753 2218 gratissimum;
778 2176 810 2208 h.
831 2187 862 2208 e.

35 2234 61 2260 ’,-
115 2228 263 2267 parentes
290 2226 397 2254 autem
426 2220 490 2253 mei
518 2220 699 2263 superstites
734 2219 774 2251 de
804 2219 864 2251 liae

34 2262 53 2294 T
115 2265 222 2343 Batia
256 2264 396 2298 scelestis
431 2263 580 2296 veneficis
617 2264 715 2296 relata
747 2262 867 2304 gaude-

31 2387 33 2414 ³
62 2429 79 2434 ,
123 2411 132 2427 .
188 2418 189 2422 ,
345 2393 551 2428 CARMEN
577 2392 640 2425 v1.

58 2435 59 2438 ’
75 2451 77 2460 ⁴
120 2451 152 2475 >0-
163 2436 286 2471 cunm
302 2435 464 2469 hominem
481 2436 642 2478 quendam
663 2434 868 2472 maledicum,

34 2475 236 2524 ’·,’“”ᾗμ.ῖο
247 2479 342 2523 pasin
384 2490 426 2512 ue
439 2479 548 2511 animo
565 2488 619 2510 eos
635 2483 772 2514 tantum,
786 2488 868 2519 quos

60 2519 301 2566 '“flsi-pune
322 2533 338 2554 r
378 2533 432 2555 ere
455 2532 547 2565 posse
571 2521 676 2560 sciret,
694 2526 866 2563 petentem,

40 2578 41 2581 ’
68 2561 288 2609 mter
303 2571 399 2610 poeta
419 2565 572 2607 exsurgit.
615 2564 792 2606 comparat
810 2574 867 2595 au·

38 2619 41 2625 ²
60 2624 63 2625 ⁷
206 2608 304 2646 istm
328 2609 488 2641 hominem
513 2618 586 2639 cum
608 2607 765 2649 ejusmodi
791 2617 871 2639 cane

96 2664 103 2683 γ*
115 2647 132 2679 Γ
234 2677 236 2679 -
259 2668 291 2689 1,
305 2652 361 2695 qui
382 2661 526 2700 quosque
540 2650 671 2692 quidem
686 2649 746 2682 sibi
765 2650 872 2681 obvios

98 2707 193 2735 2„
214 2695 308 2735 ,amni
335 2694 522 2728 discrimine
555 2693 699 2726 ferociter
733 2693 871 2730 allatret,

144 2772 145 2775 ,
165 2737 271 2782 ‘sip-e
293 2738 412 2784 petitus
433 2737 543 2770 timide
567 2736 714 2778 refugiat,
737 2737 786 2768 vel
811 2737 870 2767 ob-

95 2782 99 2791 '
118 2817 120 2820 ,
167 2784 205 2820 -J
229 2781 305 2816 cibo
323 2781 432 2814 statim
453 2781 620 2824 placetur;
647 2789 682 2811 se
703 2789 776 2811 vero
798 2789 872 2811 cum

86 2825 90 2834 *
136 2818 326 2860 'ses-ibus
353 2824 604 2866 generosioribus
629 2822 697 2864 qui,
719 2832 799 2864 quas
823 2833 873 2854 se-

57 2866 145 2906 5
168 2890 170 2892 >
189 2867 273 2905 mibi
293 2866 424 2900 infestas
444 2867 527 2900 feras
555 2870 679 2908 petunt,
701 2865 735 2896 in
760 2865 798 2896 iis
820 2875 874 2896 ur-

67 2908 76 2921 ’”
166 2919 221 2958 ‚3⁸v
249 2914 283 2944 et
295 2909 520 2960 persequendis
542 2908 663 2940 fortiter
686 2908 872 2951 persistunt.

147 2970 166 2988 a
219 2967 229 2980 ν
260 2953 358 2996 igitur
379 2953 474 2986 istum
497 2953 669 2988 hominem,
694 2962 734 2983 ne
759 2956 874 2984 temere

129 2994 336 3037 mmet,
361 2997 452 3036 dum,
475 2996 582 3029 demta
609 2995 701 3028 canis
725 2994 874 3038 imagine,

901 1445 1060 1488 ejusmodi
1079 1446 1108 1478 ei
1132 1446 1272 1478 minatur
1294 1447 1427 1485 iambos,
1447 1448 1558 1491 quales
1577 1447 1654 1478 olim

902 1489 1120 1521 Archilochus
1142 1489 1176 1520 in
1201 1490 1399 1532 Lycamben,
1422 1497 1454 1523 et
1480 1492 1655 1534 Hipponax

902 1531 935 1562 in
960 1532 1121 1574 Bupalum
1142 1532 1324 1564 vibraverit.
1370 1534 1479 1576 Vulgo
1502 1534 1563 1566 hoc
1586 1544 1655 1565 car-

903 1585 975 1606 men
993 1575 1033 1606 In
1054 1576 1191 1606 cassium
1211 1576 1355 1607 Severum
1373 1576 1555 1609 inscribitur
1566 1589 1575 1617 3
1599 1577 1656 1609 sed

904 1618 989 1659 quod
1009 1628 1105 1660 supra
1127 1618 1168 1650 ad
1192 1619 1290 1661 hujus
1313 1619 1385 1650 libri
1407 1631 1535 1651 carmen
1558 1630 1655 1662 quar·

906 1666 974 1691 tum
997 1661 1036 1692 de
1060 1661 1127 1692 Sex.
1150 1662 1266 1698 Maena,
1292 1662 1428 1702 Pompeii
1457 1665 1574 1700 liberto,
1600 1662 1656 1695 cui

905 1702 986 1734 illud
1013 1704 1110 1745 vulgo
1136 1703 1332 1742 inscribitur,
1355 1706 1548 1742 monuimus,
1573 1705 1657 1737 idem

907 1756 994 1777 nunc
1026 1747 1066 1778 de
1103 1747 1205 1778 Cassio
1238 1748 1345 1778 Severo
1378 1748 1474 1780 valet.
1533 1748 1658 1786 Quodsi

907 1789 992 1820 enim
1019 1789 1169 1820 Horatius
1192 1789 1252 1821 hoc
1274 1800 1401 1822 carmen
1424 1801 1496 1822 cum
1522 1791 1658 1834 inscrip-

909 1831 1006 1869 tione,
1035 1831 1074 1863 In
1101 1832 1239 1863 Cassium
1265 1834 1420 1870 Severum,
1448 1834 1657 1876 publicasset,

910 1874 996 1906 haud
1018 1875 1115 1907 dubie
1139 1875 1243 1917 ipsum
1269 1877 1418 1908 Cassium
1442 1877 1476 1907 in
1502 1877 1561 1908 hoc
1587 1887 1658 1908 car-

909 1918 994 1949 mine
1017 1918 1218 1960 appellasset.
1262 1919 1338 1951 Sine
1362 1919 1460 1951 dubio
1482 1919 1580 1960 igitur
1598 1919 1658 1951 hu-

905 1959 959 2002 jus
975 1959 1125 1992 carminis
1135 1961 1299 2004 inscriptio
1315 1962 1412 1994 veteri
1423 1962 1550 1994 cuidam
1564 1963 1658 1994 scho-

910 2003 1010 2035 liastoe
1045 2004 1191 2041 debetur,
1222 2004 1289 2046 qui,
1321 2016 1396 2036 cum
1435 2006 1520 2048 apud
1555 2006 1660 2037 Tacit.

909 2047 1032 2078 Annal.
1053 2047 1076 2086 i,
1095 2048 1149 2083 72,
1170 2053 1201 2078 et
1219 2047 1263 2084 iv,
1281 2049 1337 2084 31,
1359 2049 1496 2079 Cassium
1516 2049 1659 2080 Severum

907 2089 1066 2122 hominem
1089 2090 1425 2123 maledicentissimum
1449 2092 1544 2124 fuisse
1567 2091 1661 2134 legis-

907 2138 967 2169 set,
985 2143 1018 2165 se
1039 2143 1126 2170 eum,
1148 2133 1182 2164 in
1202 2144 1298 2175 quem
1318 2134 1473 2178 scriptum
1494 2141 1577 2167 esset
1597 2136 1657 2167 hoc

906 2186 1034 2207 carmen
1042 2177 1089 2207 ab
1108 2177 1253 2214 Horatio,
1264 2177 1424 2210 invenisse
1439 2179 1574 2221 putavit.

956 2220 1049 2250 1—4.
1080 2219 1274 2251 Immerentes
1303 2221 1450 2262 hospites;
1482 2220 1661 2253 maledicus

913 2261 1009 2303 igitur
1022 2261 1082 2293 iste
1102 2262 1195 2294 homo
1213 2274 1321 2295 eorum
1341 2265 1421 2296 adeo
1441 2265 1534 2296 bonae
1552 2265 1659 2299 famae,

913 2315 992 2346 quos
1010 2305 1126 2337 laedere
1143 2306 1232 2338 nefas
1252 2307 1324 2344 suit,
1339 2308 1514 2339 obtrectare
1529 2308 1663 2340 solebat.

914 2349 1008 2380 Canis
1018 2361 1026 2378 :
1042 2359 1140 2390 prava
1151 2349 1213 2381 ista
1222 2350 1422 2383 obtrectandi
1432 2350 1661 2383 maledicendi-

912 2401 975 2433 que
1001 2391 1075 2423 aliis
1106 2391 1205 2424 libido
1234 2393 1353 2436 passim
1378 2404 1453 2425 cum
1483 2394 1664 2438 importuno

911 2444 1031 2466 canum
1059 2435 1174 2467 latratu
1204 2442 1427 2479 comparatur;
1457 2437 1532 2469 hinc
1564 2437 1664 2469 male-

911 2477 999 2509 dicta
1012 2477 1082 2509 aliis
1095 2477 1270 2520 ingerentes
1282 2482 1408 2518 latrare,
1419 2481 1547 2517 Graece,
1558 2481 1663 2513 ὑλακ-

911 2523 996 2559 τεῒν,
1004 2521 1157 2562 βαΰζειν,
1165 2522 1333 2554 dicuntur:
1351 2523 1562 2556 vid.Mitsch.
1585 2525 1662 2555 Ma-

911 2563 1034 2596 ledicus
1049 2571 1156 2596 autem
1167 2565 1226 2597 iste
1240 2566 1353 2598 similis
1368 2567 1431 2599 fere
1444 2567 1506 2599 suit
1519 2568 1558 2599 iis
1574 2567 1666 2599 cani-

914 2607 986 2644 bus,
1003 2607 1042 2639 de
1058 2607 1175 2650 quibus
1196 2609 1310 2641 Cicero
1331 2609 1364 2641 in
1383 2611 1474 2642 Orat.
1488 2621 1544 2653 pro
1566 2611 1667 2643 Rose.

917 2650 992 2681 Am.
1014 2661 1045 2682 c.
1066 2652 1110 2682 20
1132 2651 1189 2688 ait,
1215 2652 1330 2687 Quodsi
1353 2654 1420 2685 luce
1442 2665 1556 2695 quoque
1577 2665 1667 2685 canes

916 2694 1045 2731 latrent,
1062 2706 1157 2735 quum
1177 2697 1244 2727 deos
1264 2698 1436 2728 salutatum
1454 2699 1554 2738 aliqui
1578 2708 1666 2729 vene-

915 2735 1003 2774 rim}
1027 2739 1145 2778 opinor,
1162 2740 1200 2769 iis
1215 2750 1309 2770 crura
1323 2740 1571 2782 suffr-ingentur,
1586 2743 1665 2782 quod

915 2791 999 2811 acres
1020 2782 1083 2812 sint
1103 2783 1196 2812 etiam
1215 2788 1293 2819 tum,
1317 2794 1411 2824 quum
1431 2786 1560 2824 suspicio
1577 2785 1668 2814 nulla

916 2824 974 2854 sit.-
999 2829 1162 2866 comparat
1183 2835 1299 2869 nempe
1321 2826 1436 2858 Cicero
1459 2826 1492 2857 in
1514 2826 1573 2857 hoc
1596 2827 1668 2858 loco

918 2865 1019 2898 malos
1034 2873 1236 2900 accusatores
1250 2879 1325 2900 cum
1340 2869 1477 2901 canibus
1488 2869 1669 2912 importuno

917 2914 1056 2952 tempore
1069 2910 1273 2943 latrantibus.
1319 2912 1433 2952 Lupos,
1472 2913 1506 2944 ui
1523 2923 1585 2943 non
1600 2911 1669 2943 sine

917 2953 1059 2994 periculo
1071 2964 1090 2984 a
1104 2954 1242 2986 canibus
1252 2959 1416 2998 petuntur,
1427 2966 1444 2986 a
1469 2965 1570 2996 eoque
1583 2964 1668 2985 nunc

919 3005 975 3038 pro
990 2995 1040 3035 iis,
1055 2996 1111 3038 qui
1126 2998 1352 3031 maledicorum
1368 3008 1463 3031 voces
1476 2997 1569 3030 facile
1582 3007 1668 3029 com-
