1884 3288
663 174 1076 243 CARMEN1z

333 305 486 347 Effare
503 322 513 347 :
539 305 686 360 jussas
707 318 806 345 cum
825 302 916 344 fide
937 317 1091 358 poenas
1110 302 1226 345 luam
1245 321 1256 355 ;

332 372 520 414 Paratus
540 371 733 426 expiare,
756 385 834 412 seu
855 372 1110 426 poposceris

332 441 518 483 Centum
533 440 761 494 juvencos,
785 438 874 479 sive
894 438 1092 480 mendaci
1112 438 1207 493 lyra

247 508 305 550 40
337 507 470 550 Voles
493 506 659 557 sonari3
693 513 742 547 tu
762 505 936 561 pudica,
959 513 1007 548 tu
1028 507 1168 562 proba

331 575 662 617 Perambulabis
685 581 802 615 astra
824 575 943 616 sidus
965 589 1158 616 aureum.

331 643 507 686 Infamis
531 642 716 685 Helenae
739 642 895 684 Castor
917 642 1112 684 offensus
1134 643 1240 690 vice,

331 710 576 767 Fraterque
598 711 740 766 magni
763 710 976 761 Castoris,
999 711 1102 752 victi
1123 725 1270 767 prece,

334 779 526 822 Ademta
546 779 634 821 vati
657 779 889 820 reddidere
910 778 1085 820 lumina.

244 847 302 889 45
333 847 394 890 Et
416 854 478 898 tu,
500 854 628 903 potes
649 861 760 898 nam,
785 846 902 888 solve
924 862 991 888 me
1013 846 1246 898 dementia,

333 916 376 958 O
398 931 479 958 nec
499 916 692 971 paternis
714 914 911 957 obsoleta
933 915 1154 966 sordibus,

331 984 431 1027 Nec
452 985 496 1025 in
517 983 728 1040 sepulcris
751 998 993 1039 pauperum
1016 983 1208 1039 prudens
1230 999 1339 1026 anus

333 1052 632 1096 Novendiales
656 1053 868 1108 dissipare
890 1051 1106 1107 pulveres,

333 1121 440 1163 Tibi
459 1120 675 1177 hospitale
697 1128 867 1176 pectus,
891 1127 935 1162 et
955 1136 1080 1176 purae
1101 1136 1279 1164 manus:

249 1190 306 1232 50
335 1189 551 1245 Tuusque
572 1196 724 1231 venter
746 1189 1039 1241 Pactumeius,
1063 1198 1108 1232 et
1130 1197 1205 1233 tuo

99 1295 132 1322 et
145 1288 353 1322 cruciatibus.
385 1289 490 1330 Neque
502 1296 557 1324 est,
572 1288 640 1321 οὐδ’
651 1289 733 1325 ἔστι,
749 1300 852 1331 neque

99 1332 187 1364 licet.
232 1332 348 1364 Lauare
363 1338 449 1364 tenta
468 1334 581 1373 spiritu
602 1334 782 1372 praewrdia,
800 1343 850 1363 or-

101 1382 177 1407 nate
191 1386 259 1419 pro,
275 1375 438 1418 respirare.

144 1419 287 1451 27-235.
333 1418 428 1461 Ergo,
467 1423 625 1458 negatum,
660 1419 776 1453 vincor.
815 1424 851 1448 ut

99 1464 222 1494 credam
233 1463 339 1493 miser.-
356 1472 431 1503 ergo
443 1471 551 1492 verum
564 1470 644 1496 esse,
658 1460 744 1502 quod
757 1466 852 1492 antea

100 1505 141 1536 de
167 1505 343 1542 carminum
368 1504 562 1546 magicorum
587 1503 730 1535 efficacia
754 1514 851 1545 nega-

100 1548 187 1587 bam,
213 1548 308 1579 miser
334 1558 405 1589 ego,
435 1553 472 1578 ut
495 1547 634 1585 credam,
659 1546 852 1589 experientia

99 1590 223 1623 vincor.
266 1591 386 1622 Sabella
411 1591 549 1622 carmina
571 1595 603 1621 et
624 1591 730 1621 Marsa
754 1592 854 1621 noenia

101 1634 251 1666 dicuntur
270 1633 413 1666 carmina
431 1632 567 1673 magica,
582 1633 667 1673 quod
691 1633 801 1663 Sabini
821 1638 854 1664 et

101 1677 206 1709 Marsi
235 1677 356 1709 artibus
382 1675 517 1718 magicis
546 1675 733 1707 deditissimi
758 1675 853 1707 fuisse

102 1718 265 1752 dicuntur.
298 1721 408 1752 Pectus
423 1722 592 1759 increpare,
609 1719 772 1759 eleganter
787 1729 853 1760 pro,

101 1763 146 1795 im
188 1764 265 1796 llere
293 1768 326 1795 et
355 1771 562 1795 commovere.
608 1762 762 1797 Dissilire,
790 1773 853 1804 prae

102 1806 144 1839 do
158 1817 211 1839 ore
223 1817 336 1849 nempe
348 1812 380 1838 et
396 1811 495 1837 aestu:
518 1804 598 1836 alias
611 1816 727 1847 angues
739 1804 854 1836 carmi-

101 1849 196 1881 nibus
211 1849 344 1892 magicis
359 1849 463 1891 rumpi
483 1854 515 1880 et
533 1847 670 1879 dissilire
689 1847 854 1878 dicuntur.

106 1893 215 1924 Marsa
229 1894 330 1924 παππία
342 1905 351 1923 .·
371 1892 416 1924 cf.
433 1902 503 1934 sup.
519 1891 623 1933 Epod.
638 1893 671 1926 5,
687 1892 751 1929 76;
768 1890 855 1921 simi-

103 1935 176 1968 liter
195 1935 292 1968 Ovid.
305 1935 376 1967 Art.
394 1935 471 1966 Am.
493 1933 528 1972 ii,
547 1935 618 1969 102,
637 1934 708 1965 Non
718 1934 855 1976 fiac-ient,

104 1986 142 2010 ut
166 1980 245 2011 vitat
265 1990 362 2014 amor,
388 1978 544 2009 Mede'ides
567 1978 673 2013 herbae,
696 1978 856 2018 Mixtaque

103 2033 172 2054 cum
201 2024 328 2063 magicis
353 2023 451 2053 meniu
477 2021 584 2051 Marsa
610 2022 699 2051 sonis.
746 2021 854 2055 Quan-

105 2072 172 2097 tum
197 2076 292 2107 neque
318 2073 387 2096 atro
412 2065 564 2098 delibutus
592 2063 740 2094 Hercules
768 2063 856 2094 Nessi

103 2119 231 2140 eruore.-
254 2118 325 2151 sup.
347 2108 450 2150 Epod.
472 2108 505 2144 3,
523 2108 575 2142 17,
594 2107 660 2137 Nec
674 2117 784 2138 munus
799 2108 854 2138 hu·

105 2154 195 2184 meris
220 2151 350 2193 efficacis
375 2151 519 2182 Herculis
547 2150 664 2181 Inarsit
691 2152 856 2187 aestuosius,

107 2194 164 2226 ubi
179 2195 244 2227 vid.
263 2200 331 2227 not.
378 2194 442 2226 Nec
465 2194 578 2224 sicana
589 2193 720 2234 fervida
740 2193 859 2224 Furens

105 2239 140 2270 in
156 2238 255 2270 AEtnu
267 2238 398 2281 flamma
415 2250 423 2268 .-
449 2236 570 2268 Catuli.
589 2236 690 2273 lxviii,
707 2237 760 2271 54,
781 2237 858 2268 Cum

105 2287 228 2313 tantum
246 2282 398 2317 arderem,
412 2286 558 2321 quantum
579 2279 738 2310 Trinacria
755 2291 857 2322 rupes,

107 2323 164 2356 nbi
180 2325 273 2367 plura
290 2324 330 2356 de
346 2324 405 2355 hac
429 2322 666 2366 comparatione
680 2322 753 2354 vide
775 2323 859 2365 apud

108 2367 208 2410 Vulp.
232 2373 266 2399 et
289 2368 370 2399 Stat.
415 2366 473 2404 Tu,
498 2370 591 2397 donec
613 2367 701 2401 ciuis,
726 2371 801 2397 cett.
823 2372 858 2398 tu

104 2410 196 2442 nulla
217 2410 279 2442 mei
299 2409 500 2441 miseratione
522 2415 608 2440 tacta
626 2409 746 2440 tamdiu
763 2420 858 2441 vene-

106 2452 157 2486 nis
172 2453 334 2486 Colchicis
359 2453 391 2485 in
412 2463 464 2484 me
480 2451 653 2484 miscendis
675 2458 707 2483 et
728 2462 858 2494 compa-

105 2496 213 2528 randis
226 2495 370 2533 insudas,
386 2496 488 2527 donec
505 2506 554 2526 me
574 2495 607 2526 in
624 2495 746 2526 aridum
770 2495 857 2527 cine-

107 2549 185 2575 rem,
213 2539 368 2583 protervis
389 2538 492 2570 ventis
519 2538 746 2580 dissipandum,
770 2538 859 2570 rede-

107 2582 205 2624 geris.
245 2583 332 2614 Cales
362 2582 494 2623 officina,
531 2581 685 2623 exquisite
721 2591 788 2624 pro,
826 2593 858 2613 es

108 2624 188 2657 nihi
202 2626 295 2669 quasi
309 2625 445 2662 officina,
462 2635 534 2667 quae
555 2624 640 2656 calet
653 2627 772 2656 venenis
789 2625 858 2655 Col-

107 2669 214 2701 chien.

150 2712 294 2744 36—44.
331 2712 535 2752 Stipendium,
561 2710 764 2742 redemtionis
791 2722 860 2754 pre-

109 2754 200 2792 tium,
225 2764 324 2798 poena
347 2754 427 2786 mihi
449 2754 532 2786 victo
554 2753 613 2785 tibi
638 2753 759 2785 victrici
784 2765 860 2797 pen-

109 2797 234 2830 denda:
259 2798 303 2830 cf.
327 2808 400 2841 sup.
429 2798 470 2830 ad
499 2798 542 2834 iv,
571 2798 604 2833 8,
635 2797 683 2828 17.
731 2799 861 2829 Centum

99 2842 259 2882 ,iuvem-0⁸,
307 2841 528 2873 hecatomben.
589 2840 747 2876 Μεπιίαοί,
796 2851 863 2883 qua

112 2893 224 2927 nempe
252 2884 368 2916 mulier
399 2883 563 2927 impudica
591 2889 623 2915 et
654 2882 796 2925 improba
827 2890 863 2916 ut

111 2926 228 2969 pudica
248 2933 281 2960 et
296 2927 393 2970 proba
413 2926 573 2959 laudatur.
622 2926 667 2956 Tu
681 2928 807 2966 pudica,
824 2934 857 2959 tu

109 2971 203 3010 proba
227 2970 458 3002 Per-ambulabis
483 2977 568 3001 astra
597 2970 681 3000 sidus
710 2981 858 3002 aureum.-

112 3021 174 3054 ego
185 3017 217 3046 te
229 3013 425 3045 carminibus
436 3012 515 3045 meis
527 3018 561 3045 ut
578 3012 727 3055 pudicam
743 3018 774 3045 et
789 3023 859 3056 pro-

895 1289 968 1320 bam
985 1289 1087 1322 stellis
1102 1290 1250 1326 inseram,
1263 1290 1296 1322 h.
1313 1302 1341 1324 e.
1358 1293 1398 1324 ad
1413 1292 1532 1324 coelum
1549 1303 1649 1336 usque

895 1332 1059 1364 extollam.
1111 1334 1339 1366 Per-ambulabis
1371 1341 1468 1370 astra,
1504 1341 1535 1367 te
1570 1336 1652 1368 inter

895 1381 1000 1406 cetera
1015 1381 1097 1407 astra
1109 1375 1268 1417 jactabis:
1295 1377 1422 1409 verbum
1440 1381 1651 1418 perambulare

895 1417 1056 1449 notionem
1071 1419 1229 1460 superbire
1244 1425 1275 1450 et
1286 1420 1453 1462 jactantiae
1471 1421 1586 1453 habet:
1608 1422 1652 1454 cs.

895 1471 966 1504 sup.
981 1460 1021 1492 ad
1039 1462 1140 1504 Epod.
1157 1463 1189 1497 4,
1206 1463 1237 1492 5.
1284 1463 1417 1506 Infamis
1433 1464 1557 1496 Helena»
1575 1466 1649 1497 Cas-

896 1510 943 1534 tor
958 1504 1088 1546 offensus
1103 1507 1178 1540 vice,
1196 1505 1224 1534 F
1224 1512 1366 1549 rator-que
1382 1510 1485 1549 magni
1503 1508 1651 1542 Castoris.

898 1547 945 1579 Ut
973 1547 1127 1579 mitiorem
1157 1554 1188 1579 te
1218 1548 1295 1580 mihi
1328 1551 1480 1591 praebeasu
1505 1554 1651 1595 exemplo

897 1590 955 1621 tibi
972 1590 1037 1622 sint
1053 1590 1214 1628 Dioscuri,
1227 1591 1295 1633 qui,
1309 1593 1455 1634 quamvis
1470 1595 1650 1628 stesichoro
1695 1590 1707 1596 ⁶

896 1633 938 1664 ob
954 1634 1149 1675 probrosum,
1165 1645 1230 1675 quo
1249 1635 1406 1667 Helenam
1422 1637 1652 1677 diffamaverat,

897 1686 1025 1708 carmen
1050 1676 1184 1718 graviter
1205 1676 1439 1716 irascebantur,
1456 1686 1563 1712 tamen
1581 1682 1652 1724 ejus

897 1718 1068 1760 palinodia,
1091 1725 1127 1750 ut
1150 1726 1291 1762 ereptum
1316 1721 1345 1752 ei
1369 1722 1534 1753 oculorum
1554 1735 1651 1756 usum

898 1762 1074 1798 redderent,
1086 1762 1160 1793 victi
1172 1768 1204 1793 et
1217 1764 1349 1804 permoti
1360 1771 1448 1796 sunt.
1481 1766 1532 1797 De
1544 1766 1653 1799 fabula

900 1804 1072 1836 Stesichori
1099 1804 1162 1835 vid.
1188 1815 1260 1847 sup.
1287 1805 1328 1837 ad
1357 1806 1464 1839 Carm.
1488 1807 1511 1846 i,
1539 1811 1590 1846 16,
1616 1810 1650 1842 in

899 1857 1022 1921 {rglum
1044 1859 1069 1879 s.
1085 1847 1140 1878 fln-
1162 1854 1195 1880 et
1217 1859 1298 1890 quos
1322 1849 1434 1881 laudat
1455 1851 1589 1884 Mitsch.
1611 1855 1652 1885 ad

944 1935 1087 1965 45—52.
1133 1934 1221 1965 Potes
1244 1946 1325 1973 nam,
1346 1935 1495 1968 δύνασαι
1514 1938 1594 1981 γὰρ,
1613 1950 1653 1971 ex

899 1976 1035 2007 solemni
1062 1977 1093 2007 in
1125 1978 1271 2019 precibus
1293 1978 1333 2010 ad
1359 1978 1491 2011 deorum
1517 1982 1653 2014 numina

899 2019 1047 2051 formula.
1093 2020 1158 2051 Nec
1187 2021 1326 2058 obsoleta,
1359 2021 1391 2053 h.
1421 2033 1450 2054 e.
1481 2022 1652 2066 despecta;

899 2073 947 2094 res
976 2063 1061 2094 euim
1089 2064 1220 2094 obsoletae
1248 2063 1282 2094 in
1312 2063 1464 2108 despectu
1492 2066 1556 2099 fere
1585 2079 1656 2101 esse

899 2107 1021 2138 solent:
1045 2109 1183 2146 paternis
1205 2109 1355 2145 sordibus,
1373 2108 1501 2140 sordida
1520 2110 1654 2152 origine.

902 2150 967 2181 Nec
992 2151 1024 2180 in
1049 2152 1197 2190 sepulcris
1220 2162 1391 2191 pauperum
1414 2154 1549 2192 prudens
1575 2167 1655 2187 anus

903 2192 1105 2224 Novendiules
1115 2195 1262 2234 dissipare
1275 2195 1427 2234 pulveres,
1442 2205 1500 2227 nec
1512 2206 1547 2228 es
1562 2207 1654 2238 anus,

900 2246 972 2277 quae
989 2236 1106 2268 calleas
1121 2236 1153 2267 in
1170 2247 1346 2285 pauperum
1362 2238 1517 2280 sepulcris
1533 2250 1653 2273 noven-

901 2278 1003 2310 diales
1015 2279 1160 2321 pulveres
1174 2280 1326 2322 dissipare
1339 2293 1347 2318 ;
1367 2281 1490 2314 cineres
1505 2282 1654 2316 nimirum

902 2321 935 2353 in
951 2322 1105 2364 sepulcris
1121 2322 1266 2364 religiose
1285 2323 1379 2355 condi
1399 2330 1431 2356 et
1449 2326 1575 2365 servari,
1590 2338 1654 2360 non

903 2365 973 2396 loco
1007 2375 1066 2396 suo
1096 2366 1214 2398 moveri
1243 2373 1276 2398 et
1305 2366 1454 2410 dissipari
1482 2368 1655 2407 debebant,

902 2408 988 2451 quod
1005 2409 1111 2445 fiebat,
1130 2409 1156 2440 si
1175 2420 1193 2440 a
1208 2410 1293 2450 sagis
1311 2410 1529 2443 auferrentur:
1554 2416 1654 2454 sepul-

903 2455 963 2483 cris
982 2464 1164 2493 pauperum,
1180 2463 1254 2484 nam
1277 2453 1405 2486 ditiores
1429 2455 1595 2497 sepulcris,
1616 2469 1656 2491 ne

903 2495 1024 2526 cineres
1047 2505 1065 2526 a
1092 2495 1177 2537 sagis
1202 2496 1318 2527 auferri
1342 2505 1481 2539 possent,
1505 2500 1655 2533 custodes

904 2539 1018 2570 addere
1041 2538 1205 2570 solebant:
1230 2539 1295 2570 vid.
1316 2540 1454 2572 Dorvill.
1475 2542 1515 2573 ad
1531 2543 1656 2576 Charit.

903 2591 935 2623 p.
952 2582 1028 2617 429,
1045 2581 1120 2613 edit.
1141 2582 1230 2624 Lips.
1275 2583 1491 2620 Νυυεηάὶαίεε,
1507 2586 1563 2634 qui
1583 2593 1657 2619 ante

905 2635 1016 2656 novem
1040 2624 1120 2660 dies.
1136 2631 1173 2656 ut
1193 2626 1375 2667 postulabat
1397 2626 1569 2670 disciplina
1589 2641 1657 2662 ma-

904 2667 986 2709 gica,
1003 2667 1123 2699 conditi
1138 2674 1246 2699 erant:
1271 2668 1310 2700 de
1331 2669 1473 2701 cinerum
1489 2672 1522 2702 in
1540 2683 1572 2704 re
1589 2684 1655 2705 ma-

906 2710 976 2752 gica
992 2722 1049 2742 usu
1066 2722 1114 2742 res
1130 2718 1226 2743 nota:
1253 2711 1296 2744 cf.
1314 2714 1382 2744 Sat.
1401 2713 1424 2750 i,
1441 2715 1472 2750 8,
1489 2715 1544 2746 22.
1593 2716 1655 2747 Tu-

904 2765 997 2794 usque
1027 2761 1131 2786 venter
1165 2756 1372 2791 Pactumeius,
1401 2762 1433 2788 et
1466 2757 1550 2788 filius
1586 2764 1658 2791 tuus

904 2797 1123 2835 Pactumeius,
1138 2809 1233 2840 quem
1256 2803 1298 2834 te,
1316 2804 1352 2830 ut
1374 2809 1494 2840 sagam,
1512 2801 1567 2832 alii
1590 2812 1657 2833 ma-

905 2840 944 2872 tri
957 2840 1153 2883 subripuisse
1169 2841 1374 2884 suspicantur
1390 2842 1542 2881 homines,
1561 2855 1660 2886 genu-

906 2883 979 2915 inus
1003 2884 1120 2915 ventris
1145 2884 1191 2916 tui
1214 2885 1311 2916 foetus
1332 2891 1392 2921 est,
1416 2896 1486 2918 vere
1508 2897 1526 2918 e
1550 2893 1658 2920 ventre

903 2932 959 2958 tuo
979 2926 1085 2959 editus
1104 2933 1170 2959 est:
1196 2934 1301 2959 venter
1321 2938 1376 2970 pro
1399 2928 1464 2959 filio
1481 2941 1489 2967 3
1511 2930 1657 2971 exempla

905 2969 969 3002 vid.
997 2970 1082 3012 apud
1110 2971 1219 3002 Bentl.
1264 2971 1414 3002 Ceterum
1443 2971 1656 3012 suspicionem

905 3013 1006 3051 illam,
1032 3023 1097 3055 qua
1126 3012 1264 3045 Canidia
1288 3013 1388 3046 filium
1417 3024 1510 3045 suum
1539 3015 1656 3047 Pactu-
