1884 3288
291 208 376 250 266

892 209 1190 251 EPODON

518 303 581 345 Ut
601 318 751 359 nuper,
774 312 894 347 actus
915 322 1046 360 quum
1066 306 1176 348 freto
1197 306 1443 362 Neptunius

687 371 792 412 Dux
813 371 936 426 fugit,
958 373 1064 413 ustis
1084 374 1278 422 navibus,

518 437 711 478 Minatus
734 437 845 478 Urbi
866 438 1014 487 vincla,
1037 454 1132 492 quae
1154 440 1400 480 detraxerat

438 504 489 544 10

687 504 830 545 Servis
851 506 1009 545 amicus
1030 505 1220 558 perfidis.

519 570 754 620 Romanus,
777 571 913 612 eheu!
947 572 1108 624 posteri
1129 572 1354 624 negabitis,

689 637 996 690 Emancipatus
1019 635 1197 684 feminae,

521 701 624 742 Fert
644 701 798 742 vallum
818 709 861 742 et
882 716 998 741 arma
1017 701 1148 749 miles,
1170 709 1213 741 et
1235 702 1497 756 spadonibus

691 768 859 807 Servire
879 767 1048 820 rugosis
1070 770 1237 820 potest!

442 834 493 873 15
523 833 726 886 Interque
747 833 868 886 signa
888 839 1013 885 turpe
1035 831 1228 873 militaria

696 898 770 939 Sol
790 898 973 952 adspicit
993 900 1218 953 conopium
1237 901 1246 940 ἱ

525 964 598 1006 Ad
619 966 702 1006 hoc
723 965 950 1006 frementes
971 972 1191 1006 verterunt
1211 966 1277 1007 bis
1298 965 1409 1007 mille
1430 980 1564 1021 equos

696 1030 827 1080 Galli,
849 1037 1048 1071 canentes
1070 1031 1308 1082 Caesarem3

527 1097 843 1150 Hostiliumque
864 1097 1031 1137 navium
1051 1105 1180 1151 portu
1201 1097 1334 1138 latent

443 1164 499 1205 20

303 1306 390 1337 mani
416 1306 454 1337 de
480 1305 631 1336 nunciata
655 1305 830 1347 Cleopatrae
853 1311 884 1336 et
906 1306 1036 1337 Antonii

305 1354 402 1379 morte
416 1349 603 1378 laetarentur.

352 1391 443 1421 1—6.
469 1391 627 1429 Repustum
643 1390 797 1419 Caecubum
818 1390 856 1419 ad
866 1389 966 1430 festas
981 1391 1034 1419 da-

302 1443 370 1472 pes:
395 1431 536 1462 similiter
561 1441 631 1472 sup.
658 1430 703 1465 iii,
729 1432 783 1464 28,
810 1433 829 1461 2
851 1433 1037 1461 reconditum

308 1474 478 1509 Caecubum,
492 1472 626 1503 melioris
637 1472 733 1507 enim,
749 1471 810 1507 vel,
823 1478 857 1502 ut
871 1483 941 1514 sup.
954 1473 987 1507 ii,
1004 1474 1036 1508 3,

307 1517 326 1546 8
343 1515 468 1551 dicitur,
481 1516 632 1546 interioris
641 1524 715 1544 ⁷10!ae
727 1514 834 1544 vinum
851 1515 888 1544 ad
907 1514 1039 1545 laetiores

307 1557 374 1588 dies
391 1557 592 1588 celebrandos
607 1556 639 1586 in
655 1555 736 1586 cella
751 1555 871 1586 vinaria
886 1555 994 1597 reponi
1009 1562 1040 1586 et

308 1599 431 1630 recondi
462 1599 550 1629 solet.
595 1599 655 1627 Sub
683 1599 745 1627 alsa
775 1599 869 1631 domo.
900 1598 938 1627 de
965 1597 1040 1627 turri

309 1640 544 1671 Maecenatiana
557 1640 599 1669 cf.
619 1649 689 1680 sup.
709 1638 749 1668 ad
772 1639 817 1672 iii.
832 1639 886 1672 29,
903 1641 923 1669 6
939 1644 970 1669 et
988 1640 1039 1670 10.

309 1683 359 1712 Sic
372 1683 441 1712 Jovi
454 1689 589 1722 gratum,
605 1679 649 1711 sic
666 1681 762 1712 enim.
780 1680 863 1721 quod
883 1680 941 1722 ipsi
957 1681 1041 1719 Jovi,

311 1723 449 1754 Romani
464 1722 585 1764 imperii
598 1722 731 1758 custodi,
746 1727 867 1762 gratum
880 1723 930 1757 sit,
946 1722 1040 1754 facie-

310 1776 398 1802 mus3
414 1776 451 1796 ex
468 1764 601 1795 formula
616 1764 759 1798 solemni,
771 1763 854 1794 οὕτω
868 1767 919 1795 Διῒ
932 1765 1041 1805 φίλον.

311 1808 415 1843 Beate,
444 1807 522 1837 refer
552 1807 591 1837 ad
623 1806 808 1836 Maecenatis
838 1806 1041 1847 opulentiam,

311 1849 467 1921 ptaeCiXue
481 1848 520 1879 ad
538 1848 655 1879 altioris
669 1847 739 1888 ejus
758 1847 789 1878 in
814 1847 909 1878 hortis
929 1848 1042 1889 Esqui-

311 1891 385 1922 linis
422 1900 521 1925 omus,
538 1890 593 1920 ubi
608 1889 795 1931 compotatio
815 1889 879 1920 fieri
899 1890 1042 1926 debebat,

311 1932 548 1975 possessionem.
600 1933 729 1962 Sonante
743 1933 868 1962 mittum
882 1934 960 1962 tibiis
976 1943 1043 1962 car·-

311 1986 378 2005 men
408 1976 489 2014 lyra,
517 1973 548 2004 h.
579 1983 608 2004 e.
629 1973 696 2014 lyra
724 1973 764 2003 ad
787 1972 895 2004 modos
919 1974 1045 2011 Dorios,

311 2016 397 2047 tibiis
413 2026 484 2047 vero
500 2015 539 2045 ad
557 2015 662 2045 modos
682 2015 836 2056 Phrygios
851 2025 977 2046 carmen
996 2027 1044 2046 so-

311 2059 471 2093 nantibus,
486 2056 529 2087 ita
542 2057 679 2097 quidem,
696 2063 730 2087 ut
742 2063 906 2098 utrumque
918 2068 1044 2089 carmen

311 2100 442 2130 mixtum
466 2099 518 2133 sit,
546 2099 579 2129 h.
606 2108 636 2129 e.
666 2099 804 2129 vicissim
839 2109 871 2129 se
899 2100 1045 2141 excipiat.

315 2141 466 2172 Similiter
490 2151 560 2182 sup.
582 2140 624 2174 iv.
650 2142 699 2175 15,
727 2141 780 2175 30,
808 2141 902 2180 Lydis
925 2143 1044 2172 remista

315 2186 450 2215 carmina
466 2184 556 2214 tibiis.
606 2183 753 2213 Dorium:
776 2183 858 2212 modi
876 2182 964 2212 Dorii
978 2183 1045 2214 sue-

314 2232 387 2256 runt
397 2234 503 2267 graves
513 2231 542 2255 et
557 2224 654 2255 severi
667 2236 675 2262 3
701 2224 844 2258 Barbari,
859 2223 889 2254 h.
901 2234 928 2254 e.
945 2225 1044 2266 Phry-

315 2267 358 2309 gii
381 2270 435 2308 (ut
458 2268 531 2297 tibia
558 2266 696 2296 Barbara
722 2266 806 2307 apud
827 2265 946 2297 Catull.
971 2267 1046 2304 lxiv,

316 2311 391 2346 265,
401 2309 454 2340 ubi
465 2309 529 2339 vid.
545 2307 638 2348 not.),
654 2307 752 2338 feriet
767 2307 860 2338 furori
876 2307 1046 2349 injiciendo

316 2361 332 2382 a
358 2351 393 2382 ti.

336 2363 476 2424 p7—10.
503 2392 542 2423 Ut
559 2402 665 2431 nuper,
682 2396 756 2422 cett.
773 2396 806 2421 ut
822 2397 894 2422 ante
908 2391 1047 2433 quinque

316 2446 414 2466 annos
442 2434 596 2476 ejusmodi
623 2433 703 2464 diem
729 2434 842 2463 festum
869 2433 948 2464 inter
977 2435 1048 2465 laeta

315 2478 431 2520 pocula
452 2476 688 2510 celebravimus,
713 2485 784 2506 cum
805 2475 958 2506 exercitus
983 2476 1046 2512 ille,

315 2530 408 2561 quem
424 2529 440 2550 e
456 2518 551 2549 servis
566 2523 596 2548 et
614 2517 751 2557 fugitivis
770 2517 949 2551 collectum.
972 2528 1046 2549 con·

315 2567 364 2592 tra
379 2571 436 2592 nos
451 2561 580 2591 duxerat
593 2558 773 2601 Pompeius,
790 2560 822 2588 in
844 2560 921 2590 freto
941 2560 1048 2591 Siculo

317 2604 407 2635 susus
423 2602 609 2643 fugatusque
625 2607 683 2638 est,
700 2601 844 2637 navibus,
860 2611 938 2642 quas
953 2602 1047 2632 Pom-

317 2646 406 2688 peius
428 2645 605 2685 reliquerat,
632 2644 672 2674 ab
698 2644 842 2684 Augusto
868 2644 1049 2676 combustis.

317 2690 422 2723 Actus,
452 2692 589 2722 exactus,
617 2685 748 2726 ejectus.
809 2685 910 2721 Freto‚
942 2685 1048 2717 Siculo

317 2739 440 2770 nempe,
452 2727 505 2758 ubi
521 2738 655 2769 pugnam
672 2726 756 2758 illam
768 2737 861 2769 prope
876 2727 1047 2759 Messinam

317 2770 513 2803 commissam
526 2769 622 2800 fuisse
632 2774 762 2800 constat.
794 2769 966 2809 Neptunius
977 2771 1048 2808 dus,

317 2815 404 2845 Sext.
435 2811 613 2853 Pompeius,
642 2810 709 2852 qui,
741 2815 775 2841 ut
803 2817 908 2841 narrat
937 2812 1048 2843 Aurel-

320 2855 406 2887 Vict.
434 2854 473 2885 de
504 2854 544 2884 V.
575 2853 697 2884 Illustr.
729 2862 757 2883 e.
791 2853 844 2888 84,
875 2864 942 2884 cum
971 2857 1048 2885 mari

307 2898 449 2939 feliciter
463 2902 611 2931 uteretur,
628 2895 763 2935 Neptuni
776 2906 804 2925 se
810 2896 917 2935 filium
933 2896 1046 2937 confes-

319 2951 367 2972 sus
381 2946 434 2975 est,
450 2949 572 2978 eumque
586 2939 671 2969 bobus
685 2939 804 2968 auratis
817 2943 844 2968 et
862 2949 930 2977 equo
942 2939 1046 2977 placa-

698 1162 877 1217 Puppes
899 1163 1190 1204 sinistrorsum
1211 1164 1320 1204 citae.

1079 1309 1143 1337 vit.-
1167 1307 1207 1338 cf.
1225 1307 1287 1337 Dio
1310 1306 1408 1342 xlviii,
1430 1307 1480 1337 19.
1525 1305 1572 1336 Εο
1591 1303 1706 1336 salsius
1724 1314 1808 1335 nunc

1078 1358 1163 1381 eum,
1194 1349 1226 1378 in
1255 1349 1332 1378 mari
1359 1347 1575 1390 perdomitum,
1600 1349 1703 1378 ducem
1727 1346 1809 1386 Nep-

1081 1392 1199 1420 tunium
1209 1396 1309 1421 vocat.
1351 1390 1431 1420 Ustis
1441 1391 1564 1420 navibua
1575 1401 1584 1419 .·
1602 1388 1811 1420 Octavianum

1080 1436 1150 1472 post
1179 1441 1316 1473 pugnam
1345 1431 1432 1462 illam
1457 1441 1604 1471 magnum
1632 1429 1768 1466 navium,
1793 1439 1812 1460 a

1081 1473 1231 1514 Pompeio
1260 1473 1436 1504 relictarum
1465 1479 1497 1503 et
1530 1471 1611 1502 litori
1639 1471 1810 1506 allisas-um.

1082 1525 1244 1545 numerum
1268 1515 1475 1544 combussisse
1497 1519 1626 1545 testatur
1649 1513 1712 1544 Dio
1733 1513 1810 1548 xlix,

1085 1557 1134 1586 10.
1180 1557 1318 1586 Minatus
1339 1556 1414 1586 Urbi
1433 1557 1543 1593 vincla,
1561 1566 1623 1596 quae
1640 1557 1813 1586 detraxerat

1083 1598 1181 1628 Servis
1204 1599 1315 1628 amicas
1336 1599 1471 1639 perfidis,
1493 1607 1549 1639 pro
1571 1596 1669 1632 tenui,
1695 1597 1813 1627 Roma-

1084 1649 1157 1669 num
1180 1638 1341 1681 imperium
1363 1650 1435 1670 cum
1456 1649 1610 1670 servorum
1628 1638 1812 1681 perfidorum

1084 1691 1180 1711 manu
1194 1681 1339 1722 potestati
1351 1692 1415 1712 suae
1431 1681 1583 1729 subjicere
1596 1686 1733 1711 tentans:
1749 1691 1812 1710 ser-

1085 1726 1128 1754 vis
1148 1726 1260 1754 amicus
1279 1724 1411 1764 perfidis,
1431 1722 1583 1754 invidiose
1603 1728 1635 1753 et
1657 1721 1816 1753 humiliter

1085 1765 1124 1795 de
1142 1765 1302 1807 Pompeio,
1318 1765 1409 1807 quasi
1421 1765 1516 1796 servis
1529 1763 1662 1806 perfidis,
1674 1774 1691 1795 e
1703 1763 1817 1805 quibus

1086 1806 1176 1837 illurn
1193 1807 1360 1838 exercitum
1378 1817 1468 1838 suurn
1483 1818 1518 1838 su
1543 1806 1672 1848 plevisse
1690 1810 1815 1836 constat

1087 1848 1167 1890 (vid.
1184 1849 1268 1880 Vell.
1289 1849 1323 1885 ii,
1347 1850 1397 1886 13,
1420 1849 1484 1880 Dio
1502 1817 1599 1886 xiim,
1620 1847 1678 1890 19)
1695 1847 1815 1879 amicus

1087 1891 1164 1922 adeo
1179 1891 1282 1922 fuerit.

1132 1934 1268 1964 11-16,
1291 1931 1652 1974 Emancipatusseminae,
1667 1929 1815 1974 mancipii

1086 1974 1185 2005 instar
1207 1974 1366 2016 subjectus
1388 1974 1511 2005 feminae
1529 1972 1670 2015 imperio,
1692 1973 1816 2004 feminae

1087 2017 1175 2057 quasi
1192 2017 1347 2048 venditus.
1390 2017 1498 2047 Plaut.
1522 2015 1644 2047 Bacch.
1663 2014 1687 2052 i,
1710 2016 1740 2051 l,
1761 2015 1816 2051 59,

1088 2059 1192 2094 Nunc,
1216 2061 1335 2095 mulier,
1353 2060 1406 2090 tibi
1420 2069 1464 2089 me
1481 2058 1642 2098 emancipe,
1657 2062 1727 2088 tuus
1741 2067 1817 2094 sum,

1088 2102 1142 2131 tibi
1153 2103 1189 2132 do
1203 2113 1329 2141 operam.
1375 2101 1447 2130 Fert
1459 2101 1573 2131 vallum
1582 2106 1611 2130 et
1625 2109 1710 2130 arma
1723 2099 1818 2134 miles,

1088 2149 1116 2172 et
1139 2145 1313 2182 spadonibus
1339 2143 1456 2173 servire
1480 2143 1595 2183 rugosis
1614 2141 1728 2181 potest!
1749 2139 1817 2182 qui,

1087 2189 1124 2214 ut
1145 2185 1250 2215 fortem
1274 2184 1402 2215 militem
1424 2185 1526 2219 decet,
1541 2183 1659 2214 vallum
1679 2188 1712 2214 et
1732 2191 1819 2214 arma

1089 2225 1159 2261 fert,
1175 2225 1255 2257 idem
1268 2236 1284 2256 a
1299 2236 1332 2257 se
1344 2226 1507 2267 impetrare
1521 2230 1621 2267 potest
1634 2224 1706 2263 hoc,
1716 2229 1751 2255 ut
1765 2224 1820 2255 de-

1089 2267 1215 2314 crepitis
1225 2267 1378 2298 eunuchis
1393 2267 1522 2298 serviat!
1569 2265 1664 2304 Quod
1677 2265 1733 2297 uni
1748 2266 1819 2297 An.

1090 2313 1174 2340 tomo
1193 2309 1313 2357 proprie
1328 2309 1529 2340 tribuendum
1550 2313 1626 2343 erat,
1647 2307 1682 2338 id
1703 2307 1759 2339 toti
1778 2307 1822 2339 si.

1090 2352 1154 2381 mul
1173 2362 1242 2392 ejus
1263 2351 1424 2386 exercitui,
1447 2355 1591 2398 corrupto
1609 2349 1698 2391 quasi
1717 2354 1749 2380 et
1771 2349 1821 2380 in-

1090 2392 1171 2423 fecto
1187 2393 1276 2424 ducis
1287 2393 1439 2434 exemplo,
1455 2392 1575 2423 tribuit.
1622 2391 1695 2423 Fert
1705 2392 1820 2422 vallum

1090 2441 1118 2464 et
1136 2446 1220 2465 arma
1242 2437 1343 2466 miles.-
1367 2434 1527 2466 commode
1546 2434 1585 2466 de
1604 2433 1663 2464 hac
1683 2433 1819 2464 militum

1093 2477 1120 2507 R
1127 2487 1306 2507 omanorum
1319 2477 1351 2507 in
1365 2477 1449 2507 bello
1459 2475 1574 2507 laboris
1583 2474 1733 2518 patientia
1744 2474 1819 2506 uffe-

1091 2523 1161 2548 runt
1177 2519 1279 2550 locum
1297 2518 1457 2550 Ciceronis
1471 2520 1593 2556 Quaest.
1604 2518 1701 2548 Tusc.
1715 2516 1750 2554 ii,
1768 2517 1821 2554 16,

1092 2561 1127 2591 M
1131 2562 1215 2592 ilitiae
1231 2563 1325 2592 nostri
1340 2563 1485 2593 exercitus
1499 2561 1550 2601 qui
1566 2561 1658 2595 labor,
1681 2565 1710 2590 et
1725 2570 1821 2600 quan-

1091 2609 1140 2633 tus
1169 2606 1308 2645 agminis,
1324 2604 1415 2645 ferre
1441 2604 1508 2643 plus
1536 2602 1688 2633 dimidiati
1715 2603 1820 2631 mensis

1091 2646 1205 2675 cibaria
1219 2657 1229 2682 ‚-
1245 2646 1345 2686 serm,
1374 2647 1400 2676 si
1426 2647 1498 2686 quid
1525 2645 1565 2675 ad
1594 2654 1681 2674 usum
1703 2643 1795 2674 velint
1807 2653 1819 2680 ‚-

1080 2687 1172 2728 ferre
1187 2689 1312 2718 vallum.
1360 2687 1438 2717 Nam
1453 2693 1581 2721 scutum,
1594 2686 1744 2728 gladium,
1764 2695 1820 2726 ga-

1093 2731 1167 2759 leam
1181 2732 1212 2760 in
1229 2741 1315 2760 onere
1327 2731 1418 2760 nostri
1433 2729 1544 2760 milites
1558 2739 1615 2758 mm
1629 2729 1699 2768 plus
1715 2737 1820 2758 nume-

1092 2778 1175 2808 rant,
1190 2783 1278 2812 quam
1291 2773 1434 2807 humeros,
1451 2771 1586 2806 lacertos,
1596 2779 1720 2800 manns.-
1735 2779 1821 2799 arma

1092 2816 1168 2844 enim
1185 2815 1315 2844 membra
1329 2814 1434 2844 militis
1447 2823 1504 2843 esse
1519 2814 1638 2843 dicunt.
1682 2811 1822 2851 Rugosis‚

1091 2855 1255 2897 decrepitis
1281 2854 1429 2887 senibus:
1456 2853 1497 2886 cf.
1521 2854 1646 2885 Terent.
1674 2851 1823 2883 Eunuch.

1091 2897 1132 2934 iv,
1159 2899 1190 2934 4,
1218 2899 1268 2928 10.
1311 2897 1515 2936 spadonibus.-
1547 2893 1744 2926 Man-dionem
1772 2893 1822 2923 in·

1089 2939 1198 2981 primis
1221 2949 1341 2981 magnae
1365 2938 1397 2970 in
1415 2937 1479 2970 illis
1501 2935 1694 2969 auctoritatis
1714 2934 1822 2973 fuisse,
