1904 3314
683 151 908 195 LIBER
940 151 976 202 Ι,
1006 151 1047 192 3.

1562 150 1647 190 313

225 257 290 300 Ut
310 271 496 314 quaeque
517 263 598 306 est,
618 256 680 298 ita
701 253 925 310 suppliciis
946 251 1107 310 delicta
1127 254 1331 294 coercet?

137 326 196 368 80
225 326 274 368 Si
293 326 391 382 q-uis
412 340 511 368 eum
531 337 718 374 servum,
739 323 930 378 patinam
951 321 1027 376 qui
1048 319 1200 362 tollere
1215 320 1367 375 jussus

226 394 429 436 Semesos
448 392 591 448 pisces
612 391 898 447 tepidumque
918 388 1156 444 ligurrierit
1171 388 1261 443 juS,

225 461 278 503 In
298 474 428 503 cruce
449 459 624 514 suffigat
642 476 652 510 ;
685 458 895 500 Labeone
917 457 1109 499 insanior
1123 456 1244 498 inter

227 529 366 572 Sanos
389 529 588 571 dicatur.
573 529 591 558 7

654 527 835 575 Quanto
856 526 940 568 hoc
961 525 1168 568 furiosius
1190 533 1322 579 atque

225 596 376 652 Majus
395 602 624 652 peccatum
645 602 736 637 est:
768 594 962 650 paullum
982 593 1166 648 deliquit
1187 594 1367 643 amicus,

124 663 196 706 χ85
225 663 378 717 (Quod
400 663 484 705 nisi
504 663 734 714 concedas,
755 662 947 704 habeare
969 661 1194 716 insuavis,)
1216 661 1401 703 acerbus

226 731 375 774 Odisti
394 739 439 774 et
459 730 591 787 fugis,
613 738 662 774 ut
683 731 911 773 Rusonem
932 730 1107 772 debitor
1127 730 1242 780 aeris,

226 799 317 848 Qui
336 800 433 852 nisi,
455 814 589 856 quum
610 799 758 842 tristes
779 799 937 841 misero
959 813 1117 841 venere
1140 796 1362 846 Calendae,

225 866 480 911 Mercedem
500 874 576 910 aut
596 883 793 910 nummos
814 867 934 909 unde
955 867 1072 909 unde
1093 867 1292 916 extricat,
1314 879 1481 907 amaras

225 934 439 979 Porrecto
453 935 611 992 jugulo
630 935 849 986 historias,
873 935 1072 991 captivus
1094 941 1157 986 ut,
1179 934 1316 976 audit.

137 1002 196 1044 90
225 1003 489 1046 Comminxit
508 1004 670 1047 lectum
689 1010 836 1059 potuS‚
858 1018 1061 1045 mensave
1082 1001 1274 1044 catillum

226 1070 424 1114 Evandri
443 1071 643 1114 manibus
663 1071 814 1112 tritum
835 1070 1019 1125 dejecit:
1052 1070 1110 1112 ob
1131 1070 1244 1112 hanc
1264 1083 1371 1119 rem,

225 1138 322 1182 Aut
340 1140 532 1196 positum
553 1146 653 1182 ante
674 1154 770 1181 mea
790 1138 892 1194 quia
911 1137 1078 1194 pullum
1098 1138 1141 1180 in
1163 1144 1287 1193 parte
1309 1137 1440 1180 catini

225 1206 414 1249 Sustulit
435 1208 647 1258 esuriens,
668 1207 808 1249 minus
829 1207 914 1250 hoc
931 1207 1155 1262 jucundus
1176 1206 1340 1248 amicus

224 1274 292 1316 Sit
313 1275 447 1317 mihi?
476 1275 582 1330 quid
605 1275 772 1326 faciam,
797 1275 833 1316 si
854 1274 1018 1316 furtum
1040 1275 1207 1325 fecerit,
1231 1281 1306 1315 aut
1328 1274 1364 1315 si

136 1342 194 1385 95
225 1341 478 1385 Prodiderit
499 1342 726 1384 commissa
746 1342 850 1392 fide,
874 1356 1136 1397 sponsumve
1158 1341 1357 1396 negarit?

225 1408 340 1462 Quis
361 1410 484 1466 paria
503 1424 599 1452 esse
621 1409 712 1452 fere
733 1409 898 1466 placuit
928 1416 1124 1465 peccata,
1145 1409 1361 1459 laborant,

225 1477 376 1526 Quum
391 1485 569 1520 ventum
583 1479 640 1521 ad
657 1493 806 1521 verum
823 1485 914 1520 est:
938 1493 1091 1521 sensus
1108 1492 1340 1534 moresque
1358 1483 1620 1533 repugnant,

109 1583 203 1621 poeta
216 1578 301 1611 hanc
315 1578 510 1611 locutionem
536 1580 576 1611 ad
603 1579 635 1611 id
661 1581 747 1622 quod
771 1580 804 1612 in
829 1591 860 1612 v.

112 1623 155 1654 72
169 1621 262 1660 dixit,
285 1623 320 1654 in
345 1625 465 1654 trutina
488 1630 618 1671 ponetur
631 1625 744 1655 eadem.
789 1624 858 1654 Mo-

111 1666 206 1704 dulis,
228 1646 268 1697 ad
291 1676 371 1708 quos
388 1676 437 1698 res
455 1666 624 1705 metimur;
648 1669 721 1702 suis,
743 1666 860 1708 quibus

111 1707 193 1740 ratio
206 1713 356 1750 tanquam
372 1708 434 1740 sibi
450 1709 583 1752 propriis
597 1708 644 1740 uti
659 1709 765 1740 debet.
802 1710 859 1747 Ac,

110 1761 160 1782 res
186 1751 230 1783 Ut
255 1763 378 1793 quaeque
404 1759 458 1788 est,
479 1754 536 1788 ita,
560 1758 635 1783 cett.
662 1762 700 1783 ac
722 1762 779 1783 cur
795 1762 859 1783 non

110 1793 204 1831 ratio,
220 1794 269 1826 uti
274 1795 442 1843 quodque
463 1794 615 1826 delictum
642 1801 860 1843 comparatum

111 1842 173 1874 est,
189 1837 246 1875 ita,
256 1836 283 1868 si
299 1837 447 1879 graviora
457 1843 545 1876 sunt,
560 1837 727 1880 suppliciis
737 1838 859 1879 gravio-

111 1878 200 1911 ribus
215 1881 360 1912 coercet‘!

157 1924 213 1955 80.
238 1923 367 1960 Tollere
383 1934 431 1955 sc.
447 1924 486 1955 de
501 1934 623 1956 mensa.

155 1967 210 1997 81.
233 1966 440 2009 Liguri-ierit,
455 1966 678 2008 degustaverit.

157 2010 213 2041 82.
237 2009 375 2041 Labeone
396 2011 535 2041 insansor
558 2012 641 2042 inter·
664 2011 756 2041 Sanos
777 2011 862 2041 dica-

113 2053 190 2083 tur?
235 2052 466 2089 Hunclocum,
491 2053 583 2094 signo
607 2053 863 2094 interrogationis

113 2100 187 2143 post
201 2096 328 2127 dicatur
340 2095 455 2139 posito,
470 2095 514 2127 ita
537 2095 704 2137 intelligo:
729 2106 805 2127 num
821 2096 861 2132 is,

113 2148 168 2180 qui
194 2148 319 2170 servum
345 2139 386 2171 ob
409 2139 561 2170 delictum
586 2139 686 2170 levius
708 2138 741 2169 in
768 2149 862 2171 cruce

114 2181 252 2223 suffigat,
266 2182 417 2214 Labeone
428 2192 505 2214 sane
515 2182 668 2218 insanior,
679 2182 760 2213 inter
769 2192 862 2213 sanos

114 2223 289 2256 referatur!
334 2218 431 2263 'Quod
446 2224 473 2255 si
488 2230 593 2256 autem
610 2225 662 2256 hic
683 2225 772 2256 locus
792 2224 861 2256 sine

114 2265 360 2315 interrogatione
374 2267 553 2300 efferendus
569 2267 622 2304 sit,
647 2278 701 2310 pro
723 2269 860 2304 dicatur,

115 2308 238 2347 malim,
253 2311 398 2348 dit-etur,-
422 2317 459 2342 ut
472 2311 525 2346 sit,
540 2311 567 2342 is
583 2313 758 2343 saneinter
777 2323 863 2343 sanos

115 2351 215 2401 (inter
229 2333 372 2385 immines
387 2353 456 2384 sani
468 2353 597 2396 judicii,
613 2364 632 2385 a
647 2352 751 2394 sanis)
768 2354 863 2386 homo

114 2394 185 2444 ipso
195 2396 362 2428 Labeone
356 2396 497 2428 insanior
506 2397 731 2445 appellabitur.
747 2398 863 2429 Utrum

115 2437 344 2480 intelligendus
379 2439 422 2471 sit
459 2441 509 2471 M.
544 2439 703 2471 Antistius
740 2441 861 2477 Labeo,

114 2481 300 2519 Praetorius,
315 2482 446 2515 etfama
468 2483 748 2519 celebratissimus,
773 2484 861 2526 (qui,

114 2524 190 2566 quia
205 2525 308 2556 multa
326 2526 567 2564 contumaciter,
582 2531 620 2556 ut
642 2527 682 2557 ad
705 2526 790 2557 hunc
814 2527 860 2558 lo-

114 2577 188 2599 cum
211 2568 358 2600 observat
378 2574 468 2600 vetus
491 2569 696 2604 Scholiastes‚
716 2569 863 2601 adversus

116 2610 278 2643 cesarem
302 2611 417 2643 dixerit
442 2611 626 2653 feceritque,
653 2613 693 2643 ab
717 2613 862 2650 Horatio,

115 2658 153 2684 ut
166 2653 315 2702 Augusto
329 2655 522 2691 adularetur,
540 2665 626 2686 nunc
642 2660 677 2686 ut
699 2655 822 2686 homo
814 2667 863 2686 m-

117 2705 216 2728 sanus
229 2695 382 2729 inductus
396 2696 454 2737 sit)
470 2710 478 2737 ;
503 2708 542 2728 an
562 2698 666 2746 (quod
677 2698 775 2729 multo
792 2709 863 2740 pro-

115 2738 272 2780 habilius)
289 2740 372 2772 alius
388 2740 517 2783 quidam
534 2741 628 2771 homo
640 2740 804 2789 ignobilis,
814 2752 863 2772 ιιι-

117 2781 215 2814 saniae
229 2783 368 2831 quodam
384 2794 498 2832 genere
521 2789 588 2814 tum
613 2791 727 2822 notus3
751 2783 782 2815 id
805 2785 862 2815 do-

117 2825 275 2857 cendum
268 2825 318 2862 ris,
334 2837 415 2868 quos
426 2838 458 2858 ιιι
470 2826 636 2868 ιιιιιαάιΙι
625 2833 743 2858 eunus
756 2838 862 2869 1nqu1-

118 2868 299 2910 nrejuvat‚
315 2869 536 2911 relinquimus.

160 2911 302 2944 83—86.
325 2913 448 2948 Quanto
470 2914 534 2950 hoc,
554 2917 629 2944 cett.
650 2918 771 2962 quanto
793 2924 864 2955 gra-

119 2963 190 2985 wus
202 2953 263 2987 hoe
280 2954 395 2988 leviore
411 2962 541 2998 peccato
556 2956 647 2993 servi,
658 2957 714 2998 qui
730 2967 866 2989 semesos

903 1579 1007 1622 pisces
1034 1586 1066 1613 et
1094 1580 1237 1629 tepidum
1273 1580 1329 1622 jus
1358 1579 1582 1629 degustaverit,
1621 1584 1654 1611 et

904 1629 1024 1665 quanto
1039 1635 1156 1666 majus,
1173 1623 1259 1666 quod
1270 1630 1303 1654 tu
1320 1622 1502 1659 committis,
1513 1629 1562 1654 est
1579 1632 1652 1663 pec-

905 1672 1027 1703 catum,
1053 1667 1080 1697 si
1101 1667 1252 1703 amicum,
1273 1666 1329 1707 qui
1349 1665 1510 1714 paullum
1518 1665 1654 1706 deliquit

907 1709 985 1750 (nisi
1002 1709 1085 1740 enim
1110 1715 1277 1751 peccatum
1294 1709 1395 1740 levius
1418 1707 1512 1738 amici
1533 1707 1654 1739 condo-

906 1752 1043 1788 naveris,
1069 1752 1140 1794 jure
1165 1752 1309 1783 insuavis
1334 1749 1512 1790 habearis),
1539 1752 1653 1783 acerbo

905 1795 1012 1826 animo
1043 1802 1078 1826 ut
1109 1795 1271 1826 hominem
1301 1793 1528 1824 invisissimum
1557 1793 1653 1835 fugis,

905 1843 979 1869 cett.
1026 1838 1115 1870 Hoc
1108 1849 1141 1869 ιιι
1156 1837 1295 1869 ablativo
1308 1837 1348 1868 de
1362 1836 1456 1868 modo
1472 1835 1559 1868 dicto
1574 1836 1654 1868 levi-

906 1890 958 1912 ore
972 1881 1052 1912 servi
1075 1887 1223 1929 peccato;
1246 1880 1387 1932 suppleri
1409 1879 1494 1911 enim
1516 1879 1655 1912 debebat

907 1923 983 1954 hoc
976 1935 1009 1955 ιιι
1025 1923 1164 1955 ablativo
1183 1924 1306 1965 adfur
1298 1925 1398 1958 zosius,
1414 1921 1475 1953 nisi
1491 1921 1652 1964 adjectum

906 1965 1039 2006 suisset3
1062 1966 1119 2008 qui
1135 1966 1237 1997 hocin
1260 1965 1456 1997 nominativo
1478 1965 1656 2014 accipiunt,

907 2015 942 2040 ut
968 2010 1021 2046 sit,
1045 2020 1183 2051 sequens
1209 2014 1389 2052 peccatum,
1414 2008 1564 2040 orationis
1588 2009 1653 2041 ele-

906 2052 1046 2103 gantiam
1061 2055 1210 2085 turbant:
1226 2053 1394 2100 j'nriosius,
1410 2058 1578 2094 peccatum
1590 2054 1654 2094 fu-

905 2098 1029 2132 riosum,
1045 2096 1133 2137 quod
1154 2094 1324 2127 committit
1343 2095 1437 2126 homo
1459 2094 1562 2127 furore
1585 2106 1654 2138 per-

905 2138 1000 2171 citus.
1047 2140 1195 2170 Paullum
1208 2140 1358 2179 dequurt
1375 2149 1430 2180 pro
1443 2138 1602 2180 vulgaris
1609 2140 1655 2171 ‘si

906 2182 1055 2219 amicum,
1086 2181 1148 2230 qui·
1178 2182 1321 2230 paullum
1351 2181 1500 2223 deliquit,
1529 2181 1657 2221 odisti,''

906 2223 1057 2257 vividiore
1073 2225 1213 2257 oratione
1228 2224 1295 2266 ipse
1319 2235 1457 2267 peccans
1479 2208 1655 2258 inducitur.

906 2268 1019 2305 Odisti,
1036 2279 1082 2300 sc.
1097 2279 1183 2300 eum.
1228 2269 1394 2305 Rusonem,
1411 2268 1569 2299 famosum
1586 2274 1654 2300 tum

905 2311 1139 2349 foeneratorem,
1156 2311 1250 2353 cujus
1262 2311 1480 2348 acerbitatem,
1494 2322 1568 2342 cum
1578 2312 1656 2350 dies,

905 2365 970 2396 quo
986 2366 1050 2386 sors
1073 2361 1129 2386 aut
1151 2365 1255 2386 usurae
1275 2353 1437 2386 solvendae
1461 2360 1577 2392 essent,
1602 2366 1655 2387 ve-

908 2397 1018 2434 nisset,
1044 2398 1135 2429 nulla
1156 2397 1220 2428 alia
1243 2408 1274 2430 re
1298 2397 1444 2438 mitigare
1466 2403 1499 2429 et
1516 2398 1655 2438 effugere

908 2446 1054 2482 poterant
1079 2441 1249 2477 debitores,
1276 2451 1373 2482 quam
1393 2440 1420 2471 si
1443 2440 1472 2472 ei
1497 2442 1654 2479 recitanti,

908 2495 991 2525 quas
1014 2484 1192 2526 scripserat,
1218 2483 1364 2515 historias
1389 2483 1546 2526 patienter
1564 2495 1656 2516 aures

906 2527 1154 2559 commodarent.
1202 2528 1355 2564 Calendae,
1372 2527 1490 2569 quibus
1513 2534 1570 2559 aut
1592 2539 1658 2559 sors

907 2570 1021 2601 foenori
1035 2570 1120 2608 data,
1136 2576 1189 2601 aut
1207 2580 1311 2601 usura-t
1327 2581 1346 2601 a
1361 2570 1550 2602 foeneratore
1572 2571 1655 2602 redi-

909 2613 1087 2653 gebantur;
1117 2613 1192 2644 hinc
1218 2613 1357 2645 suaviter
1383 2616 1484 2645 tristes
1507 2613 1657 2645 dicuntur

908 2655 1014 2687 misero
1029 2656 1175 2692 debitori,
1193 2655 1260 2697 qui,
1277 2656 1362 2697 quod
1376 2657 1483 2693 debet,
1508 2667 1570 2687 non
1593 2658 1655 2688 sol-

908 2709 980 2731 vere
996 2705 1118 2742 potest:
1145 2700 1186 2730 cf.
1202 2710 1272 2741 sup.
1288 2700 1328 2730 ad
1353 2700 1457 2742 Epod.
1475 2701 1508 2735 2,
1526 2701 1580 2737 69,
1600 2701 1655 2732 70.

911 2742 981 2773 Nisi
999 2744 1168 2774 Mercedem
1184 2750 1239 2774 aut
1256 2755 1388 2774 nummos
1410 2745 1492 2774 unde
1510 2746 1590 2774 unde
1606 2756 1655 2773 etr-

909 2787 1014 2824 tricat‚
1026 2786 1088 2817 nisi
1100 2791 1156 2817 aut
1164 2795 1276 2816 usuras
1289 2792 1344 2817 aut
1357 2792 1472 2817 sortem
1490 2786 1656 2817 undecun-

907 2839 970 2870 que
983 2829 1110 2860 tandem
1127 2828 1255 2871 expedit
1269 2835 1298 2860 et
1311 2829 1414 2870 cogit:
1439 2840 1506 2866 nos,
1525 2840 1607 2859 u-enn
1625 2841 1658 2860 er

909 2873 994 2904 nicht
1019 2874 1131 2903 Zinsen
1153 2875 1224 2903 oder
1249 2873 1385 2913 Capital,
1412 2884 1452 2902 ιιι)
1476 2883 1559 2902 eres
1577 2874 1656 2902 urtch

910 2917 1014 2946 immer
1039 2917 1093 2947 her
1120 2916 1289 2947 bekommen
1317 2927 1401 2956 mag,
1431 2915 1563 2957 schuffen
1593 2917 1658 2945 uml

910 2960 1061 3002 ans-bring
1067 2970 1102 2990 en
1133 2959 1226 2990 kann.
1272 2960 1410 2995 ammas,
1436 2968 1480 2989 sc.
1504 2956 1657 2989 audienti.
