1884 3288
675 179 985 223 CARMEN
1017 180 1057 221 4.
1555 184 1639 226 253

385 287 462 338 At,
485 287 522 328 si
541 284 648 341 quid
667 297 860 338 unquam
879 281 964 324 tale
986 283 1302 338 concupiveris,

553 352 714 394 Jocose
736 351 974 402 Maecenas,
995 365 1168 406 precor,

382 421 566 464 Manum
585 418 732 475 puella
753 419 871 461 savio
892 426 1087 474 opponat
1108 426 1200 470 tuo,

557 488 772 530 Extrema
791 494 836 528 et
855 488 901 528 in
921 487 1094 543 sponda
1114 488 1261 530 cubet.

298 354 356 396 20

665 674 943 717 CARMEN
977 674 1059 717 IV.

381 811 521 854 Lvms
542 818 587 853 et
607 811 730 867 agnis
752 818 918 866 quanta
938 811 1093 852 sortito
1116 811 1289 866 obtigit,

557 879 727 922 Tecum
747 879 852 920 mihi
874 879 1095 921 discordia
1116 886 1198 929 est,

381 946 564 990 Ibericis
585 955 764 1003 peruste
787 948 965 990 funibus
987 948 1118 998 latus,

556 1015 618 1058 Et
639 1031 767 1058 crura
787 1017 899 1058 dura
917 1016 1144 1071 compede.

326 1084 354 1125 5
384 1083 513 1126 Licet
535 1086 753 1140 superbus
775 1084 970 1126 ambules
991 1085 1195 1140 pecunia,

558 1151 754 1194 Fortuna
774 1167 862 1194 non
881 1160 1020 1194 mutat
1042 1167 1195 1208 genus·

382 1219 595 1271 Videsne,
619 1221 798 1263 Sacram
817 1221 1023 1263 metiente
1044 1228 1087 1262 te
1109 1221 1220 1262 viam

557 1289 668 1331 Cum
687 1290 756 1331 bis
778 1290 909 1331 trium
927 1289 1128 1331 ulnarum
1149 1297 1266 1343 toga,

91 1443 201 1467 eruore
226 1434 346 1468 tincta:
369 1435 443 1468 vide
471 1436 569 1474 Ovid.
596 1438 678 1469 Met.
705 1436 750 1472 ix,
781 1437 842 1467 130

91 1486 165 1520 sqq.
206 1478 360 1521 Efficacis,
377 1479 565 1528 gravissima
578 1491 715 1523 quaeque
730 1479 844 1512 effecta

55 1535 66 1546 x
90 1521 267 1558 reddentis,
282 1521 407 1554 invicti.

137 1564 280 1596 19-22.
305 1565 392 1603 Tale,
411 1565 550 1598 suaviter
571 1577 627 1608 pro
651 1566 738 1603 allio,
755 1567 843 1608 quod

91 1615 133 1638 ne
147 1607 277 1640 nomine
290 1608 420 1650 quidem
443 1620 502 1640 suo
516 1619 580 1651 prae
595 1609 666 1652 ejus
681 1615 843 1641 contemtu

91 1650 256 1692 appellat3
276 1651 390 1688 Joeose,
406 1651 470 1683 vid.
492 1662 614 1693 argum.
659 1653 722 1683 Pro
731 1655 844 1692 jocose,

91 1693 179 1741 quod
201 1703 290 1730 sane,
306 1694 370 1726 nisi
391 1695 432 1726 ad
447 1694 572 1738 jocum,
589 1695 628 1726 de
649 1705 714 1737 quo
738 1695 771 1726 in
795 1705 844 1726 ar-

91 1745 182 1776 gum.
205 1736 357 1774 diximus,
384 1738 559 1776 referimus,
584 1749 696 1780 parum
723 1739 846 1769 Maece·

92 1778 178 1810 natis
204 1779 354 1821 dignitati
380 1781 539 1818 convenit,
562 1781 775 1812 Marklaudus
798 1792 845 1812 re-

92 1821 296 1854 scribendum
332 1834 402 1856 esse
435 1830 556 1860 censet,
585 1825 702 1862 Jocosa,
735 1829 771 1855 ut
808 1824 848 1856 ad

92 1865 235 1907 puellam
252 1866 424 1906 reseratur;
449 1868 505 1899 sed
521 1877 561 1899 ne
581 1867 689 1910 puella
705 1866 847 1909 quidem,

93 1917 168 1949 (με
195 1909 238 1940 ob
267 1909 336 1941 allii
370 1910 516 1942 foetorem
547 1911 659 1942 oscula
691 1921 722 1942 re
747 1910 846 1948 udiat‚

93 1950 170 1982 satis
205 1953 371 1985 commode
396 1956 503 1994 jocosa
539 1953 669 1985 dicitur.
715 1921 847 1984 liianum

92 1996 175 2026 savio
204 2002 336 2036 opponat
367 2002 441 2028 tuo.-
470 1997 615 2038 Propert.
642 1996 677 2033 ii,
706 1997 762 2032 29,
791 1997 845 2032 39.

93 2035 199 2074 Dixit,
221 2044 252 2070 et
272 2041 405 2080 opposita
431 2041 600 2081 propellens
627 2041 710 2071 savia
737 2041 846 2070 dextra

94 2079 238 2113 Prosilit.
282 2082 428 2114 Euo-ema
457 2085 498 2115 in·
522 2085 636 2123 sponda
665 2084 764 2120 cubet,
791 2092 846 2114 ex-

93 2126 194 2155 trema
219 2124 295 2156 lecti
315 2130 405 2168 parte
431 2136 450 2156 a
471 2132 502 2158 te
529 2131 649 2158 semota
676 2126 784 2163 cubet,
807 2135 846 2157 ne

15 2197 31 2201 ,
93 2164 163 2198 allii
177 2166 321 2200 foetorem
336 2168 452 2201 trahat.

325 2254 529 2287 CARMEN
553 2255 618 2286 IV.

16 2302 55 2330 ὲ.
137 2294 354 2329 Ambissime
375 2304 470 2340 poeta
491 2297 524 2329 in
547 2297 607 2329 hoc
629 2296 769 2330 carmine
786 2297 844 2328 ho·

39 2335 59 2382 ’χ
92 2337 191 2371 minis
211 2339 394 2382 cujusdam,
411 2340 468 2384 qui
487 2352 506 2373 e
520 2352 609 2372 servo
623 2341 770 2372 tribunus
784 2341 844 2372 mi-

43 2382 54 2390 ‘
92 2379 186 2414 litum
212 2382 315 2415 factus
337 2383 417 2420 erat,
443 2383 626 2427 superbiam
651 2390 684 2416 et
706 2385 843 2416 insolen-

63 2431 66 2434 ’
93 2423 172 2457 fam
193 2425 342 2459 traducit.
385 2427 471 2460 Rem
500 2427 664 2469 indignam
693 2427 789 2470 plane
814 2433 846 2459 et

24 2476 47 2514 ᾖ·
81 2466 148 2502 'viz
172 2467 334 2502 ferendam
359 2479 432 2503 esse
460 2469 515 2507 ait,
544 2470 630 2513 quod
656 2470 762 2507 homo,
790 2470 845 2512 qui

27 2515 71 2554 ’ζ’-,-
88 2518 204 2544 ,mu
223 2511 300 2544 olim
318 2512 394 2545 loris
416 2523 518 2545 caesus
538 2520 571 2545 et
589 2514 742 2556 compede
755 2514 846 2545 vinc-

23 2551 60 2583 ,ἦῆ
92 2556 151 2587 'ht
170 2554 278 2592 fuerit.
293 2567 381 2588 nunc
401 2556 522 2588 divitiis
542 2557 758 2599 locupletatus
778 2568 844 2588 om-

24 2598 26 2603 '
38 2616 63 2642 ς,
72 2597 247 2631 nuntio·
258 2609 324 2642 prae
336 2610 371 2632 se
382 2605 578 2636 contemnat,
591 2600 726 2642 superbo
737 2610 847 2641 gressu

26 2637 220 2685 &fbtqa
232 2641 307 2674 laxa
321 2653 378 2686 per
390 2643 475 2674 viam
492 2643 622 2674 Sacram
638 2653 673 2674 se
688 2643 846 2686 conspici-

75 2680 216 2732 ..μ-ω
228 2683 355 2723 inferat,
371 2685 565 2729 amplissima
585 2685 752 2718 latifundia
774 2697 846 2729 pos-

59 2727 97 2767 ff
132 2742 135 2748 ν
164 2744 165 2747 =
184 2731 210 2764 t,
223 2737 319 2760 carru
334 2729 461 2761 mannis
473 2729 588 2771 juncto
603 2739 660 2771 per
675 2729 759 2760 viam
779 2731 846 2772 Ap-

24 2794 25 2798 =
50 2766 183 2813 fletu
202 2770 321 2810 volitet,
336 2778 369 2804 et
389 2773 507 2804 tribuni
530 2772 670 2803 militum
693 2772 848 2814 dignitate

33 2810 283 2860 „ss-m
310 2815 414 2858 prima
443 2815 556 2847 sedilia
590 2815 624 2846 iu
655 2815 848 2858 spectaculis

51 2860 84 2894 ἰὴ
275 2857 283 2864 ”

94 2848 184 2891 &ht
211 2862 335 2900 equites
370 2865 507 2901 occupet
519 2858 684 2900 l-Vulgo
717 2858 847 2900 quidem

51 2924 83 2942 ·,=
101 2903 132 2945 -ff
152 2915 160 2922 ⁵
187 2908 328 2939 nmen,
354 2902 394 2933 In
425 2903 507 2934 Sext.
535 2902 680 2938 Maenam,
712 2902 847 2943 Pompeii

30 2946 69 2979 ἐϋ
100 2936 270 2980 Μ,
282 2943 484 2984 inscribitur3
508 2945 563 2976 sed
580 2950 664 2976 recte
679 2944 785 2977 deleta
799 2950 850 2977 est

23 2979 62 3028 1er
81 2977 175 3019 ‘fi
182 2982 349 3031 fluriptio
369 2989 411 3020 ab
427 2987 651 3032 interpretibus
666 2988 848 3021 recentiori·

886 1435 961 1466 bus.
1003 1435 1089 1467 Nam
1107 1446 1181 1467 cum
1199 1436 1238 1467 de
1254 1435 1373 1466 tribuni
1387 1435 1525 1467 militurn
1544 1435 1647 1469 hono-

887 1478 988 1515 ribus,
1003 1489 1085 1521 quos
1106 1479 1222 1510 Maenas
1247 1478 1390 1520 gesserit,
1411 1478 1491 1510 nihil
1514 1479 1646 1512 aliunde

888 1527 1025 1559 constet,
1042 1533 1100 1554 nec
1123 1532 1173 1559 ea,
1191 1533 1264 1564 quae
1285 1521 1324 1554 de
1349 1522 1516 1553 servilibus
1538 1524 1646 1565 poenis

888 1565 922 1596 in
947 1565 1008 1596 hoc
1033 1565 1173 1597 carmine
1197 1571 1496 1602 commemorantur,
1517 1565 1550 1596 in
1570 1576 1646 1597 eum

889 1607 1002 1640 cadere
1033 1609 1214 1644 videantur,
1244 1607 1374 1639 infamis
1405 1607 1545 1650 denique
1576 1609 1647 1651 ejus

888 1651 1031 1693 perfidia,
1048 1662 1148 1693 quam
1169 1651 1220 1682 vel
1241 1651 1380 1682 maxime
1402 1657 1498 1693 poeta
1518 1659 1645 1683 notatu-

890 1704 944 1725 rus
967 1693 1091 1732 fuisset,
1108 1705 1147 1725 ne
1160 1695 1257 1725 verbo
1273 1693 1402 1735 quidem
1425 1694 1460 1725 in
1478 1704 1516 1725 eo
1537 1699 1645 1727 notata

891 1736 987 1768 fuerit
1003 1749 1011 1775 ;
1036 1747 1199 1779 perperam
1215 1737 1297 1767 illud
1315 1746 1334 1767 a
1351 1737 1510 1768 veteribus
1526 1736 1646 1768 scholi-

891 1779 967 1811 astis
979 1781 1019 1810 ad
1035 1781 1177 1815 Maenam,
1192 1781 1327 1820 Pompeii
1342 1780 1498 1814 libertum,
1511 1780 1645 1811 relatum

892 1832 960 1854 esse
989 1823 1084 1854 facile
1114 1829 1255 1865 apparet.
1300 1821 1419 1853 Incidit
1447 1828 1552 1854 autem
1584 1822 1645 1855 hoc

892 1876 1031 1904 carmen,
1047 1866 1074 1897 si
1098 1866 1190 1901 illud,
1214 1871 1250 1896 ut
1272 1876 1312 1897 ex
1329 1875 1421 1896 versu
1438 1866 1478 1897 19
1499 1865 1647 1907 colligere

891 1909 978 1945 licet,
1001 1919 1085 1940 anno
1108 1908 1234 1940 circiter
1259 1909 1303 1940 U.
1329 1908 1368 1939 C.
1395 1919 1567 1945 nccxviu,
1582 1919 1648 1950 quo

891 1951 1065 1983 exercitum
1094 1957 1205 1983 contra
1229 1950 1374 1993 Pompeii
1405 1950 1550 1982 servilem
1577 1962 1646 1982 ma-

892 2005 967 2026 num
989 1994 1145 2025 missurus
1165 2000 1234 2026 erat
1256 1993 1468 2031 Octavianus,
1491 1994 1646 2036 scriptum

889 2043 948 2074 est,
963 2037 997 2068 in
1013 2048 1051 2069 ea
1066 2044 1220 2079 tempora,
1237 2036 1356 2079 quibus
1374 2036 1484 2080 plures
1501 2037 1645 2074 omnino,

890 2081 948 2122 qui
964 2081 1073 2112 infimo
1096 2081 1168 2112 loco
1186 2081 1253 2112 nati
1269 2086 1334 2111 tam
1354 2079 1448 2111 bonis
1463 2090 1560 2123 quam
1582 2080 1645 2112 ho-

891 2124 1023 2155 noribus
1055 2123 1300 2167 proscriptorum
1334 2124 1375 2154 ad
1408 2134 1441 2155 se
1471 2123 1645 2161 translatis,

890 2167 987 2198 altius
1005 2167 1158 2200 verticem
1179 2166 1381 2203 extollerent,
1400 2166 1546 2198 extitisse
1568 2167 1648 2199 satis

887 2216 1026 2242 constat.
1071 2210 1238 2252 Ejusmodi
1269 2209 1366 2252 igitur
1393 2209 1554 2242 hominem
1585 2210 1644 2242 ali-

888 2263 996 2295 quem,
1028 2253 1124 2295 cujus
1153 2263 1269 2285 nomen
1300 2252 1380 2285 scire
1410 2252 1490 2284 nihil
1521 2253 1648 2292 attinet,

889 2303 982 2339 poeta
1007 2296 1041 2328 in
1066 2297 1125 2328 hoc
1149 2296 1290 2328 carmine
1308 2302 1461 2338 tanquam
1485 2296 1519 2327 in
1534 2297 1646 2328 tabula

890 2339 1053 2382 depictum
1083 2340 1227 2371 omnium
1258 2339 1378 2371 derisui
1409 2346 1442 2371 et
1469 2339 1646 2371 contemtui

889 2383 1065 2426 proposuit.
1097 2384 1312 2415 Obversatum
1325 2382 1459 2414 Horatio
1470 2393 1540 2415 esse
1555 2384 1643 2414 Ana-

889 2432 1063 2462 creontem.
1097 2426 1227 2467 Fragm.
1263 2425 1349 2457 xxvii
1385 2426 1483 2467 (edit.
1519 2425 1646 2468 Fisch.)

889 2470 916 2500 T
918 2470 1034 2512 oupius
1050 2470 1083 2501 in
1102 2469 1202 2512 Epist.
1218 2469 1299 2501 Crit.
1313 2480 1345 2512 p.
1362 2469 1424 2500 180
1441 2469 1576 2500 monuit.

936 2515 1034 2544 1—4.
1081 2513 1180 2553 Lupis
1217 2519 1246 2544 et
1283 2514 1371 2555 agnis
1407 2519 1536 2553 quanta,
1571 2518 1647 2544 cett.

892 2557 1059 2594 Quantum
1080 2555 1166 2597 lupis
1186 2566 1260 2587 cum
1281 2555 1384 2597 agnis,
1400 2561 1523 2586 tantum
1538 2561 1644 2587 tecum

891 2599 969 2630 mihi
993 2598 1162 2630 intercedit
1184 2598 1306 2635 odium,
1331 2599 1365 2630 h.
1389 2609 1418 2630 e.
1444 2604 1479 2629 tu
1503 2597 1645 2630 omnium

891 2642 970 2673 mihi
995 2642 1219 2673 infestissimus
1233 2652 1278 2673 es.
1322 2642 1374 2673 De
1396 2641 1481 2685 lupis
1501 2647 1534 2673 et
1554 2642 1646 2683 agnis

892 2685 954 2716 sibi
980 2685 1118 2717 invicem
1150 2684 1364 2718 infestissimis
1390 2685 1521 2717 Homer.
1550 2685 1646 2718 Iliad.

892 2728 1067 2765 xxii‚·263,
1082 2727 1164 2760 Οὐδὲ
1184 2727 1284 2760 λύκοι
1307 2729 1342 2760 τέ
1366 2728 1422 2760 καὶ
1443 2729 1547 2771 ἄρνες
1565 2727 1644 2770 ὁμό-

891 2777 1001 2814 φρονα
1016 2771 1134 2813 δΘυμὸν
1157 2771 1311 2813 ἔχουσιν,
1328 2771 1439 2804 Ἀλλὰ
1458 2773 1546 2803 κακὰ
1567 2779 1644 2814 φρο-

892 2814 1004 2847 νέουσι
1041 2814 1220 2858 διαμπερὲς
1257 2814 1476 2854 ἀλλὴλοισιν.
1519 2815 1645 2851 Sortito,

891 2868 931 2890 ex
954 2859 1071 2890 affectu
1093 2865 1125 2890 et
1147 2858 1301 2891 instinctu
1324 2858 1442 2900 cuique
1456 2857 1645 2889 animalium

890 2912 946 2943 per
958 2907 1072 2933 sortem
1087 2901 1219 2933 fatalem
1233 2901 1342 2933 insito.
1389 2902 1527 2939 Peruste,
1544 2901 1645 2941 signi·

891 2946 1024 2976 ficanter
1044 2955 1112 2988 pro,
1128 2950 1248 2981 notate,
1263 2944 1331 2976 lora
1349 2944 1448 2980 enim,
1465 2944 1541 2974 dum
1557 2948 1646 2983 terga

892 2993 1015 3027 notant,
1030 2989 1167 3030 graviter
1185 2987 1297 3020 eadem
1312 2987 1408 3019 simul
1424 2992 1521 3019 urunt
1535 2998 1545 3026 3
1568 2985 1644 3016 hinc
