1884 3288
294 206 352 246 90

845 203 1245 246 CARMINUM

630 305 775 352 Quum
796 305 931 347 fracta
952 306 1116 356 Virtus,
1139 312 1183 347 et
1203 307 1387 348 minaces

690 370 842 426 Turpe
864 371 998 413 solum
1019 373 1198 427 tetigere
1218 381 1375 414 mento.

577 437 664 477 Sed
685 452 749 478 me
770 452 848 491 per
866 438 1012 479 hostes
1035 438 1280 479 Mercurius
1301 439 1415 480 celer

578 503 727 544 Denso
748 510 971 558 paventem
993 504 1165 545 sustulit
1185 519 1282 546 aere
1299 521 1309 546 z

498 569 549 609 15
633 569 701 610 Te
721 584 869 610 rursus
890 570 933 610 in
954 569 1112 610 bellum
1132 571 1360 611 resorbens

693 636 823 676 Unda
844 636 963 676 fretis
986 636 1082 676 tulit
1102 637 1313 677 aestuosis.

582 702 703 755 Ergo
724 701 954 756 obligatam
975 701 1108 742 redde
1129 701 1229 742 Jovi
1249 702 1416 756 dapem,

584 768 821 822 Longaque
843 768 1003 808 fessum
1022 767 1170 808 militia
1187 767 1298 809 latus

642 835 825 888 Depone
847 835 927 874 sub
948 833 1071 874 lauru
1092 849 1197 883 mea,
1218 849 1297 875 nec

500 902 556 941 20
698 900 834 941 Parce
855 901 972 941 cadis
994 901 1071 941 tibi
1091 900 1329 942 destinatis.

587 965 810 1007 Oblivioso
830 966 938 1007 levia
959 965 1149 1007 Massico

1312 956 1329 972 t

588 1033 761 1073 Ciboria
781 1031 905 1086 exple
923 1048 932 1072 :
965 1031 1098 1072 funde
1119 1031 1348 1085 capacibus

643 1098 875 1152 Unguenta
896 1099 950 1139 de
971 1098 1158 1139 conchis.

1220 1097 1330 1143 Quis
1350 1097 1439 1138 udo

697 1165 1003 1218 Deproperare
1025 1164 1121 1217 apio
1143 1178 1320 1205 coronas

308 1295 427 1326 hostem
449 1295 666 1336 exprimerent,
687 1294 775 1330 mihi,
796 1299 833 1325 ut
854 1294 985 1324 salutem
1008 1292 1040 1323 in

309 1338 400 1369 celeri
416 1338 490 1378 fuga
504 1347 684 1377 quaererem,
702 1337 842 1378 parmula
859 1346 965 1376 parum
985 1335 1040 1365 ho-

310 1379 434 1410 norifice
464 1379 643 1419 abjicienda
668 1379 738 1409 fuit.
783 1379 899 1408 Sentire
926 1377 1041 1418 passim

309 1421 348 1451 de
370 1420 600 1451 calamitatibus
624 1421 690 1451 sive
710 1420 813 1455 malis,
828 1419 943 1460 quibus
959 1418 1042 1449 bello

310 1463 441 1502 graviter
463 1463 636 1493 afficimur:
662 1462 733 1493 Liv.
757 1462 800 1496 ix,
821 1463 874 1497 37,
895 1462 1040 1491 Vas-tatio-

311 1515 377 1534 nem
392 1506 443 1534 sub
459 1505 581 1535 Ciminii
596 1506 701 1535 montis
714 1505 980 1543 rctdicibasjacetis
993 1514 1044 1532 ora

311 1553 462 1583 senserat,·
487 1551 518 1577 et
544 1547 608 1582 xlv,
635 1547 690 1581 28,
715 1557 778 1586 quoe
800 1547 920 1585 quisque
946 1545 1046 1575 Persei

312 1589 385 1618 bello
399 1590 542 1628 privatim
564 1600 598 1619 ac
615 1589 733 1628 publice
753 1589 883 1617 sensisset
898 1597 908 1622 ‚·
933 1587 1044 1616 Senec.

315 1629 422 1671 OEdip.
433 1631 508 1666 472,
517 1630 637 1660 Sensere
647 1637 734 1660 terroe
747 1635 775 1659 te
787 1628 1043 1667 Daczimferoees:

314 1671 355 1702 cf.
370 1671 426 1701 inf.
440 1671 486 1707 iii,
504 1674 535 1707 4,
553 1673 593 1702 43
608 1683 616 1710 3
639 1671 680 1707 iv,
697 1673 728 1706 4,
745 1672 807 1708 25;
830 1670 871 1705 iv,
890 1671 920 1705 6,
938 1671 967 1700 3.
1004 1670 1044 1699 Et

313 1714 436 1743 celerem
449 1713 579 1754 fugam,
604 1714 642 1743 ad
666 1713 748 1743 mala
771 1721 893 1753 nempe,
917 1722 987 1752 quae
1013 1711 1045 1741 in

315 1765 419 1796 pugna
445 1754 637 1796 Philippensi
657 1753 798 1791 senserit,
812 1753 952 1784 celeriter
974 1753 1046 1784 inde

315 1796 497 1836 aufugiendi
517 1796 733 1828 necessitatem
753 1796 865 1834 resert3
889 1796 933 1825 rei
955 1794 1051 1835 igitur

315 1838 415 1878 magis
431 1838 643 1869 describendae
660 1838 724 1868 haec
742 1838 865 1878 adjecta
880 1847 948 1867 esse
964 1841 1051 1877 puta.

319 1880 388 1910 Non
411 1881 492 1915 bene,
513 1891 575 1910 non
599 1880 666 1910 sine
688 1879 826 1921 pudore;
849 1888 1051 1919 quamquam,

317 1927 351 1951 ut
372 1921 542 1962 expeditior
565 1927 647 1952 esset
669 1922 753 1961 fuga,
771 1926 893 1950 scutum
917 1919 1053 1961 abjicere

316 1962 462 1994 debebat.
516 1964 663 1993 Parmula
701 1963 739 1993 de
776 1967 865 1992 scuto
902 1961 1050 1992 breviore.

319 2005 411 2040 Sunt,
425 2004 478 2045 qui
494 2015 557 2035 rem
569 2006 608 2035 de
624 2005 747 2045 abjecto
762 2009 850 2035 scuto
865 2003 934 2034 ideo
947 2004 1049 2033 Hora-

317 2045 394 2076 tium
416 2045 541 2077 finxisse
562 2045 752 2081 existiment,
769 2052 802 2076 ut
822 2044 912 2075 factis
927 2054 1051 2085 quoque

318 2087 459 2118 imitatus
473 2098 540 2118 esse
555 2087 710 2119 videretur
726 2087 870 2117 Alcaeum
889 2092 920 2117 et
935 2086 1051 2116 Archi-

319 2129 456 2166 lochum,
473 2139 604 2170 quorum
622 2135 751 2169 uterque
771 2138 803 2159 se
819 2128 950 2158 armaio
968 2138 1051 2169 proe-

319 2170 362 2201 lio
374 2170 516 2202 amisisse
528 2171 678 2202 fatentur:
702 2172 741 2201 de
752 2170 860 2201 Alcaeo
874 2170 936 2200 vid.
950 2170 1052 2200 Strab.

319 2212 385 2250 xiii,
398 2223 427 2254 p.
442 2213 516 2250 600,
527 2213 674 2244 Herodot.
684 2223 714 2249 v,
728 2214 769 2243 95
782 2223 790 2250 ;
814 2212 852 2242 de
864 2211 1053 2242 Archilocho

320 2259 425 2285 autem
450 2265 556 2285 versus
581 2255 614 2285 in
640 2255 720 2285 hanc
746 2264 810 2285 rem
837 2259 944 2284 extant
969 2253 1052 2294 apud

321 2297 409 2327 Sext.
424 2297 543 2338 Empir.
556 2296 665 2337 Pyrrh.
680 2297 784 2337 hypot.
799 2294 844 2330 iii,
859 2297 912 2326 24.
941 2295 1054 2326 Fracta

324 2337 439 2373 Virtus,
464 2338 623 2374 fortitudo,
647 2348 719 2378 quae
744 2337 772 2367 vi
794 2337 912 2378 majore
933 2336 978 2366 ita
1000 2336 1053 2367 de-

320 2379 464 2420 primitur
478 2385 509 2410 et
524 2380 735 2415 contunditur,
750 2384 785 2409 ut
797 2379 936 2410 resistere
947 2378 975 2409 ei
992 2388 1053 2409 non

322 2421 438 2452 valeat.
475 2423 576 2452 Solum
594 2424 716 2463 tetigere
731 2427 839 2456 mento,
855 2431 908 2462 pro
924 2420 1054 2460 vulgari¹

320 2463 511 2498 ceciderunt,
553 2463 592 2493 ad
630 2469 740 2494 terram
781 2462 924 2504 prostrati
963 2467 1055 2500 sunt3

322 2505 417 2535 ducta
431 2505 552 2535 videtur
573 2505 640 2536 haec
665 2505 810 2545 loquendi
827 2505 904 2534 ratio
925 2514 964 2535 ex
988 2504 1055 2534 Ho-

322 2556 398 2577 mer.
421 2546 514 2577 Iliad.
541 2547 575 2582 ii,
594 2549 667 2583 418,
685 2546 833 2588 Πρηνέες
855 2546 891 2577 ἐν
907 2546 1057 2586 κονίῃσιν

323 2587 403 2624 ὀδὰξ
432 2588 592 2624 λαζοίατο
623 2591 739 2630 γαῖαν,
766 2594 796 2619 et
825 2587 940 2629 passim
971 2587 1056 2619 alibi.

325 2629 432 2670 Turpe,
455 2630 607 2671 sanguine
630 2631 758 2672 turpiter
784 2630 949 2671 pollutum.
995 2630 1056 2659 Mi-

322 2683 420 2708 naces,
451 2672 530 2703 bene
560 2672 724 2703 adumbrat
752 2671 866 2702 milites
898 2671 953 2712 qui
987 2671 1057 2702 forti

323 2713 426 2745 animo
455 2714 644 2750 ceciderunt,
674 2719 705 2744 et
735 2713 807 2744 caesi
836 2713 912 2743 adeo
939 2713 1058 2743 vultum

322 2761 441 2786 torvum
465 2761 498 2787 et
521 2755 674 2787 minacem
701 2766 764 2797 prae
791 2765 823 2785 se
849 2755 962 2785 serunt.
1007 2755 1057 2785 Cl.

323 2797 456 2829 Mitsch.
482 2796 514 2828 in
536 2797 568 2828 h.
585 2808 609 2827 r.
633 2797 722 2828 affert
740 2797 843 2827 locum
865 2795 948 2826 Flori
965 2795 986 2830 i,
1005 2797 1056 2831 18,

323 2839 378 2870 ubi
407 2839 446 2870 de
476 2839 630 2870 Romanis
660 2839 692 2869 in
722 2839 805 2869 bello
834 2848 907 2868 cum
938 2838 1057 2878 Pyrrho

325 2881 436 2912 occisis
449 2892 456 2910 :
480 2883 611 2912 omnium
626 2883 658 2911 in
673 2882 808 2911 manibus
822 2890 911 2914 enses,
925 2886 954 2910 et
969 2881 1057 2910 relic.

325 2930 361 2954 tce
383 2925 416 2954 in
437 2924 569 2954 vultibus
592 2925 690 2960 minae,
705 2930 733 2954 et
753 2924 788 2953 in
811 2924 874 2961 ipsa
896 2928 989 2952 morte
1009 2924 1058 2952 ira

1083 1296 1219 1331 vivebam
1245 1295 1304 1325 nisi
1327 1295 1403 1326 forte
1424 1297 1551 1326 minaces
1575 1293 1757 1337 simpliciter
1777 1293 1816 1325 de

1083 1336 1234 1367 militibus
1257 1337 1446 1372 fortioribus,
1469 1342 1596 1368 mortem
1619 1335 1700 1368 hosti
1722 1335 1816 1366 mini—

1085 1378 1235 1414 tantibus,
1252 1379 1409 1420 explicare
1425 1383 1561 1420 praestet.

1130 1421 1266 1451 13—16.
1311 1422 1446 1451 Sensus:
1478 1420 1532 1451 sed
1561 1430 1610 1450 me
1639 1424 1705 1450 tum
1735 1419 1820 1450 bona

1087 1461 1212 1492 fortuna
1226 1473 1265 1493 ex
1278 1462 1380 1493 medio
1401 1461 1476 1493 belli
1490 1461 1628 1503 periculo
1648 1460 1773 1502 eripuit,
1788 1466 1819 1492 te

1086 1513 1156 1534 vero
1182 1504 1215 1534 in
1237 1504 1318 1534 idem
1342 1504 1552 1535 vehementior
1578 1502 1714 1545 impetus
1737 1502 1819 1534 abri-

1088 1545 1165 1586 puit.
1209 1546 1302 1582 Quod
1325 1546 1408 1576 bona
1430 1545 1554 1576 fortuna
1573 1545 1691 1576 factum
1711 1550 1771 1580 est,
1787 1543 1821 1575 id

1087 1586 1198 1617 tribuit
1206 1588 1376 1622 Mercurio,
1387 1597 1459 1618 cum
1470 1593 1594 1629 propter
1603 1586 1672 1628 ejus
1683 1586 1716 1616 in
1725 1586 1821 1628 hujus

1087 1629 1224 1659 muneris
1243 1629 1364 1660 vicibus
1385 1629 1537 1660 obeundis
1557 1627 1771 1660 dexteritatem
1790 1633 1823 1659 et

1088 1670 1278 1701 celeritatem
1303 1671 1394 1712 (hinc
1419 1671 1532 1702 dicitur
1557 1670 1713 1708 ὠκύπους
1738 1669 1821 1711 apud

1089 1712 1198 1753 Eurip.
1217 1713 1292 1743 Hel.
1313 1713 1405 1750 247),
1420 1713 1461 1744 cf.
1482 1722 1554 1754 sup.
1578 1713 1600 1748 i,
1618 1713 1669 1748 10,
1686 1712 1738 1747 13,
1754 1717 1822 1742 tum

1089 1754 1164 1794 quia
1186 1756 1319 1785 virorum
1346 1755 1580 1785 Mercurialium
1608 1753 1685 1794 (ius.
1711 1752 1746 1788 ii,
1771 1754 1823 1789 17,

1093 1794 1166 1835 29),
1189 1795 1222 1826 h.
1247 1806 1276 1827 e.
1305 1802 1477 1838 poetarum,
1504 1802 1599 1827 custos
1625 1800 1683 1826 est.
1725 1795 1826 1826 Poeta

1095 1843 1197 1868 autem
1218 1838 1294 1868 satis
1310 1837 1474 1878 magnifice
1495 1848 1527 1869 se
1545 1837 1711 1869 adsimulat
1725 1836 1824 1868 heroi-

1094 1880 1154 1909 bus
1171 1879 1355 1916 Homericis,
1371 1879 1423 1921 qui
1440 1879 1556 1921 passim
1570 1879 1620 1910 vel
1636 1889 1655 1910 a
1669 1879 1728 1910 deo
1741 1878 1790 1910 vel
1806 1888 1826 1909 a

1095 1922 1154 1951 dea
1176 1922 1323 1962 quapiam
1346 1924 1432 1952 denso
1453 1932 1532 1956 aere,
1556 1921 1587 1951 h.
1610 1930 1639 1952 e.
1661 1921 1744 1952 nube
1765 1919 1825 1951 cir-

1094 1962 1228 1993 cumfusi
1251 1969 1282 1993 et
1304 1963 1349 1994 sic
1362 1963 1482 2004 proeliis
1501 1963 1600 2004 erepti
1613 1972 1680 1994 esse
1701 1962 1825 2002 fingun-

1094 2009 1155 2035 tur.
1192 2004 1353 2035 Resorbens
1373 2005 1403 2035 U
1404 2007 1462 2035 uda
1468 2004 1565 2046 fretis
1580 2005 1727 2036 oestuosis:
1751 2003 1827 2035 belli

1095 2046 1228 2087 impetus
1259 2052 1454 2087 comparatur
1483 2056 1554 2076 cum
1585 2045 1703 2088 impetu
1731 2045 1825 2076 undae

1094 2087 1233 2123 marinae,
1254 2088 1358 2118 omnia
1382 2087 1528 2118 fluctibus
1552 2087 1694 2119 aestuosis
1720 2097 1828 2118 secum

1095 2129 1276 2170 abripientis
1289 2142 1297 2168 ς
1322 2131 1470 2160 resorbens
1481 2129 1578 2172 fretis
1596 2131 1734 2165 aestuosis,
1749 2128 1782 2159 h.
1797 2139 1827 2160 e.

1095 2175 1126 2201 te
1148 2170 1258 2202 iterum
1279 2171 1373 2202 maris
1397 2176 1472 2202 aestu
1496 2172 1634 2206 sorbens,
1650 2181 1744 2212 quem
1761 2170 1828 2212 jam

1095 2212 1191 2243 semel
1207 2214 1379 2244 sorbuerat.
1409 2213 1462 2244 Cl.
1479 2212 1611 2244 Mitsch.
1625 2222 1695 2244 cum
1713 2213 1829 2243 Nostro

1095 2254 1257 2285 contendit
1271 2255 1381 2297 Eurip.
1399 2255 1526 2286 Heracl.
1540 2255 1613 2285 428.
1649 2253 1713 2285 qu.
1728 2254 1830 2296 Epist.

1097 2295 1131 2331 ii,
1148 2298 1181 2333 2,
1197 2297 1250 2333 47,
1270 2297 1431 2338 Civilisque
1447 2298 1550 2327 rudem
1566 2296 1637 2328 beni
1651 2297 1725 2327 tulit
1743 2302 1830 2327 aestus

1097 2349 1131 2368 1η
1146 2350 1243 2368 arma-

1143 2380 1279 2410 17—20.
1304 2379 1530 2421 obligatam,h.
1543 2389 1572 2410 e.
1581 2378 1737 2418 debitam;
1757 2388 1830 2410 nam

1100 2426 1184 2457 vota,
1198 2421 1314 2463 quibus
1330 2422 1350 2452 J
1354 2422 1415 2457 ovi,
1433 2421 1458 2452 si
1482 2421 1588 2452 salvus
1609 2432 1648 2452 ex
1670 2421 1728 2452 hoc
1747 2420 1832 2452 bello

1098 2463 1252 2499 evaderet,
1268 2474 1296 2493 se
1318 2465 1514 2505 obligaverat,
1534 2473 1619 2494 nunc
1639 2463 1758 2494 solvere
1776 2463 1832 2494 de-

1099 2505 1213 2536 bebat:
1238 2507 1344 2544 dapem
1372 2506 1500 2546 antique
1524 2515 1590 2547 pro,
1613 2504 1721 2546 dapes,
1744 2505 1778 2535 h.
1799 2515 1831 2536 e.

1099 2557 1202 2578 sacras
1217 2548 1336 2589 epulaS.
1381 2547 1442 2578 Sub
1458 2548 1549 2578 lauru
1563 2557 1638 2582 mea,
1654 2557 1726 2588 quae
1747 2545 1832 2577 haud

1099 2589 1192 2620 dubie
1209 2589 1240 2619 in
1256 2588 1419 2631 impluvio,
1433 2589 1481 2620 vel
1497 2588 1580 2636 quod
1597 2588 1686 2659 Virq.
1705 2589 1782 2619 AEn.
1797 2587 1832 2624 ii,

1101 2632 1175 2666 512,
1201 2636 1231 2662 et
1256 2631 1310 2666 vii,
1340 2631 1392 2668 59,
1421 2630 1460 2662 de
1483 2629 1638 2672 ejusmodi
1677 2639 1752 2661 auru
1778 2629 1832 2668 ait,

1100 2674 1210 2704 :edibus
1231 2674 1264 2703 in
1283 2674 1397 2707 mediis,
1414 2671 1468 2703 ubi
1491 2671 1550 2702 seri
1569 2676 1600 2702 et
1621 2671 1731 2702 nutriri
1753 2671 1833 2702 anti·

1103 2714 1208 2755 quitus
1225 2714 1367 2745 solebant
1382 2715 1516 2749 arbores,
1529 2712 1650 2744 consita
1664 2712 1734 2744 fuit.

1145 2757 1281 2787 21-23.
1304 2756 1397 2786 Levia
1411 2756 1544 2786 ciboria.
1571 2755 1723 2786 ciborium
1735 2765 1834 2796 genus

1102 2799 1219 2839 poculi,
1247 2797 1381 2839 speciem
1410 2798 1473 2828 fere
1500 2806 1607 2828 eorum
1633 2797 1747 2845 quibus
1773 2798 1834 2828 AE-

1100 2840 1199 2881 gyptii
1211 2839 1259 2870 usi
1271 2849 1338 2871 esse
1349 2839 1507 2874 dicuntur,
1517 2838 1674 2870 referentis
1686 2849 1694 2875 ;
1711 2839 1834 2880 AEgyp-

1101 2882 1152 2911 tiis
1179 2891 1291 2923 nempe
1315 2880 1406 2922 calyx
1428 2880 1508 2911 fabae
1533 2880 1698 2922 cujusdam
1722 2881 1834 2922 (quam

1100 2925 1271 2954 colocasiam
1286 2922 1351 2954 sive
1369 2933 1508 2963 cyamum
1529 2921 1624 2954 fuisse
1643 2921 1762 2964 aiunt),
1778 2931 1834 2964 po-
