1884 3288
0 2436 17 2464 J.

0 2467 21 2493 55⁵.—

0 2499 18 2586 ξ

668 202 896 246 LIBER
927 203 1012 255 111,
1043 206 1112 247 24.

396 309 583 358 Quidvis
605 314 649 351 et
669 307 812 350 facere
834 314 879 350 et
899 309 1007 364 pati,

1565 211 1641 252 181

448 376 726 431 Virtutisque
748 376 860 418 viam
881 376 1045 419 deserit
1066 377 1249 419 arduae?

303 446 362 487 45
391 443 477 488 Vel
497 458 575 485 nos
596 443 640 485 in
663 443 939 499 Capitolium,

449 511 552 559 Quo
574 511 735 553 clamor
756 518 882 554 vocat
903 518 948 554 et
969 512 1100 554 turba
1120 511 1371 564 faventium,

387 579 474 623 Vel
493 595 572 621 nos
594 581 638 621 in
659 596 776 622 mare
799 581 1044 636 proximum

443 648 664 699 Gemmas,
686 657 730 690 et
751 648 936 704 lapides,
959 664 1113 691 aurum
1134 656 1180 692 et
1201 650 1366 702 inutile,

386 716 551 758 Summi
570 717 795 758 materiem
817 717 934 767 mali,

293 784 351 826 50
438 784 682 833 Mittamus,
706 784 919 827 scelerum
940 785 975 826 si
997 786 1109 827 bene
1130 786 1333 841 poenitet.

384 851 625 894 Eradenda
645 853 863 907 cupidinis

439 920 570 962 Pravi
593 928 694 963 sunt
714 921 951 973 elementa3
985 928 1029 963 et
1051 928 1214 964 tenerae
1235 923 1361 964 nimis

382 987 560 1030 Mentes
581 989 880 1044 asperioribus

441 1056 701 1099 Formandae
723 1057 894 1099 studiis.

957 1057 1113 1100 Nescit
1134 1073 1249 1113 equo
1272 1059 1392 1100 rudis

294 1124 352 1166 55
381 1123 566 1166 Haerere
588 1125 802 1180 ingenuus
823 1140 949 1180 puer,

439 1193 691 1248 Venarique
715 1194 849 1244 timet,
872 1193 1025 1236 ludere
1048 1195 1232 1246 doctior,

382 1261 472 1303 Seu
494 1261 656 1302 Graeco
672 1262 832 1316 jubeas
856 1261 1024 1312 trocho,

435 1328 525 1370 Seu
547 1328 667 1370 malis
690 1329 825 1370 vetita
846 1328 1018 1385 legibus
1044 1329 1163 1372 alea:

379 1396 528 1444 Quum
550 1397 729 1452 perjura
751 1397 888 1452 patris
910 1397 1024 1439 fides

288 1465 348 1507 60

84 1587 259 1631 possident,
272 1587 474 1622 vehementer
490 1599 508 1621 a
523 1589 674 1622 divitibus
697 1589 834 1632 despici-

85 1638 195 1668 untur,
207 1631 294 1664 etsie
307 1631 347 1663 ad
360 1633 480 1674 quaevis
492 1633 597 1675 turpia
611 1639 675 1664 tam
688 1633 836 1664 facienda

109 1684 183 1705 uam
198 1675 348 1716 patienda
363 1675 468 1706 adacti
482 1686 500 1706 a
517 1675 643 1707 virtutis
658 1675 762 1707 studio
778 1676 832 1707 de-

83 1684 270 1749 ducuntur?
315 1718 510 1762 Comparant
527 1718 661 1750 Lucian.
678 1730 734 1761 pro
751 1730 831 1750 mer-

83 1760 155 1792 ced.
171 1761 276 1792 Cond.
294 1773 325 1804 p.
340 1763 416 1797 717,
444 1763 554 1794 Πενία
576 1761 694 1794 πάντα
721 1764 833 1793 ποιεῖν

84 1804 142 1835 καὶ
158 1803 309 1847 πάσχειν
318 1804 569 1840 ἀναπείθουσα,
583 1805 628 1842 ὡς
638 1804 770 1847 ἐκφύγοι
783 1817 834 1842 τις

83 1846 207 1886 αὐτήν.
254 1849 379 1884 Arduoe,
396 1849 429 1878 in
446 1859 517 1879 arce
529 1859 640 1890 nempe
657 1848 833 1879 secundum

84 1889 261 1922 Hesiodum
271 1889 373 1934 Ἐργ.
398 1892 462 1922 287
487 1902 559 1933 sqq.
586 1892 763 1928 collocatae,
791 1891 830 1921 ad

82 1942 179 1975 quam
192 1932 264 1976 ejus
280 1934 382 1965 cultor
395 1933 471 1966 eniti
486 1935 592 1966 debet.

126 1977 268 2008 45—54.
285 1977 410 2015 Quodsi
421 1977 518 2018 igitur
533 1977 573 2008 ad
590 1976 710 2018 frugem
723 1981 756 2007 et
773 1986 830 2007 an-

82 2017 204 2061 tiquam
221 2030 344 2051 morum
359 2019 595 2063 simplicitatem
617 2019 716 2051 redire
741 2019 830 2050 volu-

81 2071 165 2101 mus,
173 2061 366 2098 divitiarum.
381 2069 533 2106 tanquam
551 2063 653 2094 unicae
665 2067 828 2104 corrupto-

79 2114 150 2136 rum
165 2115 287 2137 morum
301 2115 418 2142 causae,
432 2106 636 2148 exstirpanda
645 2106 772 2137 omnino
782 2111 831 2136 est

81 2147 251 2197 cupiditas.
297 2148 472 2192 Exstirpari
498 2156 602 2180 autem
627 2149 719 2179 istam
738 2159 829 2190 posse

79 2191 250 2230 existimat,
271 2191 298 2223 si
321 2202 432 2224 aurum
454 2198 487 2224 et
508 2203 557 2223 res
571 2194 716 2235 pretiosas
740 2202 828 2233 quae-

31 2228 39 2238 ⁸
79 2243 142 2277 que
155 2234 204 2266 vel
219 2233 294 2267 Jovi
311 2235 494 2278 Capitolino
512 2236 669 2277 'tanquam
693 2234 826 2273 ἀναθή-

78 2288 174 2320 ματα
184 2277 317 2310 solemni
330 2289 416 2310 more
431 2278 616 2312 offerantur.
637 2279 685 2309 vel
698 2278 730 2308 in
741 2288 826 2309 mare

78 2319 283 2363 {bjiciautun
317 2321 358 2352 In
374 2322 573 2362 Capitolium,
589 2320 628 2352 ad
644 2321 825 2363 exemplum

79 2362 235 2406 Augusti,
245 2365 310 2406 qui,
321 2370 358 2396 ut
370 2371 474 2396 narrat
485 2365 656 2396 Suetonius
673 2365 757 2405 Aug.
771 2365 824 2401 30,

78 2407 113 2438 ἕνα
134 2407 242 2439 cellam
269 2409 437 2448 Capitolini
460 2407 544 2439 Jovis
571 2409 696 2439 sedecim
723 2408 824 2438 millia

76 2452 174 2490 pondo
187 2453 272 2486 auri,
286 2461 475 2492 gemmasque
490 2459 518 2482 et
534 2453 720 2491 margaritas
733 2453 823 2491 quin-

73 2494 192 2536 genties
209 2493 275 2525 HS.
291 2505 354 2524 una
371 2495 532 2525 donatione
546 2495 723 2525 contulerit.
758 2494 826 2528 Quo

75 2535 190 2568 clamor
214 2543 299 2568 vocat
334 2543 365 2568 et
399 2539 490 2568 turba
515 2537 709 2579 faventium,
743 2536 826 2568 inter

75 2577 213 2611 faustam
229 2579 338 2623 populi
362 2579 533 2622 praeeuntis
550 2580 824 2612 acclamationem.

75 2621 118 2654 In
131 2633 215 2654 mure
226 2625 404 2662 proximum,
426 2623 624 2664 Tyrrhenum
649 2629 746 2665 puta;
769 2633 824 2653 va·

74 2664 138 2697 luit
151 2671 257 2698 autem
270 2665 336 2708 jam
352 2665 530 2708 antiquitus
549 2665 754 2707 proverbialis
769 2665 826 2697 illa

74 2707 207 2744 locutio.
222 2719 298 2752 qua,
314 2707 371 2751 qui
388 2719 436 2740 res
450 2708 602 2758 quasdam
617 2714 827 2740 contemnunt

20 2755 22 2757 ’
74 2753 108 2783 et
121 2749 202 2782 nihil
226 2758 350 2787 curant,
366 2762 421 2783 eas
436 2763 468 2783 se
484 2763 518 2783 in
543 2762 659 2794 aquarn
683 2751 820 2793 abjicere

74 2793 158 2827 velle
173 2793 276 2826 aiunt.
323 2795 509 2837 Opportune
525 2794 557 2825 in
575 2796 656 2825 hanc
679 2805 744 2826 rem
770 2795 821 2827 Cl.

75 2835 107 2869 B
146 2836 277 2879 ttigerus
300 2837 410 2869 laudat
434 2838 569 2869 Lucian.
584 2838 667 2869 Tim.
683 2839 698 2879 ς
713 2838 766 2874 56,
790 2849 821 2880 ρ,

78 2846 152 2916 lg,
168 2882 234 2913 Σοῦ
250 2880 282 2913 δὲ
298 2881 402 2913 αὐτοῦ
417 2880 519 2923 χάριν
532 2881 693 2920 ἐστάλην,
711 2881 757 2918 ὡς
772 2882 820 2923 μὴ

75 2919 248 2968 διαφθείρη
265 2935 302 2956 σε
318 2926 356 2956 τὸ
373 2925 532 2956 κάκιστον
549 2926 648 2956 τοῦτο
673 2925 727 2955 καὶ
750 2924 820 2956 ἐπι,

75 2964 294 3006 βοὺλότατυν
309 2970 422 3009 κτῆμα
438 2968 455 2999 ὁ
473 2968 634 3006 πλοῦτος,
646 2967 663 2998 ὁ
678 2968 823 3006 πολλοῖς

77 3007 246 3048 πολλάκις
254 3010 360 3049 αἴτιος
368 3009 568 3051 ἀνηκέστων
578 3013 759 3052 συμφορῶν
767 3023 821 3051 γε·

436 1465 698 1508 Consortem
721 1465 884 1507 socium
907 1465 1027 1508 fallat
1049 1473 1093 1508 et
1114 1466 1351 1522 hospitem,

880 1589 1082 1633 γενημένος·
1102 1590 1130 1622 εἰ
1147 1590 1212 1633 γάρ
1235 1603 1293 1633 μοι
1317 1590 1458 1628 πείθοιο,
1481 1590 1631 1633 μάλιστα

877 1634 962 1666 ὅλον
978 1634 1024 1672 εἰς
1041 1635 1106 1673 τὴν
1122 1634 1302 1666 θάλατταν
1325 1633 1435 1676 φέρων
1457 1635 1632 1678 ἐμβαλεῖς.

879 1676 1025 1716 Lapides,
1053 1677 1207 1707 uniones:
1233 1677 1275 1708 cf.
1291 1677 1331 1708 ad
1356 1677 1477 1709 Catull.
1501 1678 1579 1714 lxix,
1597 1681 1630 1711 4.

879 1719 998 1750 Mentes
1038 1722 1129 1750 nimis
1162 1726 1280 1757 tenerae,
1311 1730 1384 1760 quae
1421 1731 1503 1752 nunc
1537 1721 1631 1754 nimis

877 1762 968 1792 molli
986 1768 1017 1794 et
1029 1763 1214 1793 effeminata
1227 1762 1350 1794 ratione
1366 1769 1555 1795 tractantur.

922 1807 1062 1836 54—58.
1089 1805 1191 1836 Nescit
1204 1816 1276 1846 equo
1291 1807 1378 1836 rudis
1393 1807 1514 1841 hoerere.
1531 1812 1606 1839 cett.
1621 1819 1630 1838 z

879 1858 957 1889 puer
981 1848 1159 1884 Romanus,
1190 1859 1244 1890 pro
1277 1848 1418 1880 molliore
1448 1859 1513 1890 qua
1543 1861 1633 1882 nunc

875 1891 1030 1922 educatur
1045 1898 1175 1929 ratione,
1191 1891 1356 1932 equitandi
1372 1891 1447 1923 artis
1461 1892 1634 1935 imperitus*

874 1941 933 1964 est.
993 1934 1177 1965 pertinebat
1207 1939 1314 1964 autem
1345 1934 1384 1965 ad
1423 1935 1627 1977 disciplinam

877 1976 1058 2007 Romanam
1084 1988 1134 2008 ars
1160 1976 1326 2018 equitandi
1351 1982 1382 2008 et
1403 1978 1540 2016 venatio,
1562 1990 1627 2021 qua

875 2019 964 2061 pueri
981 2019 1019 2050 ad
1036 2021 1160 2051 labores
1177 2021 1208 2050 in
1226 2019 1310 2051 bello
1327 2020 1470 2052 ferendos
1487 2022 1626 2054 obdura-

875 2068 999 2093 rentur:
1033 2063 1098 2094 vid.
1124 2063 1181 2094 inf.
1206 2063 1245 2094 ad
1278 2064 1344 2094 Sat.
1376 2063 1410 2099 ii,
1441 2065 1474 2099 2,
1505 2066 1537 2101 9,
1573 2067 1629 2098 10.

873 2106 1022 2146 Jungunt
1037 2108 1124 2138 rudis
1146 2109 1251 2142 nescit,
1276 2107 1359 2148 quod
1385 2108 1510 2149 poetica
1532 2109 1627 2151 copia

874 2159 929 2190 pro
951 2149 1107 2189 simplice,
1137 2150 1238 2180 nescit
1259 2149 1308 2180 vel
1338 2149 1473 2190 ignorat,
1501 2150 1624 2184 dictum

873 2202 941 2223 esse
965 2198 1091 2234 putant.
1137 2192 1200 2223 Sed
1227 2193 1380 2228 nondum,
1407 2200 1443 2224 ut
1464 2194 1504 2225 de
1527 2194 1624 2237 hujus

872 2234 1044 2266 locutionis
1079 2236 1252 2267 Latinitate
1282 2235 1359 2266 mihi
1388 2236 1622 2277 persuaderem,

872 2278 988 2309 adduci
1006 2278 1105 2320 potui.
1151 2279 1237 2309 Nam
1254 2280 1326 2321 quis
1343 2279 1420 2310 ferat
1438 2281 1520 2311 hoc‘!
1543 2293 1623 2321 puer

871 2323 1024 2362 ingenuus
1040 2324 1127 2354 rudis
1143 2323 1231 2364 (pro,
1254 2322 1419 2363 equitandi
1440 2323 1621 2366 imperitus)

871 2367 964 2396 vescit
974 2366 1084 2396 horrere
1096 2377 1180 2406 equo,
1192 2376 1258 2407 pro.
1275 2375 1336 2395 non
1350 2372 1451 2407 potest
1468 2367 1623 2407 equitare.

870 2408 957 2445 Quid
971 2409 983 2438 7.
1007 2408 1033 2439 si
1050 2419 1105 2450 pro
1121 2412 1207 2439 rudis
1231 2409 1383 2439 Horatius
1398 2411 1472 2440 rudi
1484 2410 1620 2452 scripse-

869 2450 931 2481 rit?
956 2450 989 2481 h.
1005 2462 1034 2482 e.
1052 2462 1134 2492 equo
1152 2451 1291 2483 nondum
1309 2451 1430 2482 domito
1446 2459 1475 2483 et
1499 2453 1620 2485 condo-

868 2494 1001 2530 cefacto,
1026 2494 1114 2535 quali
1137 2494 1265 2535 quidem
1280 2494 1335 2536 qui
1350 2494 1478 2532 insidet,
1495 2497 1618 2535 haerere,

870 2537 902 2567 h.
919 2547 947 2568 e.
962 2537 1091 2568 firmiter
1103 2538 1130 2568 ei
1147 2537 1285 2569 insidere
1302 2538 1407 2568 debet.
1455 2539 1569 2571 Cicero
1586 2551 1619 2583 p.

870 2580 975 2611 Deiot.
992 2591 1022 2611 e.
1045 2582 1093 2615 lO,
1112 2580 1221 2621 Itaque
1236 2581 1418 2611 Deiotarum
1433 2592 1500 2612 cnm
1514 2583 1620 2622 plures

868 2625 900 2653 in
929 2634 1037 2664 equum
1061 2626 1266 2658 sustulissent.
1295 2626 1372 2665 qnod
1396 2625 1509 2656 haerere
1531 2627 1564 2657 in
1587 2639 1620 2658 eo

869 2677 955 2697 senex
970 2673 1073 2705 posset,
1088 2669 1239 2698 admirari
1254 2668 1391 2698 solemus.
1430 2668 1516 2699 Nam
1533 2669 1619 2710 quod

871 2709 1016 2740 nonnulli
1033 2710 1126 2741 verbo
1142 2712 1252 2742 harere
1270 2711 1428 2742 notionem
1452 2710 1617 2743 infirmita·

865 2751 906 2782 tis
921 2754 1024 2784 inesse
1040 2753 1236 2789 existimant,
1248 2759 1284 2784 ut
1300 2753 1341 2784 sit
1356 2755 1515 2795 pro,male
1525 2756 1617 2798 equi-

864 2800 943 2830 tare,
969 2796 1134 2827 sententiae
1161 2797 1256 2838 plane
1280 2803 1457 2839 repugnat;
1491 2797 1518 2828 si
1545 2799 1617 2840 quis

866 2840 959 2870 nescit
995 2838 1078 2870 male
1110 2839 1264 2881 equitare,
1294 2839 1380 2870 haud
1407 2840 1505 2872 dubie
1535 2842 1617 2874 bene

865 2882 1010 2923 equitat;
1033 2887 1065 2912 at
1087 2883 1141 2924 qui
1164 2886 1258 2914 nescit
1280 2882 1410 2914 firmiter
1431 2893 1514 2925 equo
1537 2884 1615 2915 insi-

865 2924 950 2960 dere,
980 2925 1062 2956 male
1091 2925 1226 2966 equitat.
1283 2926 1332 2957 Ad
1362 2926 1469 2956 studia
1497 2932 1615 2965 autem,

866 2967 981 3009 quibus
1007 2967 1096 3010 pueri
1125 2969 1265 3000 Romani
1292 2968 1326 3000 iu
1347 2969 1470 3010 Campo
1495 2969 1616 3001 Martio

865 3011 1105 3048 exercebantur,
1127 3012 1316 3054 pertinuisse
1331 3021 1460 3054 quoque
1482 3011 1554 3049 hoc,
1579 3018 1615 3043 ut
