1904 3314
345 207 431 250 364

880 206 1310 251 SATIRARUM

373 313 430 353 80
459 311 545 353 Sed
567 303 720 361 tamen,
742 317 790 351 ut
810 311 993 352 monitus
1015 326 1180 362 caveas,
1201 326 1254 353 ne
1276 311 1385 353 forte
1406 311 1554 364 negoti

454 378 639 420 Incutiat
660 378 737 418 tibi
757 378 860 431 quid
883 385 1121 420 sanctarum
1142 379 1307 420 inscitia
1326 378 1490 433 legum:

457 445 503 486 Si
523 443 630 485 mala
650 444 890 485 condiderit
909 445 950 485 in
972 460 1095 499 quem
1118 446 1212 499 quis
1234 447 1431 495 carmina,
1448 447 1520 500 jus
1543 452 1609 487 est

399 548 414 553 ι
455 511 771 564 Judiciumque.

834 511 956 560 Esto,
981 513 1014 552 si
1036 513 1130 565 quis
1152 512 1282 553 mala:
1316 514 1390 553 sed
1414 513 1527 554 bona
1547 513 1582 553 si
1603 513 1698 567 quis

453 578 608 618 Judice
630 578 868 618 condiderit
889 578 1087 618 laudatus
1110 578 1308 620 Caesare?
1341 580 1375 619 si
1396 577 1490 633 quis

370 645 424 685 85
456 644 716 698 Opprobriis
739 645 912 698 dignum
933 643 1163 693 latraverit,
1185 645 1352 699 integer
1372 647 1491 700 ipse?

455 711 683 752 Solventur
704 711 791 751 risu
813 710 992 760 tabulae3
1025 719 1071 751 tu
1092 712 1243 752 missus
1265 713 1414 753 abibis.

932 897 1165 939 SATIRA
1195 899 1253 940 ΙΙ.

449 1039 564 1084 QUAE
586 1038 733 1087 virtus,
756 1046 799 1079 et
819 1046 993 1092 quanta,
1015 1040 1128 1088 boni,
1153 1041 1206 1080 sit
1226 1041 1366 1081 vivere
1388 1055 1532 1094 parvo,

448 1105 560 1157 (Nec
581 1119 697 1145 meus
719 1105 787 1145 hic
809 1120 946 1146 sermo
968 1113 1046 1155 est,
1070 1107 1145 1147 sed
1167 1121 1262 1160 quae
1283 1108 1488 1161 praecepit
1509 1107 1679 1148 Ofellus

376 1229 428 1265 79,
451 1230 504 1258 80.
539 1228 626 1258 Nihil
656 1230 724 1259 hinc
751 1228 910 1268 diffindere
934 1240 1062 1269 possum.

334 1270 439 1300 Mira
434 1281 463 1300 ιιι
482 1270 539 1301 hoc
555 1270 622 1301 loco
638 1276 685 1301 est
701 1270 841 1300 lectionis
855 1271 1003 1302 varietas:
1029 1271 1062 1302 in

333 1317 409 1342 vett.
436 1312 520 1342 librr.
546 1312 629 1343 enim
653 1320 684 1343 et
707 1312 796 1343 editt.
826 1323 880 1354 pro
905 1313 1062 1353 diffindere

334 1359 409 1384 teste
423 1355 485 1385 Fea
500 1354 612 1394 legitur
627 1355 672 1385 vel
689 1354 857 1394 diffingere,
875 1355 922 1385 vel
945 1355 1061 1397 diffun-

333 1398 413 1432 dere,
430 1395 478 1427 vel
492 1396 637 1435 diffidere,
653 1397 700 1427 vel
724 1398 883 1437 (stringere,
898 1397 946 1428 vel
967 1399 1062 1438 deffin-

333 1440 414 1474 dere,
432 1438 479 1468 vel
497 1438 582 1479 diffig
585 1449 643 1473 ere,
666 1438 713 1469 vel
738 1440 920 1479 defringere
965 1440 1063 1470 Bent-

335 1479 413 1511 leius
438 1486 468 1510 et
486 1480 682 1511 Heindorfius
699 1480 872 1511 defendunt
893 1481 1061 1522 diffingere,

333 1527 368 1553 ut
381 1521 432 1557 sit,
450 1527 579 1556 mutare,
594 1523 777 1560 immutare3
802 1523 855 1553 sed
872 1523 928 1554 hoc
954 1534 1062 1573 parum

333 1564 497 1605 respondet
512 1565 610 1595 verbis
632 1564 890 1606 praecedentibus,
913 1567 971 1596 nisi
992 1567 1064 1605 quid

334 1607 580 1636 tu—Dissmtz's:
608 1617 666 1647 ego
689 1607 761 1637 dedi
785 1606 955 1646 diffindere,
979 1578 1063 1648 qquod

330 1647 363 1677 in
379 1649 484 1678 eodem
502 1658 604 1685 sensu,
619 1659 681 1689 quo
695 1659 792 1678 secate
807 1658 877 1689 sup.
894 1650 955 1679 Sat.
972 1660 994 1683 1,
1014 1650 1062 1687 10,

335 1691 385 1724 15,
402 1690 502 1720 etinf.
517 1690 624 1737 Epist.
640 1701 660 1726 1,
680 1691 730 1725 16,
749 1691 800 1726 42,
823 1700 887 1731 pr,o
909 1673 1062 1727 dirimere,

331 1731 462 1773 positum
477 1731 630 1762 existimo.

375 1775 428 1804 81.
471 1775 653 1804 Sanctarum
687 1775 809 1804 inscitia
845 1775 962 1814 legum:
1001 1785 1064 1806 nou

330 1816 415 1856 leges
438 1815 478 1846 xii
502 1816 603 1846 'Iabb.
620 1822 711 1857 poeta
734 1815 879 1857 respexit,
895 1817 948 1847 sed
969 1827 1062 1858 quas-

331 1868 455 1899 cunque
481 1858 569 1893 alias,
593 1858 720 1905 quibus,
746 1869 785 1889 ne
808 1858 880 1898 quis
903 1859 1064 1890 maledicis

333 1899 419 1930 libris
435 1900 506 1930 vel*
500 1899 712 1940 ignominiosis
727 1900 916 1930 carminibus
933 1901 1062 1932 aliorum

329 1942 421 1972 bonae
451 1941 541 1972 sama,
565 1947 700 1976 noceret,
726 1948 853 1972 cautum
880 1942 954 1972 fuit:
989 1945 1032 1984 leg
1019 1955 1066 1974 oes

331 1991 450 2018 sancta,
465 1989 571 2014 sancte
588 1983 714 2014 omnino
729 1984 842 2025 cuique
853 1970 1063 2016 οὺεεινιιιιᾱῗε.

374 2028 427 2056 83.
450 2026 508 2055 Jus
522 2032 564 2055 est
578 2025 802 2065 Judiciumque,
820 2026 850 2056 in
863 2026 917 2067 jus
932 2033 962 2058 et
975 2027 1062 2068 judi-

329 2067 412 2099 cium
425 2074 563 2098 vocatur.

374 2110 636 2143 85.Iat1··averit,
653 2109 794 2139 latrando
814 2109 965 2150 petiverit,
983 2111 1061 2141 alla-

332 2151 477 2183 traverit:
513 2152 554 2182 cf.
576 2162 645 2192 sup.
671 2151 770 2192 Epod.
793 2153 813 2181 6
837 2152 874 2181 ad
903 2163 931 2182 v.
959 2154 1060 2182 1—4:

329 2195 443 2225 latrare
456 2195 581 2233 aliquem
598 2204 652 2234 pro
667 2195 815 2223 allatrare
836 2195 962 2233 aliquem
985 2194 1063 2225 dixit

330 2246 456 2277 quoque
483 2237 599 2266 Noster
623 2235 723 2276 Epod.
748 2238 779 2270 5,
797 2237 850 2270 58,
866 2242 898 2265 et
923 2235 1058 2277 Epist.i,

331 2279 364 2314 2,
381 2279 433 2309 66.
479 2279 624 2309 Ceterum
642 2277 769 2312 locutio,
794 2278 908 2308 latrare
921 2278 968 2308 vel
980 2279 1059 2308 alla-

331 2328 415 2351 trare
431 2321 557 2360 aliquem
574 2330 634 2350 non
650 2324 782 2353 tantum,
800 2325 835 2349 ut
851 2326 938 2361 putat
962 2321 1057 2351 Bent-

331 2362 422 2398 leius,
448 2362 495 2396 de.
511 2362 631 2403 ignavis
653 2367 684 2392 et
706 2361 831 2397 timidis,
848 2362 902 2402 qui
918 2372 996 2392 vauo
1013 2362 1060 2392 la-

330 2410 412 2435 tratu
437 2404 575 2435 fortiores
597 2410 713 2445 petant,
740 2404 792 2434 sed
820 2403 851 2433 in
882 2405 1005 2435 univers
1006 2415 1059 2435 um

331 2457 396 2488 pro,
426 2446 593 2477 maledicta
622 2445 717 2476 alicui
740 2445 878 2486 ingerere
910 2446 1057 2487 ponitur:

330 2489 371 2519 cf.
398 2488 522 2519 Livium
544 2499 561 2518 a
584 2489 723 2519 Gesnero
747 2487 907 2518 laudatum
931 2489 1059 2525 xxxviii,

330 2532 383 2566 54,
398 2531 450 2561 ubi
466 2531 543 2561 Cato
551 2530 705 2572 Scipionis
720 2530 965 2570 magnitudinem
980 2532 1058 2561 alla-

330 2580 422 2603 trasse
441 2572 566 2603 dicitur.
612 2572 730 2603 Eadem
756 2573 903 2613 imagine,
927 2583 945 2603 a
970 2574 1057 2604 caui-

329 2615 389 2645 bus
405 2615 574 2646 acrioribus
589 2615 748 2651 translata,
763 2614 877 2656 aliquis
899 2618 1059 2654 opprobriis

330 2657 530 2688 mordereinf.
547 2657 647 2698 Epist.
662 2657 683 2692 i,
702 2658 752 2692 16,
769 2658 819 2692 38,
838 2662 879 2692 et,
902 2657 956 2698 qui
980 2669 1057 2689 mor-

328 2701 378 2730 det
394 2699 573 2746 opprobriis,
586 2701 707 2729 mordax
726 2681 840 2729 dicitur
863 2709 932 2740 sup.
955 2701 1020 2731 Sat
1037 2701 1058 2737 i,

328 2744 359 2779 4,
374 2743 426 2772 93.
470 2743 533 2772 Ριο
549 2743 706 2772 latraverit
722 2741 753 2771 in
771 2752 834 2771 uno
850 2741 957 2772 codice
973 2743 1056 2784 apud

330 2784 425 2816 Feam
440 2790 471 2815 et
487 2783 520 2814 in
535 2783 654 2825 aliquot
668 2782 813 2814 Lambini
836 2783 922 2813 libris
945 2785 1056 2831 reperi-

327 2832 376 2857 tur
391 2827 577 2861 laceraverit,
593 2825 677 2867 quod
693 2831 797 2867 aperte
811 2825 945 2867 speciem
962 2825 1056 2856 inter-

327 2869 507 2910 pretationis
530 2879 614 2899 vocis
645 2869 802 2899 latraverit
831 2878 895 2909 prae
925 2878 958 2898 se
987 2868 1054 2900 fert.

327 2910 540 2942 Nihilominus
563 2915 667 2941 tamen
689 2909 852 2941 lectionem
878 2913 1055 2942 lacer-aierit

326 2953 527 2995 praetulerunt
543 2952 707 2984 Bentleius
720 2958 752 2984 et
768 2952 976 2984 Heindorfius.

1170 1231 1190 1261 6
1193 1230 1383 1261 ..Solventm-
1395 1231 1459 1260 risu
1476 1229 1604 1260 talmlae.
1599 1241 1606 1248 ·
1628 1228 1734 1260 Schol.
1745 1228 1836 1266 Aer..

1106 1231 1189 1308 Auge?
1203 1273 1343 1302 subsellia
1366 1273 1527 1308 solventur,
1543 1274 1565 1302 ι’.
1579 1282 1604 1301 e.
1618 1282 1755 1312 compago
1777 1272 1836 1312 lig-

1105 1325 1221 1349 πονιιιη,
1243 1321 1297 1344 aut
1315 1316 1382 1354 ipsae
1407 1315 1504 1353 legen
1529 1313 1611 1344 uude
1637 1312 1836 1344 Heindorfius

1105 1355 1189 1385 hunc
1206 1357 1309 1386 locum
1325 1357 1369 1386 ita
1382 1355 1414 1386 in
1431 1354 1512 1385 notis
1528 1354 1717 1386 Germanice
1739 1353 1836 1386 inter-

1106 1402 1243 1437 pretatus
1268 1403 1326 1433 est,
1349 1409 1378 1429 es
1398 1399 1474 1427 wird
1495 1398 1556 1427 sich
1576 1399 1626 1428 ein
1646 1397 1752 1428 solches
1775 1397 1836 1428 Ge-

1106 1440 1220 1470 lai-liter
1232 1440 1366 1476 erheben,
1383 1441 1448 1470 dass
1468 1441 1562 1469 ‹lavon
1582 1440 1629 1469 die
1653 1438 1761 1470 Breter
1781 1450 1836 1470 aus

1103 1482 1247 1511 einander
1259 1483 1349 1520 gehn.
1395 1482 1440 1511 At
1454 1491 1493 1511 ex
1507 1490 1570 1522 qua
1592 1481 1717 1520 tandem
1739 1490 1836 1512 causa

1105 1523 1181 1552 tanti
1196 1523 1341 1553 cachinni
1355 1522 1524 1553 extollendi
1546 1527 1647 1559 erant,
1670 1527 1706 1553 ut
1727 1531 1835 1557 eorum

1106 1564 1208 1594 sonitu
1225 1571 1256 1595 et
1271 1565 1387 1605 fragore
1402 1563 1620 1595 subselliorum
1635 1564 1750 1595 tabula
1771 1564 1836 1595 sol-

1108 1612 1275 1637 verentur.
1263 1608 1275 1628 '³
1321 1606 1402 1643 Quis
1411 1607 1473 1637 tale
1487 1606 1564 1648 quid
1575 1606 1741 1637 Horatium
1750 1616 1836 1638 nunc

1106 1648 1276 1689 exprimere
1290 1649 1424 1679 voluisse
1437 1648 1495 1679 sibi
1517 1648 1723 1697 persuadeat?
1766 1649 1836 1680 Imo

1106 1700 1144 1720 ex
1169 1701 1237 1721 mea
1260 1691 1413 1722 sententia
1435 1691 1461 1721 Γ
1464 1689 1610 1725 rebatms
1626 1689 1682 1731 qui
1705 1689 1836 1722 Horatio

1107 1733 1282 1774 respondet,
1298 1733 1466 1774 exprimere
1480 1732 1577 1764 voluit
1598 1732 1676 1763 hoc:
1701 1733 1794 1768 Sane,
1808 1732 1835 1763 si

1106 1775 1243 1805 carmina
1265 1785 1335 1815 quae
1356 1775 1515 1816 componis
1537 1775 1620 1805 bona
1640 1779 1724 1809 sunt,
1747 1778 1780 1805 et
1801 1779 1836 1806 tu

1106 1816 1171 1857 ipse
1187 1817 1306 1856 integer
1319 1817 1493 1864 opprobriis
1505 1821 1625 1847 tantum
1629 1816 1751 1863 dignos
1764 1826 1835 1858 per-

1104 1858 1238 1899 stringis,
1252 1850 1358 1899 leges
1353 1869 1384 1889 ιιι
1399 1858 1512 1889 tabulis
1524 1857 1700 1906 perscripto
1721 1859 1835 1890 solven-

1108 1907 1160 1930 tur·
1175 1901 1230 1931 illa
1243 1901 1284 1935 vi,
1303 1911 1396 1942 quam
1420 1900 1452 1931 iu
1474 1900 1643 1931 maledicos
1661 1905 1691 1931 et
1712 1900 1834 1931 calum-

1108 1942 1241 1973 niatores
1256 1943 1383 1978 liabent,
1399 1945 1476 1978 risa,
1497 1953 1559 1973 non
1575 1941 1643 1973 sine
1658 1941 1734 1978 risu,
1757 1942 1833 1973 dum

1108 1984 1166 2025 ipsi
1193 1985 1315 2026 judices
1347 1985 1488 2015 ridebunt
1518 1984 1670 2020 homines.
1701 1994 1834 2035 quorum

1107 2027 1183 2057 vitia
1197 2034 1229 2057 tu
1244 2027 1410 2058 deridenda
1431 2025 1623 2069 propinasti,
1643 2030 1677 2057 et
1695 2036 1741 2057 sic
1764 2028 1835 2058 mis-

1106 2080 1154 2099 sus
1171 2068 1331 2110 (impune)
1346 2079 1383 2099 ex
1404 2069 1523 2116 judicio
1537 2069 1637 2099 abibis.
1681 2067 1762 2109 Lege
1777 2068 1835 2098 ali-

1107 2111 1177 2151 quis
1192 2114 1264 2141 solvi
1279 2111 1452 2142 dicitur.1n
1467 2121 1560 2152 quem
1575 2110 1626 2141 lex
1641 2109 1749 2151 aliqua
1769 2120 1834 2141 non

1106 2153 1278 2183 exercenda
1293 2162 1359 2183 esse
1371 2143 1546 2194 judicatur:
1572 2152 1630 2182 inf.
1645 2152 1710 2183 Sat.
1732 2153 1764 2187 6,
1779 2153 1834 2189 69,

1106 2195 1226 2224 Solutus
1249 2196 1362 2235 legibus
1382 2197 1506 2230 insanis,
1528 2194 1641 2231 Liv.x‚
1661 2194 1711 2231 13,
1734 2195 1833 2225 tribu-

1103 2238 1190 2276 nique
1203 2238 1470 2275 plebis—aiebant,
1485 2247 1512 2266 se
1526 2238 1565 2266 ad
1586 2237 1728 2276 populum
1751 2238 1833 2266 lata·

1102 2289 1159 2312 ros,
1189 2280 1236 2308 uti
1267 2279 1380 2318 legibus
1410 2279 1605 2308 solverentur.
1658 2277 1731 2308 Jam
1755 2277 1832 2320 ipsae

1101 2319 1208 2360 leges
1201 2330 1233 2349 in
1249 2319 1364 2350 tabulis
1386 2319 1560 2367 perscriptae
1582 2319 1653 2350 solvi
1674 2318 1832 2355 dicuntur,

1102 2372 1146 2393 sc.
1162 2361 1203 2397 vi,
1220 2373 1313 2403 quarn
1333 2361 1444 2402 leges
1437 2372 1469 2392 ιιι
1485 2372 1538 2392 eos
1557 2366 1678 2396 tantum
1703 2361 1832 2398 habent,

1103 2404 1158 2445 qui
1183 2414 1254 2435 vere
1276 2410 1384 2435 contra
1405 2414 1457 2435 eas
1482 2409 1625 2445 peccunt.
1670 2402 1714 2433 At
1731 2403 1832 2435 Hora-

1103 2446 1175 2482 tius,
1193 2446 1260 2486 qui,
1284 2446 1494 2493 ipseinteger,
1517 2443 1689 2492 opprobriis
1708 2450 1832 2477 tantum

1102 2489 1214 2528 dignos
1228 2488 1291 2519 sale
1308 2488 1431 2519 satirico
1447 2486 1618 2535 perfricuit,
1639 2497 1701 2518 non
1723 2497 1832 2536 pecca-

1102 2531 1147 2560 vit
1167 2535 1274 2561 contra
1297 2530 1392 2570 leges,
1412 2530 1444 2560 in
1466 2529 1606 2560 homines
1629 2528 1711 2559 malo
1728 2529 1832 2560 animo

1100 2572 1229 2603 aliorum
1245 2573 1335 2603 bonae
1351 2573 1440 2604 famae
1456 2570 1637 2602 insidiantes
1651 2570 1751 2602 latas.
1775 2571 1832 2603 inf.

1100 2615 1198 2656 Epist.
1226 2614 1260 2650 ii,
1289 2616 1316 2651 l,
1346 2616 1417 2650 153,
1442 2615 1525 2648 Quin
1539 2615 1628 2644 etiam
1652 2614 1696 2643 lex
1723 2613 1830 2645 Paena-

1099 2668 1154 2698 que
1177 2658 1252 2691 lata.
1281 2659 1358 2687 malo
1384 2668 1447 2697 quae
1468 2657 1560 2687 nollet
1581 2655 1713 2686 carmine
1733 2666 1830 2696 quem-

1099 2711 1186 2739 quam
1221 2699 1369 2730 Describi.
1427 2699 1510 2739 Ergo
1539 2695 1716 2732 Trebatius,
1746 2698 1830 2738 leges

1100 2741 1171 2772 illas
1193 2743 1322 2772 solutum
1343 2742 1394 2776 iii,
1417 2741 1448 2772 h.
1469 2750 1500 2771 e.
1522 2749 1584 2771 non
1607 2739 1640 2770 in
1663 2738 1829 2770 Horatium

1098 2784 1268 2815 exercitum
1283 2782 1332 2819 iri,
1346 2784 1402 2814 ait.

1345 2865 1512 2897 SATIRA
1534 2865 1583 2896 11.

1140 2912 1215 2947 E,os
1239 2908 1294 2950 qui
1322 2907 1429 2950 paucis
1455 2907 1593 2939 contenti
1617 2906 1712 2938 vitam
1739 2906 1827 2938 insti-

1098 2959 1184 2986 tuere
1198 2951 1385 2988 didicerunt,
1401 2950 1492 2991 longe
1514 2948 1666 2982 feliciores
1679 2958 1749 2981 esse
1769 2948 1826 2980 ho-
