1884 3288
307 199 391 239 224

856 200 1254 246 CARMINUM

497 303 554 343 20
585 303 772 354 Laudes,
793 318 921 358 quam
941 303 1136 347 Calabrae
1159 306 1375 347 Pierides:
1409 321 1560 362 neque,

586 370 632 411 Si
651 370 812 412 chartae
834 371 999 420 sileant,
1021 373 1138 426 quod
1158 373 1268 414 bene
1290 372 1456 423 feceris,

587 437 835 479 Mercedem
854 437 1017 479 tuleris.

1079 439 1198 485 Quid
1219 440 1330 481 foret
1351 441 1442 482 Iliae

586 503 881 558 Mavortisque
903 519 1023 558 puer,
1048 505 1082 544 si
1103 506 1368 547 taciturnitas

589 569 798 611 Obstaret
819 571 977 611 meritis
999 571 1142 611 invida
1162 571 1366 614 Romuli?

502 637 562 676 25·
588 636 803 691 Ereptum
824 637 986 691 Stygiis
1007 637 1210 678 fluctibus
1233 638 1417 680 AEacum

584 702 752 752 Virtus,
773 710 816 744 et
837 703 967 752 favor,
991 709 1033 744 et
1053 702 1198 758 lingua
1219 705 1458 758 potentium

587 769 748 811 Vatum
768 770 970 810 divitibus
991 776 1212 811 consecrat
1234 769 1399 812 insulis.

586 836 779 890 Dignum
796 835 924 876 laude
945 836 1079 877 virum
1101 837 1232 877 Musa
1252 843 1367 877 vetat
1385 838 1491 878 mori
1509 854 1517 878 ε

594 902 716 945 Coelo
738 903 869 944 Musa
887 904 1001 944 beat.

1064 904 1134 945 Sic
1155 904 1275 945 Jovis
1296 905 1476 946 interest

501 970 556 1010 30
586 969 761 1024 Optatis
780 969 916 1024 epulis
938 970 1117 1024 impiger
1138 970 1351 1011 Hercules
1369 986 1378 1010 z

586 1036 758 1076 Clarum
779 1035 1045 1089 Tyndaridae
1067 1036 1184 1076 sidus
1206 1037 1261 1076 ab
1282 1035 1437 1076 infimis

585 1102 779 1149 Quassas
800 1103 987 1156 eripiunt
1008 1102 1254 1156 aequoribus
1275 1109 1390 1142 rates
1407 1117 1417 1142 ε

585 1167 778 1208 Ornatus
799 1168 923 1209 viridi
945 1174 1138 1222 tempora
1158 1169 1360 1222 pampino

586 1234 721 1276 Liber
740 1241 838 1275 vota
857 1235 995 1276 bonos
1017 1235 1136 1276 ducit
1156 1235 1210 1276 ad
1231 1235 1388 1276 exitus.

301 1355 400 1387 manis
415 1354 583 1396 quotannis
593 1353 728 1396 pendere
737 1354 901 1390 debebant,
913 1364 932 1385 a
948 1353 1037 1385 Livio

302 1407 427 1439 quoque
455 1397 568 1438 saepius
593 1398 775 1436 stipendium
801 1402 941 1427 vocatur.
984 1396 1036 1427 Sic

302 1439 428 1482 quidem
456 1449 576 1470 versum
599 1438 755 1470 decimum
778 1439 957 1480 septimum,
982 1438 1037 1479 qui

304 1481 448 1513 Bentleio
462 1486 498 1512 ut
513 1491 616 1512 versus
634 1481 673 1511 ab
689 1481 790 1512 aliena
809 1491 903 1511 manu
922 1480 1036 1522 impor-

301 1529 384 1554 tatus
403 1523 575 1571 ejiciendus
593 1522 720 1554 omnino
738 1523 910 1559 videbatur,
929 1523 968 1553 ab
987 1521 1036 1551 in-

302 1566 487 1608 terpretlbus
515 1575 588 1596 vero
622 1565 843 1596 recentioribus
870 1570 906 1594 ut
935 1574 1039 1595 versus

299 1614 461 1649 suspectus
482 1607 531 1639 vel
554 1607 643 1638 uncis
664 1607 805 1638 inclusus
827 1606 875 1637 vel
893 1606 1036 1636 asterisco

301 1656 428 1681 notatus
451 1649 521 1685 suit,
545 1654 626 1680 recte
644 1649 748 1680 locum
771 1659 862 1678 suurn
882 1658 1036 1689 occupare

300 1701 392 1733 posse
418 1697 505 1732 puto.
547 1692 761 1732 Importunam
787 1700 900 1732 nempe
929 1699 1036 1720 vocem

298 1735 452 1769 incendia,
474 1744 546 1774 quae
563 1739 672 1775 sponte
691 1733 838 1764 lectorem
857 1732 897 1762 ad
914 1731 1032 1771 cogita-

299 1775 414 1807 tionem
430 1775 469 1806 de
483 1775 605 1806 excidio
622 1774 821 1815 Carthaginis
837 1775 947 1816 (quam
964 1773 1033 1805 Sci-

298 1817 400 1859 pionis
414 1817 557 1848 Africani
572 1817 717 1858 Majoris,
731 1818 771 1848 de
785 1827 847 1858 quo
863 1826 962 1847 sermo
977 1821 1034 1853 est,

299 1861 480 1901 adoptatum
504 1866 659 1902 nepotem,
683 1861 724 1890 P.
748 1859 926 1906 Scipionem
950 1858 1034 1888 Afri-

299 1911 414 1932 canum
439 1902 608 1938 Minorem,
631 1901 685 1932 diu
709 1907 777 1943 post
798 1901 883 1931 illius
907 1906 1036 1932 mortem

298 1943 423 1974 demum
438 1943 588 1974 delevisse
597 1946 748 1982 constat),
765 1943 878 1974 ducere
889 1942 1035 1978 debebat,

297 1985 332 2016 in
349 1987 498 2026 stipendia
517 1985 648 2022 mutavi,
667 1986 758 2016 facile
780 1985 874 2027 hujus
893 1985 1033 2016 audaciae

298 2026 332 2059 in
357 2039 389 2060 re
412 2028 573 2069 desperata
596 2038 645 2059 me
670 2027 792 2059 veniam
819 2027 903 2069 apud
927 2037 1034 2067 aequos

294 2069 418 2112 judices
447 2070 682 2111 impetraturum
720 2080 784 2100 esse
819 2076 914 2100 ratus.
963 2070 1034 2100 Vox

298 2114 439 2144 incendia
458 2112 541 2142 haud
560 2112 654 2143 dubie
675 2112 804 2143 debetur
821 2111 946 2142 indocto
965 2111 1033 2142 cui-

297 2154 368 2185 dam
389 2153 614 2191 Grammatico,
629 2154 695 2195 qui,
711 2164 781 2184 cum
801 2155 957 2184 notionem
976 2163 1029 2184 vo-

297 2196 342 2227 cis
360 2198 510 2237 stipendia
529 2207 589 2226 non
606 2196 679 2226 satis
699 2201 835 2237 caperet,
851 2202 883 2226 et
900 2195 1031 2226 duorum

298 2238 481 2280 Scipionum
496 2248 545 2269 res
559 2244 661 2279 gestas
677 2238 806 2280 turpiter
820 2237 900 2268 inter
915 2247 948 2268 se
963 2247 1030 2278 per-

297 2280 451 2319 misceret,
465 2280 654 2312 correctione
672 2290 729 2311 sua
745 2280 828 2310 hunc
845 2280 947 2310 locum
963 2289 1031 2310 cor-

296 2333 436 2365 rumpere
471 2333 535 2354 non
570 2323 705 2353 erubuit.
751 2324 812 2357 Qui
847 2324 958 2352 domita
995 2323 1031 2351 ab

296 2365 418 2407 Africa,
433 2365 487 2407 qui
503 2365 541 2396 ab
557 2364 663 2396 Africa
679 2364 849 2407 perdomita
864 2363 1033 2395 honorifico

296 2407 440 2448 Africani
470 2406 595 2438 nomine
623 2412 752 2438 ornatus
779 2406 885 2438 rediit:
921 2408 1033 2436 domita

296 2450 417 2491 Africa,
437 2449 509 2480 hinc
533 2449 617 2491 apud
636 2449 706 2480 Liv.
730 2449 859 2486 xxxviii,
879 2449 919 2480 53
941 2450 1034 2479 domi-

296 2498 343 2522 tor
377 2492 490 2533 Africae
523 2496 665 2522 vocatur.
714 2491 851 2522 Calabra:
886 2491 1031 2526 Pierides,

294 2534 434 2565 carmina
457 2533 563 2568 Ennii,
583 2533 698 2564 Rudiis
719 2533 751 2564 in
776 2532 924 2564 Calabria
946 2533 1032 2570 nati3

295 2577 336 2607 ob
351 2576 383 2606 id
397 2576 499 2618 ipsum
518 2582 634 2611 autem,
646 2575 731 2617 quod
746 2575 799 2606 ille
815 2580 877 2606 tam
893 2575 1033 2616 egregius

295 2618 451 2660 Scipionis
463 2617 593 2648 laudum
606 2628 709 2659 praeco
720 2617 834 2653 extitit,
848 2617 917 2659 ejus
932 2623 1035 2648 statua

292 2660 385 2702 juxta
404 2661 482 2691 duas
502 2660 684 2701 Scipionum
705 2665 823 2690 statuas
843 2661 954 2690 Romae
973 2670 1028 2691 ex-

294 2709 342 2734 tra
363 2709 481 2745 portam
507 2703 667 2743 Capenam
690 2702 791 2744 posita
814 2712 880 2733 esse
903 2701 1028 2738 dicitur,

295 2745 366 2776 Liv.
389 2745 466 2779 lviii,
490 2746 551 2782 563
577 2744 649 2775 hinc
674 2744 768 2775 Ovid.
792 2744 861 2775 Art.
884 2744 959 2775 Am.
982 2744 1028 2780 iii,

296 2788 370 2824 409,
387 2787 507 2818 Ennius
518 2788 656 2823 emeruit,
674 2787 812 2817 Calabris
831 2790 862 2816 in
879 2788 1028 2817 montibus

294 2836 390 2865 ortus,
416 2829 584 2871 Contiguus
602 2831 683 2869 poni,
704 2829 803 2868 Scipio
823 2839 942 2870 magne,
960 2830 1027 2860 tibi.

294 2872 327 2902 Si
341 2873 452 2903 ohartae
466 2873 594 2902 sileant:
621 2871 691 2903 Cic.
708 2881 762 2912 pro
780 2870 878 2901 Arch.
894 2871 980 2902 Poet.
996 2882 1027 2902 c.

298 2915 349 2951 lo,
374 2914 440 2945 Nisi
463 2913 537 2945 Ilias
557 2914 613 2944 illa
634 2915 789 2948 extitisset,
810 2914 957 2950 tumulus,
977 2915 1028 2953 qui

293 2967 398 2997 corpus
426 2958 489 2995 ejus
519 2955 691 2997 (Achillis)
718 2961 898 2991 contexerat,
926 2966 1028 2986 nomen

1078 1356 1168 1384 etiam
1183 1355 1335 1385 obruisset.
1381 1354 1468 1388 Quod
1480 1354 1682 1397 benefeceris,
1699 1357 1814 1389 Merce-

1079 1398 1144 1427 dem
1160 1397 1283 1427 tuleris:
1306 1396 1444 1428 imitatus
1460 1403 1506 1428 est
1522 1397 1683 1434 Horatius,
1700 1404 1736 1430 ut
1757 1401 1816 1431 ob-

1080 1444 1181 1469 servat
1203 1438 1254 1470 Cl.
1280 1438 1411 1469 Mitsch.
1441 1438 1570 1470 Pindar.
1594 1440 1649 1471 01.
1671 1450 1703 1476 x,
1729 1441 1812 1481 1093

1080 1480 1219 1520 Boettig.
1234 1485 1392 1522 comparat
1408 1480 1535 1512 Pindar.
1551 1481 1647 1513 Nem.
1661 1482 1716 1518 vii,
1730 1484 1783 1514 20.

1121 1523 1260 1553 22—27.
1291 1524 1374 1556 Quid
1394 1523 1482 1563 foret
1514 1522 1579 1554 Itiae
1611 1524 1814 1566 Mavortisque

1078 1574 1167 1603 puer,
1197 1569 1270 1594 cett.
1315 1566 1406 1601 Quae,
1431 1575 1550 1606 quaeso.
1580 1565 1710 1597 Romuli
1732 1573 1812 1598 esset

1080 1605 1188 1645 gloria,
1214 1605 1274 1636 nisi
1292 1605 1430 1642 divinam
1448 1606 1516 1648 ejus
1532 1606 1683 1647 originem
1701 1609 1814 1640 carmi-

1081 1647 1174 1678 nibus
1195 1647 1260 1678 suis
1283 1649 1323 1678 ab
1350 1648 1507 1679 oblivione
1532 1649 1721 1682 vindicasset
1746 1651 1813 1682 En·

1080 1689 1173 1720 nius‘!
1202 1689 1341 1720 Ennium
1365 1690 1450 1721 enim
1478 1690 1511 1721 in
1536 1691 1709 1728 Annalium
1734 1691 1814 1724 libro

1075 1731 1174 1774 primo
1189 1731 1268 1763 furta
1285 1733 1398 1764 Martis
1418 1743 1490 1763 cum
1512 1732 1602 1764 Rhea
1621 1733 1731 1769 Silvia,
1747 1734 1812 1766 sive

1076 1773 1149 1809 Ilia,
1179 1774 1310 1804 Romuli
1336 1780 1367 1805 et
1394 1775 1487 1806 Remi
1508 1781 1616 1810 matre,
1641 1785 1813 1813 enarrasse,

1077 1826 1148 1847 cum
1165 1826 1203 1847 ex
1218 1815 1313 1846 Ennii
1329 1817 1452 1857 Fragm.
1468 1817 1587 1848 Annal.
1601 1817 1640 1848 L.
1655 1818 1677 1849 i.
1692 1828 1724 1860 p.
1741 1819 1814 1855 123,

1082 1859 1155 1895 124,
1186 1858 1259 1889 edit.
1289 1859 1411 1890 Hessel.
1441 1864 1508 1890 tum
1536 1869 1576 1890 ex
1603 1859 1674 1890 loco
1707 1860 1815 1892 Ovidii

1080 1899 1170 1931 'frist
1191 1900 1224 1936 ii,
1241 1902 1315 1938 259,
1331 1900 1406 1932 satis
1422 1906 1560 1943 apparet.
1603 1900 1734 1933 Horatio
1756 1903 1813 1934 ob·

1082 1950 1235 1974 versatum
1265 1953 1331 1973 esse
1354 1943 1526 1974 Pindarum
1552 1944 1646 1984 Pyth.
1668 1943 1713 1980 iii,
1740 1945 1812 1982 198,

1077 1984 1196 2015 notavit
1210 1984 1340 2016 Mitsch.
1384 1985 1530 2024 Ereptum
1544 1985 1658 2026 Stygiis
1662 1986 1813 2027 fluctibus

1079 2027 1216 2062 AEacum,
1225 2032 1316 2062 cett„
1326 2027 1410 2068 quod
1421 2029 1544 2058 AEacus
1553 2037 1615 2058 non
1631 2029 1730 2060 nolum
1741 2029 1812 2070 Sty-

1074 2070 1136 2109 giis
1153 2070 1293 2116 fiuctibus
1308 2070 1358 2110 (h.
1375 2069 1571 2117 e.uoblivioni
1585 2069 1634 2110 vel
1650 2070 1752 2108 morti,
1769 2071 1813 2103 cf.

1074 2110 1812 2196 snivai&3233&:2135523‘205‘53'352⁴33:

1074 2194 1152 2225 dicis
1166 2195 1280 2226 honore
1293 2194 1337 2225 ibi
1354 2195 1477 2231 fruitur,
1493 2195 1524 2226 id
1541 2206 1722 2236 magnorum
1739 2207 1812 2238 poe-

1075 2242 1175 2267 tarum
1191 2237 1328 2277 ingenio.
1341 2237 1450 2273 favori,
1466 2244 1498 2268 et
1506 2248 1612 2269 eorum
1621 2238 1812 2270 carminibus

1075 2278 1189 2317 debet;
1218 2279 1360 2316 breviter,
1386 2289 1441 2320 per
1463 2285 1570 2320 poetas
1598 2290 1727 2322 quoque
1750 2281 1811 2312 im-

1076 2321 1296 2352 mortalitatem
1317 2326 1427 2352 nactus
1445 2326 1492 2352 est
1510 2323 1642 2354 AEacus.
1686 2323 1748 2353 Per
1761 2326 1811 2354 iu-

1075 2365 1156 2394 sulas
1171 2365 1277 2394 divites
1285 2363 1352 2404 jam
1369 2363 1508 2404 intellige
1523 2365 1639 2395 insulas
1654 2363 1721 2396 sive
1733 2367 1813 2396 seder

1076 2407 1185 2441 beatas,
1195 2405 1356 2448 μακάρων
1372 2405 1511 2444 νήσους,
1521 2406 1680 2442 subterra,
1693 2405 1731 2437 de
1740 2407 1810 2448 qui-

1076 2448 1135 2478 bus
1149 2447 1213 2478 vid.
1234 2448 1318 2488 Virg.
1337 2449 1415 2479 AEn.
1431 2447 1474 2484 vi,
1490 2449 1565 2484 638,
1581 2453 1612 2480 et
1626 2447 1671 2479 ibi
1686 2449 1790 2490 Heyn.

1118 2491 1257 2521 28—34.
1290 2491 1430 2531 Dignum
1461 2491 1552 2522 lamia
1586 2491 1812 2522 virum—Calo

1077 2533 1168 2564 Musa
1182 2533 1260 2564 beat.
1299 2533 1350 2564 Cl.
1368 2531 1498 2563 Mitsch.
1513 2539 1674 2575 comparat
1689 2533 1812 2564 Aristo-

1076 2575 1147 2605 telis
1165 2576 1274 2606 Paean.
1293 2586 1324 2606 v.
1342 2575 1384 2605 20
1402 2574 1436 2605 in
1453 2574 1585 2606 Anthol.
1603 2575 1708 2606 Graec.
1725 2575 1764 2606 T.
1787 2575 1809 2611 i,

1077 2628 1108 2659 p.
1134 2618 1207 2648 111.
1251 2617 1300 2648 Sic
1320 2617 1402 2647 Jovis
1423 2618 1546 2648 interest
1571 2617 1691 2656 Optatis
1713 2618 1810 2657 epulis

1073 2661 1201 2732 imtpifier
1222 2659 1380 2731 Hlerculgs,
1403 2658 1476 2706 hinc
1499 2658 1580 2731 iriter
1601 2657 1676 2732 degis
1693 2659 1810 2691 relatus

1073 2711 1107 2732 es
1177 2711 1249 2732 ercu
1263 2711 1315 2732 es:
1361 2710 1378 2731 e
1418 2710 1497 2731 risco
1572 2711 1632 2732 uen
1708 2711 1811 2738 encre,

1074 2746 1196 2774 deorum
1216 2754 1318 2774 mensae
1338 2743 1384 2774 vel
1397 2710 1495 2782 {pulis
1513 2711 1660 2780 fflffieri,
1677 2711 1744 2785 ἑο,
1760 2742 1808 2775 in—

1071 2791 1116 2817 ter
1130 2786 1204 2817 deos
1219 2791 1255 2816 ut
1271 2785 1364 2816 deum
1383 2784 1504 2821 versari.
1527 2785 1593 2816 vid.
1614 2795 1684 2827 sup.
1701 2785 1742 2816 ad
1762 2785 1807 2822 iii,

1070 2829 1101 2866 3,
1127 2829 1176 2859 11.
1221 2828 1346 2858 Clarum
1371 2826 1553 2868 Tyndaridae
1574 2827 1656 2858 sidus
1673 2828 1710 2857 ab
1732 2829 1805 2868 irfi-

1071 2873 1136 2905 mis,
1152 2875 1228 2902 cett.
1247 2879 1302 2912 per
1319 2873 1479 2911 poetarum
1497 2868 1636 2900 carmina
1655 2868 1803 2901 Dioscuri

1072 2913 1105 2943 in
1126 2913 1209 2944 coelo
1231 2911 1339 2944 lucent
1358 2916 1394 2942 ut
1414 2910 1457 2942 dii
1476 2913 1634 2953 σωτῆρες,
1654 2910 1807 2959 naufragii

1074 2954 1214 2997 inprimis
1247 2953 1386 2996 pericula
1417 2958 1591 2986 avertentes
1601 2965 1612 2993 ς
1649 2953 1809 2985 Theocrit·
