1884 3288
278 200 334 239 46

825 199 1227 244 CARMINUM

564 301 714 355 Nigris
735 308 808 342 aut
830 301 1083 356 Erymanthi

617 367 758 417 Silvis,
781 375 854 409 aut
874 369 1018 408 viridis
1041 369 1191 422 Cragi:

503 433 595 474 Vos
618 434 782 488 Tempe
803 435 980 474 totidem
1001 434 1134 474 tollite
1154 433 1367 481 laudibus,

423 501 474 540 10
504 499 802 553 Natalemque‚
824 514 976 548 mareS,
1000 499 1141 540 Delon
1161 497 1387 553 Apollinis,

543 565 860 619 ‘Insignemque
882 565 1085 618 pharetra

616 631 650 671 F
653 638 907 685 raternaque
927 631 1152 671 humerum
1171 629 1274 684 lyra.

505 697 591 738 Hic
611 696 770 737 bellum
789 697 1071 746 lacrimosum,
1093 697 1163 737 hic
1184 697 1379 736 miseram
1401 695 1552 737 samem

505 763 779 816 Pestemque,
801 778 825 803 a
844 763 1021 817 populo,
1043 763 1236 816 principe
1259 762 1445 812 Caesare,
1466 762 1510 802 in

459 830 477 840 ιν

428 831 477 869 lo
564 828 721 870 Persas
743 836 871 882 atque
894 829 1126 869 Britannos

619 894 778 936 Vestra
800 902 938 936 motus
961 901 1059 949 aget
1079 909 1221 948 prece.

803 1079 1075 1122 CARMEN
1108 1080 1261 1121 XXII.

708 1208 776 1238 AD
822 1207 1089 1238 ARISTIUM
1136 1207 1364 1238 FUSCUM.

510 1288 716 1330 INTEGER
739 1289 835 1330 vitae
857 1288 1113 1342 scelerisque
1134 1303 1269 1342 purus

508 1355 612 1396 Non
634 1363 732 1409 eget
753 1355 919 1396 Mauris
935 1354 1104 1409 jaculis,
1127 1369 1266 1408 neque
1288 1369 1403 1404 arcu,

284 1469 418 1507 undique
442 1467 559 1497 claudit
589 1467 672 1496 Silva
701 1471 775 1496 cett.
818 1465 879 1495 Ars
909 1464 1016 1495 Amat.

285 1508 332 1543 iii,
354 1510 429 1543 689,
449 1509 532 1538 Silva
553 1519 654 1538 nemus
675 1519 730 1537 uon
751 1509 815 1537 alta
828 1508 925 1548 facit,
944 1513 1017 1537 cett.

284 1550 433 1581 Jucunda
446 1550 540 1591 igitur
555 1549 586 1579 in
600 1549 685 1580 silvis
702 1549 816 1580 Dianae
832 1549 957 1579 fuerunt
966 1560 1016 1578 ne—

285 1603 380 1628 mora,
399 1592 432 1622 h.
454 1602 482 1622 e.
502 1592 570 1622 loca
590 1601 715 1622 amoena
735 1597 767 1622 et
788 1591 953 1628 recondita,
969 1601 1016 1621 re-

286 1644 406 1668 cessus,
438 1633 593 1674 praecipue
616 1633 647 1662 in
670 1633 822 1662 montium
845 1632 932 1673 jugis
955 1642 1018 1672 quo

286 1682 426 1716 spectare
447 1675 568 1704 videtur
587 1675 625 1705 τὸ
641 1677 809 1714 prominet:
830 1675 928 1715 possis
950 1675 1016 1704 haec

285 1728 405 1747 nemora
421 1726 531 1746 vocare
545 1718 639 1746 saltus
659 1717 844 1751 recmzditos5
870 1715 1018 1746 Catullus

286 1764 380 1796 certe,
401 1758 424 1788 l.
447 1758 468 1788 l.
488 1768 517 1788 v.
536 1759 556 1788 9
575 1768 645 1798 sqq.
671 1758 821 1788 Montium
842 1759 962 1787 domina
982 1763 1018 1787 ut

272 1800 373 1840 fores,
398 1801 606 1839 Silvarumque
625 1801 800 1834 virentium,
823 1800 1020 1839 Saltunmqne

284 1843 515 1872 reconditorum.
560 1841 611 1872 Cl.
625 1841 756 1871 Mitsch.
770 1841 801 1870 in
814 1841 975 1871 Annal.T.
987 1841 1022 1878 ii,

286 1894 319 1925 p.
334 1885 408 1920 688,
423 1883 562 1924 apposite
573 1893 644 1913 cum
662 1883 694 1912 h.
711 1883 733 1912 l.
745 1889 904 1923 comparat
921 1883 1020 1924 Orph.

286 1927 406 1966 Hymn.
427 1925 514 1961 xxxi,
529 1926 561 1959 4,
577 1926 611 1956 5.
657 1926 778 1965 Algido,
794 1930 908 1962 monte,
927 1935 1020 1965 prope

289 1967 428 2002 Roman,
442 1967 473 1996 in
484 1967 534 1996 via
542 1966 658 2007 Appia.
702 1966 897 2006 Erymanthi,
907 1967 1020 1996 montis

287 2009 320 2039 in
344 2008 491 2045 Arcadia,
516 2008 570 2038 ubi
593 2007 733 2048 inprimis
756 2007 930 2038 venationis
953 2015 1019 2038 stu-

287 2050 375 2081 dium
405 2059 544 2081 exercere
579 2049 698 2079 solebat
730 2050 854 2086 Diana3
894 2051 1021 2082 Homer.

288 2093 407 2133 Odyss.
434 2091 476 2127 vi,
508 2091 580 2121 103.
626 2091 734 2132 Gragi,
759 2091 864 2132 Lyciae
887 2092 1019 2131 montis;

286 2136 406 2168 viridis,
423 2133 562 2164 consitus
576 2132 671 2173 igitur
687 2133 737 2163 hic
754 2143 841 2163 mons
857 2133 915 2163 fuit
931 2134 1019 2164 arbo-

287 2177 387 2211 ribus,
402 2186 534 2216 quarum
552 2175 674 2205 frondes
691 2185 751 2205 non
770 2175 868 2214 nigro,
885 2182 917 2205 ut
932 2175 1019 2206 silvae

289 2218 487 2258 Erymanthi,
517 2216 571 2247 sed
597 2216 685 2246 viridi
707 2217 809 2247 colore
836 2216 919 2247 suere
945 2227 1019 2248 con-

289 2260 417 2301 spicum.
466 2259 589 2298 Tempe.-
620 2258 714 2299 hujus
738 2258 958 2289 amoenissimae
988 2259 1020 2289 in

287 2300 452 2332 Thessalia
475 2301 577 2335 vallis,
601 2301 655 2330 ubi
680 2300 796 2341 Apollo
819 2300 953 2330 suaviter
972 2301 1019 2330 in-

287 2345 408 2374 terdum
425 2353 494 2373 cum
511 2342 613 2372 Musis
627 2342 806 2373 delitescere
823 2342 953 2379 solebat,
969 2342 1022 2373 de-

287 2385 486 2428 scriptionem
495 2384 582 2415 dedit
593 2383 741 2414 AElianus
752 2385 827 2414 Var.
842 2384 924 2415 nist.
934 2384 978 2422 iii,
992 2386 1021 2415 1.

289 2427 566 2467 fraterna—lyra,
583 2426 679 2467 lyram
697 2426 778 2456 enim
797 2426 914 2468 Apollo
929 2426 1022 2457 debe-

287 2469 341 2499 bat
357 2469 442 2500 fratri
462 2479 519 2499 suo
538 2467 707 2506 Mercurio,
723 2467 778 2509 qui
800 2478 869 2509 sup.
889 2468 911 2503 i,
932 2469 981 2504 10,
1001 2469 1022 2499 6

288 2512 361 2552 lyrae
375 2522 484 2551 parens
498 2510 619 2540 dicitur.

332 2554 466 2583 13—16.
491 2553 561 2587 Hic,
580 2551 707 2592 Apollo,
724 2551 800 2582 deus
821 2561 1021 2582 averruncus.

287 2594 408 2625 Bellum
451 2596 652 2630 lacrimosum,
696 2593 791 2631 triste,
834 2593 1021 2632 exitiosum3

287 2637 414 2667 Homer.
434 2636 582 2676 πόλεμον
603 2634 820 2677 δακρυόεντα,
844 2636 951 2665 bellum
976 2637 1022 2665 Ια-

285 2679 440 2709 crimabile
465 2677 546 2708 dixit
571 2677 724 2717 Virgilius
754 2679 832 2708 AEn.
862 2677 916 2711 vii,
947 2678 1023 2708 604.

288 2720 406 2756 Persas,
425 2720 456 2750 h.
478 2729 507 2750 e.
523 2718 667 2754 Parthos,
683 2719 836 2749 Romanis
859 2718 1024 2749 infestissi-

287 2771 365 2793 mos.
409 2762 585 2796 Britannos,
616 2766 651 2791 ut
676 2761 828 2802 populum
857 2761 1024 2791 remotissi-

286 2814 384 2842 mum,
411 2805 488 2834 orbis
513 2806 567 2843 (ut
588 2802 735 2833 dicuntur
757 2802 812 2833 inf.
836 2802 859 2836 i.
884 2803 937 2838 35,
962 2803 1022 2843 29)

286 2847 419 2876 ultimos.
472 2846 561 2886 Aget,
590 2844 794 2886 propulsabit.
851 2845 933 2875 Cum
964 2845 1024 2876 fine

287 2887 384 2929 hujus
398 2887 544 2918 carminis
557 2887 607 2918 Cl.
623 2886 752 2918 Mitsch.
767 2891 927 2928 comparat
943 2886 1021 2916 Phi-

289 2929 367 2972 lippi
383 2929 524 2960 Thessal.
545 2929 605 2970 Ep.
627 2928 714 2960 xlvii.
733 2928 834 2962 Anth.
849 2929 908 2960 Gt.
928 2930 966 2959 T.
988 2928 1021 2964 ii,

1061 1475 1092 1506 p.
1123 1465 1198 1501 208,
1227 1464 1332 1502 Ζηνὸς
1365 1463 1422 1495 καὶ
1449 1463 1578 1502 Λητοῦς
1604 1463 1792 1505 θηροσκόπε

1061 1506 1172 1541 τοξότι
1187 1506 1299 1546 κούρη,
1309 1505 1476 1547 Ἀρτεμις,
1487 1506 1508 1544 ἣ
1525 1505 1699 1547 θαλάμους
1714 1506 1794 1543 τοὺς

1059 1547 1439 1589 ὀρέωνὲλαχες,Νοῦσον
1447 1547 1796 1589 τὴνστυγερὴναὺθη-

1059 1591 1162 1631 μερὸν
1177 1590 1211 1620 ἐκ
1225 1590 1392 1629 βασιλῆος
1405 1588 1634 1621 Ἐσθλοτάτου
1647 1589 1794 1632 πέμψαις
1876 1598 1878 1600 ’

1062 1633 1162 1674 ἄχρις
1177 1630 1421 1674 Ὑπερβορέων.

1261 1715 1460 1746 CARMEN
1485 1715 1596 1746 XXII.

1104 1757 1217 1787 Poetas
1239 1756 1353 1798 pietate
1372 1762 1403 1788 et
1422 1757 1602 1788 innocentia
1619 1767 1678 1788 sua
1695 1756 1795 1789 multo

1062 1798 1182 1835 fortius,
1205 1798 1230 1829 si
1251 1799 1283 1829 in
1302 1799 1373 1829 vitae
1393 1798 1567 1840 periculum
1587 1798 1795 1836 adducantur,

1062 1850 1156 1881 quam
1178 1841 1289 1871 ceteris
1311 1840 1404 1871 armis
1426 1841 1584 1876 omnibus,
1606 1841 1742 1881 defendi,
1762 1841 1796 1878 id

1063 1893 1095 1913 se
1121 1882 1222 1923 ipsum
1252 1893 1362 1924 nuper,
1388 1892 1459 1914 cum
1485 1882 1646 1914 horrendae
1674 1882 1796 1924 magni-

1064 1924 1181 1954 tudinis
1197 1925 1290 1965 lupus
1309 1930 1418 1965 sponte
1433 1935 1504 1955 eum
1522 1924 1555 1955 in
1571 1925 1652 1955 silva
1666 1925 1795 1961 Sabina,

1063 1965 1117 1996 ubi
1132 1965 1251 1996 defixus
1268 1966 1299 1996 in
1312 1966 1510 1997 meditatione
1521 1966 1668 1998 carminis
1679 1972 1796 1998 amato-

1063 2007 1100 2037 rii
1119 2008 1201 2040 uhta
1219 2009 1384 2038 terminum
1405 2018 1588 2050 progressus
1605 2014 1700 2044 esset,
1714 2008 1796 2040 iner-

1063 2059 1143 2080 mem
1157 2050 1232 2079 adeo
1244 2049 1368 2089 fugerit,
1381 2056 1538 2091 expertum
1549 2060 1628 2086 esse,
1638 2061 1710 2081 cum
1718 2051 1796 2082 ami-

1064 2101 1100 2121 co
1117 2101 1173 2122 suo
1189 2092 1288 2122 Fusco
1306 2092 1336 2122 in
1353 2091 1411 2122 hoc
1423 2091 1561 2122 carmine
1574 2093 1798 2124 communicat.

1065 2134 1137 2169 Qua
1160 2133 1286 2174 quidem
1309 2133 1498 2174 experientia
1520 2133 1597 2164 adeo
1615 2133 1647 2165 in
1670 2144 1798 2176 persua-

1063 2175 1150 2206 sione
1165 2176 1204 2205 de
1221 2175 1384 2216 singulari,
1399 2185 1462 2216 qua
1477 2175 1520 2216 pii
1536 2181 1636 2217 poete
1646 2177 1798 2214 fruantur,

1063 2216 1188 2247 deorum
1207 2219 1305 2247 tutela
1325 2227 1358 2248 se
1376 2217 1591 2248 confirmatum
1608 2227 1677 2250 esse
1691 2218 1747 2254 ait,
1762 2224 1800 2249 ut

1065 2259 1172 2289 nullus
1191 2259 1323 2296 dubitet,
1345 2259 1423 2300 quin
1445 2264 1532 2290 tutus
1552 2260 1591 2290 ab
1613 2259 1697 2291 omni
1717 2260 1798 2302 peri-

1064 2301 1147 2335 culo.
1165 2301 1282 2342 ubique
1297 2307 1457 2338 terrarum,
1474 2301 1698 2333 securoanimo
1713 2312 1798 2334 amo-

1067 2341 1151 2373 ribus
1168 2342 1233 2372 suis
1249 2342 1401 2374 canendis
1416 2352 1524 2374 vacare
1539 2343 1647 2384 possit.
1690 2343 1799 2376 Simile

1067 2384 1139 2414 vitae
1155 2384 1340 2426 periculum,
1356 2385 1439 2433 quod
1453 2384 1518 2426 jam
1528 2384 1601 2416 olim
1617 2395 1636 2416 a
1649 2396 1683 2418 se
1693 2396 1799 2428 puero,

1066 2431 1100 2456 ut
1126 2426 1230 2457 futuro
1256 2432 1356 2468 poeta,
1383 2427 1551 2467 singularis
1573 2427 1700 2459 deorum
1725 2438 1822 2470 cura,

1065 2469 1220 2504 averterit,
1238 2474 1342 2498 narrat
1363 2468 1419 2499 inf.
1440 2469 1484 2506 iii,
1499 2470 1531 2507 4,
1546 2470 1567 2500 9
1589 2479 1659 2510 sqq.
1705 2471 1799 2502 Cere-

1065 2520 1132 2540 rum
1151 2510 1191 2540 ad
1207 2510 1342 2541 eundem
1365 2512 1514 2541 Aristium
1535 2511 1676 2547 Fuscum,
1699 2521 1802 2560 gram·

1066 2552 1212 2582 mazicum
1229 2558 1261 2583 et
1274 2552 1437 2591 rhetorem,
1452 2559 1483 2583 et
1499 2553 1630 2584 Horatio
1646 2554 1799 2585 amicissi-

1066 2604 1164 2628 mum,
1182 2594 1298 2636 scripta
1313 2604 1438 2635 quoque
1451 2599 1500 2626 est
1517 2594 1660 2636 Epistola
1678 2595 1800 2628 decima

1066 2635 1123 2666 lib.
1139 2635 1168 2665 i:
1192 2636 1235 2666 cf.
1251 2638 1317 2666 Sat.
1334 2636 1356 2671 i,
1369 2637 1401 2672 9,
1418 2637 1470 2667 61.

1114 2679 1206 2708 1-3.
1230 2678 1352 2718 Integer
1367 2679 1448 2714 vile,
1465 2688 1518 2720 pro
1532 2678 1665 2719 vulgari,
1683 2680 1732 2710 vir
1750 2681 1800 2710 in-

1067 2726 1156 2760 tegroe
1172 2722 1240 2750 vitoe
1253 2732 1262 2750 .·
1285 2720 1330 2750 sic
1347 2719 1407 2750 inf.
1415 2721 1482 2750 Sat.
1497 2719 1531 2755 ii,
1546 2721 1578 2756 3.
1594 2722 1670 2759 200,
1683 2723 1801 2762 integer

1067 2763 1175 2798 animi,
1190 2767 1221 2792 et
1235 2761 1317 2804 apud
1335 2761 1429 2792 Ovid.
1445 2763 1524 2792 Met.
1538 2761 1662 2800 ix,44o‚
1679 2765 1803 2804 integer

1066 2806 1118 2833 avi
1134 2814 1200 2844 pro,
1211 2803 1257 2834 vir
1272 2803 1372 2834 aetatis
1382 2803 1486 2834 adhuc
1497 2802 1638 2844 integrae.
1680 2804 1803 2836 Mauris

1057 2846 1188 2885 jaculis,
1207 2845 1238 2876 h.
1256 2855 1285 2876 e.
1305 2844 1538 2882 Mauritanicis,
1559 2846 1673 2887 quibus
1692 2847 1801 2878 Mauri

1066 2888 1106 2917 ob
1122 2887 1264 2928 pericula
1277 2897 1296 2918 a
1309 2886 1381 2918 seris
1396 2887 1516 2923 bestiis,
1531 2889 1648 2928 quibus
1663 2888 1803 2920 scatebat

1067 2939 1171 2960 eorum
1202 2929 1296 2970 regio,
1323 2928 1384 2960 sibi
1408 2929 1543 2961 timenda
1565 2929 1710 2963 instructi
1735 2939 1802 2962 esse
