1904 3314
672 225 791 268 LIB
803 225 898 268 ER
929 225 990 276 II,
1022 227 1063 268 8.

663 328 783 371 Tum
802 329 1010 372 Vibidius
1033 328 1256 371 Balatroni
1273 346 1283 371 ι

207 330 416 375 Audieris
438 329 602 374 melius.

1547 225 1630 267 427

206 400 320 452 Nos,
342 401 424 442 nisi
445 398 649 442 damnose
670 397 874 448 bibimus,
896 397 1129 439 moriemur
1148 397 1274 439 inulti
1291 415 1301 449 ;

118 467 178 509 35
207 467 270 510 Et
290 467 444 510 calices
465 466 608 522 poscit
629 466 834 521 majores:

893 464 1082 507 Vertere
1104 464 1243 523 pallor

206 536 324 579 Tum
343 534 525 591 parochi
544 533 712 584 faciem,
734 532 794 575 nil
815 533 876 574 sic
898 532 1144 583 metuentis,
1169 540 1217 574 ut
1238 547 1360 575 acres

207 601 409 654 Potores,
431 601 499 644 vel
517 601 638 656 quod
657 600 922 643 maledicunt
941 599 1136 650 liberius,
1159 599 1227 642 vel

206 671 394 714 Fervida
413 671 531 726 quod
555 669 713 712 subtile
735 669 977 711 exsurdant
998 669 1095 710 vina
1116 667 1324 724 palatum.

206 739 435 782 Invertunt
454 737 657 779 Allifanis
678 737 842 779 vinaria
863 744 957 779 tota

119 807 178 850 40
206 806 412 849 Vibidius
435 805 718 861 Balatroque,
741 805 902 847 secutis
924 805 1123 846 omnibus
1142 821 1151 855 3
1183 805 1256 846 imi

206 874 412 917 Convivae
430 873 534 917 lecti
554 873 735 916 nihilum
757 888 944 915 nocuere
965 873 1146 929 lagenis.

204 940 422 985 Adfertur
443 941 620 998 squillas
641 943 755 984 inter
775 956 968 983 muraena
989 942 1189 983 natantes

207 1009 261 1052 In
281 1011 431 1066 patina
449 1019 668 1066 porrecta.

731 1010 825 1052 Sub
847 1009 932 1051 hoc
952 1009 1102 1060 herus,
1126 1009 1237 1051 Haec
1257 1010 1451 1065 gravida,
1474 1011 1629 1067 inquit,

207 1077 349 1133 Capta
369 1086 451 1129 est,
473 1079 664 1121 deterior
683 1085 784 1133 post
807 1084 979 1133 partum
999 1091 1128 1119 carne
1150 1077 1310 1119 futura.

119 1146 178 1188 45
207 1145 294 1188 His
314 1147 486 1189 mistum
500 1147 576 1203 jus
597 1153 689 1189 est:
722 1145 834 1196 oleo,
856 1145 978 1200 quod
999 1145 1138 1200 prima
1158 1143 1344 1187 Venafri

91 1276 191 1308 Hunc
206 1275 312 1307 locum
328 1276 425 1319 paulo
442 1276 658 1309 obscuriorem
677 1276 723 1308 ita
745 1276 842 1309 inter-

90 1325 216 1362 pretor:
242 1319 464 1351 Nomentanus
487 1319 528 1350 ad
549 1320 580 1351 id
599 1320 718 1361 negotii
735 1321 844 1351 aderat

91 1361 196 1405 (qui),
219 1366 268 1398 ut,
295 1361 323 1392 si
345 1361 424 1404 quid
446 1362 525 1393 forte
548 1362 661 1394 lateret
681 1363 842 1398 convivas,

89 1404 142 1437 vel
157 1404 184 1436 si
199 1403 279 1447 quid
293 1404 437 1436 ciborum
451 1405 594 1436 convivae
615 1415 679 1436 non
696 1405 840 1437 animad-

90 1452 259 1489 verterent,
283 1446 388 1479 indice
409 1447 509 1489 digito
533 1454 741 1486 monstraret3
767 1458 840 1479 nam

92 1496 197 1522 cetera
210 1491 316 1527 turba,
334 1500 404 1526 nos,
419 1490 562 1532 inquam,
575 1501 743 1523 coenamus
755 1501 840 1528 aves,

93 1533 273 1576 conchylia,
309 1533 422 1576 pisces,
454 1544 596 1570 succum,
635 1540 671 1565 ut
707 1534 843 1566 docebat

93 1577 328 1614 Nomentanus,
354 1581 430 1607 noto
455 1576 549 1618 longe
578 1576 762 1609 dissimilem
788 1588 840 1609 ce-

92 1618 214 1659 lantia3
237 1625 275 1650 ut
289 1619 340 1651 vel
355 1618 508 1651 continuo
523 1619 636 1661 patuit,
655 1625 732 1651 cett.
778 1620 841 1655 Sed

93 1661 226 1694 sortasse
242 1668 308 1693 tam
324 1662 434 1698 oratio,
453 1672 549 1703 quam
567 1663 724 1694 sententia
739 1662 843 1705 aptius

94 1705 244 1742 cohaeret,
271 1704 298 1736 si
312 1705 418 1742 verba,
437 1717 508 1736 nam
531 1711 628 1736 cetera
653 1707 756 1743 turba,
778 1718 842 1742 nos,

93 1749 230 1790 inquam,
245 1759 408 1784 coenamus,
425 1748 646 1790 parentheseos
666 1749 757 1789 signo
777 1749 841 1780 dis-

95 1790 239 1828 tinxeris,
262 1796 299 1822 ut
319 1801 432 1823 sensus
446 1791 506 1822 sit:
531 1792 752 1823 Nomentanus
768 1802 843 1833 age-

93 1833 151 1866 bat
164 1834 209 1871 id,
225 1840 272 1872 ut,
289 1834 315 1865 si
332 1834 409 1876 quid
427 1834 591 1876 epularum
616 1834 758 1867 convivae
779 1846 842 1866 non

95 1877 300 1909 observarent
313 1878 390 1918 (nos
405 1876 500 1909 ceteri
520 1876 604 1908 enim
627 1888 748 1914 omnes,
765 1877 842 1909 dum

95 1920 321 1952 Nomentanus
331 1919 574 1951 nomenclatoris
584 1927 686 1962 partes
696 1920 843 1959 sustinet,

95 1962 294 2003 coenamus),
321 1962 427 1995 indice
449 1962 550 2004 digito
577 1970 764 1996 monstraret
790 1975 843 1995 ex-

95 2006 194 2048 empli
209 2015 307 2038 causa
331 2016 417 2044 aves,
438 2005 618 2048 conchylia,
641 2007 754 2049 pisces,
772 2013 843 2038 tan-

94 2059 192 2090 quam
212 2049 408 2081 continentia
420 2059 550 2081 succum
572 2049 665 2090 longe
685 2061 704 2081 a
720 2050 843 2091 vulgari

96 2101 194 2124 succo
224 2091 433 2128 differentem,
463 2098 497 2124 ut
522 2093 572 2124 vel
602 2093 755 2124 continuo
786 2104 841 2136 ap-

95 2135 212 2178 paruit,
241 2146 314 2167 cum
343 2135 477 2178 passeris
506 2141 602 2177 atque
636 2136 758 2168 rhombi
789 2137 845 2168 ilia

97 2177 240 2209 nondum
259 2177 337 2209 mihi
361 2184 487 2220 gustata
504 2185 694 2221 porrexerat.
740 2180 846 2212 Indice

98 2222 198 2263 digito
209 2233 218 2251 .·
242 2221 350 2252 Schol.
365 2221 496 2263 Porph.‚
513 2223 566 2253 hoc
580 2223 656 2258 ideo,
670 2224 740 2263 quia
757 2225 847 2254 certis

98 2266 268 2296 nominibus
282 2265 376 2305 digiti
391 2267 600 2296 nominantur.
647 2265 688 2296 Et
697 2275 770 2296 sunt
786 2267 845 2298 haec

98 2309 235 2344 nomina,
261 2308 372 2347 pollex.
396 2309 497 2343 index.
513 2309 656 2349 famosus
679 2308 844 2350 (medius),

97 2352 229 2382 medicus
245 2350 462 2392 (medicinalis,
477 2351 622 2382 Macrob.
636 2351 703 2382 Sat.
719 2351 772 2387 vii,
793 2354 844 2389 13,

97 2392 148 2425 vel
162 2393 327 2425 auricularis
341 2393 426 2436 apud
443 2394 531 2425 Gell.
547 2406 578 2430 X,
603 2393 674 2434 10),
691 2396 846 2427 minimus.

140 2437 195 2468 29.
219 2437 367 2473 Passeris,
398 2436 497 2479 piscis
525 2447 635 2479 parum
667 2447 686 2468 a
716 2438 847 2470 rhombo

98 2478 308 2523 discrepantis
324 2480 414 2522 (nos,
430 2480 706 2522 Stachelflunder.)

141 2523 197 2555 31.
219 2523 376 2554 Melimeta
400 2523 624 2565 (μελίμηλα),
649 2528 774 2565 propter
797 2535 847 2555 sa-

97 2565 183 2608 poris
202 2565 416 2602 dulcedinem,
437 2576 506 2601 nos,
532 2566 736 2607 Honigiipfel.
784 2568 847 2598 Mi·-

37 2618 58 2655 3
97 2619 200 2640 norem
215 2609 266 2640 Aa
282 2609 400 2643 lunam,
418 2608 458 2639 ad
475 2608 708 2640 decrescentem
727 2609 847 2641 lunam.

141 2652 195 2684 32.
219 2652 303 2687 Quid
325 2653 378 2683 hoc
402 2653 535 2687 intersit,
559 2659 664 2683 utrum
688 2652 849 2684 melimela

98 2692 300 2727 decrescente
316 2705 358 2726 an
374 2701 534 2726 crescente
549 2695 627 2726 luna
644 2694 707 2725 sint
724 2695 818 2726 lecta.

142 2738 199 2770 34.
220 2737 383 2775 Damnum,
400 2737 499 2769 facete
515 2749 582 2780 pro,
596 2738 726 2774 fortiter,
738 2738 848 2769 immo-

99 2778 185 2816 dice,
199 2782 235 2812 in
249 2782 395 2812 damnum
415 2780 541 2812 scilicet
563 2787 595 2812 et
614 2780 764 2811 ultionem
777 2782 849 2812 Na-

37 2830 42 2833 ·
78 2822 226 2870 fidiam,
248 2823 364 2856 stolida
377 2823 530 2859 vanitate,
554 2823 679 2855 sordida
703 2823 848 2860 avaritia,

61 2873 74 2882 ⁴*
98 2870 133 2902 et
154 2865 288 2898 ridicula
310 2866 470 2909 jactantia
493 2867 642 2898 convivas
665 2866 852 2900 occidentis.

27 2905 66 2946 ,f
101 2907 274 2942 uniemur
287 2911 396 2946 inulti,
410 2910 496 2951 quod
515 2911 638 2958 Aineas
659 2909 742 2952 apud
762 2910 787 2941 V
793 2909 850 2952 irg.

103 2951 185 2984 AEn.
200 2952 236 2992 ii,
251 2954 328 2989 670,
345 2952 504 2984 fortissimi
528 2953 624 2984 animi
647 2963 742 2984 sensu
762 2952 852 2990 dicit,

12 3015 14 3017 ·
104 2993 271 3038 Nunquam
299 3007 396 3028 omnes
429 2997 515 3027 hodie
550 2999 712 3027 moriemur
744 2997 853 3033 inulti,

101 3035 206 3081 lepide
223 3038 372 3072 Horatius
387 3039 428 3071 ad
444 3050 508 3072 rem
522 3039 665 3081 jocosam
683 3040 842 3072 transfert.

931 1277 982 1307 35.
1010 1276 1155 1317 Majores,
1167 1276 1358 1318 capaciores,

931 1320 984 1350 36.
1010 1320 1162 1351 Parochi:
1184 1330 1242 1351 nos
1257 1330 1384 1362 quoque
1404 1324 1468 1350 tam
1487 1330 1561 1352 eum
1577 1319 1635 1362 qui

887 1371 943 1403 pro
958 1363 1101 1393 mercede
1122 1362 1211 1393 cibos
1230 1365 1418 1402 suppeditat,
1439 1373 1537 1403 quam
1556 1374 1633 1394 con-

887 1403 1071 1439 vivatorem,
1087 1414 1238 1436 vocamus
1253 1405 1368 1436 Wirth.
1403 1406 1495 1436 Acres
1506 1413 1634 1445 potores,

885 1446 951 1477 acri
975 1446 1149 1489 cupiditate
1176 1453 1331 1489 potantes,
1355 1448 1475 1489 largius
1498 1447 1572 1480 vino
1601 1459 1635 1480 se

884 1487 1137 1530 ingurgitantes;
1172 1490 1247 1522 hinc
1272 1501 1345 1533 sup.
1370 1492 1439 1522 Sat.
1462 1489 1496 1526 ii,
1521 1492 1554 1528 6,
1578 1493 1634 1527 69,

886 1535 968 1563 acria
984 1534 1106 1573 pocula.

930 1577 984 1607 38.
1007 1576 1125 1608 Subtile
1141 1578 1306 1608 exsurdant
1321 1578 1473 1617 palatum,
1489 1576 1636 1608 subtilio-

885 1618 927 1649 ris
956 1619 1055 1661 palati
1085 1630 1211 1651 sensum
1243 1620 1394 1651 obtusum
1427 1625 1460 1651 et
1490 1619 1636 1651 hebetem

886 1661 1042 1700 reddunt;
1066 1673 1168 1693 vanus
1190 1662 1275 1694 enim
1297 1664 1355 1694 iste
1370 1663 1465 1693 horno
1485 1662 1636 1694 Nasidie-

887 1714 947 1734 nus
977 1705 1017 1736 de
1046 1705 1199 1747 appositis
1227 1706 1331 1748 epulis
1366 1705 1637 1747 exquisitior-ibus,

887 1747 997 1820 {ubtili
1015 1748 1121 1790 palato
1137 1747 1364 1790 dijudicandis,
1382 1747 1506 1779 laudari
1526 1749 1637 1791 cupie-

909 1795 953 1821 at.

930 1833 984 1864 39.
1007 1833 1171 1865 Invertunt
1187 1835 1348 1876 Allifanis,
1363 1838 1439 1866 cett.
1484 1834 1636 1867 Vibidius

886 1881 919 1907 et
946 1876 1074 1908 Balatro
1100 1881 1180 1908 totos
1203 1877 1269 1908 vini
1295 1877 1392 1909 cados
1411 1876 1572 1909 invertunt
1594 1878 1636 1910 ad

886 1918 1066 1961 implendos
1094 1919 1212 1951 calices
1242 1920 1425 1963 capaciores
1459 1920 1636 1957 Allifanos,

888 1972 943 2004 pro
975 1962 1108 2002 vulgari,
1139 1968 1220 1994 totos
1249 1963 1314 1994 vini
1343 1964 1439 1994 cados
1464 1964 1640 1996 exsiccant.

889 2005 1059 2046 Allifanis.-
1084 2005 1193 2037 Schol.
1212 2007 1324 2048 Cruq„
1338 2008 1484 2038 calicibus
1499 2013 1528 2038 et
1543 2018 1636 2046 pocu-

889 2049 926 2079 lis
938 2050 1112 2088 majoribus.
1148 2049 1202 2080 Est
1213 2055 1315 2080 autem
1331 2050 1507 2092 Allifanum
1517 2051 1636 2081 dictum

887 2093 924 2122 ab
934 2092 1046 2134 Allzfe,
1059 2093 1166 2132 oppido
1176 2092 1308 2129 Samnii,
1320 2094 1372 2124 ubi
1390 2095 1515 2134 majores
1527 2094 1636 2124 calices

877 2136 1011 2175 fiebant.
1043 2135 1118 2172 Pro,
1134 2138 1285 2172 inverte-re
1302 2135 1475 2177 (inclinare
1491 2135 1637 2176 lagenam

888 2177 928 2208 ad
945 2177 1208 2218 infundendum),
1225 2189 1294 2221 sup.
1307 2179 1371 2210 od.
1383 2178 1429 2215 iii,
1445 2180 1500 2216 29,
1515 2181 1547 2215 2,
1558 2178 1639 2211 dixit

887 2227 1024 2252 vertere:
1048 2233 1106 2252 non
1123 2228 1195 2252 unte
1211 2233 1293 2253 verso
1307 2224 1392 2253 cudo.

932 2265 986 2295 41.
1010 2264 1069 2295 Imi-
1096 2265 1233 2296 Cam-im
1258 2266 1340 2302 lecti,
1361 2266 1584 2296 Nomentanus
1604 2271 1638 2297 et

893 2307 1045 2338 Porcius:
1074 2309 1204 2339 nihilum
1220 2320 1349 2340 nocuere
1362 2311 1490 2350 lagenis,
1503 2308 1640 2347 scilicet,

890 2355 926 2380 ut
949 2350 1143 2382 abstinentia
1164 2362 1221 2382 sua
1244 2352 1406 2393 placerent
1425 2361 1519 2382 avaro
1535 2362 1639 2383 coenae

890 2393 983 2435 patri,
996 2401 1206 2435 pepercerunt
1216 2394 1354 2434 lagenis:
1370 2397 1440 2426 vino
1451 2407 1509 2426 uon
1520 2406 1637 2431 nocere,

890 2442 926 2466 ut
955 2446 1013 2467 nos
1042 2437 1076 2467 in
1107 2438 1291 2475 vernacula,
1322 2440 1388 2469 dem
1421 2438 1508 2468 Wein
1533 2438 1640 2469 keinen

891 2479 1030 2510 Schaden
1047 2481 1136 2511 rhun.

936 2523 989 2552 42.
1015 2522 1170 2560 Muroena,
1201 2533 1269 2558 nos,
1304 2523 1456 2554 Meci-aul.
1507 2522 1641 2562 Squillus

893 2565 1076 2607 (Seekrebse,
1096 2566 1343 2604 See-Gamele):
1368 2565 1409 2597 cf.
1430 2576 1503 2607 sup.
1526 2566 1593 2596 Sat.
1608 2566 1643 2602 ii,

893 2609 924 2642 4,
949 2610 1004 2638 58.
1051 2608 1213 2644 Nutantes,
1238 2608 1271 2639 in
1294 2608 1469 2650 liquamine
1491 2618 1642 2640 muraenae

894 2650 1013 2685 addito.

938 2694 991 2724 43.
1019 2694 1173 2731 Porrecto,
1191 2694 1230 2724 ad
1244 2693 1470 2735 designandam
1486 2694 1556 2735 ejus
1573 2695 1643 2726 lon-

893 2735 1081 2777 gitudinem.
1126 2738 1188 2768 Sub
1205 2737 1270 2774 hoc,
1288 2736 1354 2778 jam
1372 2738 1470 2768 allata
1486 2748 1642 2770 muraena.

937 2781 991 2810 44.
1017 2780 1159 2811 Deterior
1175 2791 1287 2811 carne:
1311 2791 1396 2821 quae,
1420 2779 1507 2822 quod
1530 2781 1644 2813 attinet

895 2822 933 2852 ad
957 2822 1027 2864 ejus
1052 2833 1193 2858 carnem,
1220 2833 1287 2864 pro,
1314 2823 1410 2865 cujus
1432 2834 1519 2859 caro,
1540 2823 1566 2854 si
1589 2824 1646 2855 illa

895 2870 1064 2907 antequam
1085 2872 1252 2909 caperetur
1272 2867 1454 2909 peperisset,
1472 2867 1577 2898 futura
1595 2867 1644 2898 fu-

895 2907 970 2940 isset
984 2909 1130 2948 deterior,
1148 2920 1202 2951 pro
1218 2909 1355 2951 vulgari,
1371 2910 1464 2952 cujus
1479 2920 1552 2942 caro
1572 2915 1646 2942 ante

897 2958 1020 2994 partum
1035 2952 1149 2984 melius
1165 2952 1259 2995 sapit.

942 2997 1083 3028 45—50.
1107 2996 1164 3026 His
1185 2998 1307 3027 mistum
1317 2999 1375 3036 jus
1398 3003 1460 3028 est:
1482 2996 1583 3038 pergit
1599 2995 1647 3027 lo-

899 3037 954 3079 qui
966 3038 1060 3072 herus
1073 3051 1079 3070 :
1103 3039 1266 3082 liquamen
1281 3050 1432 3071 muraenae
1442 3038 1649 3071 commixtum
