1904 3314
344 187 428 227 776

348 284 426 314 dens
439 294 471 315 se
484 284 633 326 dejecerit
643 287 702 327 Ep.
713 286 751 317 ad
767 285 832 316 Pis.
851 287 924 316 462.
961 287 1076 317 scimus

348 331 384 356 ut
405 326 533 357 Titanas
556 327 686 358 fulmine
708 328 868 358 sustulerit
889 327 950 358 Od.
973 327 1019 364 iii,
1044 331 1075 363 4,

349 368 402 398 42.
445 367 523 399 scire
537 368 625 403 velis,
642 379 712 400 mea
732 380 788 400 cur
808 370 962 410 opuscula
983 370 1077 401 lector

349 408 478 440 laudet?
499 411 557 451 Ep.
571 410 594 444 i,
613 412 663 445 19,
681 412 734 442 35.
777 422 834 441 cur
849 411 925 442 alter
947 411 1074 443 fratrum

348 460 469 482 cessare
485 452 636 493 praeferat,
653 453 730 483 alter
748 453 866 492 mitiget
880 463 998 491 agrum.
1017 455 1077 485 scit

350 493 471 523 Genius
490 494 548 534 Ep.
566 494 599 528 ii.
613 495 734 529 2187.
771 495 831 525 scis
850 496 987 526 Lebedus
1000 497 1077 535 quid

349 535 390 564 sit
405 536 463 576 Ep.
479 535 500 570 i,
523 537 572 571 ll,
589 537 618 566 7.
662 536 777 576 quibus
798 542 944 568 terrarum
967 537 1077 569 militet

348 575 420 611 oris.
441 576 519 607 scire
542 577 646 608 laboro
670 579 726 619 Ep.
746 578 768 614 i,
788 579 819 612 3.
842 579 873 610 2.
917 579 989 614 scis,
1014 590 1077 620 quo

350 618 473 648 tandem
494 625 584 660 pacto
604 620 714 650 deceat
732 619 899 660 majoribus
914 621 960 651 uti
978 622 1036 662 Ep.
1053 622 1075 656 i,

351 660 402 694 17,
421 661 450 691 1.
493 660 566 696 scis,
582 671 643 702 quo
664 662 797 692 clamore
821 672 941 692 coronae
967 663 1077 704 proelia

348 701 502 732 sustineas
524 703 583 743 Ep.
607 703 628 738 i,
654 704 704 736 18.
725 705 778 734 53.
829 709 921 744 atque
945 704 1074 740 sciebat,

348 753 418 782 quae
442 742 502 774 sibi
524 745 673 775 barbarus
691 750 785 775 tortor
808 751 928 786 pararet
949 745 1009 775 Od.
1029 746 1075 782 iii,

349 786 380 821 5,
394 786 445 815 49.
488 786 566 816 scire
581 786 671 816 velim
687 787 816 828 pretium
834 787 947 817 chartis
963 794 1076 828 quotus

347 832 469 867 arroget
485 837 586 858 annus
603 829 660 869 Ep.
678 828 711 862 ii,
729 830 756 864 1,
772 830 824 859 35.
867 828 946 859 scire
962 829 1075 867 volam,

346 875 498 909 quantum
517 869 671 910 discrepet
689 871 747 911 Ep.
766 870 800 905 ii,
817 872 848 906 2,
868 871 939 901 193.
982 875 1015 901 tu
1038 882 1076 903 ne

347 909 508 950 quaesieris
527 911 624 952 (scire
648 912 752 948 nefas)
773 922 865 953 quem
887 911 962 942 mihi
984 912 1076 944 finem

348 952 393 982 Di
419 952 560 983 dederint
586 952 646 984 od.
673 953 694 989 i,
722 955 772 989 11,
801 956 828 984 1.
871 965 898 984 c.
914 965 994 984 acm:
1019 965 1075 985 nec

347 994 427 1024 scire
446 994 491 1024 fas
508 1001 556 1025 est
573 995 676 1025 omnia
692 996 753 1026 Od.
766 995 809 1031 iv,
828 997 858 1032 4,
873 997 926 1026 22.
965 995 1073 1036 juran-

347 1041 408 1066 tem
424 1046 474 1066 me
489 1037 568 1067 scire
583 1036 660 1066 nihil
677 1037 826 1067 mirantur
841 1038 908 1067 Sat.
926 1036 958 1071 ii,
974 1038 1005 1071 6,
1023 1039 1076 1068 57.

347 1077 431 1118 quod
452 1088 573 1108 mecum
596 1080 729 1117 ignorat,
746 1078 832 1108 solus
849 1078 916 1108 vult
938 1078 1016 1109 scire
1032 1079 1074 1108 vi-

346 1118 413 1149 deri
435 1121 493 1160 Ep.
512 1119 546 1154 ii,
565 1121 595 1154 1,
615 1120 667 1149 87.
710 1131 737 1150 c.
759 1131 821 1150 acc.
845 1126 872 1150 et
895 1120 1003 1159 infin..-
1026 1131 1076 1151 me

345 1167 486 1191 constare
509 1161 586 1192 mihi
609 1161 670 1191 scis
693 1162 754 1202 Ep.
776 1161 797 1196 i,
821 1163 871 1196 14,
890 1162 940 1191 16.
983 1172 1076 1202 quem

344 1202 404 1233 scis
427 1202 593 1233 immunem
611 1202 735 1234 Cinarae
758 1203 911 1244 placuisse
932 1202 1009 1234 ibid.
1024 1205 1077 1235 33.

345 1254 395 1275 me
414 1250 524 1284 quater
548 1245 688 1275 undenos
715 1245 794 1276 sciat
813 1243 988 1286 implevisse
1011 1246 1076 1276 De-

344 1286 483 1316 cembres
506 1286 565 1328 Ep.
587 1286 608 1323 i,
623 1287 676 1324 20,
692 1288 745 1317 27.
787 1286 847 1317 scis
872 1286 904 1316 in
931 1286 1021 1318 breve
1046 1293 1077 1319 te

345 1327 413 1367 cogi
430 1327 503 1358 ibid.
521 1329 551 1358 7.
594 1339 721 1370 propero
743 1339 807 1369 quo
827 1327 889 1358 scis
912 1328 978 1358 Sat.
1004 1329 1025 1367 i,
1042 1330 1074 1365 9,

345 1371 399 1400 40.
451 1369 567 1401 scimus
594 1371 655 1411 Ep.
679 1370 718 1401 ad
745 1370 812 1400 Pis.
844 1371 893 1401 11.
949 1380 1020 1400 nam
1046 1377 1076 1402 te

345 1411 424 1441 scire
449 1417 568 1453 oportet
591 1413 655 1443 Sat.
679 1411 711 1447 ii,
739 1414 771 1447 6,
799 1414 851 1443 52.
903 1413 1023 1447 callere,
1048 1424 1075 1443 c.

345 1464 458 1484 accusa
493 1463 585 1494 quam
611 1455 672 1484 scit
695 1460 790 1485 artem
817 1455 878 1494 Ep.
902 1454 924 1487 i.
950 1455 999 1491 14,
1025 1456 1075 1486 44.

345 1495 457 1526 Castor
474 1495 552 1525 sciat
566 1506 606 1526 an
622 1495 774 1526 Dolichos
789 1496 884 1537 plus‘!
908 1497 967 1537 Ep.
983 1496 1005 1531 i,
1024 1497 1074 1532 18,

347 1537 398 1567 19.
443 1547 499 1568 nec
522 1537 582 1567 scit
601 1542 752 1578 quantum
774 1537 947 1569 Cascellius
973 1538 1076 1568 Aulus

345 1579 408 1620 Ep.
428 1578 468 1609 ad
487 1578 554 1609 Pis.
569 1580 642 1610 371.
683 1591 709 1610 c.
731 1581 831 1620 infin„
857 1581 985 1618 peritum
1007 1591 1075 1615 esse,

341 1631 439 1659 posse.-
463 1620 490 1651 si
508 1620 603 1657 ¹sciret
624 1620 747 1662 regibus
769 1621 815 1651 uti
838 1621 896 1662 Ep.
913 1621 935 1659 i,
955 1622 1006 1656 17,
1025 1623 1076 1653 14.

345 1661 473 1693 fortasse
499 1673 676 1703 cupressum
699 1663 760 1694 scis
783 1663 929 1693 simulare
951 1663 1011 1704 Ep.
1036 1664 1075 1695 ad

345 1703 412 1734 Pis.
427 1705 480 1735 20.
525 1704 641 1735 scimus
661 1704 849 1736 inurbanum
869 1704 971 1746 lepido
985 1715 1075 1746 sepo-

345 1755 417 1776 nere
432 1745 515 1778 dicto
530 1745 605 1776 ibid.
620 1747 695 1777 273.
739 1747 763 1778 si
778 1747 854 1778 sciet
869 1746 1075 1779 internoscere

343 1788 524 1819 mendacem
540 1799 708 1830 verumque
723 1789 833 1820 beatus
848 1788 982 1819 amicum
998 1788 1075 1820 ibid.

345 1831 419 1861 424.
463 1830 589 1861 reddere
613 1841 754 1872 personae
779 1831 840 1862 scit
858 1830 1075 1861 convenientia

344 1871 459 1913 cuique
473 1872 550 1903 ibid.
568 1873 644 1903 316.
689 1873 815 1904 reddere
829 1872 885 1914 qui
901 1882 990 1903 voces
1006 1872 1074 1914 jam

345 1913 404 1944 scit
419 1925 494 1955 puer
508 1915 584 1945 ibid.
604 1915 673 1945 158.

386 1959 501 1987 scitari.
544 1956 648 1987 scitari
670 1955 745 1987 licet
766 1966 805 1987 ex
829 1955 895 1997 ipso
917 1957 979 1998 Ep.
998 1956 1021 1992 i,
1044 1957 1074 1993 7,

387 2041 476 2070 scobs.
520 2039 552 2070 in
567 2040 660 2071 scobe
677 2045 813 2082 quantus
834 2040 974 2071 consistit
991 2051 1074 2072 sum-

344 2086 395 2112 tus
409 2082 473 2112 Sat.
487 2081 521 2117 ii,
538 2084 568 2116 4,
586 2083 639 2112 81.

386 2134 483 2163 scopa.
529 2123 606 2154 viles
621 2125 688 2154 Sat.
702 2123 735 2158 ii,
753 2125 782 2158 4,
798 2124 851 2154 81.

388 2167 535 2205 scopulus.
577 2165 708 2196 infames
732 2165 795 2195 Od.
818 2165 839 2199 i,
859 2166 890 2200 3,
911 2166 964 2196 20.
1007 2177 1074 2198 sco·

344 2207 426 2249 pulis
440 2207 522 2238 Icari
537 2207 658 2238 surdior
673 2207 736 2238 Od.
751 2206 800 2243 iii,
818 2207 848 2241 7.
864 2207 919 2237 21.

386 2255 542 2280 scortator.
584 2254 733 2280 scortator
747 2249 803 2279 erit
815 2249 880 2279 Sat.
895 2247 929 2284 ii,
946 2250 976 2284 5,
993 2249 1045 2280 75.

386 2298 527 2322 scortum.
560 2290 685 2322 devium
703 2290 764 2322 Od.
778 2290 811 2325 ii,
826 2291 876 2325 11,
888 2291 942 2320 21.
973 2297 1073 2321 scorto

343 2338 507 2374 postponet
530 2333 691 2364 honestum
717 2331 947 2362 matrimonium
969 2333 1028 2374 Ep.
1049 2333 1071 2368 i,

386 2418 494 2446 scriba.
536 2416 664 2446 insanus
680 2416 743 2446 Sat.
758 2415 780 2451 i,
791 2418 822 2451 5,
837 2416 890 2446 35.
932 2421 1072 2447 recoctus

343 2468 380 2489 ex
407 2458 611 2500 quinqueviro
632 2459 696 2488 Sat.
723 2457 755 2492 ii,
780 2460 811 2492 5,
838 2459 892 2488 56.
938 2458 1073 2489 Neronis

344 2501 403 2541 Ep.
422 2501 443 2536 i,
459 2502 489 2534 8.
505 2501 536 2530 2.
578 2500 680 2531 scriba
700 2500 784 2540 quod
808 2505 889 2530 esset
911 2500 977 2530 Sat.
999 2500 1020 2537 i,
1039 2503 1070 2537 5,

344 2543 396 2573 66.
439 2541 548 2573 scribae
567 2541 697 2573 orabant
719 2547 748 2572 te
769 2541 859 2572 hodie
879 2541 1071 2573 meminisses

343 2584 451 2614 reverti
467 2585 532 2614 Sat.
549 2583 582 2619 ii,
598 2584 629 2618 6,
645 2584 697 2614 36.

385 2627 522 2656 scrihere.
563 2627 590 2660 l,
606 2635 714 2656 versus
728 2626 790 2666 Ep.
807 2624 840 2662 ii,
859 2627 887 2662 l,
909 2626 964 2655 111
980 2637 987 2663 ;
1011 2626 1071 2666 Ep.

343 2667 375 2702 ii,
401 2669 433 2702 2,
450 2669 510 2703 543
534 2668 600 2698 sm.
622 2667 643 2702 i,
667 2669 699 2702 9,
723 2669 763 2697 23
777 2679 786 2706 3
810 2667 875 2702 Sat.
897 2666 918 2701 i,
944 2668 994 2702 10,
1018 2668 1071 2698 60.

341 2709 509 2740 versiculos
529 2709 628 2756 Epod.
649 2710 699 2744 11,
721 2711 751 2739 2.
795 2710 933 2739 carmina
953 2710 1016 2740 Sat.
1037 2709 1070 2747 ii,

341 2753 372 2787 5,
392 2752 452 2789 74;
477 2751 536 2792 Ep.
554 2751 587 2787 1i,
603 2753 632 2786 1,
646 2752 721 2781 228.
757 2750 896 2781 carmina
910 2761 980 2791 quae
994 2750 1067 2782 scri-

341 2794 457 2824 buntur
470 2803 561 2834 aquae
576 2793 734 2835 potoribus
751 2793 810 2833 Ep.
824 2791 846 2827 i,
862 2793 911 2829 19,
929 2794 959 2823 3.
998 2803 1070 2833 poe-

342 2841 426 2866 mata
439 2835 497 2876 Ep.
507 2834 541 2870 ii,
556 2836 585 2870 1,
599 2836 657 2865 117
671 2845 679 2872 3
702 2835 762 2876 Ep.
774 2834 808 2870 ii,
820 2835 853 2869 2,
865 2835 919 2864 66.
953 2834 1068 2876 scripta

340 2877 455 2917 quibus
470 2876 624 2909 comoedia
638 2876 737 2918 prisca
753 2875 825 2906 viris
840 2881 887 2907 est
900 2877 966 2906 Sat.
981 2876 1002 2912 i,
1018 2878 1067 2913 10,

344 2921 394 2951 16.
440 2930 511 2961 quae
526 2918 647 2962 scripsit
666 2918 808 2950 Lucilius
827 2917 901 2948 olim
917 2919 982 2950 Sat.
997 2918 1018 2954 i,
1035 2922 1065 2956 4,

882 200 1026 228 INDEX
1056 201 1316 230 VERBORUM.

1119 288 1171 318 57.
1213 287 1239 318 si
1255 287 1325 328 quis
1340 287 1455 318 scribat
1469 288 1600 320 sermoni
1614 288 1754 332 propiora
1768 290 1844 322 ibid.
1899 288 1904 330 ξ

1119 330 1172 359 41.
1213 330 1344 360 scribere
1359 329 1442 370 quod
1458 330 1547 361 Cassi
1563 330 1741 362 Parmensis
1793 342 1847 363 us-

1119 370 1191 402 cula
1204 371 1309 402 vincat
1325 372 1384 412 Ep.
1401 371 1422 406 i,
1436 373 1467 406 4.
1484 372 1517 402 3.
1560 372 1696 412 gaudent
1709 372 1769 404 scri
1810 384 1847 404 u·
1902 383 1904 386 ·

1119 418 1172 446 tes.
1196 418 1225 443 et
1250 423 1282 443 se
1305 419 1501 448 venerantur,
1518 418 1551 443 et
1568 414 1661 449 ultra,
1685 414 1711 444 si
1733 420 1848 451 taceas,

1120 453 1260 488 laudaut,
1272 454 1422 496 quicquid
1436 454 1595 496 scripsere,
1607 455 1690 486 beati
1701 456 1760 497 Ep.
1770 455 1806 492 ii,
1815 458 1848 494 2,

1123 496 1193 530 107,
1213 498 1281 527 108.
1325 497 1350 526 si
1367 497 1442 536 quid
1463 502 1567 526 tamen
1592 497 1666 528 olim
1689 497 1848 539 scripseris

1119 537 1177 578 Ep.
1203 538 1242 568 ad
1266 538 1330 569 Pis.
1354 539 1429 568 387.
1472 538 1584 569 melius
1608 539 1693 580 quod
1714 539 1848 571 scribere

1119 584 1239 620 possem
1264 581 1328 610 Sat.
1347 580 1368 615 i,
1393 581 1442 614 10,
1463 581 1516 610 47.
1558 581 1670 612 sumite
1690 581 1847 612 materiem

1121 621 1240 658 vestris,
1262 621 1317 662 qui
1340 621 1485 658 scribitis,
1508 632 1631 663 aequam
1647 622 1764 653 viribus
1786 623 1848 664 Ep.

1107 662 1158 694 ,ad
1175 663 1238 694 Pis.
1255 664 1307 693 38.
1350 663 1474 698 iterum,
1491 674 1562 704 quae
1579 663 1674 704 digna
1694 663 1756 705 legi
1772 670 1849 700 sint,

1119 703 1289 745 scripturus
1312 706 1375 735 Sat.
1398 705 1421 740 i,
1450 706 1499 738 10.
1524 707 1575 736 73.
1627 705 1723 747 quum
1746 706 1848 738 scribo

1120 750 1150 775 et
1174 746 1306 787 supplex
1329 747 1437 788 populi
1460 747 1607 788 suffragia
1629 752 1721 789 capto
1739 747 1802 790 Ep.
1817 747 1851 784 ii,

1119 787 1151 822 2,
1167 789 1238 818 103.
1280 789 1360 819 calet
1376 799 1439 819 uno
1454 788 1608 820 scribendi
1624 788 1726 820 studio
1742 790 1800 836 Ep.
1813 790 1848 826 ii,

1123 829 1152 862 1.
1173 830 1244 860 109.
1280 830 1433 861 scribendi
1451 840 1536 861 amor
1551 836 1580 862 te
1594 830 1675 872 rapit
1688 831 1755 862 Sat.
1767 831 1802 867 ri,
1818 833 1856 869 1,ι

1122 871 1172 901 10.
1212 871 1256 902 sic
1280 882 1346 902 raro
1368 872 1477 902 scribis
1500 873 1566 903 Sat.
1587 873 1622 909 ii,
1643 873 1676 908 3,
1701 873 1731 904 1.
1772 873 1850 904 scri-

1120 912 1214 943 bendi
1247 923 1346 953 genus
1377 919 1555 955 suspectum
1586 915 1652 946 Sat.
1680 914 1704 950 i,
1733 915 1765 951 4,
1795 916 1850 947 65.

1117 954 1272 986 scribendi
1293 960 1376 986 recte
1391 965 1498 997 sapere
1519 961 1567 987 est
1586 955 1772 998 principium
1788 957 1850 998 Ep.

1119 995 1159 1025 ad
1187 996 1252 1026 Pis.
1281 997 1354 1027 309.
1409 997 1564 1028 scribendi
1593 998 1669 1029 ferre
1699 997 1847 1035 laborem,

1118 1037 1272 1068 scribendi
1294 1042 1377 1068 recte
1396 1039 1462 1068 Sat.
1482 1038 1504 1074 i,
1521 1041 1552 1076 4,
1571 1040 1622 1075 12,
1639 1040 1688 1070 13.
1734 1050 1850 1071 munus

1119 1083 1150 1107 et
1167 1078 1301 1108 officium
1317 1078 1361 1108 nil
1377 1079 1514 1110 scribens
1529 1080 1595 1122 ipse
1609 1081 1727 1112 docebo
1740 1082 1798 1123 Ep.
1808 1082 1850 1113 ad

1120 1119 1186 1149 Pis.
1214 1121 1288 1151 306.
1343 1120 1475 1151 scribam
1511 1121 1641 1153 licenter
1666 1121 1744 1153 ibid.
1772 1125 1849 1155 265.

1119 1161 1262 1202 quisquis
1284 1161 1341 1192 erit
1363 1163 1446 1198 vitae,
1469 1163 1614 1200 scribam,
1629 1163 1716 1196 color
1735 1165 1800 1196 Sat.
1814 1165 1849 1201 ii,

1123 1203 1151 1239 l,
1173 1205 1227 1234 60.
1269 1203 1367 1235 scribe
1392 1203 1500 1236 decem
1524 1205 1647 1236 tabulas
1671 1206 1737 1237 Sat.
1758 1206 1794 1244 ii,
1815 1208 1848 1242 3,

1120 1244 1174 1275 69.
1217 1245 1349 1277 scribere
1371 1251 1402 1277 te
1429 1247 1518 1277 nobis
1537 1257 1593 1289 par
1613 1253 1660 1279 est
1681 1247 1742 1295 ΕΡ.
1756 1247 1780 1284 i,
1797 1249 1848 1286 15,

1119 1286 1172 1334 25ἲ
1215 1298 1241 1318 c.
1257 1298 1355 1318 accus.
1371 1294 1399 1318 et
1414 1289 1521 1335 insin..-
1545 1289 1653 1321 scribit
1671 1288 1732 1320 sibi
1750 1289 1851 1338 millia

1119 1337 1258 1406 2¹3²f¹²q¹2¹>5
1276 1330 1449 1406 2332522123
1471 1330 1848 1404 ῗὲᾆὲῗὲῖᾱῖἑῖῑυῗῖᾰέἰῑῗέ

1119 1411 1215 1442 forma
1234 1412 1403 1453 loquaciter
1419 1418 1450 1444 et
1464 1413 1544 1444 situs
1558 1413 1624 1455 agri
1639 1415 1698 1456 Ep.
1711 1414 1733 1450 i,
1753 1415 1802 1451 16,
1819 1417 1850 1447 4.

1119 1453 1202 1484 bella
1225 1465 1288 1495 quo
1314 1454 1406 1485 scribi
1428 1461 1556 1496 possent
1577 1466 1703 1488 numero
1726 1457 1786 1498 Ep.
1809 1457 1849 1488 ad

1118 1495 1185 1525 Pis.
1202 1497 1253 1526 74.
1296 1496 1438 1527 scriberis
1455 1497 1551 1528 Vario
1565 1497 1653 1528 forus
1667 1503 1700 1530 et
1713 1497 1847 1530 hostium

1118 1536 1215 1567 victor
1240 1537 1304 1568 od.
1330 1537 1352 1574 i,
1379 1539 1410 1574 6,
1442 1539 1470 1569 1.
1514 1539 1645 1571 scribere
1671 1549 1719 1571 res
1745 1546 1850 1581 gestas

1120 1579 1179 1619 Ep.
1194 1579 1216 1614 i,
1231 1581 1263 1615 3,
1282 1580 1311 1610 7.
1356 1579 1382 1610 si
1396 1580 1467 1621 quis
1484 1581 1620 1612 Martem
1637 1581 1731 1622 digne
1749 1581 1848 1624 scrip-

1119 1621 1192 1651 serit
1208 1622 1270 1652 Od.
1284 1621 1306 1657 i,
1323 1622 1354 1657 6,
1369 1623 1419 1652 14.
1460 1621 1566 1653 fortem
1582 1622 1758 1665 Scipiadam
1774 1624 1850 1655 scri.

1118 1662 1190 1694 bere
1209 1664 1274 1694 Sat.
1292 1663 1326 1700 ii,
1346 1665 1375 1699 1,
1394 1665 1444 1696 16.
1489 1665 1521 1700 2,
1542 1667 1711 1702 inscribere,
1731 1666 1847 1697 adscri-

1119 1705 1194 1740 bere,
1208 1705 1377 1747 schrg'faelich
1391 1717 1541 1737 ernennen
1551 1719 1562 1738 .-
1585 1706 1720 1739 scribare
1733 1717 1846 1739 secuu-

1117 1746 1177 1776 dus
1192 1747 1290 1778 haeres
1305 1749 1370 1778 Sat.
1383 1746 1417 1784 ii,
1433 1751 1465 1784 5,
1481 1749 1534 1779 48.
1570 1749 1670 1781 scribe
1684 1749 1730 1780 tui
1745 1749 1848 1791 gregis

1118 1787 1202 1820 hunc
1219 1790 1276 1830 Ep.
1288 1789 1311 1826 i,
1328 1790 1360 1825 9,
1379 1790 1429 1820 13.

1160 1833 1314 1862 scrinium.
1348 1830 1485 1873 Crispini
1497 1833 1563 1863 Sat.
1573 1832 1594 1868 i,
1609 1833 1724 1868 1,120.
1757 1830 1848 1863 char-

1118 1877 1166 1902 tas
1182 1878 1213 1903 et
1226 1873 1340 1904 scrinia
1354 1883 1448 1914 posco
1463 1874 1524 1916 Ep.
1539 1874 1574 1911 ii,
1593 1875 1621 1911 1,
1639 1875 1711 1906 113.

1159 1918 1317 1954 scripture.
1361 1914 1442 1946 lecto
1466 1921 1521 1946 aut
1542 1915 1656 1958 scripto
1678 1916 1744 1947 Sat.
1769 1915 1793 1954 i,
1813 1916 1846 1952 6,

1161 2000 1298 2038 scriptor.
1352 2000 1381 2034 1,
1404 2001 1522 2030 scriba.-
1555 1998 1697 2030 librarius
1719 2000 1778 2048 Ep.
1805 1999 1847 2031 ad

1118 2039 1181 2070 Pis.
1204 2041 1279 2071 354.
1322 2042 1355 2076 2,
1374 2047 1501 2072 auctor.-
1532 2041 1639 2073 Livius
1665 2042 1726 2083 Ep.
1750 2041 1785 2077 ii.
1816 2043 1845 2078 1,

1118 2082 1171 2112 62.
1223 2082 1361 2123 cyclicus
1385 2084 1445 2125 Ep.
1471 2083 1511 2114 ad
1536 2083 1602 2114 Pis.
1631 2084 1701 2115 136.
1754 2088 1846 2114 notus

1117 2122 1194 2155 ibid.
1205 2125 1278 2166 346.
1314 2123 1430 2156 delirus
1443 2125 1585 2167 inersque
1599 2125 1660 2167 Ep.
1675 2124 1710 2160 ii,
1726 2125 1759 2160 2,
1774 2125 1847 2157 126.

1119 2165 1255 2196 Romani
1268 2167 1329 2208 Ep.
1345 2166 1379 2203 ii,
1399 2168 1428 2202 1,
1445 2168 1500 2198 30.
1544 2166 1664 2198 nobiles
1679 2167 1740 2215 Ep.
1754 2165 1776 2202 i,
1797 2168 1845 2205 19,

1118 2208 1172 2238 39.
1217 2207 1347 2250 scriptor
1370 2209 1496 2250 Trojani
1525 2208 1600 2240 belli
1628 2209 1688 2251 Ep.
1709 2219 1732 2245 r,
1755 2209 1788 2244 2,
1815 2209 1846 2240 1.

1117 2249 1296 2290 Satyrorum
1312 2251 1373 2291 Ep.
1390 2250 1428 2280 ad
1443 2251 1508 2282 Pis.
1523 2251 1599 2282 235.
1642 2250 1772 2293 scriptor
1788 2251 1844 2281 ab·

1117 2289 1189 2321 hinc
1211 2301 1308 2322 annos
1329 2293 1435 2323 decem
1458 2292 1512 2334 qui
1534 2291 1650 2324 decidit
1674 2293 1734 2334 Ep.
1754 2291 1788 2327 ii,
1813 2293 1843 2329 l,

1116 2332 1170 2362 36.
1212 2332 1271 2363 sibi
1292 2333 1510 2365 convenientia
1529 2333 1611 2375 finge
1632 2333 1762 2376 scriptor
1781 2334 1845 2406 EX.

1116 2374 1154 2404 ad
1184 2374 1251 2404 Pis.
1281 2376 1351 2405 120.
1403 2374 1566 2416 scriptores
1593 2375 1730 2407 carmine
1759 2374 1802 2406 foe
1825 2387 1844 2407 o

1115 2415 1278 2456 splendida
1307 2417 1390 2448 facta
1417 2416 1523 2448 linunt
1551 2417 1610 2459 Ep.
1640 2416 1675 2453 ii,
1707 2418 1738 2453 1,
1767 2417 1847 2448 236.

1113 2457 1295 2499 scriptorum
1318 2458 1430 2489 chorus
1453 2459 1514 2501 Ep.
1535 2458 1570 2495 ii,
1592 2460 1624 2494 2,
1646 2459 1700 2490 77.
1744 2458 1803 2490 scri
1829 2476 1843 2483 -

1115 2504 1192 2530 tores
1207 2510 1328 2531 narrare
1343 2505 1465 2542 putaret
1479 2500 1576 2532 asello
1588 2500 1734 2532 fabellam
1749 2511 1802 2532 sur
1824 2511 1843 2532 ο

1115 2542 1176 2582 Ep.
1199 2541 1232 2578 ii,
1251 2543 1281 2578 1,
1302 2543 1373 2573 199.
1414 2552 1479 2573 una
1500 2553 1571 2573 cum
1593 2541 1739 2584 scriptore
1751 2550 1840 2581 meo,

1113 2593 1206 2624 capsa
1221 2589 1378 2625 porrectus
1393 2589 1496 2626 aperta
1510 2583 1587 2615 ibid.
1597 2585 1672 2615 268.

1155 2627 1310 2665 scriptum.
1354 2626 1459 2657 Lucili
1473 2625 1586 2668 scripta
1601 2627 1667 2656 Sat.
1681 2625 1704 2663 i,
1721 2627 1772 2663 10,
1787 2627 1841 2658 56.

1112 2667 1228 2708 scripta
1243 2677 1311 2699 mea
1327 2668 1393 2698 Sat.
1410 2668 1433 2704 i,
1447 2669 1478 2705 4,
1493 2669 1546 2699 22.
1589 2667 1697 2709 spissis
1711 2667 1842 2709 indigna

1114 2708 1240 2740 theatris
1260 2709 1375 2751 scripta
1395 2709 1492 2751 pudet
1512 2709 1641 2741 recitare
1663 2709 1724 2757 Ep.
1744 2709 1767 2746 i,
1789 2711 1840 2746 19,

1114 2752 1166 2781 42.
1209 2750 1323 2792 scripta
1350 2751 1415 2782 soro
1442 2750 1572 2783 recitent
1596 2751 1663 2782 Sat.
1688 2761 1710 2788 ι,
1731 2753 1763 2787 4,
1789 2753 1840 2783 75.

1112 2792 1226 2835 scripta
1269 2793 1435 2824 Palatinus
1478 2803 1675 2835 quaecunque
1725 2793 1842 2835 recepit

1115 2835 1231 2876 Apollo
1259 2836 1320 2877 Ep.
1344 2835 1366 2870 i,
1393 2836 1425 2871 3,
1455 2836 1504 2867 17.
1550 2835 1626 2876 quia
1655 2834 1838 2866 Graecorum

1111 2882 1185 2907 sunt
1218 2877 1434 2918 antiquissima
1470 2886 1604 2924 quaeque
1637 2876 1687 2908 vel
1721 2875 1838 2918 optima

1109 2918 1224 2961 scripta
1240 2919 1296 2960 Ep.
1311 2919 1345 2956 ii,
1365 2921 1394 2955 1,
1409 2920 1464 2951 29.
1506 2924 1688 2961 scriptorum
1703 2928 1838 2960 quaeque
