1884 3288
678 204 904 248 LIBER
936 204 970 255 Ι,
1002 205 1072 246 30.

1593 205 1644 246 61

645 429 923 472 CARMEN
957 428 1113 471 XXX.

678 605 747 636 AD
782 585 1076 636 VE‘NEREM.
1126 595 1128 597 ’

394 723 437 765 O
459 722 637 773 VENUS‚
661 712 810 778 regina
832 721 972 763 Gnidi
993 720 1237 778 Paphique,

393 791 562 847 Sperne
584 790 786 832 dilectam
808 790 1003 846 Cypron,
1027 798 1071 832 et
1092 791 1288 833 vocantis

392 858 515 901 Ture
537 866 579 901 te
599 857 736 900 multo
758 857 964 913 Glycerae
986 857 1191 900 decoram

799 926 1015 968 Transfer
1037 927 1254 980 inaedem.

335 997 362 1039 5
391 996 605 1039 Fervidus
628 1003 772 1038 tecum
795 995 927 1046 Puer,
951 1002 996 1037 et
1019 995 1172 1038 solutis

390 1064 559 1107 Gratiae
581 1065 716 1115 zonis,
738 1071 1065 1120 properentque
1087 1063 1324 1120 Nymphae,

395 1133 458 1175 Et
479 1148 632 1190 parum
654 1133 786 1175 comis
809 1132 902 1174 sine
925 1139 968 1173 te
990 1131 1019 1174 J
1024 1139 1219 1183 uventas,

802 1199 1157 1256 Mercuriusque.

150 1303 289 1334 10-16.
312 1303 429 1334 Arduis
447 1302 559 1333 Pronos
573 1303 670 1333 relabi
685 1312 765 1342 posse
777 1303 856 1333 rivos

104 1345 274 1382 Montibus,
290 1346 322 1377 h.
337 1356 364 1377 e.
392 1345 456 1376 fieri
478 1355 582 1388 posse,
602 1351 635 1376 ut
651 1344 708 1375 rivi
730 1355 855 1375 sursum

161 1388 221 1421 iter
247 1399 285 1420 ac
311 1388 458 1420 deorsum
485 1399 585 1431 prono
613 1398 711 1419 cursu
737 1387 776 1418 ad
806 1398 856 1418 ar-

125 1442 184 1463 uos
199 1438 323 1464 montes
341 1432 544 1464 relabantur:
567 1433 717 1462 montibus
733 1437 782 1462 est
802 1441 855 1462 ca-

101 1485 158 1507 sus
173 1475 296 1507 tertius.
339 1476 490 1507 Ceterum
514 1475 678 1506 fluviorum
696 1473 736 1504 ad
755 1474 858 1505 fontes

102 1527 250 1554 recursus
265 1529 351 1562 saepe
370 1517 410 1550 de
426 1519 520 1550 rebus
541 1517 735 1555 ἀδυνάτοις,
752 1517 800 1548 vel
817 1517 857 1548 de

102 1571 193 1594 verso
210 1573 311 1594 rerum
327 1561 455 1593 ordine:
474 1561 538 1593 vid.
550 1562 693 1604 Interpp.
707 1561 747 1592 ad
762 1561 857 1592 Ovid.

18 1591 40 1610 ’ξ
102 1605 183 1638 Her.
199 1615 231 1641 v,
248 1606 302 1637 30.
341 1604 469 1637 Panaeti.
503 1605 680 1640 patientius,
698 1605 858 1642 Rhodius,

103 1647 281 1680 Stoicorum
301 1647 460 1691 princeps,
478 1648 642 1690 Antipatri
663 1647 856 1690 discipulus,

104 1691 271 1724 Posidonii
286 1691 396 1723 doctor
411 1691 503 1733 (Cic.
520 1691 630 1722 Divin.
645 1691 667 1728 i,
683 1690 736 1730 3),
754 1690 858 1732 Scipi-

103 1734 187 1774 onis,
209 1734 357 1768 Africani
381 1733 531 1776 Majoris,
559 1734 725 1765 familiaris
750 1734 859 1774 (Veli.

105 1777 214 1810 Pater.
241 1777 277 1816 ii,
303 1779 356 1814 13,
388 1780 441 1815 3),
469 1777 590 1813 multis,
613 1788 694 1819 quos
721 1776 858 1819 scripsit,

103 1819 206 1858 libris,
238 1821 397 1865 precipue
428 1821 506 1863 περὶ
539 1822 599 1852 τοῦ
631 1819 855 1859 καθήκοντος,

103 1863 305 1897 nobilitatem
323 1870 457 1896 nactus:
480 1864 520 1895 cf.
535 1863 606 1896 Cic.
622 1864 660 1895 de
677 1864 771 1895 Offic.
789 1863 811 1899 i,
826 1866 858 1901 2,

103 1912 138 1940 et
169 1907 217 1947 iii,
249 1909 282 1940 2.
325 1908 512 1939 Socraticam
545 1909 679 1943 domum,
714 1906 859 1948 intellige

103 1949 203 1983 libros
239 1950 475 1994 hilosophorum
493 1961 511 1982 e
525 1949 658 1988 familia,
673 1950 704 1981 h.
720 1961 748 1981 e.
771 1955 859 1981 secta

103 1993 156 2026 vel
183 2005 218 2027 sc
241 1995 294 2026 ola
318 1995 469 2033 Socratis,
497 2005 528 2025 v.
557 2004 589 2026 c.
623 1993 857 2036 XenophontiS.

105 2035 264 2074 Platonis.
285 2037 463 2074 AEschinis,
479 2042 555 2068 cett.
600 2036 706 2073 Iberis,
721 2047 760 2068 ex
778 2037 858 2069 ferro

104 2080 238 2124 optimo,
252 2080 398 2124 Hispano
413 2090 538 2123 nempe,
555 2079 718 2112 confectis.

310 2166 515 2200 CARMEN
542 2167 653 2199 XXX.

147 2209 237 2243 Dum
262 2210 412 2254 Glycera.
436 2210 521 2242 haud
543 2209 640 2242 dubie
663 2210 772 2253 puella
796 2210 857 2241 for—

104 2253 232 2291 mosior,
247 2264 339 2286 sacra
361 2253 394 2285 in
416 2254 511 2286 domo
533 2264 591 2284 sua
611 2260 702 2296 parat
719 2254 858 2294 Veneri3

104 2294 201 2336 hunc,
223 2302 261 2329 ut
281 2297 393 2330 dextra
417 2303 514 2340 atque
537 2297 671 2340 propitia
695 2307 768 2329 cum
793 2303 860 2329 toto

104 2339 258 2373 comitatu
273 2351 332 2373 suo
346 2333 393 2373 isli
408 2341 518 2372 adesse
533 2340 620 2376 velit,
632 2340 694 2383 piis
710 2340 858 2383 precibus

2 2365 14 2387 T
33 2390 35 2395 ‘
91 2389 200 2429 speetu.
220 2382 369 2429 implorat
426 2383 675 2415 Similitudinem
697 2383 858 2426 quandam

105 2435 179 2459 eum
202 2425 263 2460 hoc
285 2428 426 2460 carmine
446 2429 597 2469 κλητ-ικῷ
615 2427 713 2459 babet
731 2428 858 2470 Fragm.

54 2518 61 2524 ι
87 2475 90 2478 ’
105 2468 183 2503 xxix
197 2469 283 2514 apud
298 2470 420 2503 Anacr.
435 2470 512 2502 edit.
526 2470 632 2502 Fisch.
647 2481 679 2513 p.
693 2472 772 2503 271.

151 2512 248 2546 1-4.
263 2513 387 2557 Regina
398 2514 498 2546 Gnidn·
509 2526 517 2544 :
534 2513 579 2545 sic
589 2519 722 2545 vocatur
736 2515 859 2551 Venus,

10 2535 18 2553 ἴ
34 2531 46 2585 ἷ-
83 2544 85 2546 .
105 2555 193 2607 fluit,
217 2562 253 2589 ut
274 2556 335 2589 dea
355 2557 501 2589 tutelaris
523 2555 634 2589 Gnido
661 2562 805 2599 praeerat.
828 2563 861 2588 et

105 2609 151 2633 lm
208 2599 274 2632 'um
304 2610 396 2632 suum
426 2599 471 2632 ibi
499 2600 679 2632 exercebat.
725 2600 862 2638 Gnidum,

19 2642 27 2647 ”
51 2655 53 2658 ·
105 2650 144 2675 ur
206 2642 336 2675 Doridis
359 2643 392 2675 in
414 2642 521 2678 Caria.
538 2643 708 2675 simulacro
725 2643 862 2676 Veneris

92 2694 127 2724 ,n
138 2682 302 2719 Praxitele
316 2687 444 2731 sculpto
456 2686 655 2718 nobilissima
669 2699 676 2717 :
694 2686 756 2718 vid.
774 2688 860 2719 Pau-

3 2733 5 2737 '
49 2734 57 2742 “·
85 2737 177 2779 *am
193 2729 408 2770 Attic.i‚20;
436 2729 522 2761 Plin.
546 2729 654 2767 xxxvi,
670 2731 703 2761 5.
749 2730 863 2771 Paphi.

106 2770 252 2823 Pnplms.
282 2773 382 2816 Cypri
410 2773 575 2816 oppidum.
607 2771 740 2805 Veneris
771 2774 861 2805 cultu

901 1302 976 1333 415.
998 1303 1124 1343 Sperne,
1136 1313 1192 1345 pro
1205 1302 1341 1345 vulgari,
1354 1303 1510 1345 relinque.
1527 1303 1634 1334 desere
1648 1314 1656 1342 ;

901 1344 946 1375 sic
973 1356 1047 1388 sup.
1072 1346 1094 1381 i,
1122 1348 1171 1383 19,
1195 1348 1227 1378 9.
1276 1347 1400 1383 Venus,
1425 1357 1497 1378 cum
1526 1353 1591 1377 tota
1622 1347 1656 1379 in

902 1387 1043 1419 animum
1070 1395 1170 1430 poetae
1194 1396 1308 1426 rueret,
1333 1391 1470 1431 Cyprum
1493 1392 1657 1422 deseruisse

900 1430 1039 1471 dicitur3
1069 1443 1211 1473 spernere
1246 1444 1358 1475 nempe
1396 1433 1552 1464 hactenus
1587 1434 1654 1475 jam

900 1473 1037 1506 debebat
1062 1476 1173 1506 Venus
1197 1476 1351 1518 Cyprum,
1375 1482 1421 1514 ut,
1444 1477 1599 1518 quamdiu
1623 1478 1656 1509 in

900 1516 995 1548 domo
1025 1519 1174 1561 Glycerae
1205 1521 1234 1550 ei
1264 1529 1354 1551 sacra
1384 1519 1506 1557 fierent,
1531 1521 1655 1552 tamdiu

901 1559 987 1592 illam
1006 1562 1139 1604 propriae
1155 1573 1223 1594 suae
1240 1563 1307 1594 sedi
1324 1569 1542 1606 anteponeret.
1579 1565 1656 1595 Plu-

901 1613 951 1635 rcs
974 1605 1068 1636 urbes
1096 1606 1211 1637 Veneri
1239 1616 1346 1637 sacras
1369 1613 1513 1638 recenset
1534 1607 1658 1639 Catull.

900 1647 1007 1683 xxxvi,
1028 1650 1063 1679 ll
1083 1659 1154 1690 sqq.
1204 1649 1346 1680 Vocantis
1367 1656 1395 1680 te
1415 1658 1486 1681 ture
1500 1652 1607 1685 multo,
1626 1652 1658 1683 h.

900 1700 929 1721 e.
949 1690 1137 1722 advocantis
1159 1698 1191 1723 et
1213 1692 1380 1724 invitantis
1403 1699 1434 1724 te
1456 1694 1496 1724 ad
1520 1693 1659 1726 lautiora

901 1733 958 1764 tibi
986 1733 1144 1765 adolenda
1175 1735 1342 1767 sacrificia.
1387 1736 1549 1772 Decorum,
1578 1738 1659 1769 refer

903 1777 943 1807 ad
959 1777 1146 1808 munditiem
1167 1784 1200 1809 et
1215 1779 1358 1813 nitorem,
1375 1789 1452 1820 quo,
1467 1785 1503 1810 ut
1520 1779 1657 1812 decebat

901 1819 953 1851 die
970 1820 1062 1856 festo,
1079 1821 1193 1852 domus
1208 1821 1383 1864 splenduit.

945 1865 1044 1896 5—8.
1071 1864 1218 1895 Fet-vidus
1241 1872 1338 1896 tecum
1367 1865 1460 1901 Puer,
1483 1871 1561 1899 cett.
1584 1877 1656 1898 sen-

902 1916 978 1937 sus:
1009 1913 1041 1938 et
1077 1907 1205 1949 quidem
1244 1918 1317 1939 cum
1355 1908 1562 1944 dulcissimis.
1600 1910 1655 1952 qui

902 1949 1029 1982 assidue
1056 1950 1112 1981 tibi
1141 1950 1301 1983 adhaerere
1331 1952 1447 1987 solent.
1475 1952 1656 1991 comitibus,

902 1992 1034 2030 Amore,
1061 1993 1193 2031 Gratiis,
1217 1994 1388 2037 Nymphis.
1413 1995 1598 2032 Juveutate,
1624 2003 1657 2028 et

903 2036 1076 2068 Mercurio.
1116 2037 1287 2069 Fervidus:
1312 2044 1361 2069 est
1375 2038 1460 2070 enim
1478 2040 1570 2070 Amor
1586 2040 1656 2071 ani-

902 2089 1010 2110 mosus
1024 2086 1056 2111 et
1071 2080 1245 2111 fervidioris
1260 2081 1379 2123 ingenii
1396 2092 1485 2124 puer.
1525 2082 1658 2122 Gratim,

902 2128 1063 2165 perpetuae
1078 2123 1212 2156 Veneris
1227 2125 1361 2156 comites
1374 2130 1406 2156 et
1421 2125 1594 2157 ministrae:
1615 2127 1659 2159 cf.

903 2176 974 2209 sup.
998 2166 1022 2203 i,
1047 2169 1079 2203 4,
1104 2170 1144 2204 5;
1166 2174 1199 2199 et
1223 2169 1354 2199 Homer.
1378 2169 1500 2210 Hymn.
1522 2168 1555 2200 in
1573 2171 1659 2202 Ven.

905 2221 936 2241 v.
961 2210 997 2241 61
1020 2221 1028 2245 ς
1053 2210 1171 2243 Claud.
1194 2210 1234 2243 de
1260 2212 1364 2254 Nupt.
1389 2213 1512 2243 Honor.
1533 2223 1564 2244 v.
1588 2214 1659 2245 100.

903 2253 1018 2284 Salutis
1037 2255 1128 2290 zonis,
1149 2254 1328 2291 discinctae,
1346 2255 1416 2287 sine
1439 2256 1547 2294 zonis3
1570 2257 1658 2299 quod

903 2295 944 2327 ad
967 2305 1088 2338 gratam
1117 2297 1303 2329 Gratiarum
1328 2298 1553 2341 negligentiam
1578 2300 1658 2331 refe-

900 2341 1049 2371 rendum.
1069 2348 1075 2360 ²
1093 2340 1375 2382 Juventass'Hfirp.
1392 2353 1466 2384 quae
1489 2343 1605 2384 pariter
1626 2343 1660 2375 in

904 2383 1040 2415 Veneris
1070 2384 1225 2416 comitatu
1255 2392 1387 2428 apparet
1412 2385 1498 2428 apud
1528 2386 1661 2418 Homer.

903 2427 1024 2469 Hymn.
1043 2427 1077 2459 in
1094 2427 1205 2470 Apoll.
1230 2428 1303 2460 195.
1349 2429 1468 2460 Parum
1486 2431 1575 2460 comis
1595 2432 1660 2462 sine

902 2476 943 2507 te,
965 2480 984 2501 a
999 2471 1125 2503 Venere
1146 2470 1232 2503 enim
1250 2471 1403 2514 juventas
1422 2472 1582 2504 lenocinia
1602 2483 1662 2504 sua

903 2513 1033 2556 accipit,
1049 2514 1082 2545 h.
1105 2524 1135 2546 e.
1181 2514 1282 2546 Amor
1299 2515 1468 2557 juventam
1492 2515 1661 2548 amabilem

904 2556 1029 2588 reddit:
1064 2557 1312 2600 Mercuriusque,
1341 2559 1398 2601 qui
1428 2558 1519 2590 adest
1543 2559 1662 2592 Veneri

905 2599 1058 2632 facundia
1082 2611 1140 2632 sua
1165 2602 1233 2644 (est
1255 2602 1342 2633 enim
1367 2602 1448 2634 deus
1472 2602 1596 2645 λόγως,
1620 2603 1662 2634 cf.

905 2654 976 2686 sup.
993 2643 1016 2681 i,
1036 2645 1089 2680 10,
1106 2645 1158 2682 3),
1175 2650 1211 2676 ut
1231 2651 1373 2677 amantes
1394 2646 1476 2678 inter
1497 2656 1532 2678 se
1552 2646 1661 2678 conci-

907 2687 975 2719 liet.
1021 2688 1107 2719 Hinc
1130 2688 1202 2730 ipsa
1218 2688 1332 2720 Venus
1355 2689 1442 2732 apud
1459 2689 1563 2732 Apul.
1583 2691 1662 2721 Met.

906 2731 956 2766 vi..
967 2742 997 2773 p.
1018 2732 1061 2763 93
1082 2730 1245 2773 (Plant.),
1261 2732 1338 2769 Scis,
1353 2744 1482 2764 sarm-em
1500 2739 1585 2764 tuam
1607 2733 1661 2764 Ve-

904 2785 1004 2805 nerem
1027 2779 1092 2807 sine
1110 2775 1266 2807 Mercurii
1285 2777 1449 2816 praesentia
1469 2777 1516 2807 m'l
1535 2787 1662 2818 usquam

105 2820 185 2849 ⁸1⁸1!
206 2821 336 2849 uotum:
361 2816 406 2849 cf.
432 2817 522 2859 Virg.
549 2817 628 2848 AEn.
656 2827 687 2853 x,
709 2818 762 2854 51,
786 2822 818 2849 et
839 2817 861 2856 i,
895 2818 1022 2861 jecisse.
