1904 3314
14 623 18 625 ν
7 389 24 588 -bwtu—«nw,
16 327 23 358 ⁴,

7 1389 15 1417 ,ι

0 1509 14 1543 ἑ

0 1544 18 1590 ”⁶5

0 1590 10 1598 .

677 188 901 230 LIBER
937 188 996 239 11,
1029 190 1070 231 4,

1559 195 1647 236 397

222 290 436 343 Dulcior3
467 292 631 347 irriguo
652 289 759 332 nihil
779 296 847 331 est
866 289 1026 332 elutius
1047 290 1191 332 horto.

221 359 270 401 Si
290 360 564 416 vespertinus
585 359 732 400 subito
753 364 796 400 te
817 359 1087 413 oppresserit
1105 359 1285 415 hospeS,

221 426 295 470 Ne
317 427 476 483 gallina
495 425 654 469 malum
674 433 903 481 responset
923 427 1035 468 dura
1054 425 1217 481 palato,

221 493 394 536 Doctus
415 495 500 536 eris
522 495 663 535 vivam
682 500 826 535 musto
847 508 1036 535 mersare
1059 493 1268 544 Falern03

133 561 192 604 20
222 562 323 604 Hoc
343 569 535 604 teneram
557 561 698 603 faciet.

762 561 1049 604 Pratensibus
1071 563 1235 618 optima
1255 563 1401 619 fungis

221 630 394 673 Natura
413 638 503 672 est:
535 630 628 672 aliis
650 629 760 672 male
781 630 990 672 creditur.

1053 629 1132 672 Ille
1155 630 1354 672 salubres

221 697 421 740 AEstates
442 705 639 754 peraget,
661 698 736 753 qui
757 699 892 753 nigris
914 699 1098 753 prandia
1119 700 1250 740 moris

220 764 258 808 F
259 766 377 816 iniet,
400 773 501 807 ante
522 781 697 822 gravem
719 781 818 821 quae
838 765 995 821 legerit
1016 767 1172 808 arbore
1195 767 1342 809 solem.

217 830 426 874 Aufidius
444 831 555 883 forti,
568 832 779 874 miscebat
800 832 928 874 mella
950 833 1154 884 Falerno,

133 899 191 942 25
219 899 466 951 Mendose3
498 901 701 955 quoniam
722 901 869 942 vacuis
895 903 1162 944 committere
1184 903 1303 944 venis

218 967 298 1010 Nil
318 969 402 1010 nisi
419 967 517 1011 lene
539 969 691 1011 decet:
724 968 811 1011 leni
833 971 1079 1025 praecordia
1103 969 1244 1012 mulso

221 1035 443 1080 Prolueris
465 1037 632 1079 melius.

695 1037 743 1078 Si
764 1039 874 1079 dura
895 1039 1134 1080 morabitur
1155 1038 1293 1088 alvus,

221 1104 409 1147 Mitulus
431 1112 476 1147 et
497 1106 601 1147 viles
623 1104 787 1160 pellent
809 1107 1029 1147 obstantia
1050 1106 1244 1156 conchae‚

106 1231 256 1263 Veterem
290 1227 459 1263 lectionem
491 1235 586 1274 magis
612 1232 682 1262 alba
716 1231 857 1264 defendit

105 1273 182 1310 Fen,
210 1273 317 1305 addita
339 1274 562 1316 explicatione,
589 1278 610 1292 “
629 1275 729 1315 magis
754 1275 854 1306 abun·
897 1285 963 1316 Jam
1003 1286 1070 1317 pro,
1111 1277 1278 1307 mersando
1320 1276 1486 1309 suffocare.

105 1316 215 1348 dantia
225 1317 386 1348 albumine
398 1316 431 1354 ;''
447 1317 503 1349 sed
517 1318 598 1349 hanc
612 1317 854 1358 explicationem

106 1359 159 1391 vix
177 1359 238 1391 fert
256 1358 426 1391 Latinitas.

153 1402 208 1434 14.
233 1402 362 1438 Ponere,
381 1399 549 1444 apponere.
595 1402 759 1432 Cohibent:
780 1401 856 1432 dum

105 1445 218 1476 callosa
231 1443 375 1476 vitellum
390 1443 483 1486 quasi
499 1444 531 1475 in
554 1444 732 1485 aequilibrio
755 1445 858 1476 conti-

108 1492 197 1524 nent,
217 1487 379 1528 eleganter
400 1488 550 1519 dicuntur
566 1497 639 1518 eum
655 1488 801 1525 cohibere,
815 1498 860 1519 sc.

62 1534 68 1538 ·
109 1539 129 1560 a
141 1540 224 1571 vaga
238 1529 428 1561 mobilitate.

155 1574 208 1609 15,
243 1573 294 1604 16.
332 1573 352 1604 J
357 1583 407 1603 am
446 1571 558 1603 transit
593 1572 634 1603 ad
671 1572 756 1604 olera
792 1571 859 1603 sive

109 1615 222 1648 caules
239 1616 328 1658 (nos,
349 1615 429 1646 Kohl
445 1617 516 1646 oder
533 1615 674 1650 Gemiise,
695 1626 754 1645 was
771 1617 858 1646 einen

108 1658 239 1701 Seiingel
253 1659 352 1696 hut),·
373 1658 474 1700 junge
488 1669 494 1687 ε
519 1658 638 1692 caulis,
654 1660 707 1698 qui
725 1661 758 1688 in
773 1660 860 1689 siccis

107 1703 193 1744 agris
215 1704 323 1740 crevit,
348 1708 391 1732 est
415 1701 537 1732 dulcior
561 1701 649 1731 caule
676 1701 859 1738 suburbano,

108 1743 144 1776 lt.
168 1755 199 1778 e.
222 1743 256 1775 in
278 1744 369 1775 horto
392 1744 573 1775 suburbano
593 1749 687 1780 nato;
711 1743 784 1774 hinc
803 1744 857 1775 ad-

109 1786 170 1824 dit,
198 1788 321 1830 irriguo
341 1788 422 1817 nihil
445 1793 488 1818 est
510 1788 624 1816 elutius
647 1787 744 1821 horto,
771 1786 805 1816 h.
831 1797 859 1818 e.

110 1835 194 1862 terra
217 1829 334 1861 nullibi
361 1829 463 1870 magis
486 1839 539 1871 per
562 1839 678 1870 aquam
701 1834 750 1859 est
771 1829 859 1860 eluta

110 1873 248 1914 (nullibi
263 1872 365 1913 magis
378 1879 426 1903 est
442 1871 604 1909 humida),
620 1882 716 1912 quam
739 1870 771 1901 in
787 1871 857 1902 hor-

110 1914 152 1947 tis
166 1915 371 1951 suburbanis,
389 1915 454 1946 sive
470 1915 556 1956 quod
575 1913 627 1944 siti
648 1913 695 1944 illi
714 1919 803 1945 erant
825 1914 858 1945 in

109 1957 189 1990 locis
202 1957 352 1996 humidis,
369 1957 435 1989 sive
450 1957 535 1999 quod
559 1957 653 1988 rivuli
673 1957 706 1987 in
727 1967 781 1988 eos
803 1956 858 1989 de-

110 2000 328 2033 ducebantur:
362 2000 458 2032 Ovid.
481 2001 567 2031 Fast.
587 1999 620 2034 ii,
644 2000 720 2035 703,
743 1999 859 2031 Hortus

110 2045 245 2076 odoratis
267 2044 389 2075 suberat
413 2045 596 2075 cultissimus
623 2043 733 2077 herbis,
756 2043 860 2074 Set-tus

113 2087 239 2118 humum
257 2088 324 2117 rivo
345 2088 410 2118 lene
419 2086 554 2127 fluentis
568 2097 653 2126 aquae
666 2097 677 2122 ,·
702 2085 785 2116 olera
803 2096 859 2117 au·

111 2133 176 2162 tem
205 2128 239 2161 in
264 2129 346 2160 locis
367 2128 508 2160 humidis
537 2134 612 2159 nata
635 2127 713 2159 fatui
741 2128 861 2170 saporis

111 2181 182 2204 esse
197 2172 421 2204 credebantur.

159 2215 299 2247 18—20.
322 2214 372 2246 Ne
391 2215 514 2257 gallina
536 2214 662 2251 malum,
691 2218 767 2245 cett.
786 2215 858 2256 gal-

115 2258 183 2290 lina
207 2260 302 2294 dura,
325 2257 447 2298 gallina
471 2266 556 2298 quae,
581 2262 654 2298 post
680 2266 775 2298 quam
803 2258 862 2288 sub

113 2299 282 2343 improviso
303 2299 438 2342 hospitis
455 2299 592 2330 adventu
614 2309 698 2330 caesa
716 2305 774 2337 est,
797 2306 862 2331 sta-

113 2341 200 2376 time
245 2342 341 2379 uitur,
357 2347 462 2374 manet
480 2344 572 2378 dura,
591 2340 726 2383 ideoque
749 2352 861 2384 parum

113 2353 302 2429 momen-e
324 2390 428 2428 potest
453 2384 684 2426 exspectationi
715 2384 861 2428 hospitis,

112 2437 178 2467 non
210 2428 324 2460 duram
352 2428 407 2460 sed
437 2433 575 2459 teneram
608 2437 735 2458 carnem
767 2428 860 2460 edere

111 2470 284 2515 cupientis.
321 2471 444 2505 Malum
456 2480 496 2502 ex
519 2470 610 2502 licari
624 2469 754 2502 omnino
766 2470 861 2502 debet

60 2548 65 2549 ⁷
113 2523 185 2558 pro,
200 2513 295 2551 male,
311 2513 367 2546 sed
381 2524 494 2556 exemp
510 2523 574 2549 um,
590 2513 646 2544 ubi
663 2514 778 2544 malum
793 2524 860 2555 pro,

112 2556 208 2593 mle.
237 2556 377 2600 positum
412 2555 465 2592 sit,
496 2555 613 2587 frustra
648 2555 835 2597 investigavi
850 2568 860 2596 3

3 2596 91 2646 ξι
112 2599 259 2648 :ufic-or
290 2598 388 2641 igitur
430 2597 597 2630 Horatium
636 2608 705 2640 pro,
746 2601 861 2630 malum

37 2667 48 2678 .
82 2645 87 2649 ”
113 2651 411 2687 mpnueparum.
445 2640 519 2672 Nisi
531 2640 700 2682 quismalit
709 2645 860 2679 statuere,

200 2697 231 2717 m
253 2695 426 2726 rupcmsare
452 2683 573 2715 dictum
601 2693 682 2719 esse,
711 2689 747 2714 ut
773 2685 863 2715 dulce

237 2729 328 2760 autea
338 2729 432 2769 loqui,
445 2727 510 2759 oa.
525 2725 549 2763 i,
562 2727 617 2762 22,
626 2727 668 2757 24
680 2736 689 2764 ;
709 2728 862 2768 peffidum

113 2771 227 2809 ridere,
247 2770 313 2803 Od.
332 2770 380 2808 iii,
397 2771 453 2807 27,
478 2770 542 2807 26;
564 2780 673 2800 canere
692 2770 859 2807 indoctum,

58 2826 62 2827 ⁷
115 2814 207 2851 dudan
223 2814 335 2850 bibere,
351 2813 457 2856 Epist.
472 2811 508 2848 ii,
523 2813 557 2848 2,
574 2813 595 2843 9
609 2823 617 2850 ς
640 2812 785 2843 blandum
799 2814 859 2844 du-

16 2855 59 2898 ‘J
115 2855 272 2907 nrm-Od-
297 2855 320 2893 i,
338 2857 390 2894 12,
409 2857 460 2887 11.
506 2855 629 2893 Palam,
646 2854 807 2895 eleganter
829 2861 861 2887 et

14 2923 15 2927 ,
27 2911 61 2932 ·;
116 2897 330 2940 muter
343 2909 410 2941 pro,
423 2900 622 2939 expectationi
631 2908 643 2934 ,·
667 2902 700 2928 et
714 2897 788 2929 hine
803 2909 859 2938 pa-

116 2950 188 2975 nt-
200 2948 362 2983 uuponoee,
379 2951 491 2984 parum
513 2946 613 2982 grata,
633 2940 765 2981 ingrata,
783 2940 861 2972 iusi-

118 2981 259 3026 pidnit.
303 2985 419 3016 Doctus
444 2985 503 3016 eris
524 2993 668 3019 mersare,
693 2993 761 3024 pro,
781 2994 861 3026 prae-

901 1232 1002 1275 ceptis
1022 1232 1100 1264 meis
1125 1233 1257 1264 edoctus
1283 1234 1447 1265 mersabis.
1502 1235 1652 1273 Menan,

903 1274 909 1279 ”
1548 1279 1653 1310 Musto

902 1318 1054 1348 Falerno:
1081 1329 1136 1359 pro
1167 1319 1291 1360 vulgari
1321 1319 1459 1351 lectione
1488 1322 1575 1351 misto
1601 1322 1650 1353 vel

900 1362 1006 1395 mulso,
1021 1361 1144 1401 egregie
1160 1361 1198 1391 ad
1218 1372 1282 1392 rem
1300 1362 1467 1392 Bentleius
1482 1362 1514 1393 in
1530 1369 1652 1395 textum

902 1403 1022 1444 recepit
1048 1410 1154 1433 musto.
1201 1404 1341 1434 Muscam
1363 1404 1449 1435 enim
1473 1405 1558 1452 apud
1584 1406 1653 1437 Ro-

902 1455 1017 1476 manos
1043 1445 1088 1476 ita
1115 1445 1323 1481 condebatur,
1349 1452 1385 1477 ut
1414 1457 1469 1488 per
1494 1454 1653 1488 integrum

904 1487 1001 1519 ferme
1020 1499 1140 1519 annum
1164 1499 1274 1520 recens
1295 1495 1325 1520 et
1347 1489 1442 1521 dulce
1465 1497 1653 1528 servaretur,

904 1531 1056 1572 varioque
1073 1531 1191 1562 culinae
1215 1531 1284 1562 usui
1308 1531 1521 1564 adhiberetur.
1566 1535 1653 1566 Lau-

903 1573 981 1604 dant
1008 1575 1041 1604 in
1067 1574 1150 1605 hanc
1178 1585 1242 1606 rem
1268 1575 1341 1606 Cat.
1367 1575 1406 1606 de
1435 1575 1478 1607 R.
1501 1577 1544 1609 R..
1567 1587 1654 1617 cxx;

905 1617 1034 1647 Colum.
1052 1617 1108 1653 xii,
1123 1619 1188 1654 29;
1213 1618 1299 1649 Plin.
1317 1617 1380 1654 xiv,
1400 1619 1454 1649 ll.

947 1660 1000 1690 21.
1024 1661 1103 1690 Aliis
1119 1662 1196 1690 male
1217 1662 1375 1691 creditur:
1399 1671 1464 1692 non
1487 1661 1558 1693 ideo
1581 1668 1652 1695 tan-

906 1706 986 1737 tum,
1002 1701 1088 1743 quod
1106 1702 1209 1741 fungi,
1227 1703 1282 1744 qui
1303 1703 1336 1734 in
1359 1703 1449 1734 silvis
1468 1712 1654 1744 nascuntur,

905 1750 1017 1775 natura
1047 1754 1106 1774 sua
1135 1744 1304 1776 deteriores
1333 1751 1408 1775 sunt
1438 1748 1653 1787 pratensibus,

904 1786 959 1816 sed
974 1787 1082 1823 etiam,
1101 1786 1188 1828 quod
1203 1788 1235 1817 in
1261 1786 1350 1818 silvis
1368 1787 1464 1818 simul
1486 1789 1655 1823 inveniun-

904 1834 955 1859 tur
969 1829 1060 1870 sungi
1075 1829 1151 1860 mali
1166 1835 1198 1861 et
1212 1829 1387 1861 valetudini
1410 1830 1580 1864 admodum
1604 1834 1654 1865 in—

902 1871 983 1910 sesti,
1014 1873 1081 1914 qui,
1112 1873 1153 1903 ob
1183 1872 1424 1903 similitudinem
1455 1884 1550 1915 quam
1579 1887 1653 1908 cum

902 1914 994 1945 bonis
1010 1915 1138 1951 habent,
1153 1915 1247 1946 facile
1259 1915 1359 1946 fraudi
1373 1926 1443 1947 esse
1455 1925 1601 1958 possunt.

946 1958 1002 1988 22.
1028 1958 1090 1992 Qui
1105 1960 1204 1999 nigris
1218 1961 1352 1998 prandia
1368 1961 1469 1990 moris.
1506 1961 1579 1992 Jam
1597 1963 1653 1993 ad-

903 2007 1094 2042 sperguntur
1123 2000 1269 2042 quaedam
1305 2007 1474 2043 praecepta‚
1511 2003 1550 2034 ad
1585 2004 1653 2042 illa,

903 2054 976 2084 quae
1013 2050 1087 2075 ante
1124 2043 1297 2076 solemnem
1334 2054 1462 2075 coenam
1499 2048 1655 2080 sumenda

906 2086 981 2121 sint,
995 2086 1185 2128 spectantia.

949 2130 1003 2159 24.
1034 2129 1312 2160 Furti—Falerno.
1365 2129 1528 2168 Aufidius,
1560 2132 1654 2166 homo

905 2171 1050 2212 gulosus,
1066 2172 1159 2214 cujus
1175 2178 1300 2213 gentem
1324 2182 1416 2204 nosse
1431 2173 1511 2204 nihil
1528 2175 1654 2213 attinet,

903 2214 1152 2256 reprehenditur,
1177 2215 1262 2256 quod
1286 2216 1417 2246 mulsum
1441 2217 1528 2259 (nos,
1550 2219 1654 2260 Meth)

906 2267 945 2288 ex
961 2257 1056 2299 melle
1071 2264 1103 2289 et
1119 2257 1345 2299 Falernojbrti
1361 2258 1411 2299 (h.
1428 2269 1458 2290 e.
1472 2259 1601 2298 fervido,
1619 2270 1655 2294 ut

905 2299 963 2331 inf.
983 2301 1050 2331 Sat.
1064 2300 1099 2336 ii,
1117 2302 1149 2336 8,
1169 2301 1223 2336 38,
1245 2303 1317 2331 vina
1330 2301 1493 2343 fervida),
1514 2314 1580 2339 nos.
1597 2317 1654 2338 aus

905 2343 1036 2374 stam-hem
1065 2345 1131 2375 und
1160 2345 1323 2386 feurigem
1353 2344 1503 2377 Falerner
1538 2347 1654 2384 Weine,

905 2386 1080 2425 miscebat3
1111 2385 1186 2418 hinc
1214 2386 1310 2428 paulo
1337 2393 1408 2429 post
1437 2399 1468 2419 v.
1494 2389 1538 2421 26
1567 2401 1653 2422 com-

903 2429 1070 2460 mendatur
1083 2431 1216 2460 mulsum
1230 2430 1306 2460 lene.

947 2472 1001 2503 25.
1019 2472 1266 2509 Mendose‚male
1279 2482 1356 2504 sane
1370 2472 1430 2504 hoc
1446 2472 1532 2511 fecit,
1546 2480 1653 2516 quoni-

903 2525 964 2550 am,
975 2519 1050 2546 cett.
1085 2514 1417 2557 Vacuis-venis‚ergo
1429 2523 1503 2548 aute
1512 2527 1653 2552 coenam.

947 2558 1003 2589 26.
1026 2557 1200 2588 Praecordia
1226 2557 1369 2601 (proprie
1399 2558 1439 2590 de
1468 2559 1653 2600 visceribus,

906 2610 978 2641 quae
990 2605 1144 2642 praetenta
1162 2600 1211 2631 vel
1232 2600 1340 2632 vicina
1362 2607 1438 2632 sunt
1456 2602 1575 2640 cordi),
1589 2605 1654 2636 ele-

906 2648 1018 2682 ganter
1031 2653 1099 2684 pro,
1116 2648 1165 2674 te:
1191 2643 1283 2684 Virg.
1299 2645 1377 2675 AEn.
1393 2644 1415 2680 i,
1434 2645 1510 2681 739,
1527 2647 1580 2678 ille
1595 2649 1652 2678 im·

904 2687 994 2727 piger
1015 2687 1116 2716 hausit
1135 2686 1333 2726 Spumantem
1353 2695 1503 2726 pateram,
1521 2695 1551 2719 et
1564 2691 1654 2730 pleno

904 2738 933 2758 se
947 2729 1062 2768 proluit
1078 2739 1164 2759 auro.

947 2771 1003 2802 27.
1039 2771 1130 2801 Dura
1160 2772 1247 2802 alvus
1273 2771 1362 2813 (nos,
1391 2772 1653 2815 Hartleibigkeit)

904 2815 1086 2850 morabitur,
1101 2814 1267 2846 obstaculo
1275 2813 1336 2846 erit
1347 2815 1530 2846 emittendis
1545 2826 1654 2849 exere.

904 2856 1030 2888 mentis.

946 2900 1000 2931 28.
1039 2900 1175 2931 Mitulus
1204 2899 1255 2931 vel
1288 2899 1432 2941 Mytilus,
1461 2899 1653 2931 concharum

905 2942 1138 3015 amulentarum
1155 2952 1268 2984 genuS,
1288 2943 1443 2974 τελλίνα·
1466 2941 1529 2973 vid.
1553 2942 1654 2973 Hein-

929 2995 962 3015 οι·
978 3007 986 3016 .
