1904 3314
39 1111 42 1114 Δ
97 1089 192 1122 super
216 1080 227 1111 i
266 1091 319 1112 um
343 1081 408 1112 Sat.
435 1078 470 1116 ii,
496 1080 528 1115 8,
558 1080 614 1110 23.

36 1294 38 1300 ⁸
101 1295 164 1337 Ep.
190 1293 213 1331 i,
241 1295 294 1332 11,
317 1295 373 1326 24.

635 215 782 245 INDEX
813 215 963 244 VERBo
969 215 1027 244 RU
1033 216 1079 245 M.

50 328 54 333 -
88 305 157 339 Sat.
181 305 203 344 i,
228 306 280 342 10,
307 306 370 346 63;
402 306 470 337 Sat.
489 305 524 342 ii,
554 307 584 343 1,
610 305 666 337 36.
712 309 760 336 est
781 303 836 346 qui

92 349 156 381 Od.
171 349 194 386 ἰ,
213 350 243 386 1,
262 350 302 380 19
317 361 325 388 ;
351 350 418 380 Sat.
434 349 455 385 1,
471 350 504 386 2,
516 350 581 387 25;
606 349 676 379 Sat.
691 347 714 383 ἰ,
729 349 763 383 9,
775 350 838 386 555

91 392 155 435 Ep.
178 391 201 430 i,
226 393 256 429 1,
280 392 324 431 7;
357 393 419 435 Ep.
442 391 465 427 i,
492 393 544 428 18,
568 392 632 431 533
662 391 724 432 Ep.
747 389 782 426 ii,
806 391 840 427 2,

34 438 36 443 ⁸
93 436 176 473 1823
199 436 262 478 Ep.
277 436 317 467 ad
336 435 403 466 Pis.
420 435 496 467 422.
541 439 590 466 est
612 433 699 476 quod
719 434 781 475 Ep.
802 432 838 469 ii,

1544 207 1629 249 637

882 304 1030 336 materies
1058 303 1172 346 privati
1205 303 1288 346 juris
1317 304 1376 336 erit
1401 305 1465 348 Ep.
1495 305 1535 336 ad
1566 307 1633 340 Pis.

886 348 959 379 131.
1012 357 1148 390 quorum
1165 346 1339 380 somoedia
1367 347 1470 389 prisca
1496 349 1632 380 virorum

884 397 932 422 est
953 392 1021 423 Sat.
1036 389 1060 426 i,
1078 391 1112 427 4,
1129 391 1161 422 3.
1205 391 1242 421 de
1258 391 1437 422 attributis:
1462 391 1545 422 male
1567 402 1634 423 rem

885 444 1003 474 gerere,
1019 431 1126 464 insani
1143 438 1194 464 est
1211 434 1277 464 Sat.
1297 433 1332 468 ii,
1354 434 1386 469 3,
1403 435 1456 465 74.
1501 434 1632 466 misera-

30 503 34 515 ,‚
92 478 124 518 1,
143 478 200 510 30.
244 483 313 510 erat
329 477 415 521 quod
432 479 500 510 Sat.
521 477 544 513 i,
565 479 597 516 4,
620 478 672 508 11.
717 476 758 507 sit
780 476 837 517 qui
881 487 951 508 rum
977 482 1034 513 est,
1062 486 1166 518 neque
1191 475 1302 507 Amori
1326 475 1436 507 ludum
1464 475 1539 508 dare
1568 477 1635 509 Od.

29 527 35 557 '.
91 521 154 564 Ep.
183 520 204 558 i.
227 523 262 558 5,
287 522 352 560 25;
383 522 444 563 Ep.
470 521 510 552 ad
538 519 607 552 Pis.
638 521 715 551 460.
758 525 839 550 esset

882 519 928 556 iii,
963 521 1015 556 12,
1050 521 1078 551 1.
1131 518 1443 567 scyphis-pugnare,
1472 519 1633 551 Thracum

91 563 148 640 gg
163 564 231 596 Sat.
247 564 269 603 i,
287 565 338 601 10,
353 564 408 596 δ’.
452 569 528 595 sunt
546 562 602 605 qui
627 563 690 594 Od.
706 562 728 598 i,
749 563 778 598 1,
796 564 837 600 3;
881 569 930 594 est
952 562 1017 595 Od.
1040 562 1063 598 i,
1089 563 1144 599 27,
1174 563 1208 593 2.
1257 572 1322 593 slve
1348 568 1469 594 naturae
1495 568 1544 594 est
1573 562 1632 594 hoc

149 606 194 644 .i,
211 608 244 644 7,
266 608 307 646 5;
330 608 399 639 Sat.
420 606 443 643 ἰ,
459 607 493 643 2,
513 607 576 644 28,
601 606 669 637 Sat.
686 605 708 642 i,
730 606 762 640 4,
783 606 838 654 24,

28 654 31 655 ⁷
93 650 157 689 75,
180 651 250 683 Sat.
269 649 304 687 ii,
327 652 356 687 1,
376 652 415 689 1;
446 650 512 680 Sat.
535 649 570 684 ii,
592 650 626 685 4,
644 649 708 687 47;
733 648 795 690 Ep.
818 659 840 684 ι,

30 694 35 706 ³
93 693 128 731 1,
155 693 221 733 77,
253 693 316 735 ΕΡ.
350 693 374 730 i,
405 693 439 729 6,
473 694 519 732 4;
549 692 611 734 Ep.
641 691 675 729 ii,
703 692 737 728 2,
767 692 843 723 182.

97 741 174 768 sunt
195 736 303 771 verba.
327 735 443 778 quibus
470 735 530 778 Ep.
556 734 580 772 i,
610 735 640 771 1,
671 735 726 765 34.
769 739 844 765 sunt

93 777 223 818 delicta,
252 778 368 821 quibus
404 779 466 820 Ep.
503 778 543 809 ad
575 777 640 809 Pis.
670 778 746 808 347.
810 782 846 808 ιιι

94 831 182 855 nunc
199 826 258 858 εει,
276 822 341 854 Sat.
358 821 382 858 i,
396 822 430 857 9,
447 824 479 854 5.
523 826 582 856 εει,
596 819 653 851 ubi
670 821 730 862 Ep.
749 819 770 856 i,
791 821 842 856 10,

97 865 151 902 15,
170 865 234 904 18;
257 865 319 907 Ep.
340 864 374 901 ii,
395 866 424 901 1,
440 865 495 896 63.
539 869 598 900 εει,
616 868 652 894 ιιι
669 863 731 895 Od.
748 862 794 899 iii,
815 864 844 900 l,

94 907 131 940 9.
175 909 208 944 3,
222 910 260 940 de
275 909 337 940 loco
349 914 378 939 ει
393 914 497 939 statu.-
521 917 621 949 quum
638 907 845 947 Longarenus

97 949 177 983 foret
189 950 277 982 intus
290 952 357 982 Sat.
367 950 389 986 i,
405 952 438 986 2,
453 951 510 982 67.
553 949 672 986 sodalis
686 959 844 991 nusquam

95 995 166 1027 oet‘!
189 995 256 1026 Sat.
270 993 306 1030 ii,
324 996 357 1030 5,
374 994 448 1025 102.
493 992 624 1025 Naevius
643 992 676 1023 in
697 991 845 1023 manibus

97 1046 161 1071 nou
175 1042 226 1070 εει
244 1037 308 1080 Ep.
325 1036 361 1073 ii,
385 1039 414 1074 1,
434 1037 488 1068 53.
533 1036 756 1067 Nomentanus
778 1040 846 1066 erat

669 1079 743 1110 licet
765 1078 846 1110 inter

97 1121 213 1155 virides
241 1122 354 1166 apillos
367 1122 417 1154 -εἰι
439 1123 507 1154 Sat.
522 1121 545 1157 i,
560 1123 593 1157 2,
609 1123 666 1153 81.
711 1131 761 1152 me
777 1131 846 1153 rure

35 1169 38 1178 ⁴
98 1165 242 1198 futurum
273 1166 334 1208 Ep.
361 1166 384 1204 i,
410 1166 443 1202 7,
472 1166 502 1196 1.
545 1164 572 1195 si
596 1164 676 1196 foret
701 1163 735 1195 in
759 1164 848 1196 terris

99 1209 162 1251 Ep.
181 1209 216 1244 ii,
245 1210 276 1246 1,
302 1210 375 1240 194.
418 1208 479 1239 sub
507 1207 610 1240 isdem
641 1208 682 1238 sit
709 1207 850 1238 trabibus

101 1251 166 1284 Od.
193 1251 241 1288 iii,
268 1253 301 1289 2,
331 1253 386 1283 27.
429 1260 623 1293 quocunque
651 1251 722 1282 loco
752 1250 849 1281 fueris

418 1294 505 1335 quod
533 1293 619 1324 idem
647 1303 712 1324 non
741 1293 849 1324 horam

101 1341 206 1369 tecum
231 1347 303 1369 esse
321 1343 410 1387 potes
431 1337 498 1368 Sat.
521 1335 556 1372 ii,
581 1337 612 1372 7,
638 1337 710 1367 112.
731 1378 736 1383 ι
754 1346 850 1377 penes

102 1384 134 1412 te
148 1381 206 1413 es!
227 1381 295 1412 Sat.
314 1380 349 1416 i1‚
364 1381 396 1415 3,
414 1380 489 1411 273.
533 1389 604 1410 esse
624 1378 656 1409 in
675 1388 849 1409 amicorum

27 1432 35 1438 ’
102 1433 233 1461 pumero
255 1424 322 1455 Sat.
341 1422 365 1460 i,
388 1424 421 1461 6,
440 1424 495 1454 62.
539 1421 675 1453 balanus
693 1421 778 1464 apud
800 1432 851 1452 me

103 1471 151 1498 est
175 1466 239 1498 od.
263 1466 311 1503 iii,
336 1466 391 1502 29,
419 1467 452 1497 5.
496 1470 545 1497 εει
566 1464 599 1495 in
620 1464 711 1496 horto
731 1464 852 1506 apium,

36 1514 43 1523 ‘
105 1514 154 1541 est
181 1509 305 1542 hederae
332 1508 379 1540 vis
408 1508 510 1540 multa
532 1507 595 1539 Od.
618 1507 660 1544 iv,
687 1508 739 1543 11,
763 1509 796 1544 2,
821 1508 853 1539 4.

41 1564 44 1565 ’
103 1551 206 1584 lectus
230 1551 364 1595 genialis
389 1551 424 1583 in
446 1551 520 1583 aula
541 1556 590 1583 est
613 1551 673 1593 Ep.
695 1550 718 1588 i,
746 1551 775 1584 1.
799 1551 852 1582 87.

104 1595 250 1669 paullum
265 1595 362 1627 silvae.
377 1605 472 1638 super
494 1594 544 1625 his
568 1594 645 1626 foret
667 1595 736 1625 Sat.
760 1593 795 1631 ii,
819 1594 852 1630 6,

34 1667 35 1670 ,
129 1661 138 1670 .
183 1637 235 1670 hie
261 1638 344 1670 fossa
369 1643 417 1670 est
442 1637 554 1679 ingens
582 1638 650 1669 Sat.
675 1637 711 1674 ii,
741 1638 774 1673 3,
799 1637 855 1668 59.

38 1692 40 1694 ’
105 1680 259 1724 quicquid
274 1682 334 1713 sub
350 1687 432 1713 terra
440 1687 489 1713 est
501 1681 564 1723 Ep.
578 1680 600 1716 i,
613 1682 645 1719 6,
662 1681 716 1711 24.
761 1679 852 1722 quic-

32 1727 46 1738 ”·
106 1724 184 1767 quid
197 1724 283 1756 domi
302 1729 352 1756 est
367 1725 434 1756 Sat.
448 1723 483 1761 ii,
498 1725 530 1761 3,
548 1725 626 1756 232.
669 1723 755 1765 quod
775 1722 855 1765 petis

108 1767 161 1800 hic
183 1772 242 1805 est,
270 1773 319 1800 est
348 1767 480 1800 Ulubris
510 1768 574 1809 Ep.
598 1767 619 1802 i,
649 1768 699 1803 11,
724 1767 779 1803 29,
803 1767 856 1797 30.

108 1809 160 1842 hic
189 1815 239 1843 est
265 1811 352 1854 quod
381 1810 554 1852 quaerimus
585 1811 647 1852 Ep.
674 1809 696 1846 i,
726 1810 778 1845 17,
802 1810 857 1840 39.

108 1852 154 1886 nil
168 1853 284 1886 eratin
299 1853 413 1886 loculis
427 1854 494 1885 Sat.
510 1854 533 1889 i,
551 1854 584 1888 3,
604 1853 656 1884 17.
702 1851 745 1883 nil
769 1857 858 1883 extra

109 1901 159 1929 est
175 1895 209 1928 in
229 1907 312 1934 nuce
334 1896 405 1928 duri
432 1897 493 1940 Ep.
513 1895 550 1933 ii,
571 1898 601 1932 1,
631 1897 686 1927 31.
731 1895 757 1926 si
778 1895 857 1937 quid

110 1939 207 1972 crassi
225 1945 273 1972 εει
293 1940 362 1972 Sat.
384 1939 419 1976 ii,
444 1941 477 1976 4,
501 1940 555 1971 52.
599 1939 686 1981 quod
710 1939 792 1969 ultra
812 1943 859 1970 est

113 1982 177 2016 Od.
206 1982 242 2021 ii,
275 1984 327 2020 16,
357 1984 412 2015 25.
456 1981 670 2024 quodcunque
700 1987 782 2012 retro
811 1987 859 2012 εει

113 2025 177 2058 Od.
191 2025 238 2063 iii,
255 2027 310 2064 29,
325 2027 380 2058 46.
425 2025 513 2058 cirea
524 2025 657 2056 virentes
672 2030 721 2056 est
735 2024 860 2055 animus

113 2078 244 2112 campos
273 2069 337 2102 Od.
368 2068 404 2107 ii,
437 2070 470 2104 5,
498 2070 531 2100 5.
575 2067 627 2099 hic
659 2074 707 2099 est
737 2077 861 2098 summa

112 2111 238 2144 insania
253 2113 322 2144 Sat.
344 2111 380 2148 ii,
403 2113 436 2148 3,
460 2113 538 2142 22'1.
585 2111 644 2142 hoc
665 2111 691 2141 si
708 2109 767 2141 erit
780 2110 813 2142 in
830 2115 861 2142 ιε

114 2155 183 2187 solo
210 2156 280 2187 Sat.
303 2155 337 2193 ii,
363 2157 395 2192 3,
420 2156 474 2186 41.
517 2159 564 2185 εει
583 2153 616 2184 in
635 2153 738 2195 equis,
759 2159 807 2184 est
828 2153 861 2184 in

110 2197 270 2240 juvencis,
285 2203 411 2241 patrum
426 2197 525 2228 virtus
540 2196 602 2229 Od.
624 2197 665 2233 iv,
690 2198 720 2232 4,
737 2197 789 2227 30.
834 2196 860 2227 si

113 2241 193 2283 quid
222 2241 256 2272 in
289 2241 405 2273 Flacco
430 2240 488 2272 viri
514 2246 564 2271 est
593 2240 695 2283 Epod.
727 2239 779 2275 15,
809 2241 860 2271 12.

39 2302 44 2316 ·.
114 2283 190 2326 equi
210 2283 295 2316 auris
317 2284 349 2315 in
373 2294 425 2315 ore
450 2289 498 2316 εει
522 2283 582 2325 Ep.
606 2282 628 2319 i,
655 2284 706 2319 15,
733 2283 783 2313 13.
827 2283 861 2314 in

46 2350 50 2351 γ
115 2331 149 2361 ιε
177 2326 247 2370 ἰΡεο
275 2332 323 2359 εει
353 2325 536 2369 (voluptas)
568 2328 638 2357 sat.
678 2325 712 2362 ii,
746 2327 779 2362 2,
806 2326 862 2357 20.

115 2379 210 2412 quem
227 2380 324 2413 penes
340 2369 506 2401 arbitrium
521 2374 570 2400 est
584 2370 646 2412 Ep.
665 2368 704 2400 ad
722 2368 791 2400 Pis.
807 2369 861 2400 72.

43 2422 47 2423 ⁷
115 2412 177 2445 nb
211 2413 322 2456 judice
357 2413 397 2444 Ιὶε
431 2417 481 2444 εει
512 2411 591 2444 ibid.
618 2413 672 2443 78.

118 2455 264 2488 Romana
280 2456 351 2488 loco
369 2465 418 2488 res
435 2456 498 2498 Ep.
511 2454 534 2493 i,
554 2456 605 2492 12,
619 2456 674 2486 25.
718 2417 865 2487 &poegni

116 2497 152 2531 in
167 2499 248 2531 votis
267 2500 335 2531 Sat.
353 2498 388 2537 ii,
407 2500 440 2535 6,
464 2501 492 2530 l.
535 2497 638 2530 omnis
659 2497 692 2529 in
715 2498 776 2529 hoc
793 2508 862 2529 sum

47 2543 62 2585 js,
118 2541 182 2584 Ep.
205 2541 227 2581 i,
253 2543 284 2580 1,
311 2543 362 2574 11.
405 2541 440 2573 in
461 2540 561 2585 pretio
580 2546 629 2572 est
651 2542 710 2583 Ep.
735 2541 776 2572 ad
799 2541 866 2573 Pis.

51 2586 66 2627 ἶ
120 2584 199 2616 372.
243 2585 278 2616 in
305 2585 426 2616 honore
448 2590 524 2616 sunt
552 2585 614 2626 Ep.
644 2584 685 2615 ad
713 2583 783 2615 Pis.
812 2583 866 2615 71.

120 2636 192 2661 mm
219 2628 343 2660 futurus
365 2627 398 2659 in
423 2633 510 2659 metu
541 2625 644 2669 Epod.
674 2628 705 2662 1,
734 2628 786 2658 17.
833 2625 867 2658 in

119 2669 219 2714 eulpa
239 2677 286 2703 est
308 2670 435 2703 animus
458 2671 520 2712 Ep.
544 2669 566 2706 i,
593 2671 646 2705 14,
676 2670 742 2706 13„
773 2671 804 2706 4,
830 2671 868 2701 de

120 2720 236 2746 natm-a
249 2717 296 2746 rei
307 2721 336 2746 et
348 2715 466 2755 pretio:
491 2723 531 2745 ne
547 2712 588 2743 sit
601 2711 680 2755 pede
695 2712 781 2755 turpi
802 2713 869 2744 Sat.

124 2754 148 2795 i,
171 2757 205 2794 2,
233 2758 306 2790 102.
353 2756 443 2806 quali
463 2756 504 2788 sit
521 2755 603 2787 facie
625 2756 691 2787 Sat.
712 2755 734 2791 i,
757 2757 790 2792 6,
814 2757 868 2787 33.

24 2814 25 2817 ¹
70 2823 73 2828 .
123 2797 278 2832 incolumi
299 2805 403 2843 capite
425 2801 484 2832 εει
509 2800 575 2830 Sat.
595 2798 630 2835 ii,
648 2800 681 2835 3,
703 2799 779 2830 132.
825 2799 869 2830 sis

125 2842 189 2875 ovi
205 2843 309 2876 brevis
328 2844 396 2875 Sat.
419 2842 453 2880 ii,
479 2844 512 2878 6,
534 2843 588 2874 97.
636 2852 699 2884 quo
721 2841 762 2872 sit
784 2847 871 2884 patre

70 2899 71 2902 ¹
128 2884 191 2928 Ep.
213 2885 236 2923 i,
260 2887 291 2925 7,
316 2887 370 2918 54.
416 2885 462 2917 nil
484 2885 565 2916 tanti
589 2890 636 2916 est
660 2886 719 2926 Ep.
740 2885 781 2916 ad
805 2885 871 2916 Pis.

125 2927 203 2960 ³04.
246 2929 347 2972 pluris
373 2929 432 2962 hoc
457 2928 534 2960 mihi
557 2927 619 2960 eris
644 2928 710 2958 Sat.
738 2927 760 2964 i,
783 2929 816 2964 9,
840 2929 871 2959 8.

24 2974 26 2977 ’
62 2994 70 3004 ,ν
125 2971 159 3008 5,
184 2982 215 3004 c.
235 2975 333 3015 genit.
356 2975 392 3004 de
415 2974 606 3012 possessione:
636 2970 669 3001 in
695 2981 784 3013 reges
813 2971 872 3002 im-

71 3047 75 3062 ὲ
128 3014 247 3056 perium
267 3021 317 3048 est
337 3015 428 3048 Jovis
453 3015 518 3047 Od.
542 3013 588 3051 iii,
615 3015 644 3051 1,
668 3014 700 3045 6.
745 3014 873 3057 publica

884 607 950 638 Sat.
972 606 1006 643 ii,
1034 607 1066 644 4,
1091 606 1123 636 7.
1170 604 1229 636 hoc
1250 604 1298 635 tui
1326 606 1467 636 muneris
1496 611 1545 637 est
1570 605 1636 637 od.

886 648 928 686 iv,
945 651 978 685 3,
992 649 1047 680 21.
1092 658 1222 691 operum
1241 647 1301 679 hoe
1320 653 1445 678 tuorum
1462 654 1510 680 est
1525 649 1592 680 Sat.
1613 648 1636 683 i,

887 693 920 727 7.
938 693 992 724 35.
1034 701 1140 722 meum
1156 697 1204 722 est
1218 690 1282 722 Od.
1298 689 1344 726 iii,
1366 691 1421 728 29,
1437 692 1477 722 57
1495 703 1503 729 3
1528 692 1590 733 Ep.
1613 691 1636 728 i,

891 735 943 771 16,
967 736 1022 766 35.
1069 735 1100 772 6,
1121 746 1149 766 c.
1172 736 1239 765 dat.
1262 734 1388 764 habere.-
1413 734 1553 775 privatus
1575 734 1638 765 illis

889 789 1005 810 census
1029 783 1097 809 erat
1121 776 1225 808 brevis
1251 777 1312 808 Od.
1336 776 1371 812 ii,
1400 777 1452 812 15,
1480 778 1532 808 13.
1577 777 1638 808 sibi

888 821 991 852 millia
1006 821 1148 862 quinque
1163 830 1233 851 esse
1248 819 1333 850 domi
1352 819 1557 862 chlamydum
1576 820 1638 862 Ep.

888 863 911 898 i.
931 866 963 901 6,
986 865 1042 895 44.
1088 863 1206 904 quibus
1226 868 1275 894 est
1293 873 1394 904 equus
1418 863 1481 905 Ep.
1505 863 1545 894 ad
1570 863 1640 894 Pis.

888 907 967 938 248.
1011 911 1060 938 est
1081 906 1158 937 mihi
1177 906 1278 937 cadus
1301 906 1364 937 od.
1385 906 1427 943 iv,
1446 908 1496 943 11,
1524 908 1556 938 1.
1599 905 1640 937 εἰι

889 949 966 981 mihi
982 959 1092 982 mensa
1108 949 1204 992 tripes
1226 950 1293 981 Sat.
1309 948 1332 985 i,
1349 950 1381 984 3,
1401 951 1454 981 13.
1498 950 1539 980 sit
1560 949 1639 980 mihi

890 994 976 1035 quod
998 1004 1082 1024 nunc
1102 999 1148 1024 est
1165 993 1225 1035 Ep.
1241 992 1263 1028 i,
1284 993 1334 1028 18,
1357 994 1425 1023 107.
1469 991 1511 1023 εἰι
1527 993 1639 1033 (mihi)

890 1037 975 1067 bona
1000 1036 1151 1067 librorum
1181 1035 1271 1078 copia
1300 1034 1378 1066 ibid.
1411 1037 1484 1067 109.
1536 1034 1563 1066 si
1589 1035 1641 1066 cui

890 1080 975 1111 filius
1005 1085 1052 1111 est
1078 1079 1145 1110 Sat.
1175 1078 1197 1116 i,
1220 1080 1253 1114 3,
1278 1079 1332 1110 46.
1382 1085 1430 1110 εει
1457 1077 1515 1110 tibi
1543 1084 1642 1109 mater

891 1124 957 1154 Sat.
972 1123 995 1159 i,
1012 1124 1044 1158 9,
1061 1123 1116 1153 26.
1158 1132 1236 1153 avus
1255 1121 1313 1152 tibi
1332 1126 1482 1163 paternus
1499 1121 1560 1152 fuit
1575 1122 1643 1154 Sat.

893 1165 916 1202 i,
937 1167 968 1203 6,
993 1167 1026 1197 3.
1072 1164 1119 1196 illi
1141 1165 1236 1196 turba
1257 1164 1422 1196 clientium
1443 1164 1485 1195 sit
1508 1164 1572 1195 Od.
1594 1163 1641 1199 iii,

896 1210 926 1246 1,
961 1210 1011 1240 14.
1057 1207 1099 1239 sit
1120 1207 1178 1239 tibi
1208 1207 1288 1239 dens
1315 1213 1380 1239 ater
1412 1208 1514 1250 Epod.
1544 1209 1576 1243 8,
1606 1208 1642 1239 3.

893 1251 971 1294 quia
984 1261 1082 1282 nasus
1096 1257 1164 1282 erat
1179 1251 1243 1282 inis
1261 1250 1372 1282 nullus
1391 1251 1459 1281 Sat.
1481 1250 1516 1287 ii,
1535 1251 1568 1285 2.
1588 1251 1645 1282 90.

894 1295 991 1336 longa
1018 1294 1136 1336 quibus
1164 1293 1232 1325 ovis
1255 1293 1352 1324 facies
1375 1293 1445 1325 erit'
1461 1294 1529 1324 Sat.
1550 1293 1584 1330 ii,
1609 1294 1643 1330 4,

897 1339 950 1369 12.
994 1343 1042 1368 est
1065 1337 1190 1368 animus
1210 1336 1268 1368 tibi
1294 1336 1358 1368 Od.
1381 1336 1423 1371 iv,
1441 1338 1474 1372 9,
1492 1337 1558 1374 343
1583 1337 1644 1378 Ep.

894 1379 916 1418 i,
934 1382 963 1416 1,
979 1382 1034 1411 58.
1079 1379 1243 1420 ingenium
1259 1379 1312 1410 cui
1335 1379 1376 1410 sit
1400 1380 1468 1410 Sat.
1485 1379 1507 1414 i,
1533 1381 1566 1415 4,
1590 1379 1645 1411 43.

894 1423 952 1454 tibi
973 1422 1132 1465 judicium
1149 1428 1198 1453 est
1222 1422 1280 1464 Ep.
1304 1422 1345 1452 ad
1368 1421 1434 1452 Pis.
1452 1422 1530 1452 386.
1577 1432 1645 1458 νοε,

895 1466 1013 1508 quibus
1043 1471 1092 1496 est
1125 1465 1222 1496 virtus
1254 1464 1360 1507 Epod.
1395 1466 1446 1500 16,
1476 1465 1530 1495 39.
1583 1464 1644 1496 hoc

896 1509 1007 1540 vitium
1032 1514 1080 1539 εει
1100 1507 1285 1539 cantoribus
1304 1509 1374 1539 Sat.
1392 1507 1415 1542 i,
1433 1509 1465 1542 3.
1486 1509 1514 1539 1.
1559 1507 1648 1539 nulla

897 1551 974 1583 mihi
1002 1551 1112 1592 religio
1143 1557 1190 1582 est
1228 1551 1295 1582 Sat.
1326 1550 1350 1586 i,
1382 1551 1414 1588 9,
1445 1551 1498 1581 71.
1556 1555 1648 1593 prout

897 1595 1014 1637 cuique
1028 1594 1125 1625 libido
1135 1599 1182 1626 est
1197 1595 1265 1625 Sat.
1279 1594 1315 1631 ii,
1333 1595 1364 1630 6,
1381 1595 1435 1625 67.
1479 1599 1516 1624 ut
1530 1594 1648 1635 cuique

898 1644 947 1670 est
963 1644 1040 1670 aetas
1057 1638 1118 1680 Ep.
1132 1637 1154 1676 i,
1171 1639 1202 1674 6,
1218 1638 1273 1669 55.
1319 1648 1392 1679 quae
1415 1642 1530 1668 natura
1551 1636 1649 1679 pisci-

898 1682 958 1712 bus
981 1682 1060 1712 foret
1085 1682 1152 1711 Sat.
1175 1680 1210 1717 ii,
1235 1683 1267 1717 4,
1292 1681 1346 1712 45.
1399 1679 1520 1722 optima
1543 1679 1649 1720 fungis

901 1730 1013 1756 natura
1043 1730 1092 1755 est
1121 1725 1188 1754 Sat.
1219 1723 1253 1759 ii,
1281 1725 1311 1758 4,
1341 1723 1396 1753 21.
1442 1722 1569 1763 regibus
1598 1722 1650 1753 hic

902 1778 969 1798 mos
998 1772 1047 1798 εει
1074 1767 1140 1797 Sat.
1167 1766 1190 1802 i,
1221 1767 1255 1802 2,
1287 1767 1341 1797 86.
1392 1765 1444 1796 hic
1474 1765 1559 1807 lupis
1583 1775 1652 1796 mos

902 1810 963 1842 suit
983 1809 1086 1852 Epod.
1106 1810 1138 1844 7,
1162 1810 1213 1840 11.
1257 1814 1332 1841 sunt
1352 1807 1447 1850 (tibi)
1464 1818 1567 1840 mores
1590 1809 1652 1851 Ep.

902 1854 923 1891 i,
951 1855 981 1890 1,
1008 1854 1064 1885 58.
1110 1852 1150 1884 sit
1176 1851 1254 1882 mihi
1285 1851 1361 1883 fides
1390 1851 1447 1894 Ep.
1471 1850 1494 1887 i,
1520 1853 1573 1887 18,
1599 1853 1652 1882 17.

901 1902 992 1928 estne
1026 1896 1138 1927 marito
1170 1897 1331 1937 potestas}
1369 1895 1436 1925 Sat.
1467 1893 1503 1930 ii,
1534 1895 1566 1933 7,
1596 1895 1651 1926 61.

904 1950 967 1970 non
990 1945 1038 1970 est
1063 1938 1141 1970 mihi
1167 1945 1291 1980 tempus
1313 1939 1379 1969 Sat.
1403 1937 1438 1975 ii,
1455 1939 1486 1974 4,
1512 1938 1542 1968 1.
1586 1948 1652 1980 quo

904 1993 990 2014 nunc
1017 1988 1063 2013 est
1088 1981 1146 2013 tibi
1169 1981 1272 2012 inter?
1305 1982 1370 2012 Sat.
1393 1979 1416 2015 ἰ,
1446 1981 1481 2016 9,
1510 1981 1562 2012 16.
1606 1986 1654 2011 εει

906 2026 996 2057 locus
1012 2025 1109 2057 alicui
1130 2025 1195 2055 Sat.
1210 2024 1233 2060 i,
1250 2026 1283 2061 9,
1300 2026 1339 2055 51
1358 2035 1366 2061 ;
1391 2024 1460 2054 Sat.
1482 2022 1515 2059 ii,
1535 2025 1568 2058 2,
1589 2025 1652 2061 46;

905 2070 969 2111 Ep.
999 2068 1022 2104 i,
1049 2070 1083 2105 5,
1106 2069 1170 2106 28;
1201 2068 1263 2110 Ep.
1289 2068 1329 2098 ad
1351 2066 1420 2098 Pis.
1446 2067 1497 2097 19.
1542 2066 1654 2098 nullus

905 2118 1036 2186 3353?ss
1051 2111 1151 2185 11⁰8ssssss
1171 2116 1229 2185 ἓξ
1243 2109 1321 2185 ἓὲῗ·
1331 2121 1372 2190 ..ζ’
1376 2135 1402 2183 ἰ
1412 2111 1434 2183 12
1434 2133 1447 2189 ,’
1461 2111 1511 2184 93·
1538 2110 1655 2184 ..iffi-¹1¹}

904 2197 1044 2230 conditio
1072 2196 1177 2228 dulcis
1203 2196 1265 2239 Ep.
1288 2196 1310 2232 i,
1340 2197 1371 2231 1.
1399 2197 1453 2227 51.
1507 2195 1547 2227 sit
1576 2207 1654 2228 meae

905 2241 994 2273 sedes
1020 2240 1142 2272 utinam
1168 2245 1328 2278 senectae,
1363 2239 1404 2270 sit
1434 2239 1547 2270 modus
1572 2240 1655 2271 lasso

906 2284 1002 2316 maris
1028 2289 1061 2315 ει
1079 2282 1200 2314 viarum
1223 2282 1408 2324 miiitiaeque
1428 2282 1492 2313 Od.
1513 2281 1546 2318 ii,
1569 2284 1601 2319 6,
1623 2284 1655 2320 6,

907 2328 939 2358 7.
985 2332 1034 2359 εει
1063 2325 1189 2357 silentio
1219 2331 1287 2357 tuta
1313 2335 1432 2357 merces
1460 2325 1524 2356 Od.
1554 2325 1599 2363 iii,
1621 2327 1655 2362 2,

905 2371 960 2402 25.
1006 2369 1079 2412 quis
1100 2369 1255 2401 desiden'o
1278 2368 1320 2399 sit
1335 2368 1458 2411 pudor‘!
1482 2369 1546 2399 Od.
1561 2368 1583 2404 i,
1601 2371 1657 2407 24,

909 2415 938 2445 l.
984 2414 1016 2450 7,
1033 2425 1062 2445 c.
1088 2415 1154 2444 dat.
1167 2413 1267 2454 finis:
1290 2413 1391 2443 Musa
1406 2421 1478 2443 mea
1493 2411 1555 2442 Dis
1570 2412 1656 2443 cordi

907 2461 954 2489 est
977 2456 1041 2488 Od.
1065 2456 1087 2491 i,
1112 2456 1164 2494 17,
1190 2457 1240 2487 14.
1292 2454 1371 2497 quin
1394 2455 1428 2486 id
1453 2460 1520 2487 erat
1544 2456 1656 2496 (mihi)

907 2510 993 2531 curae
1015 2500 1082 2530 Sat.
1103 2498 1139 2535 ii,
1160 2500 1192 2535 4,
1210 2500 1243 2530 8.
1287 2508 1373 2530 curae
1399 2503 1474 2529 sunt
1497 2499 1564 2530 Sat.
1579 2499 1601 2536 i,
1623 2502 1655 2535 8,

911 2543 963 2574 18.
1009 2542 1105 2574 exitio
1134 2547 1183 2574 εει
1207 2552 1293 2573 mare
1324 2541 1428 2573 nautis
1456 2540 1520 2572 Od.
1548 2542 1571 2579 i,
1603 2543 1659 2580 28,

912 2587 964 2617 18.
1009 2585 1082 2617 odio
1106 2590 1155 2616 est
1180 2585 1243 2627 Ep.
1267 2583 1290 2622 i,
1317 2586 1368 2621 14,
1395 2586 1457 2623 113
1482 2585 1544 2626 Ep.
1568 2584 1602 2620 ii,
1629 2587 1658 2623 l,

913 2630 987 2660 101.
1032 2639 1072 2660 ne
1087 2627 1128 2659 sit
1143 2627 1200 2658 tibi
1217 2637 1304 2658 amor
1318 2626 1444 2659 ancillae
1466 2627 1579 2669 pudori
1594 2629 1658 2660 Od.

910 2671 945 2707 ii,
964 2673 996 2710 4,
1016 2672 1044 2702 1.
1089 2681 1127 2702 ne
1142 2670 1200 2702 tibi
1219 2670 1260 2701 sit
1274 2670 1387 2713 pudori
1410 2671 1508 2702 Musa
1534 2671 1595 2713 Ep.
1618 2672 1659 2703 ad

915 2714 982 2745 Pis.
1014 2715 1090 2746 407.
1150 2713 1239 2744 laudi
1272 2714 1338 2745 fore
1370 2714 1437 2744 Sat.
1473 2713 1509 2749 ii,
1542 2715 1574 2749 3,
1606 2715 1660 2747 99.

911 2757 1028 2788 dam'no
1053 2756 1262 2798 dedecorique
1290 2757 1369 2788 soret
1400 2757 1467 2788 Sat.
1497 2756 1519 2794 i,
1545 2758 1578 2793 2,
1605 2759 1660 2791 53.

911 2801 1059 2843 exemplo
1083 2805 1132 2832 εει
1157 2801 1224 2831 Sat.
1253 2799 1276 2837 i,
1305 2801 1334 2836 1,
1361 2801 1416 2831 33.
1470 2801 1501 2835 8,
1529 2807 1572 2831 est
1593 2812 1661 2840 pro,

913 2845 994 2880 licet,
1010 2846 1118 2878 datur.
1134 2843 1242 2885 (ἔστι)
1258 2857 1265 2875 :
1289 2853 1392 2885 neque
1406 2848 1451 2873 est
1467 2842 1569 2873 levare
1582 2854 1661 2885 prae-

913 2887 1022 2918 cordia
1042 2887 1146 2930 Epod.
1175 2887 1223 2924 17,
1242 2887 1298 2918 25.
1342 2887 1427 2917 uude
1450 2885 1520 2927 plus
1539 2885 1663 2917 haurire

915 2936 962 2961 εει
977 2932 1044 2962 Sat.
1060 2930 1082 2965 i,
1099 2930 1131 2965 2,
1149 2930 1203 2961 79.
1251 2934 1299 2961 εει
1312 2928 1369 2960 tibi
1386 2928 1488 2959 videre
1505 2928 1571 2958 Sat.
1590 2927 1612 2965 i,
1630 2930 1661 2965 2,
1691 2950 1699 2958 .

920 2974 992 3004 101.
1035 2974 1121 3015 quod
1145 2982 1235 3004 versu
1259 2973 1364 3003 dicere
1391 2982 1453 3001 non
1479 2976 1527 3001 est
1551 2972 1617 3001 Sat.
1639 2972 1661 3009 i,

917 3017 950 3052 5,
986 3017 1041 3047 87.
1101 3021 1148 3048 εει
1179 3014 1296 3056 gaudia
1326 3013 1509 3055 prodentem
1539 3013 1662 3045 vultum
