1904 3314
623 209 770 238 mnnx
791 210 1055 241 vmznonum.
1525 201 1610 244 799

73 302 178 331 vestes
204 298 335 332 Gaetulo
358 298 480 331 murice
503 298 613 330 tiuctae
637 299 699 341 Ep.
722 299 758 336 ii,
783 300 815 337 2,

73 341 148 372 181.
190 342 311 374 murice
334 341 444 374 tinctae
472 341 552 373 Afro
575 341 710 373 vestium
733 341 815 373 lanae

73 382 138 415 Od.
168 382 204 428 ii,
234 386 285 422 16,
313 385 368 416 36.
412 384 514 426 tinget
542 393 669 416 secures
695 384 817 416 cervice

75 425 139 458 Od.
153 425 201 464 iii,
216 427 272 464 23,
290 428 341 458 13.

73 510 95 542 2
116 470 188 542 tliro.
229 470 289 501 sub
307 469 396 502 duris
410 469 554 512 patribus
574 468 690 501 tirones
705 469 772 500 Sat.
793 468 817 505 i,

97 534 107 549 ,
145 512 179 543 7.

74 595 96 627 3
115 555 260 586 titillare.
303 565 344 587 ne
365 565 422 586 vos
443 554 544 597 gloria
563 553 670 586 titillet
693 554 760 585 Sat.
782 553 817 590 ii,

98 619 108 634 ‚
125 597 200 629 179.

74 640 265 714 ¹9titubare.
309 650 398 677 cave,
422 650 463 672 ne
488 639 605 671 titubes
629 640 691 682 Ep.
715 639 738 678 i,
768 640 820 678 13,

115 725 238 756 titulus.
280 725 414 758 virtutes
438 725 472 756 in
499 735 604 757 aevum
636 735 692 767 per
714 723 822 756 titulos

73 771 204 800 uternet
222 768 287 800 Od.
311 768 356 804 iv,
373 769 426 805 14,
440 769 473 800 4.
516 768 628 799 inanes
649 767 714 799 Od.
737 767 771 806 ii,
786 769 818 804 3,

70 810 148 849 212.
191 811 248 852 qui
270 816 377 855 stupet
397 811 432 843 in
454 810 556 842 titulis
576 816 609 843 et
626 810 820 853 imaginibus

72 853 140 884 Sat.
154 851 178 890 i,
195 854 227 892 6,
242 854 292 886 17.

73 937 96 975 i,
113 901 331 976 {ffiaff‘tt
337 897 439 970 {¹3:23
453 897 602 971 3333..
620 896 820 982 ἓῖἔέἶὶῗέἰ

73 985 159 1024 toga}
174 991 247 1024 quae
262 981 430 1014 defendere
444 981 556 1023 frigus,
572 981 717 1024 quamvis
733 991 820 1013 cras-

73 1033 120 1060 sa.
135 1030 232 1067 queat
247 1026 314 1056 Sat.
332 1025 355 1063 i,
370 1025 404 1062 3,
421 1026 475 1057 14.
518 1030 630 1056 tenues
648 1025 711 1072 Ep.
726 1024 749 1059 i.
768 1026 820 1061 14,

23 1066 26 1076 ²
73 1067 128 1116 32.
172 1072 367 1116 mutataeque
382 1067 478 1099 simul
498 1073 582 1108 togae
600 1067 664 1099 Od.
680 1078 703 1103 1,
720 1068 774 1102 36,
789 1068 822 1098 9.

71 1109 732 1196 &3:333‘2‘534511221226§3⁰35
749 1120 821 1194 ‘3¹32

71 1194 132 1227 beo
149 1205 340 1238 componere
359 1203 466 1238 togam
487 1196 556 1227 Sat.
574 1195 608 1231 ii,
625 1197 660 1231 3,
675 1196 729 1226 77.
774 1195 820 1226 di-

72 1236 155 1269 citur
176 1237 291 1270 Afrani
319 1243 395 1280 toga
425 1238 612 1270 convenisse
644 1237 824 1270 Menandro

72 1279 136 1324 Ep.
159 1279 195 1317 ii,
220 1283 248 1318 1,
269 1281 324 1322 57.
367 1281 555 1314 anciliorum
578 1288 610 1313 et
629 1280 767 1312 nominis
789 1286 822 1312 et

72 1327 155 1366 togae
169 1323 288 1355 oblitus
304 1323 368 1355 Od.
382 1323 430 1361 iii,
446 1325 479 1359 5,
498 1325 552 1355 10.

116 1373 250 1409 togatus.
294 1366 415 1398 ancilla
434 1367 503 1397 Sat.
527 1365 550 1403 i,
569 1367 602 1402 2,
621 1366 676 1397 63.
720 1365 822 1398 femur

74 1413 130 1441 aut
151 1419 231 1441 crus-
242 1409 360 1441 rectius
381 1415 476 1451 atque
498 1408 594 1440 etiam
616 1408 731 1440 melius
749 1419 819 1451 per-

73 1461 158 1494 sepe
172 1457 288 1494 togatae
305 1451 496 1493 (meretrici)
511 1457 560 1483 est
574 1450 654 1482 ibid.
671 1452 725 1483 82.
763 1450 818 1493 qui

72 1494 212 1569 {locuste
235 1500 360 1537 togatas
391 1494 558 1538 (fabulas)
589 1495 651 1537 Ep.
681 1494 722 1525 ad
751 1494 822 1526 Pis.

116 1581 258 1612 tolerare.
301 1590 361 1612 nec
374 1579 456 1612 tauri
470 1579 592 1612 ruentis
607 1580 641 1611 in
662 1580 822 1612 Venerem

75 1622 206 1655 tolerare
223 1623 349 1666 pondus
369 1623 433 1655 Od.
452 1622 487 1662 ii,
507 1625 540 1660 5,
557 1625 590 1654 4.
635 1623 744 1654 fortem
761 1622 822 1654 hoc

74 1665 215 1698 animum
231 1667 364 1699 tolerare
375 1666 498 1709 jubebo
510 1667 578 1698 Sat.
593 1665 628 1702 ii,
644 1667 677 1702 5,
693 1666 750 1696 20.

117 1710 234 1741 tollere.
278 1709 380 1741 tollite
402 1709 554 1741 claudum
570 1709 633 1751 Ep.
656 1708 678 1744 i,
697 1709 748 1745 17,
764 1708 820 1739 61.

73 1761 139 1784 non
160 1751 203 1783 sit
215 1751 273 1794 qui
293 1752 403 1784 tollere
425 1756 515 1784 curet
532 1752 619 1794 (eum
639 1754 692 1792 qui
707 1752 822 1782 decidit

73 1794 108 1826 in
126 1795 271 1835 puteum)
287 1795 350 1838 Ep.
371 1795 412 1826 ad
433 1794 502 1826 Pis.
520 1795 595 1826 460.
639 1793 696 1836 qui
714 1805 770 1836 pro
789 1803 823 1825 se

73 1837 197 1870 tolleret
222 1843 319 1880 atque
345 1837 484 1870 mitteret
505 1837 539 1868 in
565 1836 709 1880 phimum
740 1837 821 1868 talos

30 1887 31 1890 ’
77 1879 144 1912 Sat.
165 1879 200 1916 ii.
219 1881 253 1918 7,
277 1882 330 1912 16.
373 1891 414 1912 ex
439 1879 575 1916 modico,
597 1885 752 1922 quantum
772 1889 822 1911 res

73 1928 196 1966 poscat,
214 1933 327 1955 acervo
347 1923 458 1955 tollam
477 1924 539 1965 Ep.
562 1922 597 1958 ii,
613 1924 646 1958 2.
668 1923 740 1954 191.
784 1932 824 1954 ex

73 1974 190 2008 magno
209 1965 320 1999 tollere
339 1976 452 1998 acervo
471 1966 538 1998 Sat.
559 1965 582 2002 i,
605 1967 634 2003 1,
655 1966 708 1996 51.
752 1966 825 1997 inde

72 2010 130 2040 cibi
155 2019 290 2041 sumere.-
325 2014 446 2052 partem
475 2009 527 2040 vel
553 2008 678 2040 tolleret
706 2018 816 2039 omnes

28 2087 29 2091 Ἰ
73 2050 281 2094 (chlamydes)
298 2052 359 2095 Ep.
374 2052 397 2090 i,
412 2053 445 2088 6,
463 2053 517 2083 44.
561 2057 596 2083 tu
611 2051 818 2094 quantumvis

32 2112 35 2114 ·
75 2093 152 2127 tolle
174 2095 235 2137 Ep.
257 2094 281 2132 i,
303 2096 336 2132 7,
355 2095 405 2127 16.
449 2100 614 2136 argentum
635 2094 710 2126 licet
730 2094 824 2125 tollas

33 2131 44 2174 Ϊ
76 2136 139 2180 Ep.
162 2135 185 2176 i,
209 2138 260 2174 16,
284 2138 338 2170 76.
383 2137 512 2181 pullum
532 2137 660 2169 sustulit
681 2136 823 2168 esuriens

32 2188 35 2200 ³
75 2179 143 2212 Sat.
164 2179 188 2217 i,
207 2182 241 2218 3,
258 2181 314 2212 93.
357 2183 430 2212 inde
449 2182 516 2212 alta
539 2187 636 2212 mente
657 2191 800 2220 reponere
813 2191 823 2210 :

73 2221 121 2254 sic
137 2222 231 2256 iterat
240 2233 336 2255 voces
351 2229 384 2256 et
393 2224 490 2255 verba
503 2223 650 2255 cadentia
662 2222 745 2254 tollit
760 2223 823 2264 Ep.

73 2263 97 2302 i,
121 2266 174 2302 18,
199 2267 253 2298 12.
294 2265 355 2298 hoc
378 2266 435 2298 tibi
457 2265 582 2298 dictum
604 2265 681 2297 tolle
702 2275 823 2297 mernor

73 2308 103 2340 E
127 2330 138 2340 .
156 2308 197 2340 ad
217 2307 287 2341 Pis.
302 2309 380 2341 368.
425 2310 458 2344 2,
475 2311 508 2340 in
528 2310 579 2340 die
600 2309 690 2340 Hiiha
707 2309 821 2340 heheu.-

128 2351 248 2384 coelum
262 2352 411 2384 manibus
429 2351 563 2383 sublatis
579 2352 648 2383 Sat.
663 2351 698 2389 ii,
715 2354 747 2388 5,
764 2352 820 2383 97.

21 2409 56 2454 {354
71 2391 223 2468 iesurnalos
237 2400 348 2437 parata
364 2394 575 2469 ιοῙΙοκίοἷιιιΞ
588 2395 700 2469 ggod.
715 2395 748 2468 g,
764 2395 821 2469 g.

24 2499 44 2521 ,ψ
73 2447 315 2512 mbixasgiirgo
306 2447 422 2523 13:¹35?
425 2448 462 2516 ¹1¹5,
478 2448 538 2512 ΊῙΕ
547 2460 658 2512 tollere
671 2449 820 2512 xi'erticeni

24 2523 46 2564 ξ.
75 2521 144 2554 Od.
171 2522 220 2559 iii,
247 2523 301 2559 16,
330 2524 384 2555 19.
428 2523 493 2554 imo
518 2523 627 2555 tollere
655 2523 695 2554 de
722 2522 822 2564 gradu

19 2573 39 2609 ἶ,
74 2565 208 2598 mortale
229 2575 342 2607 corpus
363 2565 427 2597 Od.
447 2565 469 2602 i,
482 2567 538 2602 35,
552 2566 586 2597 2.
629 2566 770 2597 attollere
788 2567 822 2596 in

23 2611 43 2646 ἒξ.
72 2610 256 2648 superiorem
270 2609 368 2639 locum
377 2620 387 2639 .·
409 2617 505 2650 quem
521 2608 632 2640 tollere
646 2607 745 2639 rheda
757 2608 823 2639 vel-

26 2654 42 2689 ὅ,
73 2644 120 2682 let
133 2649 192 2683 iter
212 2649 334 2682 faciens
349 2651 418 2682 Sat.
438 2650 472 2687 ii,
487 2651 520 2685 6,
537 2651 591 2682 42.
636 2661 706 2682 cras
727 2650 823 2683 ferra-

23 2690 45 2735 ᾗ,
56 2708 62 2713 v>
74 2698 184 2725 menta
200 2693 346 2725 Teanum
363 2693 493 2729 tolletis,
509 2693 590 2725 fabri
602 2694 663 2735 Ep.
678 2693 701 2728 i.
723 2695 753 2732 1,
769 2694 823 2724 87.

21 2735 48 2773 ’.ᾖ
75 2745 106 2767 te
123 2735 282 2779 conferre:
306 2735 339 2767 in
361 2736 475 2768 arduos
490 2736 584 2767 tollor
601 2735 736 2767 Sabinos
757 2735 822 2767 Od.

20 2768 47 2823 ξ,
77 2776 178 2816 ἰίἱ.“4,
202 2780 256 2811 22.
300 2780 437 2822 erigere.-
467 2779 499 2810 ni
523 2779 569 2811 sic
597 2779 822 2811 Nomentanus

76 2819 215 2853 amicum
230 2821 353 2853 tolleret
367 2822 434 2853 Sat.
451 2821 486 2858 ii,
503 2823 534 2858 8,
550 2822 605 2853 61.
642 2831 750 2854 vocem
766 2831 821 2853 co·

77 2863 198 2896 moedia
224 2864 311 2896 tollit
334 2865 398 2907 Ep.
430 2865 471 2896 ad
497 2864 566 2896 Pis.
593 2865 648 2896 93.
691 2865 822 2904 metaph.

47 2931 57 2946 ,
79 2906 260 2947 (laudibus)
274 2919 283 2938 .·
307 2907 470 2940 absentem
485 2907 620 2939 rusticus
634 2907 742 2939 urbem
759 2907 820 2938 tol-

40 2946 47 2982 ῑῖ
75 2947 118 2981 lis
140 2949 180 2982 ad
203 2956 287 2982 astra
307 2949 387 2982 levis
406 2951 473 2981 Sat.
493 2949 528 2987 ii,
551 2952 582 2986 7,
603 2951 658 2982 29.
702 2951 821 2992 Tempe

76 2990 179 3029 tollite
193 2992 343 3025 laudibus
358 2993 420 3026 Od.
435 2993 458 3030 i,
473 2994 529 3031 21,
545 2994 578 3026 9.
622 2992 709 3025 hunc
725 2998 823 3025 certat

19 2813 47 3050 mmm&

22 3049 50 3311 nertsterffl-yv-z-:ssu

860 299 1044 341 tergeminis
1066 299 1176 331 tollere
1198 299 1371 332 honoribus
1395 302 1459 334 Od.
1481 304 1504 341 i,
1524 305 1554 340 1,
1574 306 1607 336 8.

861 343 895 377 3,
911 344 1018 373 edere.-
1042 342 1125 373 tollit
1138 342 1295 374 hinnitum
1320 354 1403 386 equa
1420 345 1484 377 Od.
1501 346 1536 382 ii,
1555 348 1608 383 16,

861 385 915 416 34.
957 384 1072 415 tollent
1088 384 1280 416 cachinnum
1302 387 1363 428 Ep.
1385 387 1426 418 ad
1447 388 1515 419 Pis.
1533 391 1608 422 113.

861 427 978 457 tollant
999 426 1097 457 risum
1116 427 1194 458 ibid.
1215 429 1290 459 381.
1335 431 1367 464 4,
1384 431 1527 472 avfferre.-
1552 442 1609 473 pa-

862 469 962 499 tinam
986 470 1053 500 Sat.
1077 469 1098 504 i,
1114 468 1147 506 3,
1165 472 1220 502 80.
1266 470 1315 501 his
1330 472 1438 513 (cibis)
1456 473 1511 504 ubi
1533 475 1609 505 sub.

862 511 936 542 latis
951 512 1018 542 Sat.
1034 511 1066 547 ii,
1083 514 1116 548 8,
1133 514 1185 544 10.
1229 514 1328 544 multa
1346 514 1438 545 tolles
1454 525 1491 546 ex
1510 517 1611 548 oculis

863 555 926 595 Ep.
951 554 991 585 ad
1015 554 1083 585 Pis.
1112 557 1182 586 183.
1226 556 1299 587 hinc
1323 556 1445 598 apicem
1469 558 1610 591 Fortuna

864 597 992 627 sustulit
1007 598 1070 628 Od.
1088 597 1109 633 i,
1123 599 1176 634 34,
1192 599 1243 629 16.
1289 598 1434 630 virtutem
1451 601 1610 633 sublatam

864 650 903 671 ex
919 639 1022 670 oculis
1036 640 1207 681 quaerimus
1224 641 1287 672 Od.
1304 641 1418 679 iii,.24,
1431 644 1484 673 32.
1519 653 1612 676 curas

864 693 883 714 e
907 687 1034 723 pectore
1062 682 1131 713 tolli
1156 685 1225 714 Sat.
1250 683 1272 720 i,
1297 685 1330 719 2.
1356 686 1430 715 110.
1475 696 1553 718 neve
1581 693 1612 719 te

865 725 982 756 nostris
1004 724 1090 756 vitiis
1119 725 1265 768 iniquum
1296 726 1382 757 ocior
1414 738 1490 758 aura
1521 729 1613 761 tollat

864 768 928 799 Od.
951 767 974 803 i,
999 769 1032 802 2,
1058 769 1111 800 49.
1155 779 1206 800 me
1228 779 1284 811 per
1305 769 1410 800 hostes
1432 771 1612 803 Mercurius

863 809 992 842 sustulit
1009 810 1072 842 Od.
1088 810 1122 848 ii,
1139 811 1171 849 7,
1193 813 1242 842 14.
1286 823 1383 853 quum
1403 813 1510 844 flueret
1526 814 1611 846 lutu-

863 854 980 890 lentus,
1004 859 1082 889 erat,
1102 854 1188 896 quod
1210 853 1320 886 tollere
1337 855 1434 887 velles
1453 857 1521 887 Sat.
1541 856 1562 894 i,
1579 859 1611 893 4,

869 897 921 927 11.
964 896 1060 928 fluere
1076 897 1161 928 hunc
1185 897 1392 934 lutulentum,
1409 909 1492 940 saepe
1511 899 1611 931 feren·

865 944 928 970 tem
958 939 1051 981 plura
1078 939 1206 981 quidem
1233 940 1375 971 tollenda
1398 941 1614 982 relinquendis

865 982 933 1014 Sat.
953 982 975 1018 i,
992 983 1043 1020 10,
1059 983 1114 1014 51,
1158 982 1271 1014 virtute
1288 983 1429 1014 carentia
1447 985 1536 1016 tollet
1552 986 1616 1027 Ep.

865 1024 899 1060 ii,
918 1026 951 1060 2,
979 1026 1053 1056 123.
1098 1024 1174 1056 tolle
1193 1025 1376 1067 cupidinem
1395 1026 1527 1057 immitis
1544 1039 1614 1059 uvae

866 1067 932 1098 Od.
948 1067 983 1102 ii,
999 1069 1033 1102 5.
1051 1068 1084 1099 9.
1126 1068 1246 1099 rabiem
1268 1068 1376 1100 tollere
1395 1069 1528 1100 civicam
1549 1071 1614 1102 Od.

864 1109 911 1147 iii,
939 1112 994 1147 24,
1023 1111 1079 1141 26.
1135 1110 1321 1142 muliebrem
1351 1111 1452 1143 tollite
1479 1112 1613 1149 luctum,

868 1152 973 1195 Epod.
999 1154 1050 1188 16,
1067 1153 1120 1184 39.
1165 1153 1241 1184 tolle
1260 1155 1405 1195 querelas
1428 1155 1491 1194 Ep.
1515 1155 1538 1191 i,
1560 1158 1612 1193 12,

868 1196 899 1227 3.
944 1195 1098 1237 periclum
1119 1196 1186 1226 Sat.
1204 1195 1236 1232 ii,
1255 1197 1287 1232 7,
1304 1197 1357 1228 73.
1402 1197 1526 1228 sublato
1543 1198 1615 1240 jure

868 1238 1005 1269 nocendi
1027 1239 1088 1280 Ep.
1103 1238 1144 1269 ad
1165 1238 1234 1270 Pis.
1255 1241 1332 1270 284.
1378 1240 1480 1271 tollite
1500 1241 1614 1273 barba-

876 1291 945 1311 rum
961 1291 1080 1312 morem
1099 1282 1163 1312 Od.
1179 1280 1201 1318 i,
1211 1282 1266 1317 27,
1278 1283 1312 1313 2.
1356 1293 1372 1313 e
1386 1285 1482 1313 medin
1496 1285 1612 1322 tolle-re,

864 1326 1018 1354 occidere:
1043 1334 1093 1355 me
1108 1324 1383 1367 truncusillapsus
1399 1326 1526 1357 cerebro
1543 1337 1614 1358 sus-

864 1367 983 1398 tulerat
996 1367 1062 1398 Od.
1077 1367 1111 1403 ii,
1127 1368 1179 1403 17,
1194 1368 1249 1398 28.
1286 1368 1379 1399 tollet
1391 1378 1487 1399 anum
1505 1368 1614 1401 vitiato

864 1408 959 1440 melle
984 1409 1090 1440 cicuta
1120 1411 1188 1440 Sat.
1214 1409 1250 1447 ii,
1274 1411 1304 1446 1,
1329 1411 1383 1442 56.
1442 1411 1500 1452 qui
1525 1422 1614 1453 reges

864 1451 1027 1483 consueris
1050 1451 1159 1483 tollere
1187 1453 1255 1483 Sat.
1278 1453 1301 1488 i,
1325 1453 1357 1488 7,
1380 1454 1434 1484 34.
1479 1459 1614 1486 turmam

865 1493 1000 1525 fulmine
1015 1494 1179 1525 sustulerit
1194 1495 1257 1526 Od.
1275 1495 1321 1531 iii,
1334 1497 1366 1533 4,
1378 1497 1432 1526 44.
1472 1496 1616 1528 ademtus

866 1537 987 1568 Hector
998 1536 1128 1568 tradidit
1142 1537 1232 1568 sessis
1243 1537 1362 1569 leviora
1373 1538 1443 1570 tolli
1459 1539 1616 1582 Pergama

868 1579 977 1612 Graiis
993 1579 1059 1611 Od.
1074 1579 1108 1616 ii,
1124 1581 1155 1618 4,
1174 1581 1225 1611 11.

912 1629 1028 1654 tonare.
1072 1627 1187 1654 tonans
1213 1623 1341 1665 Jupiter
1364 1623 1469 1666 Epod.
1495 1626 1527 1661 2,
1551 1626 1616 1666 29;

867 1665 934 1738 ι(7)(1.
957 1665 1004 1702 iii,
1028 1668 1061 1704 5,
1089 1667 1117 1697 l.
1161 1671 1305 1698 tonantes
1327 1667 1401 1708 equi
1426 1667 1489 1699 Od.
1514 1668 1537 1705 i,
1562 1670 1617 1706 34,

911 1753 1046 1783 tondere.
1093 1753 1123 1788 1,
1140 1750 1249 1783 tondet
1264 1762 1339 1783 oves
1354 1752 1495 1783 infirmas
1514 1753 1618 1795 Epod.

866 1794 899 1832 2,
922 1795 974 1825 16.
1021 1795 1103 1826 lanae
1126 1805 1223 1837 prope
1246 1795 1410 1826 Luceriam
1432 1801 1529 1826 tonsae
1554 1795 1618 1828 Od.

866 1836 912 1874 iii,
945 1838 998 1873 15,
1031 1839 1085 1869 14.
1136 1848 1208 1878 quae
1238 1848 1271 1869 se
1299 1838 1498 1869 commendat
1527 1843 1618 1870 tonsa

867 1885 940 1912 cute
963 1881 1026 1922 Ep.
1045 1880 1068 1916 i,
1092 1881 1144 1915 18.
1163 1882 1194 1911 7.
1240 1881 1390 1912 rusticius
1413 1886 1523 1912 tonsus
1547 1882 1617 1913 Sat.

868 1921 890 1958 i,
907 1924 939 1959 3,
955 1924 1009 1954 31.
1053 1925 1086 1960 2,
1108 1930 1286 1964 amputare.-
1311 1929 1401 1955 tonsa
1424 1923 1488 1955 ilex
1506 1924 1616 1966 bipen-

869 1965 964 1997 nibus
981 1966 1046 1998 Od.
1063 1966 1106 2002 iv,
1125 1967 1157 2002 4,
1172 1967 1225 1998 57.

904 2015 1015 2041 tonsor.
1062 2008 1209 2040 Licinius
1226 2010 1289 2051 Ep.
1306 2008 1347 2039 ad
1364 2008 1431 2039 Pis.
1445 2009 1521 2040 301.
1566 2010 1616 2041 in-

861 2052 1090 2137 aessssuaiisvssssb
1107 2054 1132 2090 ¹'
1148 2052 1255 2126 ιζ’..ῗέί
1270 2057 1391 2125 ..1555ss
1393 2051 1527 2126 ⁶1⁵3.ss
1528 2054 1619 2127 ¹¹22?

925 2117 933 2126 ·
968 2119 976 2132 ο
1018 2119 1026 2132 ι
1096 2118 1103 2125 ·
1389 2119 1398 2132 ι
1504 2119 1530 2133 ⁵»
1604 2114 1616 2120 “

867 2135 953 2170 sore's
967 2138 1031 2180 Ep.
1048 2138 1071 2174 i,
1090 2139 1120 2174 1,
1137 2138 1192 2169 92.
1237 2143 1267 2169 te
1290 2138 1336 2168 Di
1357 2137 1477 2168 donent
1493 2143 1617 2170 tonsore

868 2182 935 2212 Sat.
951 2180 986 2215 ii,
1001 2182 1034 2216 3,
1050 2181 1103 2212 16.
1138 2180 1286 2212 omnibus
1301 2186 1334 2212 et
1350 2179 1445 2222 lippis
1461 2186 1569 2212 notum
1586 2187 1618 2213 et

865 2223 1046 2255 tonsoribus
1061 2233 1132 2255 esse
1147 2224 1214 2254 Sat.
1229 2223 1252 2260 i,
1269 2224 1300 2260 7,
1318 2224 1350 2254 3.

909 2268 1001 2298 toral.
1046 2271 1136 2309 turpe
1156 2266 1236 2297 toral
1257 2267 1318 2308 Ep.
1340 2265 1362 2303 i,
1379 2266 1411 2302 5,
1427 2266 1482 2296 22.
1525 2266 1615 2298 illota

865 2309 978 2341 toralia
989 2311 1056 2342 Sat.
1071 2309 1105 2346 ii,
1122 2311 1154 2344 4,
1170 2310 1224 2339 84.

910 2359 1103 2384 tormentum.
1140 2350 1260 2382 invidia
1273 2349 1372 2382 Siculi
1391 2360 1454 2381 non
1467 2350 1615 2383 invenere

866 2395 992 2437 tyranni
1019 2395 1124 2437 majus
1149 2399 1338 2425 tormentum
1363 2394 1427 2435 Ep.
1453 2393 1476 2430 i,
1502 2394 1535 2428 2,
1560 2395 1615 2426 59.

863 2439 1021 2479 metaph„-
1045 2443 1079 2469 tu
1102 2438 1174 2469 lene
1196 2442 1384 2468 tormentum
1408 2436 1535 2478 ingenio
1559 2436 1615 2467 ad-

864 2491 970 2512 moves
986 2481 1051 2512 Od.
1066 2480 1114 2517 iii,
1130 2481 1186 2516 21,
1205 2481 1258 2510 13.

866 2565 893 2596 P
910 2530 1046 2555 tornare.
1092 2523 1176 2555 male
1202 2521 1316 2554 tornati
1341 2525 1450 2555 &ersus
1482 2522 1542 2564 Ep.
1571 2521 1612 2553 ad

894 2565 932 2597 is.
949 2567 1026 2598 441.

910 2615 1038 2649 torpere.
1083 2607 1237 2651 quicquid
1258 2607 1337 2639 vidit
1351 2607 1464 2640 melius
1481 2607 1612 2650 pejusve

868 2660 926 2682 sua
947 2661 1015 2693 spe,
1037 2651 1209 2692 animoque
1230 2656 1262 2682 et
1282 2661 1411 2694 corpore
1430 2656 1531 2692 torpet
1553 2652 1613 2693 Ep.

867 2693 890 2728 i.
914 2694 946 2729 6,
974 2695 1025 2725 14.
1070 2704 1168 2735 quum
1192 2693 1349 2725 Pausiaca
1371 2699 1474 2735 torpes
1496 2694 1614 2724 tabella

866 2736 930 2767 Sat.
947 2736 983 2772 ii,
1000 2737 1031 2774 7,
1047 2737 1103 2768 95.

910 2785 1059 2820 torquere.
1109 2781 1139 2815 1,
1161 2784 1288 2822 torquet
1307 2780 1346 2810 ab
1367 2778 1527 2810 obscoenis
1545 2788 1610 2809 ser-

866 2822 1014 2853 monibus
1032 2832 1139 2854 aurem
1158 2823 1221 2864 Ep.
1241 2822 1274 2860 ii,
1298 2824 1326 2857 1,
1350 2823 1420 2852 127.
1466 2831 1529 2851 non
1548 2820 1611 2852 huc

866 2864 987 2897 Sidonii
1003 2870 1160 2897 torserunt
1180 2875 1299 2896 cornua
1315 2870 1421 2895 nautae
1438 2862 1541 2904 Epod.
1559 2864 1610 2901 16,

865 2908 917 2938 61.
962 2909 994 2944 2,
1019 2910 1183 2950 torquendo
1207 2910 1239 2939 in
1265 2909 1364 2938 altum
1387 2907 1513 2936 tollere.-
1545 2911 1609 2936 tor-

863 2956 941 2992 quet
955 2961 1041 2983 nunc
1054 2951 1205 2993 lapidem,
1221 2960 1307 2980 nunc
1323 2948 1472 2979 machina
1485 2947 1610 2988 tignum

866 2995 927 3036 Ep.
957 2993 990 3032 ii,
1012 2995 1045 3030 2,
1071 2995 1125 3025 73.
1170 2994 1334 3033 torquendo
1350 2991 1479 3032 facere:
1510 2996 1611 3022 tortus
