1904 3314
344 181 429 221 526

825 176 1351 220 EPISTOLARUM

459 279 693 334 Ingenium,
716 279 797 320 sibi
817 279 934 333 quod
954 293 1108 320 vacuas
1130 277 1337 319 desumsit
1358 276 1570 326 Athenas,

461 345 521 386 Et
543 346 693 387 studiis
714 360 846 386 annos
869 352 1031 399 septem
1052 345 1186 393 dedit,
1208 344 1478 396 insenuitque

461 411 605 452 Libris
626 418 669 452 et
690 413 815 461 curis,
839 418 979 452 statua
999 411 1250 451 taciturnius
1270 410 1359 450 exit

458 476 730 531 Plerumque,
752 485 796 518 et
815 478 904 518 risu
923 475 1309 531 populum‘quatit3
1342 475 1410 515 hic
1432 488 1512 528 ego
1534 487 1675 514 rerum

377 544 432 584 85
461 543 684 584 Fluctibus
705 545 747 584 in
767 545 916 584 mediis
937 551 979 584 et
1001 543 1325 597 tempestatibus
1347 542 1465 582 urbis

461 610 609 651 Verba
627 610 730 664 lyrae
750 617 916 651 motura
937 624 1084 650 sonum
1106 615 1357 650 connectere
1379 608 1560 660 digner?

461 675 614 716 Frater
634 682 726 716 erat
747 676 896 716 Romae
915 674 1098 716 consulti
1118 675 1278 723 rhetor,
1301 681 1349 714 ut
1369 673 1474 713 alter

460 740 653 782 Alterius
675 755 866 782 sermone
887 755 1024 781 meros
1047 740 1214 780 audiret
1234 738 1434 786 honores,

462 807 688 847 Gracchus
709 814 755 846 ut
775 806 846 847 hic
865 806 923 846 illi
943 806 1066 854 foret,
1087 805 1187 845 huic
1208 811 1256 844 ut
1276 801 1552 844 Mucius-ille.

375 873 431 913 90
462 872 552 919 Qui
571 873 708 912 minus
732 878 906 924 argutos
929 877 1053 911 vexat
1074 870 1191 910 furor
1211 871 1291 909 iste
1312 870 1490 922 poetas?

463 938 659 978 Carmina
680 951 900 990 compono,
923 936 993 976 hic
1013 935 1174 988 elegos,
1196 933 1385 982 mirabile
1406 934 1498 972 visu

462 1003 759 1055 Coelatumque
781 1016 931 1042 novem
952 1001 1092 1040 Musis
1115 1002 1246 1052 opus!

1307 997 1499 1051 Adspice
1520 998 1716 1051 primum,

462 1069 638 1115 Quanto
660 1082 756 1108 cum
776 1067 904 1115 fastu,
926 1072 1085 1119 quanto
1106 1064 1318 1105 molimine
1339 1064 1516 1104 circum—

463 1134 715 1187 Spectemus
737 1147 911 1173 vacuam
931 1131 1138 1172 Romanis
1159 1131 1326 1170 vatibus
1347 1129 1506 1170 aedem!

375 1200 431 1241 95
462 1199 571 1241 Mox
594 1199 733 1248 etiam,
757 1199 791 1238 si
812 1197 921 1238 forte
942 1211 1082 1245 vacas,
1107 1210 1298 1250 sequere,
1322 1202 1364 1236 et
1386 1192 1534 1249 procul
1553 1193 1668 1242 audi,

350 1328 415 1349 sese
430 1316 620 1348 abscondere
638 1317 749 1354 solent,
764 1317 797 1346 in
814 1317 892 1353 sola,
906 1321 1034 1349 remota.
1050 1320 1082 1345 et

351 1366 485 1401 angusta
506 1360 574 1390 loca
597 1361 830 1389 contrahuntur.
873 1357 968 1388 Ovid.
987 1357 1081 1387 Trist.

351 1401 375 1439 i,
399 1403 427 1438 1,
452 1402 504 1435 41,
534 1401 677 1430 Carmina
704 1411 843 1431 secessum
872 1401 1025 1430 scribentis
1054 1405 1081 1428 et

352 1445 414 1473 otia
443 1449 605 1483 quaerunt5
639 1442 779 1483 Propert.
801 1441 847 1476 iii,
874 1442 904 1477 1,
935 1442 984 1476 14,
1014 1440 1083 1470 Non

352 1486 446 1522 datar
465 1486 504 1514 ad
521 1485 625 1514 Musas
647 1494 769 1514 currere
789 1485 851 1514 lata
873 1486 932 1513 via.
979 1483 1083 1513 Verba

352 1525 447 1566 igitur
474 1532 503 1556 et
532 1532 687 1555 contracta
715 1528 794 1565 sequi
822 1526 945 1565 vestigia
968 1530 1082 1558 vatum,

352 1567 491 1609 explic0,
522 1571 554 1597 et
580 1567 679 1597 facere
709 1567 792 1606 quod
824 1572 921 1607 poetae
952 1566 985 1595 in
1015 1565 1086 1595 loca

353 1610 420 1639 sola
450 1613 481 1639 et
507 1613 591 1638 arcta
623 1608 772 1638 contracti
801 1607 932 1637 faciunt.
986 1608 1085 1638 Usum

353 1649 439 1681 vocis
475 1656 647 1680 contractus
683 1650 805 1690 egregie
839 1648 975 1678 illustrat
1007 1647 1087 1678 alius

353 1691 443 1722 locus
475 1690 595 1721 Horatii
625 1701 694 1732 sup.
723 1691 822 1731 Epist.
848 1689 871 1725 i,
896 1691 927 1726 7,
957 1691 1008 1724 12,
1036 1690 1084 1720 Ad

352 1744 434 1763 mare
452 1734 617 1767 descendet,
633 1739 661 1762 et
684 1734 737 1763 sibi
756 1738 872 1772 parcet,
891 1732 1085 1762 Contractus-

352 1786 407 1814 que
421 1777 510 1816 leget.

397 1818 448 1848 81.
486 1816 613 1850 Vacuus,
640 1819 830 1857 opportunas
856 1814 918 1846 otio
946 1815 1026 1845 bene
1054 1818 1086 1845 et

354 1864 437 1888 recte
457 1858 518 1888 frui
540 1857 751 1899 cupientibus.
797 1857 849 1887 Sic
862 1867 931 1897 sup.
948 1855 1046 1898 Epist.
1062 1855 1084 1891 i,

355 1900 386 1935 7,
404 1901 456 1934 45,
475 1899 568 1929 Tibur
583 1910 720 1934 vacuum,
737 1898 792 1929 ubi
806 1898 868 1928 vid.
883 1903 948 1928 not.

396 1942 449 1978 82,
465 1941 517 1971 83.
541 1941 734 1980 Insenuitque
750 1941 849 1971 Libris
866 1948 894 1970 et
914 1941 1006 1974 curis,
1021 1939 1085 1970 ele·

355 1988 464 2022 genter
485 1992 551 2023 pr0,
568 1988 599 2012 et
617 1989 735 2022 tempus
754 1981 925 2012 consumsit
939 1981 987 2011 vel
1011 1988 1085 2011 aeta-

355 2029 416 2054 tem
439 2023 586 2064 transegit
608 2023 640 2053 in
663 2023 802 2063 legendis
827 2023 914 2053 libris
935 2029 967 2053 et
988 2023 1085 2053 medi-

354 2064 538 2095 tationibus.
582 2064 730 2094 Similiter
745 2075 814 2105 sup.
831 2065 932 2106 Epist.
947 2064 969 2098 i,
985 2066 1016 2100 7,
1033 2066 1086 2100 85,

356 2107 532 2137 Immoritur
547 2109 655 2137 studiis
667 2112 693 2136 et
707 2117 804 2136 amore
815 2109 936 2136 senescit
952 2106 1087 2136 habendi.

356 2148 440 2182 Exit,
460 2148 505 2183 fit,
523 2148 638 2183 evadit,
661 2148 805 2182 efficitur,
829 2147 868 2178 de
887 2147 993 2177 formis
1014 2157 1086 2188 quoe

353 2190 564 2231 effinguntur:
589 2189 646 2219 inf.
668 2189 768 2230 Epist.
791 2189 829 2218 ad
853 2188 920 2218 Pis.
941 2189 995 2222 22,
1015 2201 1086 2219 car-

354 2238 439 2262 rente
453 2237 519 2261 rota
533 2243 589 2261 cur
604 2241 710 2261 urceus
727 2232 810 2260 exit?
833 2240 894 2260 non
910 2231 992 2260 enim
1009 2233 1087 2261 eaire

351 2272 419 2314 jam
435 2278 493 2308 est,
508 2273 652 2314 ausgehn,
668 2278 704 2302 ut
719 2272 808 2302 vertit
823 2272 967 2303 Vossius.

398 2316 450 2350 84,
468 2316 519 2345 85.
544 2315 584 2344 Et
606 2316 670 2344 risa
690 2316 833 2353 pupulum
851 2315 961 2353 quatit,
978 2311 1085 2342 fortius

354 2365 410 2398 pro
433 2355 563 2396 vulgari,
588 2355 703 2397 populo
724 2361 770 2386 est
792 2356 866 2385 risui
888 2360 919 2385 et
942 2354 1085 2384 ludibrio.

355 2398 472 2428 Rerum
488 2398 646 2428 Fluctibus
660 2399 692 2427 in
708 2399 811 2427 mediis
825 2403 853 2427 et
867 2397 1086 2435 tempestatibus

354 2441 449 2475 urbis,
464 2439 497 2469 in
519 2438 620 2469 medio
642 2449 753 2474 rerum,
770 2439 920 2469 fluctuum
943 2438 1039 2468 instar
1052 2447 1086 2468 se

354 2480 488 2512 invicem
511 2480 713 2516 trudentium,
732 2481 850 2522 impetu
872 2485 903 2510 et
926 2479 1011 2510 urbis
1034 2484 1083 2509 tu-

354 2523 479 2560 multu;
505 2523 626 2563 fluctus
653 2527 684 2552 et
713 2525 802 2552 undae
830 2521 868 2552 de
897 2522 988 2552 rebus
1013 2530 1085 2562 quae

355 2564 495 2594 animum
518 2564 711 2606 perturbant,
737 2569 769 2594 et
790 2563 851 2594 huc
877 2562 954 2593 illuc
975 2562 1083 2604 impel-

355 2606 443 2637 lunt:
476 2616 546 2647 sup.
571 2606 672 2647 Epist.
699 2605 720 2641 i,
750 2606 779 2642 1,
806 2606 878 2642 164,
908 2605 948 2634 Et
977 2615 1087 2634 mersor

354 2649 492 2678 cim'tilms
507 2649 606 2678 undis.

399 2690 450 2719 86.
475 2688 571 2718 Verba
599 2690 671 2729 lyrae
693 2695 810 2718 motura
833 2699 936 2718 sonum
959 2698 1083 2719 connec-

357 2737 437 2761 tere:
462 2730 603 2760 similiter
626 2741 695 2771 sup.
719 2730 782 2760 Od.
809 2730 852 2764 iv,
875 2731 907 2766 9,
931 2731 961 2765 4,
990 2729 1085 2759 Verba

357 2773 436 2812 loqui
457 2773 572 2802 chordis
593 2773 755 2808 socianda,·
781 2777 812 2801 et
835 2771 896 2802 Od.
920 2771 952 2806 ii,
977 2771 1027 2805 12,
1051 2772 1083 2806 4,

361 2815 454 2844 Verba
471 2820 575 2852 aptare
597 2815 719 2844 citharae
740 2814 843 2843 modis.
889 2813 1030 2854 Digner?
1053 2818 1086 2842 ut

356 2865 420 2888 rem
435 2860 568 2885 tractatu
583 2855 709 2896 dignam
726 2855 880 2885 habeam‘!

399 2897 536 2928 87—90.
559 2897 670 2927 Frater
690 2903 756 2927 erat
777 2897 888 2930 Romae,
906 2901 979 2926 cett.
1024 2896 1085 2926 Su·

1896 918 1904 936 .·
1895 808 1904 897 ...ιι-
1892 632 1904 792 mne-„nr
1902 606 1904 611 .

1123 1314 1187 1344 bito
1205 1313 1363 1350 Horatius,
1379 1318 1415 1343 ut
1431 1312 1520 1350 solet,
1535 1311 1603 1343 sine
1621 1310 1770 1342 orationis
1784 1311 1853 1342 vin·
1894 1303 1904 1344 s

1123 1357 1196 1386 culo
1223 1356 1330 1397 aliquo
1355 1354 1466 1385 transit
1489 1354 1530 1384 ad
1555 1353 1653 1391 aliud,
1671 1353 1755 1394 quod
1777 1363 1810 1384 se
1835 1364 1854 1384 a
1899 1357 1903 1375 ⁵

1124 1398 1265 1428 versibus
1284 1395 1507 1438 componendis
1522 1401 1638 1426 avertat
1652 1400 1746 1435 atque
1760 1395 1855 1436 repri-
1899 1429 1902 1431 Α

1126 1444 1200 1474 mat,
1217 1439 1256 1468 ad
1271 1448 1382 1469 vanam
1401 1437 1522 1468 scilicet
1543 1436 1630 1467 illam
1652 1435 1777 1466 laudem
1793 1447 1857 1477 qua

1127 1481 1204 1511 alter
1219 1481 1350 1511 alterum
1365 1479 1506 1510 certatim
1527 1487 1635 1509 ornare
1656 1483 1688 1509 et
1707 1478 1858 1510 extollere

1128 1522 1263 1553 studeat.
1314 1522 1424 1557 Erant,
1453 1521 1508 1555 sit,
1541 1520 1653 1550 Romus
1689 1519 1751 1550 dno
1786 1519 1855 1557 viri,

1127 1564 1205 1594 alter
1231 1562 1483 1604 jurisconsultuS,
1506 1562 1584 1592 alter
1606 1561 1728 1598 rhetor;
1760 1560 1857 1608 juris-

1128 1606 1291 1635 consultus
1312 1605 1460 1635 rhetorem
1477 1603 1624 1640 Graccho,
1638 1603 1741 1633 rhetor
1757 1602 1856 1643 juris-

1130 1647 1306 1677 consultum
1331 1646 1434 1677 Mucio
1459 1644 1691 1686 aequipambat3
1717 1644 1799 1675 idem
1823 1645 1859 1676 fit

1128 1688 1211 1730 apud
1234 1694 1351 1729 poetas.
1397 1688 1519 1722 Frater,
1531 1696 1569 1717 eo
1582 1695 1676 1718 sensu
1690 1695 1753 1726 quo
1775 1687 1858 1728 apud

1130 1740 1187 1760 nos
1203 1739 1329 1771 quoque
1345 1734 1473 1760 vocatur
1492 1728 1610 1758 intimoe
1627 1727 1772 1758 amicitia
1787 1728 1857 1759 vin-

1129 1772 1200 1802 culo
1222 1782 1294 1802 cum
1317 1771 1423 1812 aliquo
1444 1769 1650 1810 conjunctus:
1674 1769 1717 1801 ef.
1733 1769 1859 1810 Μηλιᾶ

1128 1813 1229 1854 Epist.
1252 1813 1273 1847 i,
1297 1814 1347 1848 10,
1367 1815 1399 1843 4.
1443 1812 1493 1842 De
1515 1811 1606 1842 laude
1629 1819 1724 1852 quam
1746 1810 1858 1842 Cicero

1127 1855 1249 1885 Tiberio
1273 1854 1431 1890 Graccho,
1454 1859 1489 1884 ut
1513 1851 1631 1890 insigni
1654 1851 1780 1887 oratori,
1802 1853 1857 1884 tri-

1127 1897 1205 1932 buit,
1229 1895 1294 1926 vid.
1320 1897 1409 1926 Brut.
1431 1905 1460 1926 c.
1481 1896 1534 1926 27.
1580 1894 1619 1928 Q.
1637 1893 1760 1924 Mucius
1779 1894 1858 1926 Sea-

1127 1940 1192 1968 vola
1211 1938 1333 1969 celebre
1354 1937 1435 1968 inter
1456 1935 1704 1968 Jurisoonsultos
1722 1935 1784 1966 fuit
1801 1946 1858 1966 no-

1131 1990 1200 2010 men
1214 1991 1222 2016 ;
1245 1980 1284 2010 de
1299 1981 1318 2011 J
1321 1979 1384 2009 uris
1395 1978 1494 2010 Prud.
1505 1976 1656 2008 Muciana
1669 1977 1859 2017 singularem

1130 2022 1271 2052 libellum
1287 2021 1412 2062 scripsit
1429 2019 1618 2050 Baldninus.

1172 2064 1309 2094 90—92.
1334 2063 1395 2097 Qui
1410 2064 1605 2096 minus,cett.
1648 2059 1764 2091 Nonne
1778 2059 1858 2101 pari-

1130 2111 1175 2135 ter
1191 2111 1297 2146 poetas
1314 2105 1412 2142 agitat
1425 2104 1510 2134 furor
1527 2102 1598 2137 iste,
1613 2111 1676 2142 quo
1690 2101 1768 2133 alter
1782 2102 1860 2133 alte·

1130 2157 1197 2177 rum
1214 2147 1253 2176 ad
1269 2146 1385 2176 coelum
1401 2155 1502 2186 usque
1517 2143 1600 2175 tollit
1613 2142 1782 2173 leudibus?
1825 2143 1860 2174 Si

1129 2198 1186 2227 ego
1209 2197 1332 2218 carmen
1355 2186 1486 2228 lyricum
1506 2194 1660 2226 compono
1678 2184 1859 2226 (Horatius,

1130 2235 1165 2259 ut
1193 2239 1230 2259 eo
1260 2228 1387 2259 liberius
1411 2227 1508 2258 rideat
1537 2227 1679 2257 insanam
1704 2226 1860 2257 malorum

1130 2276 1290 2312 poetarum
1325 2269 1506 2304 vanitatem,
1537 2267 1682 2299 consulto
1716 2273 1748 2298 et
1782 2267 1860 2299 scite

1130 2322 1164 2343 se
1186 2313 1287 2353 ipsum
1309 2311 1402 2342 talem
1425 2311 1526 2350 fingit,
1542 2315 1574 2341 et
1594 2317 1700 2340 eorum
1722 2309 1807 2350 gregi
1827 2319 1861 2341 se
1885 2314 1887 2316 ·

1129 2353 1312 2388 immiscet),
1341 2353 1419 2383 alter
1443 2351 1598 2392 Eleginm,
1624 2355 1691 2381 tum
1718 2350 1799 2381 alter
1826 2350 1860 2382 in

1129 2395 1254 2426 alterius
1278 2394 1400 2425 laudem
1418 2394 1585 2430 exclamat,
1599 2392 1649 2422 En
1664 2391 1860 2430 admirabile,

1129 2437 1168 2467 ab
1191 2437 1267 2478 ipsis
1287 2446 1398 2467 novem
1415 2435 1518 2466 Musis
1532 2434 1647 2465 affabre
1659 2433 1860 2475 exsculptum

1127 2478 1224 2520 opus!
1271 2478 1414 2518 Argutos,
1429 2485 1570 2512 canoros,
1589 2481 1629 2506 ut.
1647 2476 1711 2506 olor
1731 2481 1861 2517 argutus

1128 2520 1213 2567 apud
1228 2519 1316 2559 Virg.
1334 2519 1406 2550 Ecl.
1420 2518 1464 2554 ix,
1480 2518 1534 2548 36.
1578 2516 1760 2559 Opimntur
1778 2522 1861 2549 certe

1128 2561 1283 2603 ejusmodi
1309 2566 1406 2601 poetae
1423 2570 1456 2591 se
1477 2558 1613 2590 suaviter
1633 2568 1763 2596 cenere3
1786 2568 1859 2590 nam

1130 2607 1180 2644 (v.
1193 2604 1272 2642 107>
1288 2602 1432 2634 Gaudent
1445 2602 1612 2636 scribemus,
1626 2605 1656 2630 et
1668 2610 1699 2631 se
1711 2610 1859 2631 veneran-

1128 2651 1190 2680 tur,
1206 2651 1234 2676 et
1257 2645 1351 2678 ultro,
1367 2644 1400 2674 Si
1423 2650 1532 2678 taceas,
1551 2643 1692 2678 laudant,
1710 2643 1859 2683 quidquid

1127 2689 1279 2724 scripsere,
1296 2687 1382 2716 beati.

1170 2728 1310 2759 92-96.
1336 2726 1484 2758 coetatum
1497 2735 1580 2765 opus,
1595 2723 1679 2756 coelo
1696 2724 1746 2756 vel
1767 2730 1858 2756 torno

1127 2769 1323 2810 exsculptum
1332 2768 1431 2806 (ἔπος
1442 2767 1596 2808 γλυπτὸν
1603 2766 1659 2798 καὶ
1667 2777 1706 2797 το
1729 2765 1860 2806 ειη-όν).

1128 2811 1230 2842 Simili
1252 2809 1386 2850 imagine
1410 2809 1467 2840 inf.
1491 2808 1524 2839 in
1552 2807 1654 2849 Epist.
1736 2807 1804 2838 Pis.
1827 2818 1858 2839 v.

1128 2854 1203 2888 442,
1219 2861 1324 2883 versus
1345 2860 1466 2882 summa
1478 2859 1554 2880 cura
1567 2849 1696 2891 expoliti
1709 2849 1858 2880 dicuntur

1129 2896 1253 2925 tornati.
1309 2894 1434 2932 Adspice
1462 2893 1604 2932 primum,
1634 2891 1756 2926 Quanto
1788 2901 1857 2921 cum
