1904 3314
3 2381 31 2599 -„:-x¹·³'⁹=,ae·51v2‘f*=>
9 2326 22 2359 r:-
11 2268 18 2278 *1

665 163 892 208 LIBER
932 165 967 216 1,
1003 166 1068 207 10.

213 268 388 312 Seilicet
407 268 564 312 oblitos
585 267 824 324 patriaeque
845 258 1071 322 pati-‘isque
1094 265 1258 316 Latini,

211 337 361 385 Quum
383 337 546 380 Pedius
568 349 720 379 causas
741 335 927 377 exsudet
949 333 1191 389 Puplicola‚
1213 342 1346 391 atque

211 405 440 455 Corvinus,
461 404 612 461 patriis
633 403 929 445 intermiscere
950 403 1090 458 petita

121 472 180 515 30
209 473 360 516 Verba
380 473 485 516 foris
506 471 640 521 malis,
664 471 874 513 Canusini
893 486 1012 514 more
1032 467 1238 526 bilinguis
1257 473 1273 514 ἲ

208 540 362 598 Atqui,
383 556 466 597 ego
486 555 620 596 quum
642 539 826 581 Graecos
849 538 1050 589 facerem,
1074 546 1200 581 natus
1223 555 1340 582 mare
1362 541 1486 593 citra,

207 609 478 660 Versiculos,
502 610 638 650 vetuit
659 607 732 650 tali
754 623 821 650 me
843 623 948 650 voce
969 608 1198 658 Quirinus,

208 678 318 722 Post
336 678 520 720 mediam
541 684 713 719 noctem
734 678 866 727 visus,
889 692 1024 732 quum
1046 670 1210 718 somnia
1232 692 1357 720 vera:

209 749 237 769 “
259 745 312 788 In
330 745 480 788 silvam
501 761 588 788 non
609 744 725 801 ligna
745 744 859 787 feras
881 746 1090 795 insanius,
1113 760 1163 787 ac
1186 746 1223 787 si

119 813 179 856 35
207 813 396 870 Magnas
418 813 676 856 Graecorum
697 813 818 855 malis
841 812 1020 869 implere
1042 814 1280 855 catervas.‘'

207 881 434 938 Turgidus
455 881 644 938 Alpinus
660 882 835 938 jugulat
857 882 962 923 dum
985 882 1236 932 Memnona,
1261 883 1452 939 dumque

205 950 407 1007 Defingit
428 950 577 993 Rheni
595 950 763 992 luteum
783 957 915 1005 caput
932 968 942 1002 ;
974 950 1070 993 haec
1092 966 1174 1007 ego
1196 950 1315 1002 ludo,

205 1018 320 1067 Quae
340 1034 420 1062 nec
441 1019 485 1060 in
506 1019 601 1061 aede
623 1026 778 1061 sonent
799 1019 1024 1070 certantia,
1041 1020 1192 1075 judice
1214 1020 1391 1076 Tarpa;

203 1086 304 1129 Nec
324 1087 506 1129 redeant
528 1088 685 1129 iterum
705 1094 835 1142 atque
856 1087 1013 1128 iterum
1036 1089 1275 1142 spectanda
1295 1089 1490 1131 theatris.

119 1155 177 1198 40
205 1153 382 1212 Arguta
400 1156 627 1198 meretrice
648 1163 789 1210 poteS,
813 1155 1029 1210 Davoque
1052 1155 1286 1198 Chremeta

89 1297 194 1328 leonti.
229 1296 306 1328 Vet.
348 1295 474 1334 schol„
512 1296 642 1326 Dicitur
680 1296 840 1327 Pitholeon

87 1341 308 1383 epigrammata
337 1340 474 1370 ridicula
504 1338 650 1380 (inepta)
680 1341 842 1378 scripsisse,

91 1385 128 1415 in
153 1384 262 1425 quibus
287 1382 398 1414 Graeca
424 1383 511 1413 verba
536 1384 629 1412 mista
654 1388 744 1412 erant
771 1393 841 1412 cum

90 1426 227 1458 Latinis.
273 1425 460 1462 concinnus,
501 1424 726 1460 concinnatus,
763 1434 840 1456 con-

89 1469 185 1502 cinno
198 1468 407 1512 compositus.

133 1514 189 1544 24.
235 1511 317 1543 Nola
347 1511 487 1548 Falerni,
512 1510 621 1541 vinum
647 1511 840 1549 Falernum;

90 1560 167 1587 nota
182 1554 307 1587 scilicet
321 1553 482 1596 amphorae
499 1554 548 1584 vel
564 1553 645 1584 cado
663 1554 768 1584 addila
783 1554 840 1584 do-

88 1598 194 1633 cebat,
213 1598 266 1630 ubi
282 1603 315 1630 et
333 1598 394 1628 sub
409 1597 527 1645 quibus
546 1597 742 1631 consulibus.
760 1597 793 1627 h.
810 1607 841 1628 e.

87 1651 152 1684 quo
176 1651 262 1673 anno
276 1641 398 1676 vinum,
418 1650 451 1670 m
473 1639 512 1670 iis
536 1639 712 1676 conditum,
731 1646 839 1671 natum

87 1690 191 1718 esset:
217 1684 260 1716 cf.
276 1694 349 1726 sup.
366 1683 407 1715 ad
422 1683 487 1715 Od.
504 1682 539 1719 ii,
557 1683 611 1714 38.

92 1726 105 1734 '
133 1728 188 1767 25,
202 1729 258 1760 26.
283 1727 361 1758 Cum
375 1737 476 1758 versus
480 1726 600 1767 sectas,
615 1730 689 1757 cett.
706 1735 838 1756 sensus:

89 1781 177 1807 num.
193 1781 313 1813 quaeso,
329 1775 409 1805 tum,
425 1780 499 1801 cum
517 1779 625 1800 versus
641 1768 751 1804 facias,
765 1779 840 1799 sua-

88 1813 160 1846 vius
179 1825 250 1846 esse
271 1813 446 1850 existimas,
462 1812 557 1843 verba
580 1812 696 1843 Graeca
719 1811 843 1842 Latinis

90 1857 276 1895 admiscere,
290 1867 329 1888 au
349 1855 414 1895 (et)
432 1855 525 1886 etiam
546 1861 626 1892 tum,
643 1865 715 1885 cum
739 1854 843 1896 gravis

88 1910 189 1933 causa
209 1898 351 1932 accusati
369 1897 486 1930 Petillii
503 1901 578 1940 (pro
593 1897 704 1939 quavis
725 1898 840 1938 causa)

89 1942 149 1976 tibi
163 1942 330 1987 perorandi
344 1941 409 1973 siti
445 1942 496 1973 De
513 1941 653 1976 Petillio,
671 1940 754 1975 furti.
776 1951 840 1982 quo

87 1996 237 2019 coronam
255 1995 383 2018 auream
395 1984 435 2016 de
449 1982 553 2057 caXite
565 1985 586 2016 J
590 1984 653 2015 ovis
666 1983 840 2026 Capitolini

35 2043 36 2046 ¹
89 2030 196 2071 (unde
206 2029 260 2061 ille
280 2029 470 2070 Capitolinus
506 2027 586 2058 ictus
597 2027 663 2065 est)
675 2027 840 2059 sustulisse

89 2072 216 2110 dicitur,
231 2077 394 2106 accusato,
409 2077 442 2102 et
465 2071 505 2101 ab
523 2069 690 2112 judicibus
714 2070 743 2100 in
766 2081 837 2110 gra-

88 2115 166 2148 tiam
176 2115 329 2157 Augusti,
341 2114 435 2157 cujus
450 2113 572 2145 amicus
588 2121 667 2150 erat,
682 2113 839 2151 absoluto,

91 2158 156 2191 vid.
171 2169 246 2201 sup.
258 2158 298 2190 ad
315 2159 380 2190 Sat.
394 2158 415 2194 i,
429 2159 461 2192 4,
473 2157 515 2188 99
528 2169 536 2186 :
560 2156 629 2198 ejus
646 2166 744 2188 causa
759 2155 839 2187 dici-

88 2207 142 2234 tur
163 2204 256 2239 duro,
279 2201 358 2244 quin
380 2211 444 2232 non
470 2199 564 2231 facile
588 2200 628 2231 ab
658 2199 839 2230 insimulato

88 2244 221 2278 erimine
257 2244 360 2286 urgari
375 2247 508 2287 poterat.

133 2289 189 2324 27,
202 2255 257 2320 mi).
285 2287 346 2319 Pro
361 2288 471 2318 oblitus
490 2284 564 2317 dedi
583 2295 656 2316 cum
681 2284 838 2316 Heindor-

88 2331 140 2368 ῧο,
163 2341 202 2364 ex
223 2329 459 2372 elegantissima
481 2329 662 2371 conjectura
690 2328 839 2367 Bentleii,

85 2374 203 2407 oblitos.
245 2375 366 2406 Sensus
402 2379 433 2404 et
471 2381 591 2403 nexus:
627 2370 750 2402 scilieet
786 2376 841 2414 (ut

87 2418 227 2453 videlieet
249 2428 324 2450 eum
337 2415 490 2451 irrisione,
507 2414 562 2446 ubi
578 2414 771 2446 contrarium
789 2416 838 2446 in-

86 2458 296 2503 telligendum
325 2459 391 2500 est)
418 2469 491 2491 curn
520 2457 641 2489 Pedius
671 2458 840 2490 Publicola

89 2508 187 2547 atque
197 2503 356 2536 Corvinus
371 2512 485 2534 causas
496 2501 529 2532 in
542 2499 666 2543 judicio
679 2501 839 2541 (ez-sudet)

89 2546 176 2580 mni
197 2546 311 2578 virium
337 2545 540 2578 contentione
564 2543 663 2579 dicat,
690 2549 724 2574 tu
748 2545 841 2575 malis

89 2599 178 2627 utne,
193 2600 258 2626 eoS.
274 2588 392 2621 oblitos
414 2594 447 2620 et
466 2594 567 2623 terrae,
585 2586 640 2618 ubi
663 2586 728 2617 nati
752 2593 838 2623 sunt,

86 2637 121 2666 et
141 2631 240 2677 patris
263 2632 371 2664 Latini
394 2631 515 2675 (soceri
531 2631 666 2667 .AEneae,
687 2636 838 2671 tanquam

89 2676 229 2711 metaris
256 2675 364 2708 Latini
391 2673 540 2709 nominis,
566 2678 598 2705 et
628 2672 751 2704 Latinae
777 2673 839 2704 liu-

89 2720 194 2761 gue),
217 2719 314 2751 verba
338 2729 378 2750 ex
403 2717 569 2761 peregrina
593 2714 706 2756 (soris)
731 2715 841 2757 lingua

90 2761 191 2806 potin
235 2761 322 2794 atriae
346 2761 466 2804 linguae
487 2759 591 2791 verbis
612 2758 838 2795 intermiscere,

89 2804 186 2839 Sicuti
207 2773 365 2838 (genusini
386 2805 421 2836 in
442 2803 562 2847 Apulia
585 2803 726 2843 linguam
751 2803 840 2833 Grae-

91 2857 164 2880 eun
186 2853 221 2880 et
234 2848 382 2880 Latinam
405 2847 487 2879 inter
511 2857 545 2878 se
568 2845 771 2877 commiscere
790 2856 840 2876 so-

64 2911 70 2916 -
90 2889 172 2923 but.
215 2890 322 2923 Possis
337 2901 466 2933 quoque
484 2891 640 2931 patrisque
656 2889 765 2919 Latini
787 2899 840 2919 ac-

92 2932 198 2976 cipere
210 2932 245 2965 in
259 2943 354 2965 sensu
370 2933 495 2976 proprio
510 2933 550 2965 de
566 2938 665 2976 patre,
679 2931 734 2973 qui
752 2938 842 2962 natos

93 2975 204 3019 patriae
240 2975 381 3018 linguam
416 2976 715 3020 (Muttersprache),
750 2975 782 3006 h.
814 2986 840 3006 e.

885 1294 998 1326 Latine
1015 1295 1103 1337 loqui
1119 1296 1239 1327 docuit.
1286 1297 1352 1328 Fea
1371 1295 1513 1328 defendit
1527 1297 1639 1329 lectio-

886 1348 978 1369 nem:
1013 1340 1136 1370 Scilicet
1172 1341 1283 1370 oblitus
1319 1341 1428 1379 patriae
1459 1343 1638 1382 patrisque,-

886 1380 999 1412 Latine
1018 1381 1121 1416 Quum
1141 1382 1254 1413 Pedius
1278 1393 1384 1414 causas
1399 1384 1532 1414 exsudet.
1583 1383 1639 1413 Pe-

884 1425 955 1455 dius
991 1424 1166 1464 Puplicola,
1198 1431 1290 1466 atque
1326 1425 1496 1456 Corvinus.-
1530 1426 1640 1458 Schol.

886 1467 996 1509 Cruq..
1011 1467 1155 1500 Fuerunt
1170 1469 1202 1499 hi
1217 1470 1290 1505 duo,
1305 1469 1418 1500 Pedius
1439 1469 1596 1500 Publicola
1609 1477 1638 1501 et

886 1510 1018 1541 Messala
1037 1511 1199 1547 Corvinus,
1215 1519 1346 1543 oratores
1367 1512 1464 1543 Romae
1483 1514 1572 1543 valde
1589 1514 1638 1544 in·

884 1555 994 1594 signes.
1042 1555 1157 1585 Pedius
1180 1554 1308 1596 quidem
1336 1556 1495 1586 Publicola
1518 1554 1640 1587 videtur

887 1596 1030 1628 Gesnero
1053 1603 1085 1628 et
1104 1597 1175 1628 aliis
1199 1598 1284 1628 filius
1307 1597 1405 1629 fuisse
1429 1600 1473 1635 Q.
1491 1598 1583 1629 Pedii
1600 1599 1638 1630 il-

885 1638 958 1675 lius.
975 1639 1030 1681 qui
1047 1650 1131 1671 anno
1147 1641 1211 1671 710
1233 1651 1305 1672 cum
1324 1642 1505 1672 Octaviano
1524 1642 1639 1674 consul

886 1682 980 1722 legem
1017 1683 1144 1713 Pedium
1177 1685 1214 1714 de
1248 1685 1472 1723 percussoribus
1513 1684 1639 1716 casaris

885 1725 970 1756 tulit.
1015 1725 1141 1756 Clarior
1157 1727 1253 1757 Pedio
1273 1732 1322 1757 est
1338 1726 1384 1756 M.
1406 1726 1544 1757 Valerius
1562 1729 1638 1759 Cor-

885 1770 974 1799 vinus
1002 1769 1146 1806 Messala,
1170 1779 1265 1810 quem
1295 1768 1537 1806 Quinctilianus
1560 1781 1639 1811 quo·

886 1821 948 1852 que
966 1823 995 1848 x,
1013 1813 1041 1849 l,
1057 1811 1095 1842 ad
1112 1811 1248 1853 optimos
1267 1811 1486 1842 Romanorum
1503 1819 1640 1845 oratores

886 1854 998 1892 refert3
1014 1859 1045 1885 et
1059 1854 1132 1885 hinc
1150 1854 1300 1886 Horatius
1315 1855 1450 1886 eundem
1461 1854 1520 1886 inf.
1535 1856 1638 1898 Epist.

886 1895 920 1932 ii,
946 1898 977 1935 3,
1002 1898 1079 1932 370,
1104 1899 1249 1928 disertum
1272 1903 1382 1928 vocat:
1408 1897 1447 1928 de
1473 1897 1520 1928 his
1544 1898 1639 1930 dictis

883 1940 1060 1971 oratoribus
1083 1940 1207 1983 scripsit
1230 1942 1282 1972 Fr.
1302 1940 1444 1972 Ellendt.
1466 1941 1637 1983 Eloquent-

885 1983 983 2014 Rom.
1001 1983 1086 2014 Hist.
1105 1994 1136 2026 p.
1152 1994 1235 2015 cxxx
1251 1994 1322 2024 sqq.

927 2027 981 2057 31.
1028 2027 1130 2058 Natus
1156 2038 1238 2058 mare
1263 2030 1354 2062 citra,
1382 2036 1444 2056 non
1471 2032 1557 2058 trans
1584 2028 1635 2060 vcl

884 2068 980 2104 ultra,
996 2069 1052 2100 sed
1067 2070 1146 2100 citra
1162 2081 1259 2107 mare,
1277 2070 1309 2100 h.
1326 2079 1356 2100 e.
1376 2079 1439 2100 uon
1456 2070 1488 2100 in
1507 2071 1635 2103 Graecia

882 2112 1103 2150 transmarina,
1121 2113 1176 2144 sed
1195 2112 1227 2143 in
1251 2111 1345 2144 Italia
1359 2119 1472 2143 natus:
1498 2113 1540 2144 cf.
1566 2116 1635 2147 Sat.

882 2154 916 2191 ii,
934 2157 966 2190 8.
984 2156 1036 2186 47.

925 2199 981 2229 32.
1018 2199 1118 2230 Vetuit
1150 2211 1205 2237 me,
1228 2209 1274 2230 sc.
1300 2209 1406 2230 versus
1432 2200 1565 2231 Graecos
1589 2200 1636 2231 fa-

882 2252 963 2273 cere.

925 2285 977 2316 33.
997 2285 1097 2320 Quam
1112 2287 1226 2315 somnia
1240 2296 1322 2320 vern,
1333 2285 1372 2317 de
1385 2284 1536 2328 opinione
1548 2290 1635 2317 vete-

884 2338 963 2363 rum,
981 2338 1051 2359 vera
1074 2339 1140 2360 esse
1160 2334 1230 2370 post
1246 2328 1381 2359 mediam
1403 2335 1526 2360 noctem
1550 2339 1637 2360 som-

885 2372 949 2407 nia,
965 2371 1111 2413 exempla
1134 2371 1298 2412 congessit
1312 2371 1467 2403 Ciofanus
1483 2372 1522 2403 ad
1538 2372 1637 2404 Ovid.

885 2413 1014 2446 Heroid.
1031 2414 1094 2452 xix,
1114 2416 1185 2446 195.
1319 2444 1330 2450 s

927 2458 1069 2489 36—39.
1096 2458 1253 2500 Turgidus
1270 2458 1544 2498 Alpitiusjrega‹lal
1561 2459 1635 2488 dum

886 2501 1067 2531 Memnona.-
1091 2500 1169 2531 dum
1193 2499 1331 2531 tumidus
1356 2508 1459 2543 poeta,
1483 2500 1635 2542 Alpinus,

884 2544 1062 2575 Memnona
1092 2543 1132 2574 ab
1159 2543 1285 2575 Achille
1315 2543 1347 2574 iu
1380 2554 1487 2586 pugna
1516 2554 1636 2575 caesum

883 2586 1044 2622 describit,
1062 2587 1117 2618 sed
1141 2586 1249 2627 inepta
1272 2586 1484 2629 descriptione
1507 2598 1578 2617 eum
1596 2587 1635 2618 de

883 2627 1006 2671 integro
1025 2630 1118 2671 quasi
1142 2628 1237 2660 caedit
1251 2629 1298 2660 vel
1319 2629 1459 2672 jugulat.
1504 2630 1552 2660 Eo
1574 2630 1636 2661 fere

884 2672 976 2708 redit,
990 2672 1075 2715 quod
1090 2672 1130 2704 ad
1148 2673 1178 2703 h.
1196 2672 1217 2703 l.
1233 2673 1413 2704 observavit
1428 2679 1518 2705 vetus
1535 2673 1634 2704 Scho-

883 2715 1005 2747 liastes.
1051 2715 1183 2747 Scilicet
1217 2715 1309 2747 homo
1346 2715 1472 2758 ineptus
1510 2716 1639 2758 ineptiis

885 2759 951 2790 suis
981 2759 1114 2791 alterum
1138 2760 1308 2800 jugulare,
1339 2762 1484 2795 occidere,
1514 2770 1638 2790 enecare

885 2802 1012 2834 dicitur.
1070 2803 1211 2844 Desingit
1242 2802 1344 2833 Rheni
1376 2804 1491 2833 luteum
1523 2810 1634 2842 caput:

886 2856 941 2888 pro
972 2846 1103 2887 delingit
1133 2845 1270 2876 offerunt
1299 2855 1428 2887 quoque
1463 2845 1533 2875 libri
1564 2851 1637 2875 veit.

884 2889 1034 2930 diffingit,
1054 2898 1151 2930 quam
1170 2888 1299 2930 quidem
1325 2888 1490 2919 lectionem
1515 2893 1638 2928 spectat

887 2932 996 2962 Schol.
1015 2932 1106 2967 Aer„
1126 2931 1193 2962 Non
1209 2933 1287 2971 quod
1304 2932 1419 2962 luteum
1439 2938 1532 2969 capnt
1549 2931 1637 2960 habet

888 2975 1026 3011 Rhenus,
1048 2977 1096 3006 sed
1121 2977 1197 3015 quud
1224 2976 1338 3004 linteum
1355 2974 1441 3015 siwit
1467 2971 1639 3014 (diffingit)

842 3028 899 3049 Aa

987 3053 997 3070 l
