1904 3314
337 175 422 216 386

873 171 1307 216 SATIRARUM

452 277 612 320 Nudus
632 279 760 332 agris,
781 277 922 318 nudus
942 278 1134 327 nummis,
1156 278 1315 327 insane,
1337 277 1558 332 paternis?

342 345 421 386 185
451 344 637 392 Scilicet,
658 351 705 385 ut
724 343 914 398 plausus,
935 357 1043 398 quos
1064 344 1145 384 fert
1165 342 1376 399 Agrippa,
1398 343 1509 385 feras
1530 351 1594 394 tu,

451 411 611 452 Astuta
631 411 861 465 ingenuum
881 409 1029 464 vulpes
1050 410 1210 451 imitata
1230 410 1424 452 leonem?

450 477 522 518 Ne
543 478 638 531 quis
658 477 856 518 humasse
875 476 974 517 velit
994 474 1184 530 Ajacem,
1207 475 1378 526 Atrida,
1399 483 1516 518 vetas
1537 478 1641 518 cur?

449 543 550 584 Rex
571 557 677 583 sum.
736 542 813 583 Nil
832 542 945 583 ultra
965 557 1111 595 quaero
1130 541 1338 596 plebeius.

1399 543 1460 584 Et
1480 557 1646 597 aequam

450 609 563 650 Rem
583 610 777 664 imperito
795 626 803 650 :
836 615 892 658 at,
915 609 950 648 si
971 609 1040 649 cui
1059 609 1208 650 videor
1227 624 1311 650 non
1327 610 1486 663 justus,
1507 607 1644 650 inulto

341 677 422 717 190
450 676 622 726 Dicere,
645 677 763 731 quod
785 676 932 724 sentis,
954 676 1167 729 permitto.

1227 675 1418 716 Maxime
1439 689 1604 729 regum,

449 742 512 783 Di
531 743 608 783 tibi
629 742 732 783 dent
752 748 877 795 capta
898 739 1076 781 classem
1095 741 1300 782 reducere
1321 741 1483 795 Troja!

449 808 570 863 Ergo
591 807 826 856 consulere,
849 813 892 848 et
913 822 1010 847 mox
1031 807 1292 860 respondere
1311 806 1455 849 licebit
1472 809 1489 848 2

450 873 652 915 Consule.

714 874 803 914 Cur
823 872 939 927 Ajax
960 873 1086 914 heros
1107 874 1162 913 ab
1182 872 1351 914 Achille
1373 873 1587 915 secundus

450 940 680 988 Putrescit,
703 940 829 980 toties
851 939 1027 980 servat-is
1048 939 1185 979 clarus
1206 939 1414 981 Achivis?

339 1007 418 1048 195
449 1006 651 1047 Gaudeat
670 1013 718 1046 ut
738 1005 923 1059 populus
946 1005 1104 1045 Priami
1124 1004 1403 1059 Priamusque
1423 1006 1658 1056 inhumato,

450 1072 535 1113 Per
555 1087 681 1126 quem
700 1078 764 1113 tot
779 1072 959 1125 juvenes
980 1071 1121 1124 patrio
1141 1084 1316 1113 caruere
1338 1071 1535 1126 sepulcro
1552 1073 1569 1113 ἓ

336 1192 468 1234 primum
496 1192 665 1234 alloquitur
690 1192 808 1223 Aulum
838 1191 870 1223 in
897 1192 979 1223 hunc
1006 1191 1068 1223 fere

334 1244 460 1265 sensum
476 1247 482 1265 z
509 1235 621 1265 Nonne
632 1240 665 1265 tu
679 1234 809 1269 insanis,
823 1234 916 1271 Aule,
928 1233 1012 1275 quod
1027 1235 1067 1264 ad

357 1276 443 1318 opuli
459 1277 589 1316 gratiam
605 1276 790 1317 captandam
802 1277 886 1306 bona
897 1281 950 1306 tua
966 1275 1068 1317 perdis

335 1287 563 1358 FargitionibuS.
576 1323 610 1348 ut
625 1318 756 1359 superbe
770 1318 802 1348 in
814 1317 907 1348 Circo
920 1317 1067 1348 incedens

335 1359 440 1399 digitis
459 1370 478 1390 a
491 1359 607 1401 populo
622 1359 809 1395 monstreris,
825 1359 875 1390 vel
891 1364 926 1389 ut
941 1359 973 1388 in
988 1359 1067 1389 libe-

335 1401 466 1432 mlitatis
488 1407 550 1432 tuae
564 1401 742 1432 memoriam
763 1406 863 1431 statua
887 1401 1067 1436 collocetur,

335 1444 408 1473 dum
432 1443 490 1474 hac
506 1443 641 1474 vanitate
658 1443 783 1473 nudaris
800 1442 883 1473 omni
903 1448 956 1473 tuo
976 1442 1068 1483 patri-

334 1484 461 1515 monio‘!
504 1486 584 1515 Turn
607 1495 639 1516 se
665 1484 814 1515 convertit
834 1485 872 1515 ad
889 1484 1066 1515 Tiberium:

336 1526 453 1558 Nonne
475 1531 508 1556 tu
530 1537 667 1568 quoque,
687 1526 803 1561 Tiberi,
823 1526 953 1562 insanis,
973 1526 1068 1567 quod,

335 1573 371 1598 ut
392 1568 447 1599 tibi
472 1568 585 1610 pariter
609 1573 703 1609 atque
726 1567 827 1599 AEdili
844 1568 990 1609 Agrippae
1014 1578 1069 1609 ap-

334 1610 513 1651 plaudatur,
537 1609 629 1640 sicuti
653 1615 754 1640 astuta
780 1609 901 1651 vulpeS,
927 1620 997 1650 quae
1023 1610 1070 1639 in-

334 1661 471 1691 genuum
486 1651 607 1683 leonem
619 1651 768 1686 imitatur,
781 1656 957 1691 congestam
974 1661 1068 1692 pecu—

335 1693 418 1723 niam
449 1693 482 1723 in
508 1703 555 1731 ea,
582 1693 697 1733 quibus
726 1693 861 1734 populus
888 1693 1068 1730 delectatur,

334 1734 542 1776 impendendo
571 1735 703 1776 pusillus
738 1734 829 1765 homo
860 1745 1008 1775 magnum
1038 1741 1068 1765 et

335 1776 535 1816 generosioris
551 1777 647 1807 animi
663 1776 833 1817 Agrippam
849 1775 997 1807 imitaris?
1031 1777 1068 1807 In

333 1820 512 1860 ciceresaba
529 1820 660 1858 lupinis:
686 1817 791 1848 Schol.
807 1819 916 1860 Cruq„
929 1820 1069 1859 Antiqnis

336 1862 522 1899 temporibus,
542 1862 594 1891 ubi
614 1862 804 1900 pauperiores
821 1868 908 1892 erant
929 1860 1067 1896 Romani,

337 1903 395 1933 hoec
409 1903 562 1932 dabantur
577 1909 605 1932 et
624 1903 841 1943 spargebantur
856 1904 888 1932 in
905 1903 1013 1942 vulgus
1033 1904 1068 1932 ab

336 1945 394 1978 his,
410 1946 461 1983 qui
479 1945 562 1974 ludos
578 1944 711 1974 Florales
725 1945 908 1979 exhibebant,
925 1946 965 1974 ad
980 1946 1068 1983 plau-

334 1996 399 2016 sum
414 1992 442 2015 et
447 1985 588 2027 favorem
602 1987 705 2024 populi
719 1988 912 2024 captandum.
956 1986 1068 2016 Posuit

334 2026 507 2067 largitionis
528 2027 683 2067 quoddam
707 2037 815 2067 genus,
841 2028 982 2068 quamvis
1010 2038 1064 2058 an-

337 2068 467 2110 tiquius,
483 2079 538 2110 pro
552 2068 697 2099 omnibus
711 2068 792 2098 aliis.

382 2111 452 2141 183.
498 2110 593 2140 Latus
617 2117 652 2141 ut
678 2112 709 2140 in
738 2112 815 2140 circo
844 2112 989 2149 spatiere:
1015 2121 1068 2152 per

337 2155 416 2183 latus
433 2153 519 2193 (nos,
531 2163 613 2191 gross
627 2154 690 2182 mid
705 2152 800 2187 breit)
815 2152 916 2193 lepide
933 2152 1066 2182 hominis

333 2194 460 2236 superbi
473 2199 505 2225 et
518 2193 694 2224 simulatam
708 2193 888 2233 dignitatem
903 2204 965 2234 prae
975 2204 1007 2223 se
1022 2194 1065 2224 fe-

335 2235 430 2267 rentis
443 2237 583 2266 incessus
597 2235 799 2266 describitur:
825 2235 869 2265 sic
885 2245 953 2276 sup.
969 2236 1068 2276 Epod.

335 2279 366 2313 4,
394 2280 425 2314 6,
449 2279 590 2317 superbus
612 2276 738 2318 quidam
765 2277 918 2306 ambulare
940 2283 967 2306 et
993 2279 1068 2307 viam

333 2320 456 2350 Sacram
481 2331 547 2350 cum
569 2321 611 2349 bis
633 2321 725 2349 trium
742 2319 885 2349 ulnarum
904 2326 971 2359 toga
991 2330 1065 2349 eme-

337 2363 391 2392 tiri
406 2361 529 2393 dicitur.

382 2405 452 2435 185.
474 2403 603 2438 Scilicet,
614 2409 646 2433 ut
661 2405 816 2439 nimirum,
831 2404 977 2438 vrdelicet,
995 2413 1065 2432 cum

334 2445 484 2477 irrisione.
522 2446 675 2486 Agrippa.-
698 2446 746 2475 M.
761 2444 934 2486 Vipsanius
951 2444 1063 2485 Agrip-

336 2497 386 2528 pa,
402 2498 474 2518 cum
492 2487 531 2518 U.
547 2487 584 2518 C.
605 2498 730 2518 nccxxr
753 2492 862 2528 sponte
882 2486 982 2516 aedilis
1002 2485 1064 2516 fac-

334 2534 399 2565 tus,
415 2534 477 2560 tam
501 2528 584 2559 ludis
605 2528 804 2559 Circensibus
825 2533 857 2559 et
878 2527 1067 2568 spectaculis

334 2570 638 2611 magnificentissime
650 2570 815 2611 apparatis,
825 2579 918 2610 quarn
932 2569 1067 2612 publicis

333 2612 473 2643 edificiis
497 2612 701 2654 pulcherrime
723 2610 900 2646 exstructis,
920 2616 952 2641 et
971 2611 1067 2652 pluri-

333 2654 394 2685 bus
405 2654 474 2686 aliis
485 2654 628 2696 operibus
640 2663 747 2684 omnes
762 2654 840 2683 alios
855 2653 959 2684 aediles
971 2653 1065 2693 longe

334 2701 520 2738 superasset,
545 2706 563 2726 a
588 2702 652 2726 toto
676 2695 790 2737 populo
815 2695 972 2731 Romano,
995 2695 1064 2725 ubi-

333 2748 459 2780 eunque
485 2738 517 2768 in
541 2738 609 2779 ejus
635 2742 837 2779 conspectum
859 2741 994 2771 venerat,
1016 2737 1064 2766 in-

332 2781 417 2820 genti
458 2780 549 2810 lausu
569 2784 719 2820 exceptus
735 2783 803 2809 est:
827 2778 890 2809 vid.
906 2777 968 2808 Dio
985 2779 1063 2809 Cas-

334 2822 399 2852 sius
414 2833 432 2852 x
447 2822 490 2858 ix,
505 2822 558 2857 43.
575 2821 659 2852 Plin.
675 2821 716 2851 H.
732 2821 774 2851 N.
792 2819 896 2854 xxxvi.
915 2821 963 2850 13.

380 2865 449 2895 186.
480 2863 532 2894 Ad
555 2869 654 2893 astuta
674 2863 774 2901 vulpes
793 2862 903 2904 supple
929 2861 1065 2902 particu-

333 2905 394 2937 lam
418 2904 655 2948 comparationis
672 2903 779 2939 veluti,
799 2904 913 2945 saepius
937 2905 975 2934 ab
999 2904 1064 2934 Ho-

1111 1192 1188 1223 ratio
1216 1192 1382 1223 omissam:
1406 1191 1470 1224 vid.
1492 1192 1548 1223 inf.
1573 1191 1613 1223 ad
1640 1191 1739 1234 Epist..
1761 1191 1784 1229 i.
1809 1194 1842 1231 2,

1112 1234 1164 1264 42.
1207 1234 1303 1275 Apud
1330 1233 1500 1264 Pindarum
1514 1244 1640 1276 quoque
1663 1234 1790 1276 Olymp.
1809 1245 1842 1270 x,

1110 1277 1164 1310 20,
1194 1275 1394 1316 generosioris
1420 1275 1515 1306 animi
1543 1276 1591 1307 leo
1619 1281 1728 1307 astute
1756 1277 1843 1319 vulpi

1110 1318 1285 1359 opponitur.

1158 1360 1335 1389 187-223.
1358 1358 1404 1388 Ne
1418 1361 1482 1399 quis
1495 1360 1638 1398 humasse,
1651 1364 1725 1391 cett.
1767 1361 1840 1392 Jam

1112 1400 1288 1435 Stertinius.
1305 1400 1488 1442 Oppidium,
1509 1401 1564 1442 qui
1586 1401 1625 1432 de
1649 1400 1774 1444 duplice
1793 1402 1841 1433 in-

1111 1442 1208 1473 saniae
1237 1453 1348 1483 genere
1374 1442 1496 1473 duobus
1526 1442 1596 1473 filiis
1621 1449 1747 1481 cautum
1774 1442 1843 1480 ivit,

1110 1484 1280 1526 excipienS,
1295 1483 1405 1514 transit
1418 1483 1457 1514 ad
1477 1483 1562 1514 aliud
1581 1494 1679 1524 genus
1699 1484 1840 1522 insanire,

1112 1526 1151 1556 ad
1182 1525 1334 1556 insaniam
1370 1525 1501 1563 scilieet,
1531 1536 1595 1567 qua
1625 1527 1842 1567 Agamemnon

1111 1567 1206 1597 filiam
1220 1578 1319 1602 suam,
1332 1567 1539 1608 Iphigeniam,
1552 1578 1607 1610 pro
1617 1567 1716 1599 vitula
1727 1568 1842 1600 Dianae

1113 1608 1244 1640 bostiam
1265 1609 1424 1640 oblaturus
1439 1614 1504 1639 erat
1521 1609 1554 1640 in
1569 1609 1710 1649 Aulide;
1729 1610 1782 1641 sed
1801 1610 1844 1642 ita

1111 1651 1229 1686 transit,
1246 1656 1292 1686 ut,
1309 1651 1390 1681 sicut
1410 1656 1501 1692 poeta
1518 1651 1632 1692 aliquis
1652 1651 1684 1682 in
1704 1652 1844 1684 dramate

1112 1698 1310 1734 spectatores,
1326 1692 1367 1723 ita
1389 1692 1559 1724 auditorem
1580 1694 1613 1724 in
1629 1693 1762 1725 mediam
1778 1705 1842 1725 rem

1112 1735 1221 1776 rapiat.
1264 1734 1390 1765 Inducit
1415 1734 1571 1765 hominem
1595 1735 1752 1777 quendam
1775 1735 1843 1778 ple-

1111 1776 1227 1813 beium,
1242 1777 1308 1818 qui,
1326 1782 1490 1818 postquam
1507 1778 1735 1817 Agamemnon,
1749 1778 1790 1808 ab
1805 1788 1842 1810 eo

1110 1817 1315 1859 interrogatus
1337 1828 1393 1849 cur
1415 1818 1509 1860 Ajaci
1534 1819 1725 1860 sepulturam
1746 1818 1842 1851 dene-

1112 1861 1240 1900 gaverit,
1257 1860 1465 1902 responderat,
1487 1859 1637 1901 “justam
1653 1860 1706 1892 irae
1727 1871 1791 1892 sue
1807 1862 1840 1892 in

1113 1902 1246 1943 Ajacem
1276 1912 1401 1933 causam
1434 1912 1502 1934 esse
1533 1902 1676 1940 furorem,
1701 1913 1764 1951 quo
1788 1903 1844 1935 ille

1113 1949 1272 1986 correptus
1287 1944 1372 1974 mille
1387 1944 1491 1975 ovium
1506 1945 1595 1975 morti
1616 1944 1745 1980 dederit,
1760 1950 1792 1976 et
1810 1955 1843 1976 se

1111 1985 1272 2027 Ulyssem,
1301 1986 1494 2022 Menelaum,
1519 1991 1552 2017 et
1575 1986 1842 2027 Agamemnonem

1110 2027 1251 2059 occidere
1274 2027 1491 2063 clamaverit,’'
1509 2027 1611 2068 ipsum
1631 2028 1840 2068 Agamemno-

1111 2080 1180 2100 nem
1203 2075 1281 2105 tum,
1302 2079 1374 2100 cum
1394 2069 1488 2100 filiam
1513 2079 1612 2107 suam,
1632 2069 1842 2111 Iphigeniam.

1112 2111 1226 2142 Dianae
1263 2111 1484 2142 immolandam
1521 2111 1711 2148 destinasset,
1745 2113 1843 2144 multo

1109 2153 1210 2194 Ajace
1239 2163 1273 2184 se
1307 2153 1494 2184 insaniorem
1527 2153 1703 2195 praebuisse,
1731 2154 1842 2196 probu-

1110 2200 1175 2225 tum
1190 2194 1224 2225 it.

1155 2237 1227 2266 188.
1249 2236 1312 2267 Rex
1322 2247 1404 2267 sum:
1419 2247 1475 2276 ego
1490 2247 1545 2278 pro
1561 2236 1644 2278 regia
1654 2246 1723 2268 mea
1739 2242 1843 2279 potes·

1111 2282 1174 2308 tate
1194 2277 1225 2308 id
1241 2277 1303 2308 fieri
1314 2278 1407 2318 jussi,
1425 2288 1481 2308 nec
1503 2279 1649 2319 cuiquam
1665 2278 1704 2310 de
1717 2278 1756 2310 iis
1770 2290 1842 2322 quae

1108 2319 1172 2350 fieri
1189 2319 1297 2360 jubeo,
1312 2319 1467 2350 reddenda
1482 2319 1558 2349 mihi
1579 2325 1625 2350 est
1642 2319 1742 2359 rati03
1766 2321 1843 2352 satis

1109 2361 1240 2402 superbe
1253 2366 1285 2391 et
1301 2361 1382 2400 regie
1396 2361 1453 2391 hoc
1470 2361 1587 2392 dictum
1602 2360 1609 2391 !
1657 2361 1840 2405 Respondet

1109 2402 1249 2444 plebeius
1278 2404 1414 2434 modeste
1443 2408 1474 2433 et
1502 2403 1645 2438 breviter,
1672 2403 1729 2434 Nic
1755 2406 1842 2436 ultra

1108 2456 1215 2485 quaero,
1230 2446 1359 2483 plebeius
1368 2455 1380 2482 ;
1406 2455 1443 2475 ne
1466 2444 1635 2486 indigneris
1651 2443 1725 2476 mihi
1747 2446 1786 2478 de
1803 2457 1840 2478 eo

1108 2486 1191 2528 quod
1207 2497 1245 2518 ex
1265 2492 1294 2517 te
1310 2486 1442 2527 quaesivi
1456 2498 1464 2523 ;
1486 2485 1550 2517 scio
1565 2497 1614 2517 me
1635 2496 1703 2518 esse
1720 2488 1838 2530 plebei-

1108 2539 1173 2564 um,
1188 2533 1220 2559 et
1238 2538 1296 2570 ego
1315 2528 1359 2559 nil
1375 2528 1456 2559 ultra
1477 2533 1591 2559 sortem
1607 2538 1707 2560 meam
1723 2539 1840 2570 quaero,

1108 2570 1184 2605 sive,
1200 2580 1257 2610 ego
1273 2581 1333 2601 non
1348 2580 1439 2612 pergo
1454 2569 1584 2601 ulterius
1598 2581 1748 2612 quaerere.

1157 2613 1227 2642 189.
1252 2612 1368 2647 Inulto,
1383 2612 1521 2653 impune.

1154 2655 1225 2684 191.
1252 2654 1294 2684 Di
1318 2655 1374 2685 tibi
1397 2656 1491 2684 dent:
1514 2653 1619 2684 Schol.
1639 2654 1751 2695 Cruq..
1778 2654 1840 2684 Ho-

1108 2698 1251 2726 mericum
1266 2697 1316 2726 hoc
1334 2702 1374 2726 est
1390 2695 1504 2737 (Iliad.
1523 2695 1544 2732 i,
1563 2695 1639 2734 18):
1664 2694 1760 2738 Ὑμῖν
1777 2697 1840 2736 μὲν

1109 2738 1177 2769 θεοὶ
1189 2737 1277 2769 δοῖεν
1288 2736 1457 2779 Ὀλύμπια
1470 2735 1590 2778 δώματ’
1603 2737 1753 2789 ἔχοντες,
1766 2737 1839 2769 Ἐκ-

1110 2779 1231 2822 πέρσαι
1248 2779 1409 2821 Πριάμοιο
1427 2779 1541 2814 πόλιν.
1554 2779 1588 2810 εὖ
1603 2778 1621 2810 ὂ
1641 2778 1742 2810 οἴκαδ’
1757 2778 1840 2810 isefio-

1109 2822 1174 2853 θαι.
1209 2823 1280 2856 Pro,
1295 2823 1446 2856 reducere,
1458 2825 1542 2856 sunt,
1554 2821 1609 2862 qui
1625 2821 1713 2853 metri
1728 2820 1839 2852 sufful-

1109 2863 1211 2894 ciendi
1235 2873 1330 2893 causa
1351 2861 1497 2896 scribant.
1512 2864 1686 2900 redducere,
1701 2867 1737 2894 ut
1752 2863 1839 2893 relli-

1105 2908 1157 2946 gio
1180 2915 1234 2946 pro
1253 2906 1372 2945 religio,
1391 2905 1512 2936 rettulit
1536 2914 1590 2946 pro
1614 2905 1734 2942 retulit,
1751 2909 1783 2935 et
1806 2904 1838 2936 in
