1884 3288
309 202 365 242 80

535 303 561 343 5

867 203 1264 246 CARMINUM

591 301 720 345 Vivet
740 310 914 346 extento
936 305 1185 347 Proculeius
1206 319 1297 346 aevo

588 369 733 411 Notus
755 371 797 411 in
819 370 971 413 fratres
994 372 1118 413 animi
1140 372 1307 426 paterni
1326 388 1335 412 ε

589 435 714 478 Illum
733 444 830 492 aget
851 453 990 492 penna
1009 445 1224 479 metuente
1246 437 1350 478 solvi

986 505 1116 545 Fama
1137 512 1369 558 superstes.

592 570 744 612 Latius
766 586 918 626 regnes
941 572 1110 612 avidum
1131 571 1343 611 domando

511 636 562 677 10
591 637 810 692 Spiritum,
833 653 960 692 quam
982 638 1016 678 si
1038 637 1218 691 Libyam
1239 636 1410 678 remotis

590 703 789 745 Gadibus
805 698 977 758 jungas,
999 710 1042 744 et
1064 710 1243 757 uterque
1265 702 1428 743 Poenus

986 770 1154 811 Serviat
1175 770 1262 810 uui.

589 835 755 877 Crescit
775 836 1000 890 indulgens
1024 836 1105 877 sibi
1126 836 1244 876 dirus
1265 835 1476 890 hydrops,

587 902 684 943 Nec
707 903 818 944 sitim
839 903 974 957 pellit,
996 904 1077 943 nisi
1099 917 1227 943 causa
1247 903 1385 943 morbi

512 969 562 1008 15
591 969 771 1024 Fugerit
792 971 924 1019 venis,
947 977 990 1011 et
1010 984 1197 1023 aquosus
1220 969 1318 1010 albo

986 1035 1178 1089 Corpore
1198 1034 1392 1088 languor.

592 1098 830 1141 Redditum
851 1100 953 1154 Cyri
974 1099 1079 1141 solio
1100 1100 1330 1141 Phraatem

592 1165 821 1206 Dissidens
843 1165 959 1220 plebi
977 1180 1154 1207 numero
1173 1166 1396 1207 beatorum

593 1231 756 1272 Eximit
779 1231 943 1281 Virtus,
965 1231 1256 1286 populumque
1278 1231 1394 1272 falsis

506 1299 562 1340 20

310 1432 496 1480 pecuniam3
520 1434 620 1463 Iamna
646 1443 699 1474 pro
730 1433 855 1468 lamina,
882 1437 1043 1473 argentum

311 1484 344 1505 in
365 1474 496 1506 laminas
515 1485 692 1517 procusum,
707 1475 772 1516 jam
796 1485 866 1505 cum
889 1480 1042 1505 contemtu

310 1516 443 1557 quodam
468 1527 534 1559 pro,
556 1517 699 1558 pecunia.
745 1516 916 1556 Temperato
938 1526 983 1547 sc.
1006 1515 1046 1546 ad

310 1568 380 1588 eum
415 1559 470 1600 qui
505 1559 658 1590 tenendus
693 1563 741 1590 est
772 1558 911 1592 modum.
949 1557 982 1588 h.
1016 1567 1045 1588 e.

310 1605 405 1631 recto.
438 1600 610 1632 Commode
623 1611 694 1631 cum
711 1600 866 1631 sententia
876 1599 970 1640 hujus
985 1599 1046 1630 loci

311 1642 506 1674 contendunt
521 1642 615 1673 Pind.
629 1643 725 1673 Nem.
742 1642 764 1677 i,
778 1644 830 1677 ⁴4,
844 1642 911 1672 Οὐκ
927 1642 1046 1682 ἔραμαι

311 1685 423 1716 πολὺν
443 1685 479 1716 ἐν
502 1685 636 1726 μεγάρῳ
657 1686 810 1715 πλοῦτον
826 1683 1047 1725 κατακρύψας

311 1725 411 1766 ἔχειν·
457 1725 548 1757 Ἀλλ’
570 1727 706 1762 ἐόντων,
729 1726 761 1756 εὗ
781 1737 814 1757 τε
842 1726 966 1757 παθεῖν
991 1727 1046 1757 καὶ

310 1767 462 1804 ἀκοῦσαι,
480 1769 587 1810 φίλοις
601 1767 777 1810 ἐξαρκέων.

353 1811 447 1841 5-8.
471 1811 582 1851 Itaque
605 1811 714 1851 gloria,
740 1820 833 1851 quarn
860 1809 1046 1841 liberalitate

311 1850 344 1882 in
382 1852 489 1883 fratres
526 1852 585 1882 sibi
623 1852 814 1894 comparavit
851 1852 1045 1890 Proculeius,

311 1903 431 1935 semper
446 1894 563 1934 vigebit
576 1901 606 1925 et
623 1895 705 1935 apud
720 1899 857 1936 posteros
871 1894 1044 1924 celebrabi-

310 1940 370 1966 tur.
414 1935 674 1974 Notus—paterni
702 1938 796 1967 animi
825 1946 879 1978 pro
910 1935 1044 1976 vulgari,

310 1982 402 2007 notus
441 1983 568 2019 paterno
608 1977 723 2008 animo.
781 1978 820 2009 C.
861 1977 1046 2008 Proculeius

312 2019 413 2050 Varro
436 2021 592 2056 Muraena,
610 2029 706 2061 eques
727 2020 902 2055 Romanus,
922 2024 954 2050 et
972 2019 1045 2050 inti-

310 2071 382 2091 mus
398 2061 535 2103 Augusti
556 2061 688 2096 amicus,
705 2067 765 2092 tam
788 2061 838 2102 pio
863 2061 1047 2102 liberalique

310 2103 342 2133 in
360 2104 466 2134 fratres
483 2105 540 2145 (L.
558 2103 717 2134 Licinium
735 2105 906 2135 Varronem
926 2104 1043 2133 Murae-

310 2155 382 2176 nam
390 2151 421 2176 et
430 2146 478 2176 Μ.
486 2145 664 2176 Terentium
678 2146 846 2177 Varronem
856 2146 1031 2176 Muraenam
1038 2170 1045 2182 ,

310 2187 485 2218 secundum
517 2189 660 2218 Masson.
691 2188 760 2218 Vit.
795 2188 871 2218 Hor.
902 2197 933 2228 p.
962 2188 1044 2227 304)

310 2229 401 2260 bonis
416 2229 481 2260 suis
501 2229 534 2260 in
550 2230 642 2261 bellis
656 2229 800 2260 civilibus
814 2234 925 2260 exutos
942 2229 1046 2260 animo

311 2271 406 2303 fuisse
420 2271 545 2308 dicitur,
560 2277 596 2303 ut
611 2271 787 2313 patrimonii
808 2271 855 2302 sui
871 2275 987 2312 partem
1006 2271 1044 2302 de

310 2313 429 2354 integro
455 2315 552 2356 aequis
575 2314 714 2356 partibus
737 2323 807 2344 cum
829 2313 867 2343 iis
886 2312 1045 2344 divideret.

311 2355 438 2386 Extento
459 2367 528 2391 a’vo,
554 2366 607 2397 pro
627 2356 759 2396 vulgari,
782 2355 865 2396 apud
887 2361 1045 2397 posteros;

309 2397 449 2428 extendit
469 2397 551 2428 enim
577 2408 687 2433 aevum,
705 2398 758 2439 qui
785 2397 912 2437 gloriam
933 2397 1046 2428 virtute

309 2444 428 2480 partam
462 2440 501 2470 ad
530 2445 667 2481 posteros
697 2444 870 2481 propagat3
901 2438 1043 2470 similiter

312 2481 401 2521 Virg.
412 2482 488 2512 AEn.
500 2493 530 2516 x,
539 2482 731 2523 468,famam
741 2493 769 2512 ea
776 2481 1044 2521 tenderefactis,et

308 2522 387 2554 ibid.
397 2523 438 2558 vi,
451 2525 523 2561 807,
536 2525 677 2554 virtutem
689 2523 942 2565 extevrderefactis
953 2523 1044 2554 dixit.

310 2566 399 2606 Aget,
411 2566 550 2600 extollet,
560 2565 668 2596 evehet
681 2577 689 2603 3
711 2577 808 2606 penna
819 2571 964 2596 metuente
972 2566 1045 2596 solvi

311 2608 404 2638 Fama
417 2619 425 2636 :
449 2607 488 2638 ad
501 2607 591 2638 famae
604 2608 805 2638 aeternitatem
819 2607 1044 2648 designandam

309 2649 488 2680 tribuuntur
502 2650 616 2686 Famae,
629 2655 664 2680 ut
676 2649 742 2680 deae
755 2650 857 2686 alatae,
867 2661 969 2689 pennae
984 2660 1043 2679 me-

311 2698 425 2722 tuentes
438 2693 522 2725 solvi.
537 2702 606 2731 quae
623 2691 681 2721 sibi
697 2697 806 2722 cavent
820 2701 858 2722 ne
873 2691 1043 2728 solvantur,

310 2733 342 2764 h.
363 2743 392 2764 e.
413 2743 485 2774 quae
506 2743 664 2774 nunquam
689 2733 863 2769 solvuntur,
882 2743 1043 2774 nunquam

309 2775 527 2816 languescunt,
563 2785 723 2816 nunquam
756 2775 876 2805 volatui
912 2775 1044 2814 desunt;

310 2817 355 2848 sic
397 2817 491 2848 assim
512 2824 653 2853 metuere,
667 2822 703 2847 ut
720 2817 900 2848 Graecorum
920 2817 1044 2858 φυλάτ-

308 2870 367 2891 τεσ
390 2871 436 2897 αι,
459 2858 629 2902 periphrasi
652 2860 711 2890 τοῦ
736 2870 794 2890 non
818 2859 866 2889 vel
887 2870 1043 2899 nunqnam

309 2900 448 2933 inservit.
479 2901 565 2942 Virg.
581 2901 663 2933 Geo.
679 2900 702 2936 i,
719 2902 794 2935 246,
813 2902 916 2931 Arctos
933 2901 1044 2931 Oceani

312 2950 473 2974 metuentes
486 2954 598 2984 aquare
613 2945 711 2983 tingi.-
735 2943 776 2973 cf.
796 2942 854 2973 inf.
872 2942 910 2973 ad
931 2943 996 2973 Sat.
1010 2941 1044 2980 ii,

986 1298 1187 1340 Dedocet
1209 1299 1271 1339 uti

1088 1433 1119 1468 5,
1152 1434 1204 1463 65.
1249 1433 1414 1472 Superstes,
1448 1432 1488 1463 ad
1521 1433 1648 1464 Famam
1684 1432 1823 1472 refertur,

1088 1474 1172 1515 quod
1183 1475 1302 1516 proprie
1309 1474 1346 1505 ad
1357 1474 1556 1506 Proculeium
1566 1475 1670 1506 referri
1678 1475 1822 1508 debebat.

1130 1518 1249 1548 9-12.
1288 1518 1424 1547 Sensus:
1459 1516 1485 1547 si
1513 1517 1650 1548 animum
1679 1523 1769 1548 tuum
1803 1527 1822 1548 a

1087 1558 1238 1599 majorum
1262 1558 1439 1589 divitiarum
1462 1558 1630 1600 cupiditate
1649 1559 1769 1596 domas,
1789 1565 1822 1591 et

1088 1599 1138 1634 iis,
1155 1611 1226 1641 quae
1241 1600 1349 1636 habes,
1364 1606 1447 1631 recte
1464 1601 1570 1636 uteris.
1586 1600 1669 1632 haud
1688 1600 1763 1637 scio,
1780 1611 1822 1632 an

1089 1642 1211 1673 latiores
1233 1641 1442 1684 possessiones
1465 1641 1521 1678 tibi
1543 1642 1656 1674 habere
1676 1642 1821 1680 videaris,

1088 1693 1182 1724 quam
1208 1683 1234 1715 si
1250 1684 1368 1716 Africae
1386 1690 1419 1716 et
1434 1684 1596 1727 Hispaniae
1615 1694 1706 1726 agros
1727 1685 1821 1716 simul

1089 1725 1260 1767 possideas.
1271 1731 1302 1756 et
1312 1726 1585 1767 Carthaginienses
1597 1732 1658 1758 tam
1672 1726 1704 1758 in
1714 1726 1823 1758 Africa

1090 1778 1185 1808 quam
1207 1768 1240 1798 in
1257 1767 1412 1810 Hispania
1426 1768 1483 1799 tibi
1497 1769 1552 1799 uni
1571 1768 1728 1808 serviant5
1751 1769 1823 1800 bre-

1089 1810 1170 1846 vius,
1196 1810 1334 1852 sapiente
1363 1815 1466 1841 autem
1495 1809 1672 1842 divitiarum
1699 1816 1822 1842 tuarum

1090 1861 1147 1882 usu
1164 1852 1255 1892 longe
1271 1852 1330 1883 eris
1345 1852 1588 1894 potentissimum
1631 1853 1740 1884 Latias
1752 1863 1823 1894 reg·

1088 1905 1150 1925 nes.
1196 1895 1334 1935 Regnum
1347 1899 1377 1925 et
1390 1905 1518 1935 ‘regnare
1541 1894 1653 1937 passim
1675 1894 1714 1926 de
1734 1904 1821 1935 agro-

1088 1946 1156 1966 rum
1186 1936 1454 1977 possessionibus=
1492 1935 1582 1977 Virg.
1613 1936 1684 1967 Ecl.
1714 1937 1736 1972 i,
1767 1938 1820 1974 70,

1090 1978 1162 2008 Post
1189 1979 1315 2018 aliquot,
1342 1988 1405 2008 mea
1431 1989 1525 2019 regna
1553 1980 1666 2014 videns,
1687 1980 1822 2011 ‚mirabor

1089 2021 1218 2050 aristas?
1243 2020 1282 2052 cf.
1303 2021 1383 2052 Geo.
1406 2019 1451 2056 iii,
1466 2021 1540 2051 476.
1584 2021 1723 2061 Libyam,
1739 2020 1824 2051 Afri-

1089 2071 1171 2098 cam,
1187 2061 1241 2092 ubi
1263 2062 1428 2092 latifundia
1449 2072 1506 2092 sua
1528 2061 1684 2093 habebunt
1703 2063 1822 2094 Roma-

1088 2113 1198 2133 norum
1215 2103 1369 2134 ditissimi.
1393 2104 1523 2134 Remotis
1539 2103 1688 2135 Gadibus.
1711 2105 1822 2141 Gades,

1088 2145 1193 2175 insula
1208 2155 1302 2187 prope
1321 2146 1431 2176 fretum
1449 2145 1656 2182 Gaditanum,
1693 2156 1725 2178 ro
1746 2146 1821 2178 His-

1088 2187 1193 2229 pania,
1217 2187 1264 2218 vel
1289 2187 1450 2229 Hesperia,
1474 2197 1545 2229 quae
1569 2193 1646 2218 terre
1703 2188 1824 2219 omanis

1089 2229 1148 2259 suit
1163 2229 1386 2268 remotissima3
1408 2229 1481 2260 hinc
1497 2239 1567 2278 sup.
1582 2229 1605 2266 i,
1621 2230 1676 2266 36,
1693 2231 1726 2266 4,
1744 2231 1820 2262 Hes-

1083 2274 1170 2310 peria
1193 2273 1316 2302 ultima.
1361 2271 1494 2312 Jungas,
1519 2271 1612 2302 snnul
1642 2271 1820 2314 possideas:

1087 2312 1217 2344 eandem
1233 2313 1417 2344 sententiam
1429 2313 1560 2345 variavit
1575 2314 1691 2344 Noster
1705 2313 1761 2345 ins.
1775 2314 1822 2350 iii,

1091 2357 1141 2390 16,
1166 2356 1207 2386 39
1229 2366 1298 2396 sqq.
1344 2356 1504 2386 Contracta
1524 2356 1631 2386 melius
1649 2366 1746 2396 parva
1768 2367 1822 2387 eu·

1087 2399 1191 2436 pidine
1208 2397 1375 2439 Vectigalia
1390 2399 1557 2438 porrigam,
1572 2397 1671 2432 Quam
1685 2399 1711 2428 αι’
1726 2397 1818 2440 Myg-

1085 2441 1182 2470 doniis
1199 2450 1326 2480 regnum
1348 2440 1484 2480 Alyattei
1503 2440 1622 2479 Campis
1642 2442 1822 2471 continuem.

1092 2482 1223 2521 Uterque
1242 2482 1361 2518 Paenus,
1378 2481 1455 2512 Afer
1472 2486 1503 2512 et
1523 2481 1698 2523 Hispanus,
1711 2482 1823 2513 veteris

1087 2528 1119 2553 et
1154 2533 1241 2553 novae
1275 2523 1326 2564 (in
1363 2532 1416 2554 ora
1450 2522 1612 2566 Hispaniae
1647 2523 1821 2566 maritima)

1089 2565 1288 2605 Carthaginis
1302 2565 1426 2596 incolae.

1132 2609 1267 2638 13—16.
1308 2607 1433 2638 Avarus
1469 2606 1565 2642 enirn.
1603 2606 1657 2649 qui
1700 2616 1822 2649 semper

1087 2650 1177 2691 plura
1201 2648 1330 2690 appetit,
1346 2648 1456 2680 similis
1475 2654 1523 2680 est
1539 2648 1717 2692 hydropico,
1731 2649 1823 2681 cu'us

1086 2691 1167 2726 sitis,
1183 2691 1332 2732 quamdiu
1348 2700 1443 2722 causa
1458 2690 1557 2721 morbi
1570 2690 1604 2722 in
1617 2691 1704 2722 venis
1721 2701 1754 2722 se
1777 2697 1820 2727 et,

1087 2743 1247 2774 nunquam
1271 2733 1388 2775 expleri
1414 2738 1525 2775 potest.
1566 2732 1715 2764 Similiter
1739 2743 1823 2764 cres-

1088 2781 1207 2806 centem
1219 2785 1379 2806 avarorum
1389 2774 1590 2816 cupiditatem
1600 2785 1672 2806 cum
1683 2775 1822 2818 hydrope

1087 2822 1246 2858 comparat
1272 2817 1365 2848 Ovid.
1388 2817 1476 2847 Fast.
1504 2815 1526 2852 i,
1550 2817 1627 2851 211,
1654 2817 1821 2848 creverunt

1085 2865 1114 2889 et
1137 2870 1211 2899 opes,
1226 2865 1255 2890 et
1271 2869 1359 2898 opum
1374 2858 1501 2900 furiosa
1522 2860 1630 2898 cupido
1642 2869 1653 2895 3
1679 2859 1734 2894 Et,
1753 2871 1819 2891 cum

1085 2902 1251 2940 possideant
1266 2901 1410 2940 plurima,
1425 2901 1516 2940 plura
1531 2901 1648 2931 volunt.
1690 2901 1738 2932 Sic
1751 2903 1819 2942 qui-

1087 2944 1139 2973 bns
1159 2944 1306 2973 intumuit
1325 2941 1439 2985 suffusa
1457 2949 1560 2974 venter
1582 2944 1618 2974 ab
1638 2943 1734 2980 unda,
1753 2943 1820 2978 Quo
