1884 3288
638 203 946 248 CARMEN
981 205 1048 247 13.

247 312 426 362 Lesbia,
448 309 663 367 quaerenti
683 316 870 360 taurum,
892 307 1149 350 monstravit
1168 306 1367 360 inertem,

362 380 511 428 Quum
531 377 634 420 mihi
658 377 777 419 Cous
800 376 977 418 adesset
997 376 1227 431 Amyntas,

247 448 385 504 Cujus
407 449 451 490 in
471 446 680 488 indomito
703 445 970 487 constantior
989 444 1166 500 inguine
1188 460 1364 496 nervus,

158 516 218 559 20

362 514 642 569 Quamsnova
663 512 847 556 collibus
869 513 1000 554 arbor
1021 512 1217 555 inhaeret.

244 583 492 626 Muricibus
515 582 664 638 Tyriis
685 582 853 622 iteratae
875 579 1036 622 vellera
1055 579 1166 622 lanae

360 651 443 694 Cui
464 650 848 706 properabantur?
879 649 959 690 tibi
979 663 1160 704 nempe3

242 719 315 762 Ne
335 719 448 762 foret
469 718 659 774 aequales
680 719 794 760 inter
815 717 1009 767 conviva,
1032 717 1168 772 magis
1191 731 1322 772 quem

357 785 577 842 Diligeret
598 785 751 827 mulier
771 800 849 826 sua
870 800 999 840 quam
1022 791 1079 826 te.

155 856 213 898 25
244 854 287 898 Ο
308 870 392 911 ego
412 854 578 905 infelix,
601 846 735 910 quam*
752 860 800 895 tu
822 852 952 908 fugis,
974 860 1024 894 ut
1043 858 1174 908 pavet
1199 867 1321 895 acres

358 923 491 979 Agna
509 923 652 979 luPOS,
674 936 931 978 capreaeque
951 920 1141 963 leones.''

623 1135 899 1180 CARMEN
934 1137 1066 1180 XIII.

667 1289 738 1320 AD
785 1290 1009 1321 AMICOS.

184 1406 411 1450 HomunA
431 1412 668 1461 tempestas
690 1403 848 1447 coelum
869 1405 1101 1455 contraxit,
1123 1411 1167 1447 et
1188 1406 1348 1448 imbres

303 1475 529 1530 Nivesque
552 1474 778 1516 deducunt
798 1473 980 1524 Jovem3
1013 1487 1128 1515 nunc
1149 1489 1280 1525 mare,
1302 1489 1418 1517 nunc
1435 1474 1554 1518 silvae

187 1542 397 1586 Threicio
418 1541 640 1598 Aquilone
662 1549 838 1584 sonant:
872 1542 1106 1597 rapiamus,
1126 1543 1264 1593 amici,

302 1611 590 1653 Occasionem
610 1610 666 1651 de
688 1610 785 1660 die3
818 1610 1010 1664 dumque
1033 1611 1171 1652 virent
1192 1626 1348 1666 genua,

71 1731 160 1763 tare,
154 1737 162 1743 ·
185 1725 240 1756 sed
255 1724 310 1757 ubi
325 1729 374 1756 est
388 1724 421 1755 in
438 1723 498 1755 hoc
510 1723 649 1755 carmine
666 1733 816 1755 verecun-

70 1767 146 1801 dia‘l
167 1767 231 1799 imo
246 1778 287 1800 ex
304 1778 364 1799 usu
382 1766 532 1809 loquendi
549 1767 608 1798 hoc
625 1768 743 1798 factum
759 1772 818 1801 est,

71 1821 170 1860 quern
199 1811 267 1854 ipse.
299 1810 434 1842 Mitsch.
461 1811 542 1841 bene
575 1810 731 1852 exemplis
764 1809 819 1840 ad-

71 1853 196 1886 struxit.
214 1855 263 1885 Ad
275 1865 468 1893 unumopus,
479 1854 677 1885 συνουσίαν.
701 1854 817 1889 Mollis.

71 1897 156 1929 idem
171 1896 280 1940 quod*
272 1907 306 1928 m
322 1907 412 1928 versu
429 1901 581 1938 sequente
596 1898 691 1927 iners.
743 1896 816 1926 Pe,-

71 1947 122 1972 εαε
149 1941 239 1976 male,
263 1945 338 1971 cett.
369 1940 464 1971 abeat
497 1939 615 1971 Lesbia
642 1939 674 1969 in
702 1939 816 1970 malam

71 1993 150 2019 rem.
163 1994 236 2032 quae
251 1981 328 2014 mihi
347 1982 557 2014 nervosiorem
580 1988 613 2013 et
635 1981 817 2013 validiorem

71 2026 234 2070 appetenti
248 2031 280 2058 te
298 2025 458 2057 hominem
479 2024 666 2067 languidum
688 2030 720 2056 et
732 2024 818 2056 iner-

72 2074 136 2102 tem
150 2068 296 2101 adduxit.

116 2111 457 2144 21—26.Mur1'c2·bus
469 2111 544 2153 Tyr*
535 2113 572 2142 tis
580 2113 697 2142 iterata?
709 2112 801 2142 veller
802 2124 820 2142 a

73 2156 152 2188 lam
178 2156 239 2187 Cui
261 2156 529 2197 properabantur?
583 2154 659 2185 Scin
687 2160 732 2190 tu,
766 2154 819 2185 cui

72 2207 133 2240 ego
147 2198 288 2230 studiose
303 2198 391 2230 texui
405 2204 522 2230 vestem
544 2196 594 2228 bis
617 2197 720 2229 colore
745 2207 818 2239 pur-

74 2252 173 2291 puteo
188 2241 344 2274 tinctam?
359 2241 409 2283 (h.
419 2251 448 2272 e.
460 2240 535 2271 diba
539 2239 674 2282 pzham)
692 2240 733 2271 cf.
747 2251 819 2282 sup.

73 2284 145 2317 ad
137 2284 172 2324 ii,
199 2285 252 2322 16,
277 2285 333 2316 36.
378 2285 498 2316 Mulier
520 2295 588 2319 sua,
615 2284 646 2314 h.
661 2293 692 2315 e.
717 2284 821 2314 amica

69 2337 142 2360 sua.
190 2327 234 2359 Ut
252 2333 343 2368 pavet
355 2338 442 2359 acres
457 2329 547 2369 Agna
571 2329 667 2367 lupos,
691 2338 819 2367 cupreae-

72 2382 130 2413 que
155 2372 267 2403 leones.-
297 2370 457 2402 Theocrit.
479 2369 523 2406 xi,
544 2371 600 2405 24,
628 2369 766 2413 Φεύγεις
792 2369 818 2401 δ’

73 2414 187 2457 ὥσπερ
211 2414 262 2452 ὅίς
287 2414 412 2446 πολιὸν
429 2413 536 2445 λύκον
558 2413 752 2455 ἀθρῆσασα·
775 2413 818 2445 cf.

71 2467 145 2500 sup.
179 2457 285 2500 Epod.
316 2459 350 2493 4,
390 2458 421 2488 l.
483 2457 525 2487 Ut
549 2463 650 2496 putet,
683 2462 718 2488 ut
745 2467 819 2488 cum

74 2509 191 2550 pavore
215 2500 308 2543 fugit,
335 2511 505 2541 capreaeque
532 2510 605 2531 cum
629 2510 745 2543 pavore
769 2501 818 2531 su

74 2543 179 2587 giuut.

286 2629 488 2662 CARMEN
513 2629 615 2660 XIII.

109 2671 252 2708 ,Amicos
265 2682 353 2709 suos,
366 2672 557 2721 quibuscum
581 2677 674 2714 poeta
697 2671 822 2719 pluvio-

75 2725 146 2758 gum
159 2715 242 2747 diem
259 2715 341 2748 inter
357 2715 430 2746 laeta
439 2716 503 2746 vim
521 2715 636 2758 pocula
647 2713 821 2756 transigere

76 2759 156 2796 vult,
178 2768 449 2801 unamquamque,
480 2768 552 2800 quae
584 2757 714 2790 laetioris
748 2758 821 2790 vitae

74 2801 211 2834 fructum
235 2801 356 2838 offerat,
380 2801 579 2833 occasionem
603 2800 720 2844 cupide
751 2811 819 2832 am·

75 2844 185 2893 plecti,
200 2844 446 2876 sollicitudinem
463 2844 503 2876 de
526 2845 620 2875 rebus
642 2844 758 2875 futuris
781 2855 821 2875 ex

76 2887 181 2920 animo
194 2887 366 2925 dimittere,
381 2893 413 2919 et
423 2887 574 2929 juvenili,
587 2888 662 2919 dum
678 2887 764 2924 licet,
779 2898 821 2918 ae-

75 2935 141 2963 tate
164 2930 225 2962 frui
248 2930 352 2973 jubet.
396 2930 461 2963 Cui
485 2930 613 2973 quidem
639 2930 711 2962 vitae
738 2941 822 2978 prae-

862 1723 969 1755 studet
995 1724 1182 1755 auctoritate
1217 1723 1378 1760 Chironis,
1409 1723 1465 1765 qui
1498 1724 1615 1766 pariter

863 1765 1027 1797 alumnum
1053 1777 1148 1797 suum
1171 1766 1344 1803 Achillem,
1373 1773 1541 1809 postquam
1565 1768 1607 1798 sa-

864 1815 929 1840 tum
949 1810 1035 1851 quod
1050 1820 1122 1840 eum
1140 1809 1180 1840 ad
1205 1809 1334 1857 Trojam
1356 1815 1483 1841 maneat
1501 1810 1611 1842 vatici-

864 1858 958 1883 natus
978 1852 1092 1888 fuerat,
1119 1862 1211 1884 curas
1238 1863 1311 1883 vino
1334 1853 1452 1894 pellere
1473 1853 1615 1902 jusserit.

863 1895 1014 1926 Ceterum
1039 1895 1290 1943 compotationes
1314 1901 1347 1927 et
1369 1896 1442 1927 laeta
1466 1896 1614 1927 convivia

862 1938 1014 1980 pluviosis
1031 1939 1190 1980 przecipue
1205 1938 1318 1969 diebus
1341 1939 1487 1969 instituta
1503 1939 1564 1970 fuis
1552 1949 1611 1975 se,

863 1987 994 2029 apparet
1009 1992 1137 2023 quoque
1153 1992 1191 2012 ex
1210 1981 1282 2011 libri
1299 1981 1379 2013 tertii
1396 1981 1535 2013 carmine
1555 1983 1611 2013 de-

863 2024 945 2055 cimo
976 2024 1121 2072 septimo,
1156 2024 1197 2055 ad
1225 2023 1349 2055 AElium
1381 2024 1524 2056 Lamiam
1552 2025 1612 2056 hoc

864 2067 992 2099 nomine
1004 2067 1132 2109 scripto.

907 2111 1004 2141 -1—5.
1031 2111 1146 2141 Coelum
1172 2111 1337 2145 contraxit,
1362 2120 1430 2152 pro,
1453 2110 1555 2142 nubes
1579 2111 1611 2142 in

863 2153 948 2184 coelo
972 2153 1151 2193 contraxit3
1184 2153 1311 2185 horrida
1337 2159 1506 2202 tempestas
1535 2165 1613 2186 con—

864 2196 974 2228 tractis
988 2195 1022 2227 in
1037 2196 1122 2228 eoelo
1147 2196 1285 2228 nubibus
1307 2196 1471 2227 imminet:
1496 2197 1614 2229 similia

866 2246 1029 2281 poetarum
1046 2240 1128 2275 loca,
1145 2240 1178 2271 in
1199 2240 1395 2288 tempestatis
1418 2240 1614 2272 imminentis

865 2282 1076 2325 descriptione
1093 2282 1262 2318 versantia,
1278 2283 1476 2324 collegerunt
1488 2283 1527 2314 ad
1546 2284 1576 2315 h.
1589 2285 1611 2315 l.

864 2326 1046 2378 Interprett.
1067 2327 1234 2358 Deducnnt
1246 2327 1369 2363 Jovetn5
1388 2326 1517 2374 Jupiter
1527 2327 1612 2358 enim

863 2367 971 2408 ὑέτιος
996 2369 1047 2412 (h.
1072 2380 1100 2401 e.
1123 2370 1207 2409 aer),
1230 2369 1306 2401 dum
1329 2369 1422 2412 pluit,
1447 2375 1612 2401 interram

863 2412 1051 2444 descendere
1062 2413 1111 2443 vel
1124 2424 1156 2444 se
1169 2413 1332 2445 demittere
1343 2413 1483 2455 fingitur.
1518 2413 1610 2445 Thre-

863 2457 939 2486 icio.-
967 2456 1009 2487 cf.
1033 2466 1107 2507 sup.
1134 2457 1174 2487 ad
1201 2455 1223 2492 i,
1250 2457 1303 2494 25,
1335 2457 1386 2487 11.
1434 2457 1612 2496 Rapiumus,

864 2501 966 2537 amici,
992 2502 1172 2531 occasionem
1191 2501 1227 2530 de
1251 2501 1319 2530 die:
1344 2499 1479 2541 agedum
1504 2500 1612 2541 igitur,

865 2541 972 2577 amici,
989 2542 1028 2574 de
1040 2542 1105 2574 hoc
1122 2542 1267 2585 pluvioso
1290 2542 1354 2577 die,
1378 2544 1460 2574 laetae
1483 2553 1611 2586 compo-

864 2585 976 2617 tatiom
988 2591 1075 2628 apto
1092 2586 1199 2617 statim
1207 2596 1303 2616 usum
1314 2585 1499 2627 capiamus;
1523 2588 1611 2618 dum-

865 2640 922 2669 que
937 2630 1036 2660 tir-eut
1056 2639 1171 2671 genua,
1190 2628 1267 2660 dum
1290 2629 1379 2670 vigor
1403 2628 1506 2660 adhuc
1530 2629 1614 2662 inest

865 2671 1010 2712 genibus,
1035 2672 1112 2703 dum
1143 2671 1294 2714 juvenilis
1326 2671 1431 2704 adhuc
1462 2672 1494 2703 in
1523 2673 1613 2704 nobis

864 2714 972 2756 viget
975 2714 1134 2752 alacritas,
1158 2716 1234 2746 dum
1258 2715 1419 2746 valemus:
1454 2715 1614 2748 Theocrit-

866 2758 930 2794 xiv,
942 2758 996 2794 70,
1010 2761 1120 2790 ποιεῖν
1136 2770 1167 2790 τι
1184 2757 1262 2789 δεῖ
1243 2770 1285 2796 ας
1297 2758 1382 2800 γόνυ
1396 2758 1555 2801 χλωρόν;
1571 2760 1613 2791 cf.

865 2800 999 2832 Mitsch.
1023 2802 1062 2832 In
1080 2802 1162 2834 hanc
1174 2802 1362 2833 sententiam
1381 2801 1476 2832 simili
1468 2808 1526 2833 ter
1544 2803 1612 2834 Ho-

864 2844 963 2875 ratius
977 2855 1047 2887 sup.
1065 2844 1086 2880 i,
1103 2846 1135 2883 9,
1150 2846 1201 2880 17,
1220 2845 1324 2876 Donec
1347 2847 1460 2875 virenti
1486 2848 1613 2877 canities

865 2889 947 2918 abeat
973 2888 1115 2925 Marcium
1148 2889 1293 2930 Propert.
1318 2887 1361 2924 iv,
1387 2889 1420 2923 5,
1446 2888 1500 2923 57,
1528 2889 1613 2919 Dum

866 2938 973 2962 vernat
996 2933 1136 2974 sunguiS,
1161 2933 1232 2963 dum
1256 2932 1344 2972 rugis
1362 2933 1481 2973 integer
1503 2942 1616 2962 annus.

78 2977 182 3015 cepto,
205 2973 291 3022 quod
314 2973 431 3015 saepius
453 2974 606 3005 Horatius
623 2973 734 3004 amicis
758 2984 824 3004 suis
870 2974 1007 3005 Obducta
1023 2975 1277 3022 sonatur-fronte
1290 2980 1448 3004 senectus:
1470 2982 1487 3002 a
1504 2973 1615 3009 fronte,

78 3021 250 3058 proposuit,
273 3027 360 3048 nunc
378 3015 504 3059 pondus
529 3016 689 3059 quoddam
709 3016 825 3049 addere
868 3027 1014 3049 curarum
1032 3017 1172 3048 nubibus
1187 3016 1277 3058 quasi
1293 3016 1443 3051 obducta,
1461 3014 1612 3046 dissolva-

836 3072 854 3091 T
