1904 3314
617 192 764 222 INDEX
795 190 1061 223 VERBORUM.

0 285 7 305 ῑ·
64 281 229 314 communi
250 283 317 315 Sat.
331 283 366 319 ii,
383 283 414 320 6,
430 284 485 315 36.
529 282 615 314 missi
631 282 753 324 magnis
770 281 810 313 de

0 333 3 346 ³
62 325 156 357 rebus
176 326 244 358 Sat.
260 326 283 363 i,
300 329 333 363 5.
349 327 403 358 28.
446 326 520 358 aliis
540 326 619 356 alios
634 325 727 357 rebus
743 330 810 355 stu-

0 383 2 398 ;
62 365 190 410 diisque
212 369 312 401 teneri
337 370 398 412 Ep.
423 370 445 406 i.
471 371 501 406 l,
524 370 579 400 81.
623 369 650 399 si
673 378 737 399 non
761 367 811 398 in-

0 419 2 453 ξ
63 409 175 443 tendes
199 411 342 444 animum
364 412 478 444 studiis
499 418 532 444 et
553 411 648 443 rebus
674 409 814 442 honestis

64 451 129 495 ΕΡ.
154 452 178 488 ἱ.
203 455 236 491 2,
263 456 316 487 36.
362 458 399 487 de
425 456 613 498 argumentis
637 460 666 485 et
689 454 814 484 mater-ie

0 512 4 515 ν
38 513 42 516 ·
61 497 265 536 scriptorum.-
289 497 414 530 comica
437 499 499 540 Ep.
517 497 558 528 ad
574 497 641 528 Pis.
664 498 718 528 89.
761 493 812 527 cui

3 551 7 554 ·
63 536 148 570 lecta
176 545 320 582 potenter
343 541 402 572 erit
426 551 474 572 res
501 539 580 572 ibid.
609 540 662 571 40.
708 548 814 570 versus

63 579 175 624 inopes
190 593 292 615 rerum
313 583 391 615 ibid.
406 585 483 615 322.
525 593 603 614 num
617 592 718 613 rerum
735 580 815 612 dura

63 630 179 656 natum
205 626 329 668 negarit
352 626 524 658 versiculos
547 631 659 657 euntes
684 623 813 655 mollius

63 666 132 699 Sat.
152 667 175 704 i,
192 669 243 705 10.
259 669 312 701 57.
356 674 509 712 temperat
528 667 714 699 Archilochi
735 667 813 698 Mu·

62 718 132 742 nm
159 711 300 755 Sappho,
324 712 380 744 sed
402 713 494 744 rebus
516 717 549 743 et
573 710 682 742 ordine
709 710 816 752 dispar

66 752 127 795 Ep.
150 753 173 789 i.
191 754 244 791 19,
265 756 320 787 29.
364 755 451 797 quod
473 754 601 797 spiritus
625 764 662 785 ac
682 754 729 784 vis
753 763 811 784 uec

64 795 180 834 verbis,
211 807 270 830 nec
302 798 398 830 rebus
429 797 513 829 inest
546 797 614 828 Sat.
643 796 665 831 i,
697 798 728 834 4,
759 797 812 826 47.

62 839 161 870 verba
202 840 334 872 rovisam
354 851 416 872 rem
433 851 497 872 uon
518 840 619 872 invita
640 844 814 881 sequentur

65 881 127 924 Ep.
148 851 200 914 ad,
213 883 280 915 Pis.
302 884 378 915 311.
421 894 459 915 ex
475 882 580 915 medio
594 882 671 924 quia
690 892 740 913 res
763 891 813 912 ar-

63 924 160 957 cessit
174 925 355 966 (eomoedia)
371 927 434 968 Ep.
450 925 486 962 ii,
505 928 534 964 1,
553 927 624 957 168.
668 930 724 956 aut
746 923 813 966 agi-

63 970 179 1011 turree
194 968 226 1000 in
241 969 346 1002 scenis
361 970 424 1012 Ep.
439 969 479 1000 ad
495 969 561 1001 Pis.
580 969 654 1000 179.
698 967 731 999 in
746 977 813 998 me-

63 1009 206 1043 «liures
230 1011 405 1044 auditorem
429 1012 511 1055 rapit
531 1012 611 1043 ibid.
629 1012 703 1042 148.
749 1020 814 1042 rem

31 1067 34 1081 ε
63 1052 120 1084 tibi
144 1054 314 1087 Socraticae
337 1061 487 1099 poterunt
511 1054 676 1087 ostendere
698 1053 815 1085 chartae

63 1093 142 1129 ibid.
169 1099 247 1130 310.
292 1109 440 1130 numeros
470 1098 658 1140 animosque
687 1101 816 1128 secutus

37 1153 44 1158 ·
65 1137 268 1178 Archilochi,
295 1152 359 1173 non
386 1152 434 1173 res
464 1142 526 1184 Ep.
551 1141 573 1178 i,
604 1141 652 1178 19,
682 1141 737 1171 25.
782 1140 816 1171 in

64 1183 151 1214 vita.-
174 1190 223 1215 est
246 1184 372 1216 animus
390 1184 448 1216 tibi
467 1194 569 1215 rerum
615 1182 731 1214 rudens
752 1181 816 1214 Od.

65 1223 109 1264 iv,
131 1227 164 1265 9,
188 1228 242 1259 35.
285 1233 319 1259 at
343 1238 410 1263 vos,
435 1238 491 1259 seu
519 1227 580 1258 cali
605 1238 644 1258 us
670 1225 814 1267 sanguis,

67 1277 124 1300 seu
138 1279 241 1301 rerum
258 1269 385 1302 inscitia
400 1276 495 1302 vexat
509 1271 570 1312 Ep.
588 1270 610 1306 i,
627 1271 659 1306 3,
674 1270 729 1300 33.
762 1269 818 1300 ad-

68 1311 165 1343 versis
183 1322 286 1344 rerum
310 1313 532 1344 immersabilis
549 1312 643 1344 undis
662 1312 723 1354 Ep.
745 1312 767 1347 i,
784 1312 817 1348 2,

32 1389 34 1394 ,
66 1354 121 1386 22.
165 1365 268 1387 rerum
291 1356 445 1388 fluctibus
467 1355 499 1386 in
522 1355 633 1387 mediis
653 1356 712 1396 Ep.
734 1354 768 1389 ii,
785 1356 818 1390 2,

67 1388 122 1429 84.
165 1410 214 1430 res
228 1400 384 1435 humanae:
407 1398 530 1430 stabilis
546 1409 647 1430 rerum
664 1396 817 1428 terminus

69 1439 175 1473 Canu.
197 1442 279 1475 Saec.
292 1443 346 1475 26.
389 1452 473 1474 mors
489 1441 599 1473 ultima
617 1440 701 1472 linea
715 1450 815 1472 rerum

67 1489 116 1515 est
137 1484 166 1516 E
191 1507 199 1516 .
214 1485 237 1522 i,
257 1486 307 1523 16,
323 1487 378 1518 79.
421 1486 454 1522 2,
471 1495 574 1516 rerum
594 1485 740 1519 conditio,
756 1490 816 1514 sta-

69 1531 135 1558 tus.-
183 1539 235 1560 um
250 1539 298 1560 res
312 1534 344 1560 et
361 1533 437 1560 aetas
452 1534 485 1560 et
497 1538 639 1559 sororum
653 1527 707 1558 fila
721 1525 816 1557 trium

32 1571 36 1575 ’
67 1569 232 1612 patiuntur
256 1578 325 1603 atra
349 1571 414 1604 Od.
440 1570 475 1608 ii,
503 1572 535 1607 3,
561 1572 614 1602 15.
659 1569 756 1612 garrit
778 1579 818 1600 ex

29 1628 45 1657 j
68 1613 160 1654 (pro)
184 1624 217 1646 re
237 1614 370 1647 fabellas
393 1615 460 1646 Sat.
482 1613 516 1650 ii,
541 1614 574 1649 6,
598 1614 651 1645 78.
696 1614 728 1649 3,
753 1613 819 1652 ipsa

32 1658 40 1682 ἑ
67 1665 126 1695 m,
149 1658 200 1688 die
230 1657 467 1690 Wirklt'chkeit:
494 1656 580 1688 unde
603 1655 721 1688 laboris
747 1655 820 1698 plus

38 1719 39 1722 =
69 1697 196 1732 haurire
219 1700 296 1732 mali
322 1706 381 1737 est,
406 1711 503 1743 quam
527 1710 566 1731 ex
594 1710 627 1731 re
655 1699 822 1741 decerpere

34 1757 38 1760 »
68 1740 192 1775 fructus
214 1744 282 1775 Sat.
306 1742 329 1780 i,
346 1745 379 1781 2,
395 1745 449 1776 79.
493 1753 526 1775 re
542 1752 616 1775 vera
639 1743 706 1774 Sat.
729 1741 764 1777 ii,
787 1742 820 1777 7,

69 1785 126 1817 99.
181 1787 212 1825 4,
248 1789 348 1819 actio:
387 1786 504 1818 bellica
539 1785 604 1818 od.
643 1786 686 1822 iv,
723 1785 755 1821 3,
790 1785 823 1817 6.

35 1828 37 1830 ’
71 1828 189 1861 AEueae
203 1829 268 1862 Od.
287 1829 331 1866 iv,
348 1831 380 1866 6,
395 1831 452 1862 23.
496 1828 633 1861 Caesaris
652 1829 720 1860 Sat.
736 1827 770 1863 ii,
788 1829 818 1864 l,

29 1893 36 1907 -,
73 1871 126 1908 lJ.
167 1877 267 1914 gestan
291 1873 352 1916 Ep.
375 1873 398 1910 i,
418 1874 451 1908 3,
473 1874 514 1912 73
540 1873 600 1914 Ep.
623 1871 658 1907 ii,
682 1873 712 1908 1,
733 1871 819 1910 251;

70 1914 134 1958 ΕΡ.
154 1914 196 1947 ad
216 1916 284 1948 Pis.
307 1917 362 1948 73.
406 1915 487 1948 bene
501 1926 566 1948 rem
586 1924 692 1956 gerere
716 1915 779 1956 Ep.
796 1913 818 1952 i,

71 1957 104 1995 8,
133 1959 162 1990 1.
205 1959 381 1991 malorem
410 1969 516 2000 gerere
546 1959 613 1989 Sat.
642 1957 677 1994 ii,
706 1958 738 1993 3,
763 1957 819 1988 74.

30 2008 134 2043 Ι,ῃῳιο
157 2006 252 2044 pacto
264 2011 328 2034 rem
349 2007 438 2044 gerat
460 2003 521 2045 Ep.
536 2000 560 2037 i,
578 2002 610 2038 8,
627 2001 680 2032 13.
725 2010 822 2041 quam

40 2044 45 2064 s
68 2053 136 2076 rem
158 2044 227 2086 agis
250 2046 316 2077 Sat.
330 2044 366 2082 ii,
381 2045 412 2083 6,
426 2046 482 2077 29.
528 2055 577 2076 res
592 2053 698 2085 gerere
720 2043 780 2085 Ep.
798 2042 821 2078 i,

30 2127 47 2130 Η
66 2086 127 2125 1⁷,
143 2087 196 2120 33.
241 2088 291 2120 vel
308 2088 394 2131 quod
412 2098 461 2120 res
482 2097 591 2119 omues
610 2085 719 2118 timide
743 2085 822 2126 geli-

72 2127 176 2172 deque
196 2130 352 2163 ministrat
374 2131 436 2173 Ep.
458 2131 498 2162 ad
523 2130 589 2161 Pis.
607 2130 679 2160 171.
723 2138 822 2171 quam

31 2201 50 2218 >.
72 2182 139 2206 rem
161 2183 290 2216 cunque
306 2174 398 2206 miles
414 2173 550 2205 navibus
572 2178 627 2204 aut
642 2171 730 2214 equis
751 2182 822 2213 ges-

28 2207 53 2265 Ξ,
72 2215 150 2265 perit
168 2216 234 2248 Od.
253 2216 276 2253 i,
292 2218 324 2254 6,
341 2217 374 2248 3.
418 2216 496 2258 quid
518 2215 587 2263 agis
606 2216 730 2247 rerum‘!
755 2216 823 2263 Sat.

70 2259 148 2334 ‘625³‘
161 2259 402 2334 ⁴⁰..b1'22‘ussssiss'
403 2259 680 2334 ”Zoigeffdiefiss'
698 2258 824 2332 :55:34

33 2342 53 2405 2⁵<
73 2342 823 2431 ffissrfiffssmssrsffffls6053553‘222222)

35 2408 58 2462 ᾗ
75 2430 158 2463 heir:
188 2437 292 2464 metus
323 2431 461 2464 Caesaris
490 2441 593 2462 rerum
626 2431 682 2473 (de
714 2437 824 2462 eventu

32 2466 177 2512 'tmen
190 2473 416 2516 gerendarum)
434 2475 536 2517 Epod.
557 2475 591 2510 9,
607 2474 661 2504 37.
705 2473 762 2504 ubi
776 2484 826 2504 res

35 2510 49 2528 (-

32 2518 68 2550 N..
119 2516 220 2549 micas
253 2517 408 2549 ordinaris
440 2517 506 2549 Od.
538 2516 573 2552 ii,
605 2518 635 2554 1,
666 2517 718 2547 ll.
777 2526 827 2548 res

66 2580 72 2587 =
96 2560 178 2592 :alas
197 2559 292 2591 armis
313 2559 426 2591 tuteris
450 2561 512 2601 Ep.
534 2559 568 2595 ii,
587 2561 616 2596 1,
634 2561 666 2590 2.
709 2569 758 2590 res
778 2559 827 2590 lu-

48 2634 58 2647 „
76 2601 163 2636 dicta
183 2602 313 2646 (ludus)
333 2602 411 2634 ibid.
429 2603 503 2634 180.
540 2601 738 2644 5,fortuna:
762 2612 829 2632 om-

37 2645 129 2679 mais
153 2645 354 2689 Aristippum
378 2645 486 2677 decuit
507 2645 594 2676 color
616 2650 648 2676 et
670 2649 773 2675 status
800 2649 833 2675 et

54 2686 129 2720 'rma
154 2689 216 2732 ΕΡ.
243 2689 266 2726 i,
297 2690 345 2725 17,
375 2690 423 2719 13.
467 2693 623 2730 quantum
650 2697 699 2718 res
725 2692 834 2729 poscet

35 2731 47 2770 's
58 2730 143 2774 Ep.
155 2731 190 2770 ii,
204 2733 238 2767 2,
257 2733 331 2762 190.
362 2730 492 2762 alterius
507 2730 606 2761 altera
621 2729 723 2772 poscit
738 2740 830 2772 opem

60 2782 128 2814 ,108
149 2775 211 2818 Ep.
234 2774 274 2806 ad
299 2774 365 2806 Pis.
386 2775 463 2805 411.
510 2779 546 2804 ut
570 2783 693 2815 semper
714 2772 832 2814 gaudes

36 2813 212 2850 &illudere
241 2818 335 2849 rebus
364 2816 531 2847 humanis!
562 2817 639 2853 Sat.
665 2815 699 2853 ii,
723 2818 755 2851 8,
779 2817 833 2847 62.

44 2901 188 2943 {perdum
206 2902 271 2936 Od.
294 2902 331 2939 ii.
345 2904 380 2937 3,
400 2904 428 2934 1.
474 2907 618 2944 angustae
644 2901 711 2932 Od.
729 2901 763 2937 ii,
781 2902 834 2938 10,

47 2887 51 2893 .
77 2865 131 2894 'm
145 2861 284 2892 adversm
299 2862 365 2892 Sat.
381 2859 414 2895 ii,
432 2861 464 2896 2,
486 2860 566 2898 136;
591 2860 654 2890 Sat.
671 2858 706 2894 ii,
724 2860 756 2894 8,
776 2860 851 2897 73„

38 2939 135 2982 Ql.
179 2945 309 2988 trepidae
331 2945 395 2977 Od.
410 2945 458 2982 iii,
476 2948 509 2981 2,
525 2946 556 2976 6.
601 2945 750 2976 secundae
777 2945 838 2987 Ep.

26 3019 28 3022 ,
63 2985 118 3028 sii,
134 2989 185 3025 10.
202 2989 256 3021 30.
300 2989 392 3021 bouae
414 2988 478 3020 Od.
499 2988 532 3025 ii,
549 2989 580 3026 3,
598 2988 618 3018 2
634 2998 644 3028 ;
667 2988 733 3019 Sat.
755 2986 789 3023 ii,
806 2989 839 3025 6,

1529 183 1612 224 767

858 284 932 314 111.
973 283 1128 326 jucuudae
1147 283 1214 315 Sat.
1231 283 1266 319 ii,
1284 283 1316 320 6,
1334 284 1390 315 96.
1438 293 1539 314 rerum
1558 290 1610 315 tu-

855 325 919 356 tela
935 336 1075 358 mearum
1093 337 1193 368 quum
1209 326 1252 357 sis
1269 326 1330 368 Ep.
1346 325 1369 363 i,
1386 327 1414 361 1,
1432 327 1504 357 103.
1543 337 1608 358 me·

857 378 946 399 arum
970 368 1118 400 columen
1142 379 1244 400 rerum
1266 369 1330 400 Od.
1355 368 1388 404 ii.
1409 369 1460 406 17,
1478 370 1510 399 4.
1555 369 1612 411 qui

858 421 908 442 res
932 411 1094 442 hominum
1117 422 1155 443 ae
1178 413 1318 443 Deorum
1341 416 1492 453 temperat
1511 411 1573 443 Od.
1589 412 1612 448 i,

860 455 912 490 12,
934 455 984 484 14.
1029 454 1140 496 imperi
1161 465 1209 485 res
1228 454 1292 486 Od.
1308 454 1330 489 i,
1347 455 1380 492 2,
1395 455 1450 485 26.
1493 456 1611 494 simpli-

856 497 934 527 citer
946 507 1004 536 pro
1018 498 1093 528 bona
1102 498 1260 539 fortuna.-
1283 498 1376 528 rebus
1393 497 1526 528 fidentes
1547 497 1612 528 Od.

858 538 904 575 iii,
920 539 953 575 3,
970 541 1024 572 59.
1069 541 1101 575 6,
1119 552 1232 571 causa.-
1257 550 1375 581 magna
1390 539 1530 571 minorve
1546 540 1612 572 foro

859 581 885 613 si
902 591 951 613 res
965 582 1138 614 certabitur
1153 583 1226 614 olim
1245 583 1309 614 Sat.
1324 583 1359 618 ii,
1376 586 1408 618 5,
1424 583 1480 614 27.
1520 593 1611 624 mag-

859 635 917 656 nas
933 631 1021 657 secat
1037 636 1085 656 res
1108 627 1173 657 Sat.
1187 625 1211 663 i,
1232 627 1282 661 10.
1301 627 1354 656 15.
1401 632 1455 656 tua
1472 635 1520 656 res
1542 626 1611 667 agi-

859 673 910 699 tur
935 668 996 710 ΕΡ.
1019 667 1042 704 i,
1068 669 1116 705 18,
1139 670 1193 700 84.
1239 679 1303 710 quo
1329 678 1376 699 res
1400 677 1560 710 sponsore,
1581 674 1613 700 et

859 721 924 753 quo
948 721 1053 742 causae
1075 717 1152 743 teste
1172 712 1342 743 tenentur}
1365 711 1426 753 Ep.
1445 710 1468 745 i,
1489 712 1539 746 16,
1557 713 1612 742 43.

857 759 928 786 tene
944 754 1133 796 relinquam,
1150 764 1190 785 an
1207 765 1272 785 rem
1289 755 1358 784 Sat.
1376 754 1397 790 i,
1414 755 1448 788 9,
1465 754 1518 784 41.
1564 764 1612 785 re-

858 797 918 828 bus
933 797 1059 828 omissis
1075 798 1135 840 Ep.
1149 798 1170 836 i,
1183 799 1215 833 5,
1229 798 1283 828 30.
1314 798 1346 833 7,
1359 797 1610 838 resfamiliaris:

857 849 974 881 magua
998 841 1066 871 Sat.
1084 841 1117 877 ii,
1134 842 1167 876 5,
1188 841 1237 871 12.
1283 839 1435 882 praeclara
1455 838 1533 870 ibid.
1550 841 1612 878 453

857 883 923 914 Sat.
938 882 962 919 i,
977 884 1011 918 2,
1029 884 1062 914 8.
1099 883 1232 926 parvula
1249 883 1312 925 Ep.
1326 882 1349 918 i,
1372 884 1421 918 18,
1439 883 1493 913 29.
1536 892 1613 913 con-

858 931 955 957 temta
978 925 1042 958 Od.
1066 926 1111 962 iii,
1129 927 1180 963 16,
1201 927 1258 957 2⁵.
1303 925 1409 957 tenuis
1433 926 1494 967 Ep.
1518 925 1540 960 i,
1558 926 1614 963 20,

854 969 909 1000 20.
955 969 1053 1012 patris
1078 971 1143 1001 Sat.
1168 970 1190 1004 i.
1213 971 1246 1005 2,
1270 969 1325 999 62.
1370 968 1472 1010 patria
1498 969 1565 999 Sat.
1591 969 1615 1005 i,

857 1013 888 1047 4,
916 1013 992 1044 110.
1038 1018 1176 1055 paternae
1202 1018 1298 1054 atque
1323 1018 1473 1043 maternae
1499 1012 1561 1054 Ep.
1589 1012 1612 1046 i,

861 1056 912 1091 15,
927 1056 983 1086 26.
1029 1055 1114 1086 avita
1137 1057 1204 1086 Sat.
1223 1055 1245 1093 i,
1262 1056 1294 1090 6,
1310 1056 1363 1086 80.
1409 1059 1508 1086 curtae
1529 1064 1613 1086 sem-

861 1108 915 1140 per
935 1097 1044 1130 nescio
1062 1097 1139 1140 quid
1163 1098 1254 1129 abest
1277 1097 1319 1129 rei
1340 1097 1404 1128 Od.
1424 1097 1471 1132 iii,
1487 1098 1542 1133 24,
1559 1099 1613 1129 64.

859 1141 974 1183 opimae
992 1142 1051 1183 Ep.
1068 1141 1091 1177 i,
1107 1142 1140 1177 2,
1157 1142 1212 1172 57.
1246 1146 1448 1182 comportatae
1464 1140 1544 1171 ibid.
1560 1141 1616 1172 50.

860 1184 989 1214 amissas
1006 1194 1150 1226 reparare
1169 1184 1236 1214 Sat.
1256 1183 1292 1219 ii,
1310 1185 1342 1219 5,
1361 1185 1392 1214 2.
1437 1182 1513 1213 mihi
1535 1193 1614 1214 con-

860 1226 948 1257 tinuo
969 1227 1071 1269 major
1088 1227 1262 1269 quaereuda
1284 1227 1362 1258 foret
1385 1236 1433 1257 res
1454 1227 1521 1257 Sat.
1542 1225 1564 1262 i,
1582 1227 1615 1264 6,

866 1271 937 1301 100.
983 1269 1010 1300 si
1028 1281 1130 1312 neque
1146 1269 1297 1312 majorem
1315 1269 1374 1300 feci
1390 1269 1513 1300 ratione
1530 1269 1615 1300 mala

861 1323 926 1343 rein
951 1314 1018 1344 Sat.
1042 1313 1078 1348 ii,
1098 1314 1131 1349 6,
1152 1314 1183 1344 6.
1229 1319 1396 1355 postquam
1418 1311 1521 1342 omnis
1544 1322 1615 1343 mea

863 1365 911 1386 res
934 1355 1033 1387 fracta
1053 1361 1100 1386 est
1123 1356 1190 1387 Sat.
1210 1356 1244 1392 ii,
1262 1357 1293 1391 3.
1315 1356 1366 1386 18.
1410 1354 1500 1396 juvat
1522 1354 1615 1385 illum

861 1397 907 1429 sic
932 1398 1046 1429 domus
1069 1404 1102 1430 et
1123 1409 1172 1430 res
1197 1399 1258 1440 Ep.
1279 1398 1301 1434 i,
1322 1399 1355 1434 2,
1379 1399 1432 1430 51.
1477 1397 1529 1428 cui
1551 1407 1615 1429 uon

862 1441 1031 1472 conveniet
1051 1451 1108 1472 sua
1134 1451 1183 1472 res
1209 1442 1266 1483 Ep.
1287 1441 1308 1478 i,
1329 1442 1379 1476 10,
1398 1442 1452 1471 42.
1497 1439 1617 1482 quibus

862 1489 910 1515 est
925 1494 1040 1525 equuS,
1052 1490 1083 1515 et
1098 1490 1199 1527 pater,
1217 1491 1247 1515 et
1263 1494 1312 1515 res
1328 1484 1389 1525 Ep.
1406 1482 1446 1513 ad
1459 1482 1524 1514 Pis.
1538 1484 1618 1515 248.

861 1526 972 1558 multis
987 1527 1114 1559 occulto
1131 1527 1244 1559 crescit
1258 1537 1306 1558 res
1323 1527 1444 1558 foenore
1463 1527 1524 1568 Ep.
1539 1524 1561 1562 i,
1587 1528 1613 1561 Ι,

863 1571 916 1602 80.
962 1580 1017 1612 per
1035 1581 1107 1612 quae
1131 1580 1272 1602 crescere
1292 1579 1341 1601 res
1364 1575 1471 1612 posset
1496 1569 1559 1610 Ep.
1584 1569 1618 1606 ii,

866 1615 895 1650 l,
915 1614 988 1644 107.
1034 1613 1060 1644 si
1077 1623 1125 1644 res
1149 1613 1218 1644 sola
1242 1617 1345 1656 potest
1367 1613 1470 1643 facere
1494 1618 1527 1643 et
1551 1622 1616 1643 ser-

864 1666 938 1687 vare
966 1656 1094 1687 beatum
1122 1657 1183 1698 Ep.
1209 1656 1230 1694 i,
1258 1657 1291 1692 6,
1317 1656 1373 1686 47.
1418 1655 1504 1686 unde
1534 1654 1618 1686 fama

864 1699 985 1730 malum
1010 1698 1134 1740 gravius
1151 1709 1247 1741 quam
1271 1709 1318 1730 res
1337 1697 1434 1729 trahit
1453 1699 1519 1729 Sat.
1540 1697 1561 1731 i.
1580 1700 1614 1734 2,

865 1743 919 1772 59.
963 1752 1022 1773 nec
1048 1741 1106 1773 tibi
1130 1742 1243 1773 talium
1268 1752 1317 1773 res
1342 1746 1390 1772 est
1413 1746 1468 1771 aut
1490 1739 1618 1772 animus

865 1784 1049 1816 deliciarum
1073 1795 1171 1826 egeus
1193 1785 1256 1816 Od.
1278 1784 1320 1821 iv,
1337 1785 1369 1820 8,
1389 1784 1439 1814 10.
1482 1783 1539 1814 uni
1560 1783 1619 1815 tibi

863 1837 987 1870 semper
1008 1834 1102 1859 eruut
1123 1838 1172 1859 res
1195 1828 1261 1858 Sat.
1282 1827 1316 1863 ii,
1339 1829 1372 1863 2,
1396 1827 1471 1858 106.
1514 1837 1616 1868 quum

864 1881 913 1902 res
936 1870 1090 1902 deficiunt
1113 1871 1173 1913 Ep.
1196 1871 1218 1906 i,
1236 1872 1287 1904 15.
1307 1871 1359 1901 43.
1404 1869 1458 1901 cui
1478 1879 1543 1901 rem
1566 1870 1614 1901 Dt

864 1913 1013 1945 donarint
1034 1915 1096 1957 Ep.
1118 1914 1152 1949 ii,
1174 1914 1207 1950 2,
1230 1915 1303 1945 152.
1347 1912 1476 1945 domino
1498 1912 1616 1944 furenti

863 1956 1039 1988 committes
1072 1967 1136 1988 rem
1169 1967 1295 1988 omnem
1331 1957 1398 1987 Sat.
1428 1955 1462 1991 ii,
1495 1956 1527 1991 7,
1558 1956 1623 1987 67.-

865 2010 970 2042 pecus.
998 2000 1216 2036 rem‚—tollas
1244 1999 1322 2031 licet
1346 1999 1407 2040 Ep.
1435 1997 1458 2034 i,
1487 2000 1537 2037 16,
1564 1999 1619 2031 75.

865 2043 920 2085 qui
946 2053 1011 2074 rem
1038 2043 1148 2080 facias,
1171 2053 1248 2078 rem.
1274 2042 1300 2073 si
1325 2041 1439 2084 possiS‚
1461 2047 1565 2079 recte;
1590 2042 1618 2074 si

868 2096 944 2124 non,
962 2096 1155 2128 quocunque
1178 2085 1271 2117 modo
1293 2095 1357 2116 rem
1383 2085 1444 2126 Ep.
1470 2084 1492 2120 i,
1513 2086 1542 2121 1,
1563 2086 1618 2122 65,

866 2129 919 2160 66.
963 2129 1093 2171 ampliet
1116 2135 1151 2160 ut
1174 2139 1238 2160 rem
1263 2129 1330 2159 Sat.
1354 2127 1376 2164 i,
1400 2129 1432 2163 4,
1453 2127 1507 2159 32.
1552 2139 1618 2159 rem

866 2177 1014 2203 strenuus
1036 2182 1116 2213 auge
1142 2173 1201 2214 Ep.
1221 2171 1245 2208 i,
1269 2172 1301 2210 7,
1321 2171 1374 2202 71.
1420 2171 1452 2201 in
1472 2171 1620 2212 augenda

867 2225 898 2245 re
915 2215 975 2257 Ep.
992 2214 1014 2251 i,
1034 2216 1085 2252 16,
1102 2216 1156 2246 68.
1201 2214 1283 2246 male
1300 2225 1333 2245 re
1347 2218 1436 2254 gesta
1451 2214 1519 2244 Sat.
1535 2213 1570 2250 ii,
1587 2215 1620 2249 3,

868 2258 921 2288 37.
967 2268 1032 2289 rem
1062 2257 1178 2301 poteris
1208 2267 1332 2288 servare
1364 2262 1450 2287 tuam
1483 2257 1546 2298 Ep.
1579 2257 1621 2288 ad

866 2299 936 2332 Pis.
957 2302 1033 2332 329.
1078 2301 1190 2338 virtus,
1208 2299 1269 2331 nisi
1291 2310 1363 2330 cum
1380 2309 1423 2334 re,
1440 2298 1534 2330 vilior
1547 2298 1621 2340 alga

867 2349 916 2375 est
935 2345 1003 2376 Sat.
1022 2343 1055 2382 ii,
1073 2346 1103 2381 5,
1121 2345 1154 2375 8.
1199 2343 1325 2380 virtute,
1339 2342 1420 2377 loco,
1438 2352 1471 2373 re
1490 2342 1622 2373 extremi

869 2385 1039 2429 primorum
1062 2388 1124 2429 Ep.
1140 2386 1175 2422 ii.
1194 2387 1226 2422 2,
1243 2387 1319 2417 203.
1364 2385 1518 2416 Romulae
1535 2384 1622 2426 genti

868 2430 941 2461 date
957 2441 1022 2461 rem
1044 2430 1227 2472 prolemque
1252 2429 1363 2460 Carm.
1388 2428 1471 2459 Saec.
1491 2429 1544 2459 47.
1589 2429 1622 2464 8,

869 2474 907 2504 de
933 2474 1020 2504 rebus
1047 2474 1201 2513 publicis:
1230 2472 1380 2503 Romana
1406 2470 1514 2502 carm.
1543 2471 1625 2502 Saec.

870 2517 935 2555 66;
961 2516 1022 2558 Ep.
1048 2515 1069 2551 i,
1089 2518 1142 2552 12,
1163 2517 1218 2547 25.
1264 2514 1395 2546 custode
1419 2523 1523 2545 rerum
1549 2514 1623 2546 Cae-

872 2568 941 2590 sare
958 2559 1023 2590 Od.
1040 2558 1082 2596 iv,
1103 2559 1154 2595 15,
1174 2560 1226 2590 17.

915 2604 1097 2635 rescindere.
1142 2612 1181 2632 an
1214 2600 1298 2632 male
1327 2606 1412 2632 sarta
1443 2600 1544 2641 gratia
1571 2610 1626 2631 ne-

874 2643 1045 2718 ggicquam
1066 2644 1130 2676 coit
1147 2650 1180 2676 et
1197 2642 1451 2675 rescinditur—².
1476 2644 1538 2685 Ep.
1554 2643 1576 2680 i,
1592 2645 1626 2680 3,

918 2731 1040 2760 rescire.
1094 2728 1288 2771 simulatque
1318 2729 1460 2761 carmina
1490 2727 1630 2760 rescieris

879 2773 940 2814 Ep.
957 2772 991 2808 ii,
1010 2774 1039 2806 1.
1055 2773 1131 2803 227.

920 2817 1094 2847 rescribere.
1143 2817 1172 2851 1,
1197 2817 1294 2848 debes
1318 2816 1377 2846 hoc
1402 2814 1498 2846 etiam
1522 2813 1630 2844 rescri-

876 2859 951 2890 bere
976 2859 1036 2901 Ep.
1062 2859 1084 2895 i,
1105 2860 1136 2895 3,
1161 2860 1213 2891 30.
1259 2865 1292 2890 tu
1315 2864 1431 2899 quotus
1454 2867 1522 2887 esse
1542 2855 1631 2892 velis,

880 2901 1015 2933 rescribe
1039 2902 1099 2944 Ep.
1121 2901 1144 2937 i,
1166 2904 1197 2938 5,
1220 2903 1272 2933 30.
1318 2903 1350 2937 2,
1370 2902 1492 2932 solvere.
1508 2899 1634 2929 reddere

881 2946 1038 2976 debitum.-
1061 2944 1198 2979 dictans,
1221 2944 1307 2986 quod
1333 2950 1366 2974 tu
1396 2951 1561 2983 nunquam
1584 2950 1634 2972 re-

883 2987 1017 3020 scribere
1034 2987 1134 3030 possis
1149 2988 1216 3019 Sat.
1233 2987 1266 3024 ii,
1283 2987 1314 3025 3,
1332 2986 1385 3017 76.
