1904 3314
634 177 861 221 LIBER
892 178 952 229 11,
989 162 1033 220 ι.

1517 185 1595 225 511

174 281 376 334 Carmine
398 281 463 325 Di
482 281 630 338 superi
651 279 895 337 placantur,
917 281 1106 322 carmine
1129 281 1301 324 Manes.

172 347 396 406 Agricolae
416 351 562 407 prisci,
585 349 720 391 fortes
742 363 968 404 parvoque
989 350 1123 399 beati,

61 415 145 458 140
174 417 363 460 Condita
383 426 484 474 post
505 417 735 468 frumenta,
756 416 951 459 levantes
972 423 1168 472 tempore
1189 417 1304 459 festo

173 485 346 542 Corpus
367 493 412 527 et
431 487 573 541 ipsum
594 485 783 526 animum
805 499 884 540 spe
903 484 1004 526 finis
1026 485 1138 527 dura
1158 485 1386 536 ferentem,

173 552 286 595 Cum
306 553 432 596 sociis
453 567 650 608 operum,
671 553 820 608 pueris
842 559 887 594 et
909 552 1098 607 conjuge
1119 551 1223 602 fida,

171 619 395 663 Tellurem
417 635 566 676 porco,
591 619 814 662 Silvanum
832 619 944 662 lacte
966 621 1160 675 piabant,

171 687 375 730 Floribus
396 695 440 730 et
460 689 559 730 vino
581 688 788 738 Genium,
809 703 1043 730 memorem
1063 689 1208 730 brevis
1230 690 1326 731 aevi.

59 755 141 798 145
170 756 443 799 Fescennina
463 772 543 812 per
562 756 680 799 hunc
700 757 872 798 invecta
889 755 1064 798 licentia
1085 772 1248 799 morem

171 824 388 868 Versibus
409 824 587 868 alternis
610 826 851 881 opprobria
870 826 1035 867 rustica
1056 825 1182 875 fudit,

172 891 466 949 Libertasque
487 900 763 936 recurrentes
785 900 967 948 accepta
989 909 1068 949 per
1090 909 1228 935 annos

170 960 302 1004 Lusit
321 961 589 1012 amabiliter3
622 962 763 1003 donec
779 965 868 1016 jam
890 976 1032 1003 saevus
1054 969 1251 1017 apertam

124 1075 127 1076 ⁷
170 1027 224 1071 In
244 1029 409 1071 rabiem
429 1030 541 1071 verti
560 1029 695 1084 coepit
710 1029 854 1084 jocus,
877 1035 922 1070 et
942 1044 1022 1084 per
1041 1029 1250 1072 honestas

18 1141 20 1143 ,
59 1095 142 1138 150
170 1095 242 1139 Ire
263 1097 415 1140 domos
436 1098 611 1153 impune
633 1097 792 1138 minax.

170 1164 320 1206 Dente
340 1164 530 1207 lacessiti
548 1182 558 1216 ;

855 1096 1053 1139 Doluere
1075 1106 1258 1140 cruento

589 1165 670 1206 fuit
690 1164 864 1206 intactis
887 1179 1064 1219 quoque
1087 1181 1192 1207 cura

171 1232 436 1275 Conditione
458 1248 590 1289 super
611 1232 850 1275 communi:
884 1233 989 1287 quin
1011 1234 1139 1275 etiam
1162 1234 1230 1276 lex

103 1399 178 1431 132.
206 1399 304 1430 Castis
328 1410 397 1431 cum
422 1400 526 1440 pueris
556 1402 669 1441 ignara
699 1400 804 1440 puella

55 1444 175 1479 mariti,
189 1442 350 1484 eleganter
372 1453 428 1485 pro
441 1442 577 1484 vulgari,
593 1442 709 1474 chorus
733 1453 804 1474 cas-

17 1507 25 1530 J
55 1490 160 1517 torum
191 1495 358 1528 puerorum
387 1491 419 1517 et
448 1491 610 1516 castarum
634 1485 807 1527 virginum.

8 2005 12 2009 ’
59 2000 176 2032 laudes.

56 1527 175 1570 Ignara
189 1529 295 1568 puella
308 1530 415 1559 marin·
432 1528 617 1571 (ἄγαμος),
634 1540 736 1569 expers
751 1531 808 1569 (ut

118 1569 210 1602 ..Od
232 1570 280 1607 iii,
301 1572 354 1608 11,
374 1572 410 1602 11
432 1571 591 1613 loquitur)
611 1574 806 1611 nuptiarum,

57 1581 98 1646 :d
122 1623 164 1645 uc
178 1613 311 1656 integra.

105 1657 273 1693 133,134.
297 1657 436 1688 Disceret
460 1658 542 1688 unde
565 1667 675 1697 preces,
695 1656 735 1687 ad
757 1656 805 1687 A·

104 1698 215 1732 llinem
233 1705 266 1731 et
281 1699 422 1731 Dianam
441 1699 576 1731 solemni
595 1699 646 1731 die
669 1699 803 1730 funden-

57 1709 134 1774 sa:
163 1741 272 1774 carm.
285 1743 370 1774 Soec.
382 1753 412 1774 v.
425 1742 456 1778 3,
472 1745 553 1779 date,
567 1754 631 1783 quae
646 1753 807 1782 precamur

61 1784 90 1816 T
185 1796 311 1818 emero.
360 1785 464 1816 Vatem
487 1788 520 1816 m'
546 1786 638 1816 Musa
657 1786 807 1816 dedisset?

58 1826 121 1859 nisi
148 1827 265 1860 chorus
292 1827 423 1860 haberet
447 1834 564 1864 vatem,
589 1827 646 1870 qui
676 1827 807 1859 chorum

58 1880 188 1903 carmen
225 1870 395 1903 dicendum
429 1874 484 1913 (ut
517 1872 667 1902 Horatius
699 1871 808 1902 Carm.

60 1913 164 1955 Sec.)
206 1913 344 1946 doceret.
403 1914 512 1946 earm.
558 1915 639 1945 Saec.
674 1924 701 1944 s
739 1913 806 1949 fin„

59 1956 177 1989 Doctus
196 1963 227 1989 et
246 1957 354 1989 Phoeln·
373 1958 482 1988 chorus
505 1963 534 1988 et
559 1958 670 1988 Dianae
698 1957 810 1988 Dicere

235 2000 411 2035 Praesentw,
443 2010 502 2042 ope
530 2006 563 2031 et
592 2000 697 2031 favore
728 2010 807 2048 prae

58 2042 195 2074 nntium
208 2053 299 2074 suam
314 2043 407 2085 quasi
421 2041 629 2079 declarantia,
648 2042 803 2084 propitia:

57 2092 219 2134 presentes
233 2087 316 2118 divos
331 2096 516 2128 cognoscere,
530 2085 614 2128 apud
629 2085 720 2127 Virg.
733 2085 807 2117 Ecl.

59 2127 84 2164 i,
101 2129 157 2160 42.

107 2172 180 2203 135.
205 2172 342 2203 Coelestes
355 2172 495 2211 implorat
518 2182 630 2212 aquas:
651 2171 684 2202 in
700 2172 808 2203 Carm.

61 2213 148 2246 Saec.
176 2225 208 2246 v.
235 2214 276 2245 31
311 2221 456 2257 precatur
490 2214 616 2250 chorus,
653 2215 808 2245 Nutriant

18 2256 142 2303 setus
154 2263 183 2288 et
199 2268 283 2298 aquae
297 2258 432 2288 salubres
444 2257 485 2288 Et
497 2257 568 2288 Jot
551 2268 582 2288 ts
594 2268 691 2288 aurae.
727 2257 806 2288 Doc-

20 2340 22 2343 Υ
61 2306 106 2337 ια,
117 2309 215 2342 quam
229 2300 339 2332 docuit
352 2305 446 2342 poeta
459 2311 503 2341 χο
527 2302 566 2331 οῦ
583 2299 796 2338 διδάσκαλος.

105 2343 179 2375 136.
200 2343 335 2379 Avertit,
351 2347 429 2375 cett.
476 2343 503 2374 P
528 2343 623 2374 oebus
636 2342 734 2378 enim,
749 2353 806 2374 cu-

7 2420 21 2431 ,—
57 2384 115 2428 jun
141 2386 279 2418 favorem
308 2385 424 2418 chorus
450 2395 619 2428 puerorum
647 2385 807 2428 implorat,

4 2434 20 2470 ²}
61 2428 670 2470 atdeusaverruncuffidrrorpdrratog.
701 2429 809 2461 carm.

6 2484 17 2509 ξ,
63 2470 146 2503 Sne.
162 2482 194 2503 v.
208 2473 262 2508 64,
281 2472 343 2508 Qui
366 2473 501 2503 saltaturi
525 2473 605 2503 levat
628 2478 696 2503 arte
711 2472 810 2514 fessos

0 2586 30 2641 ἒ·

0 2646 25 2713 3

0 2711 113 2892 Γ.

107 2558 183 2590 137.
205 2521 330 2594 fflueriu
342 2556 455 2593 otium,
468 2556 684 2590 securitatem.

109 2600 184 2639 189,
208 2601 282 2633 140.
311 2600 427 2636 Fortes,
451 2599 592 2631 robusti.
629 2599 753 2631 Tibull.
775 2599 812 2631 ii.

63 2641 280 2682 2‚14‚F0rtis
292 2649 364 2675 arat
379 2644 482 2674 valido
495 2644 632 2674 rusticus
644 2653 718 2673 arva
732 2644 812 2674 bove.

63 2683 224 2725 lavantes,
254 2690 442 2722 reci-canteri,
476 2685 666 2721 reficientes,
696 2695 811 2716 curan·

110 2771 184 2803 141.
210 2771 269 2812 Spe
281 2771 362 2813 finis
384 2773 466 2803 dura
478 2771 648 2812 serentem,
669 2780 811 2812 sperans,

64 2813 171 2852 duros,
185 2824 266 2856 quos
280 2824 366 2846 nunc
385 2813 594 2852 fert‚1abores
610 2813 705 2844 finem
721 2813 811 2844 habi-

65 2860 151 2889 turos
173 2866 265 2889 esse·
295 2856 355 2888 inf.
381 2857 432 2899 Ep
433 2855 487 2888 ist.
514 2856 555 2888 ad
579 2855 650 2888 Pis.
676 2867 707 2887 v.
734 2858 812 2893 406,

24 2920 29 2938 ς
66 2898 215 2951 ludusque
242 2907 393 2941 repertus,
410 2868 468 2931 pEt
499 2901 657 2942 longorum
690 2910 814 2940 operum

54 2942 187 3018 {mna
219 2985 374 3018 Tellurem
397 2997 508 3027 porco:
537 2983 693 3022 videatur,
719 2994 815 3025 quem

849 1398 992 1430 laudavit
1016 1400 1190 1436 Gesnerus,
1214 1401 1297 1432 Cato
1319 1400 1358 1432 de
1380 1400 1431 1432 Re
1451 1401 1548 1433 Rust.
1572 1413 1603 1434 c.

849 1442 903 1472 34.
946 1442 1117 1483 Sylvanum
1135 1445 1231 1475 lacte:
1258 1443 1330 1475 vide
1350 1444 1486 1476 eundem
1502 1446 1600 1477 Cato-

851 1495 922 1516 nem
939 1495 970 1515 c.
985 1487 1040 1516 83.

897 1529 970 1558 144.
996 1529 1142 1564 Genium,
1159 1540 1315 1561 memorem
1340 1531 1436 1561 brevis
1457 1533 1524 1566 aevi,
1541 1529 1602 1562 aevi

850 1570 1035 1602 brevitatem
1060 1571 1092 1602 in
1117 1572 1300 1603 memoriam
1325 1579 1538 1610 revocantem,
1562 1574 1603 1605 de

851 1613 910 1644 aevi
936 1613 1089 1645 brevitate
1111 1621 1315 1654 monentem3
1340 1615 1385 1646 sic
1409 1626 1481 1658 sup.
1497 1617 1561 1648 Od.
1577 1617 1600 1654 i,

854 1656 976 1693 13,12,
998 1664 1068 1687 nota
1089 1669 1209 1693 memor,
1229 1658 1267 1689 de
1290 1664 1364 1689 nota
1388 1659 1483 1706 dente
1507 1659 1602 1690 labris

850 1698 1011 1740 impressa,
1028 1710 1113 1741 quae,
1131 1699 1209 1741 quid
1227 1700 1346 1731 sactum
1363 1700 1414 1736 sit,
1432 1700 1464 1731 in
1482 1711 1602 1733 memo-

850 1741 928 1771 riam
957 1748 1103 1780 revocat;
1131 1742 1193 1773 od.
1220 1742 1267 1779 iii,
1297 1744 1348 1779 11,
1371 1745 1427 1779 51,
1451 1750 1481 1774 et
1504 1747 1601 1776 nostri

852 1795 1006 1815 memorem
1023 1787 1101 1825 (nos
1124 1785 1157 1815 in
1181 1786 1362 1816 memoriam
1382 1787 1600 1827 revocantem)

851 1828 1008 1867 sepulchro
1034 1829 1133 1868 scalpe
1162 1829 1326 1869 querelam.
1372 1829 1434 1860 Vel
1465 1829 1601 1872 explica,

851 1871 947 1911 probe
957 1881 1094 1918 'gnarum
1108 1876 1139 1902 et
1155 1871 1305 1902 memoria
1319 1877 1492 1908 tenentem,
1504 1883 1600 1914 quam

853 1913 956 1944 brevis
971 1913 1037 1944 vita
1055 1913 1218 1944 hominum
1235 1914 1295 1951 sit3
1321 1914 1419 1944 Genio
1432 1915 1517 1946 enim
1535 1926 1601 1946 mo-

851 1955 995 1987 riendum
1012 1962 1060 1987 est
1075 1966 1149 1987 cum
1174 1956 1312 1993 homine,
1329 1957 1382 1987 cui
1402 1956 1458 1989 ille
1475 1957 1602 1989 additus

852 2005 911 2030 est.

897 2043 969 2072 145.
992 2042 1182 2073 Fescennina
1207 2043 1344 2080 licentia,
1366 2041 1510 2083 intellige
1533 2053 1601 2074 car-

851 2083 938 2115 mina
963 2084 1172 2133 incomposita
1200 2086 1232 2116 in
1257 2084 1375 2127 quibus
1399 2084 1548 2118 licentius
1571 2092 1602 2118 et

851 2126 1046 2170 petulantius
1062 2128 1293 2170 spargebantur
1306 2127 1459 2160 dicteria:
1487 2139 1603 2161 nomen

852 2176 1014 2202 traxerunt
1029 2181 1048 2202 a
1065 2171 1242 2208 Fescennia,
1257 2170 1375 2213 oppido
1389 2171 1535 2207 Etruriae,
1546 2172 1601 2203 ubi

851 2213 995 2244 carmina
1014 2213 1171 2255 nuptialia
1192 2214 1321 2245 inventa
1341 2224 1410 2245 esse
1430 2214 1600 2246 dicuntur:

851 2256 913 2287 vid.
929 2257 1018 2288 Serv.
1034 2257 1074 2286 ad
1090 2257 1183 2298 Virg.
1199 2258 1280 2288 AEn.
1296 2256 1351 2292 vii,
1367 2258 1432 2288 695
1446 2269 1454 2295 ;
1479 2258 1600 2289 Catuli.

851 2299 909 2335 lxi,
924 2301 979 2336 27,
997 2299 1080 2331 hanc
1099 2299 1259 2331 licentiam
1276 2306 1370 2331 vocat
1388 2300 1603 2332 Fescennium

852 2343 1053 2374 locutionem:
1078 2342 1119 2373 cf.
1136 2342 1207 2373 Liv.
1224 2342 1280 2379 vii,
1298 2343 1330 2373 2.

900 2386 972 2416 147.
1003 2386 1209 2417 Recurremes
1235 2396 1290 2426 per
1320 2396 1426 2422 annos,
1451 2396 1507 2428 pro
1533 2386 1603 2418 vul-

853 2427 932 2469 gari,
962 2429 1146 2470 quotannis.
1196 2429 1341 2470 Accepta,
1375 2435 1463 2470 grata
1491 2434 1523 2461 et
1550 2430 1603 2472 ju-

853 2472 970 2503 cunda.

900 2515 973 2550 148.
993 2515 1067 2546 149.
1093 2515 1194 2546 Saevus
1211 2517 1315 2563 jocus,
1335 2515 1450 2547 acerba
1474 2514 1604 2546 maledi-

854 2556 948 2588 cendi
966 2537 1079 2588 libido.
1125 2557 1190 2593 Sic,
1206 2557 1261 2598 qui
1277 2558 1310 2588 in
1326 2558 1471 2600 quemvis
1489 2568 1603 2600 oppro-

855 2599 923 2631 bria
937 2599 1040 2641 fingit,
1055 2610 1126 2642 sup.
1144 2599 1285 2641 Episni‚
1300 2601 1350 2638 15,
1364 2602 1418 2638 30,
1435 2611 1549 2637 saevus;
1573 2607 1605 2632 et

858 2643 970 2674 Venus
985 2642 1048 2673 Od.
1064 2645 1087 2679 i,
1105 2644 1158 2680 33,
1177 2644 1229 2678 12.
1235 2642 1360 2684 formas
1380 2640 1472 2685 otene
1491 2645 1606 2674 animos

855 2686 1008 2728 subjuga
1029 2697 1123 2717 aenea
1141 2686 1222 2717 Saevo
1244 2688 1365 2718 mittere
1385 2698 1454 2718 cum
1466 2689 1539 2727 joco
1557 2685 1606 2716 di-

855 2727 952 2759 citur.

901 2771 975 2802 150.
1003 2771 1137 2802 Cruento
1163 2772 1263 2802 dente.
1314 2772 1398 2803 Dens
1426 2781 1606 2803 accommo-

856 2812 930 2845 date
963 2813 1004 2844 ad
1039 2819 1164 2856 tropum
1195 2813 1314 2845 dicitur
1342 2821 1500 2851 cruentus,
1530 2814 1606 2856 quia

856 2856 960 2888 dentis
986 2867 1108 2887 morsus
1128 2856 1309 2888 vulneratos
1333 2863 1501 2888 cruentat:
1535 2867 1607 2898 sup.

859 2898 961 2942 Epod.
977 2899 1010 2934 6
1027 2901 1079 2935 15,
1098 2899 1325 2932 maledicentes
1343 2908 1412 2932 atro
1435 2900 1523 2930 dente
1545 2900 1606 2929 ali-

859 2953 945 2984 quem
959 2948 1059 2982 petere
1073 2941 1236 2974 dicuntur.

905 2986 1092 3017 151—153.
1116 2985 1259 3022 Intactis,
1274 2983 1414 3015 nondum
1428 2984 1521 3015 dente
1537 2993 1608 3014 cru-
