1884 3288
669 202 895 247 LIBER
926 202 1009 255 111,
1040 205 1080 247 9.

385 306 519 350 Multi
540 306 682 362 Lydia
701 306 886 348 nominis

441 375 640 418 Romana
659 375 778 431 vigui
798 373 955 417 clarior
976 373 1068 416 Ilia.

1562 203 1637 248 151

745 511 989 540 HORATIUS.

384 582 462 624 Me
482 597 600 625 nunc
620 582 819 625 Thressa
840 581 979 625 Chloe
1000 579 1128 638 regit,

254 677 257 679 -
298 649 352 692 10
439 649 606 692 Dulces
628 651 759 693 docta
778 651 948 700 modos,
971 657 1016 692 et
1037 650 1218 692 citharae
1239 651 1405 694 sciens:

384 718 475 760 Pro
496 734 582 775 qua
601 734 689 761 non
708 726 898 760 metuam
918 719 1041 769 mori,

442 786 489 828 Si
508 793 690 842 parcent
710 787 863 828 animae
884 786 974 828 fata
996 787 1238 843 superstiti.

788 924 943 953 LYDIA.

254 1016 266 1033 ι
382 989 459 1033 Me
481 997 618 1033 torret
637 990 732 1032 face
753 998 905 1032 mutua

440 1059 631 1101 Thurini
652 1056 806 1100 Calais'
816 1058 932 1100 filius
955 1059 1136 1114 Ornyti:

300 1126 352 1168 15
383 1126 472 1169 Pro
493 1142 580 1182 quo
601 1127 667 1169 bis
689 1127 830 1182 patiar
850 1127 974 1177 mori,

440 1195 488 1237 Si
508 1203 688 1252 parcent
709 1210 847 1251 puero
868 1195 958 1237 fata
980 1196 1220 1251 superstiti.

745 1333 992 1362 HORATIUS.

383 1398 506 1446 Quid
527 1400 543 1440 ?
574 1399 609 1440 si
631 1399 772 1454 prisca
793 1398 909 1440 redit
930 1397 1102 1448 Venus,

439 1466 748 1522 Diductosque
763 1467 874 1522 jugo
896 1467 1014 1522 cogit
1035 1468 1203 1508 aeneo?

381 1535 429 1576 Si
448 1534 561 1577 flava
579 1535 801 1577 excutitur
823 1533 975 1585 Chloe,

294 1603 352 1644 20

93 1724 182 1768 pient
197 1724 296 1769 hujus
311 1725 679 1758 mellitissimixcarminis
698 1727 842 1759 dulcedi-

93 1777 179 1806 nem,
194 1779 292 1811 quam
306 1769 450 1802 certatim
471 1770 636 1813 propinare
654 1770 844 1802 studuerunt

93 1809 297 1856 interprtees.

140 1855 237 1887 1—-4,
261 1856 380 1887 Gratus
394 1867 477 1887 eram
499 1857 567 1892 tibi,
583 1856 672 1887 suavi
688 1855 843 1899 simplici-

94 1900 160 1929 tate
175 1908 246 1942 pro,
259 1908 279 1930 a
291 1903 323 1930 te
337 1900 476 1930 amabar.
523 1900 640 1935 Potior,
662 1899 741 1930 mihi
763 1910 842 1942 prae-

93 1939 202 1980 latum
232 1940 394 1982 eleganter
420 1941 518 1978 enim,
548 1943 604 1984 qui
629 1942 765 1985 potiores
791 1942 842 1973 vel

115 1982 213 2016 riores
233 1990 338 2027 partes
359 1984 444 2034 apud
466 1985 604 2028 puellam
625 1985 763 2027 aliquam
785 1985 842 2016 ha·

137 2031 162 2062 t.
177 2029 346 2068 potiorem
360 2027 477 2059 dicitur
492 2039 499 2058 :
525 2027 582 2059 inf.
600 2029 703 2071 Epod.
723 2029 772 2063 15,
789 2029 840 2063 13,

95 2067 180 2100 Nam
200 2071 227 2100 ιι·
247 2071 320 2112 quid
340 2072 374 2102 in
391 2070 501 2102 Flacco
517 2073 577 2102 viri
595 2078 650 2109 est,
670 2071 738 2102 Non
751 2071 841 2112 „feret

94 2113 233 2144 amidam
243 2114 356 2155 potiori
373 2119 400 2144 te
414 2115 488 2145 dare
505 2121 618 2145 noctes.-
642 2114 685 2146 cf.
699 2115 757 2145 inf.
773 2116 840 2145 Sat.

92 2153 129 2190 ii,
145 2155 179 2193 5,
195 2155 258 2187 76:
281 2155 345 2188 vid.
361 2156 563 2188 Brouckhus.
579 2156 619 2188 ad
631 2157 751 2189 Tibull.
766 2157 788 2194 i,
805 2159 838 2193 5,

15 2237 17 2239 ι
93 2197 150 2229 68.
203 2197 258 2237 Sic
287 2211 307 2231 ne
329 2199 450 2231 είσσων
486 2210 503 2230 a
529 2199 572 2230 ud
610 2200 740 2232 Callim.
779 2201 840 2242 Ep.

41 2261 44 2265 -
93 2239 183 2278 xxvi,
203 2241 238 2272 2.
312 2244 393 2285 igni,
418 2242 498 2284 signi
522 2249 632 2274 canter
655 2253 710 2285 pro
737 2243 838 2280 tenui,

93 2280 154 2326 fui,
183 2282 260 2316 vixi.
305 2285 471 2316 Persarum
500 2297 594 2326 rege.-
622 2286 692 2328 jam
720 2292 841 2318 veteres

58 2336 70 2351 1
91 2328 249 2369 ultumam
284 2326 466 2360 felicitatem
503 2339 578 2360 cum
613 2339 722 2370 regum
757 2336 841 2361 sorte

0 2372 32 2419 Ξ
50 2374 272 2414 §amparare
295 2370 459 2403 solebant:
489 2371 554 2403 vid.
576 2371 711 2404 Mitsch.
755 2373 839 2405 Cum

13 2404 220 2454 ἷ’·.11ιο“ἱοοῑιι
249 2419 356 2446 autem
385 2414 491 2457 posuit
521 2415 692 2447 Persarum
720 2417 838 2457 re’gem,

31 2457 32 2460 ’
59 2487 83 2501 ὓ,
103 2455 127 2462 ’
210 2457 379 2489 Persarum
408 2458 498 2499 reges
531 2458 777 2501 opulentissimi,
808 2465 841 2490 et

55 2504 67 2527 ί
87 2502 138 2535 ’,Ἅι
158 2498 237 2533 ¹inu:
268 2510 385 2536 rerum,
413 2500 447 2532 in
478 2511 612 2542 quarum
643 2502 840 2544 possessione

91 2540 114 2549 ⁴*
157 2558 163 2579 ς
179 2557 183 2570 ·
205 2542 327 2575 censeri
341 2543 423 2575 solet
434 2543 576 2575 humana
588 2544 734 2583 felicitas,
749 2545 842 2588 copia

64 2623 65 2626 Ἰ
104 2600 117 2622 t
142 2598 158 2609 ··
181 2585 326 2619 ctissimi
340 2587 438 2619 fuere.

2 2651 7 2654 .
48 2622 76 2676 4:
86 2634 92 2638 ’·
111 2627 237 2670 ,κῦμ’-8.
258 2628 328 2661 Nem
342 2630 407 2661 alia
419 2631 515 2672 magis
529 2631 653 2666 Arsisti,
669 2639 732 2661 non
745 2629 840 2661 aliam

143 2711 146 2714 ψ
253 2672 418 2704 ardentius
436 2673 585 2704 amabas:
611 2673 651 2704 de
667 2673 840 2708 locutione,

13 2747 16 2748 γ
160 2719 162 2723 ’
217 2715 322 2758 aliqua
338 2726 406 2759 pro,
430 2716 538 2747 ardere
560 2716 601 2747 ob
622 2715 774 2758 aliquam,
799 2717 842 2748 cf.

7 2769 10 2771 ’
43 2753 167 2808 .=f¹12”52'·.
182 2757 224 2791 nd
241 2757 277 2796 ii,
300 2761 332 2797 4,
352 2760 385 2791 7.
429 2759 579 2791 Ceterum
599 2760 743 2795 observa,
761 2770 840 2802 quo-

66 2794 114 2809 “⁶
133 2800 148 2811 ²
179 2817 182 2827 ι
210 2801 315 2844 Lydia
333 2811 406 2834 cum
429 2801 562 2833 Horatio
583 2801 617 2832 in
637 2801 749 2834 eadem
770 2813 842 2834 sen-

7 2804 176 2851 ἰ

75 2836 92 2854 '
162 2858 186 2869 ν·
211 2844 338 2886 gravius
356 2844 516 2877 efferenda
534 2850 644 2876 certat.
691 2845 842 2877 Horatius

78 2862 82 2867 ,
91 2854 97 2873 1
128 2853 130 2856 “
140 2861 142 2869 ι

24 2911 26 2913 »
64 2883 173 2931 ⁸,
205 2891 232 2924 t,
249 2886 352 2920 Donet·
363 2894 474 2931 gratus
488 2899 571 2920 eram
593 2890 662 2924 tibi,
686 2900 741 2920 nec
761 2891 841 2930 quis-

54 2956 68 2968 *
136 2947 138 2949 v
170 2931 180 2934 ”’
198 2932 311 2972 potior,
333 2937 408 2964 cett.
422 2937 455 2963 at
470 2930 575 2974 Lydia
599 2932 699 2962 multo
717 2931 842 2970 fortius,

84 2970 94 2981 ⁴¹
121 2978 125 2988 '
217 2984 278 3006 non
296 2975 361 3006 alia
375 2976 472 3017 magis
489 2976 613 3006 Arsi-sti.
659 2975 762 3016 Neque
777 2983 844 3007 emt

214 3022 277 3056 poet
294 3017 418 3055 Chloen,
435 3028 539 3059 neque
556 3028 616 3060 ego
635 3019 845 3061 postponebat

439 1602 725 1658 Rejectaeque
746 1609 868 1658 patet
883 1603 1020 1658 janua
1041 1601 1195 1656 Lydiae
1212 1603 1228 1643 2

889 1726 1002 1759 Chloae
1017 1740 1023 1758 z
1050 1726 1202 1758 Horatius
1216 1725 1402 1768 simpliciter
1420 1725 1554 1762 dixerat,
1572 1726 1637 1758 Nec

888 1772 1043 1811 quisquam
1059 1772 1168 1810 potior,
1186 1775 1219 1800 at
1234 1769 1336 1811 Lydia
1351 1769 1420 1811 ipso
1437 1769 1563 1800 nomine
1579 1779 1636 1812 ap-

888 1812 986 1854 pellat
1010 1813 1149 1855 puellam
1176 1813 1210 1843 in
1240 1823 1346 1844 amore
1373 1811 1433 1843 sibi
1458 1812 1636 1854 praelatam.

889 1855 988 1887 Multi
1008 1856 1110 1897 Lydia
1127 1858 1268 1892 nominis,
1292 1865 1351 1896 ego
1373 1855 1481 1897 puella
1503 1855 1638 1887 nobilis-

887 1898 980 1935 sima,
1003 1909 1022 1930 a
1041 1899 1239 1930 nobilissimo
1258 1899 1383 1930 scilicet
1402 1903 1496 1939 poeta
1518 1903 1637 1935 amata,

886 1947 919 1972 et
933 1942 974 1973 ab
990 1942 1099 1973 eodem
1115 1941 1310 1972 carminibus
1326 1940 1485 1972 celebrata
1498 1951 1506 1979 ;
1530 1940 1637 1984 Lydia

887 1989 994 2016 autem
1011 1985 1058 2016 bis
1071 1995 1186 2016 nomen
1202 1994 1295 2015 suum
1310 1993 1378 2026 pro,
1392 1993 1464 2024 ego,
1477 1990 1635 2025 repetenS,

885 2033 1021 2059 venuste
1029 2033 1062 2059 et
1068 2027 1180 2059 acerbe
1190 2037 1316 2058 monere
1324 2026 1447 2058 videtur
1456 2027 1637 2065 Horatium,

886 2075 920 2100 ut
936 2069 1023 2102 illius
1039 2070 1201 2113 temporis,
1215 2081 1280 2112 quo
1295 2080 1382 2111 saepe
1395 2069 1503 2111 Lydiae
1519 2080 1636 2102 nomen

885 2114 917 2144 in
934 2123 986 2145 ore
1009 2113 1165 2150 habuerit,
1181 2119 1213 2145 et
1235 2118 1410 2143 amatorum
1431 2123 1527 2151 more,
1545 2113 1635 2145 iden-

884 2155 982 2187 tidem
1001 2155 1171 2199 repetierit,
1193 2155 1375 2187 memoriam
1394 2155 1524 2188 recolat.
1572 2157 1634 2188 Ro-

884 2210 975 2230 mana
989 2196 1069 2231 Ilia.-
1091 2200 1125 2230 in
1136 2198 1373 2242 comparatione
1386 2209 1514 2241 quoque
1529 2199 1634 2232 Hora·

883 2241 962 2273 tium
983 2241 1085 2274 vincit
1102 2242 1216 2285 Lydia,
1233 2253 1306 2284 quae
1325 2252 1398 2273 cum
1421 2242 1534 2274 Romae
1557 2253 1634 2275 con-

884 2284 994 2316 ditoris
1023 2292 1133 2322 matre,
1165 2285 1238 2325 Ilia,
1267 2295 1301 2316 se
1324 2295 1512 2327 comparans
1538 2286 1635 2328 longe

885 2328 1020 2360 Horatio
1049 2339 1121 2360 cum
1152 2329 1322 2360 Persarum
1352 2338 1426 2369 rege
1452 2335 1635 2372 comparato

884 2378 1014 2414 apparet
1027 2371 1200 2413 augustior.

926 2415 1046 2446 9—12.
1078 2415 1194 2457 Regu.-
1226 2414 1367 2446 suaviter
1390 2416 1458 2463 regi
1484 2414 1636 2448 dicuntur

884 2463 1051 2494 amatores,
1072 2459 1128 2500 qui
1153 2457 1193 2489 ad
1216 2464 1331 2489 nutum
1350 2457 1487 2489 domxnae
1511 2469 1578 2490 suae
1600 2470 1634 2492 se

885 2507 1104 2543 componunt;
1127 2502 1252 2533 cithara·
1274 2503 1380 2537 sciens,
1397 2500 1521 2538 Graece,
1539 2502 1632 2534 κιΘά·

885 2555 950 2585 ρας
971 2543 1091 2576 εἰδυῖα.
1136 2545 1267 2580 Animae.
1289 2543 1414 2579 Chloae,
1436 2546 1544 2576 animae
1565 2557 1634 2578 meae.

887 2587 941 2629 (ut
954 2597 1024 2630 sup.
1037 2587 1058 2625 i,
1074 2589 1106 2624 3,
1118 2588 1137 2618 8
1150 2586 1470 2629 Homtiusloquitur)
1485 2590 1632 2620 dimidio.-

885 2630 926 2661 cf.
951 2641 1022 2673 sup.
1044 2630 1078 2669 ii,
1103 2631 1155 2667 17,
1179 2633 1210 2662 5.
1266 2630 1386 2662 Eodem
1414 2630 1633 2663 blandimento

886 2673 1012 2709 Cicero,
1036 2674 1099 2716 Ep.
1122 2674 1162 2704 ad
1186 2673 1263 2704 Div.
1287 2673 1352 2710 xiv,
1378 2674 1430 2709 14,
1454 2674 1634 2707 Terentiam

884 2721 916 2748 et
937 2716 1111 2748 Tulliolam
1128 2718 1246 2748 animas
1258 2727 1328 2748 suas
1342 2721 1448 2747 vocat.

934 2760 1072 2791 13—16.
1096 2760 1150 2791 Me
1166 2766 1259 2790 torret
1264 2759 1342 2802 face
1356 2766 1477 2790 mutua.
1511 2760 1634 2792 Torreri

885 2802 924 2834 de
950 2803 1037 2843 gravi
1063 2803 1179 2834 amoris
1202 2808 1296 2838 aestu,
1317 2802 1360 2834 cf.
1380 2812 1453 2844 sup.
1474 2802 1497 2839 i,
1523 2804 1576 2840 33,
1601 2806 1633 2841 5,

885 2844 946 2877 inf.
961 2846 1008 2885 iii,
1026 2847 1076 2883 19,
1093 2847 1156 2885 20;
1179 2846 1281 2877 multo
1295 2845 1397 2887 major
1410 2844 1508 2886 igitur
1525 2846 1634 2888 Lydiae

886 2888 991 2920 verbis
1014 2889 1060 2920 vis
1082 2889 1176 2926 inest,
1199 2899 1296 2932 quam
1321 2888 1459 2924 Horatii,
1486 2889 1537 2919 Me
1551 2901 1635 2921 nnnc

890 2932 1015 2963 Thressa
1047 2933 1139 2964 Chloe
1168 2934 1263 2974 regit.
1326 2932 1470 2969 Thurini,
1502 2931 1635 2972 Thurio,

888 2975 1042 3007 Lucaniae
1058 2974 1187 3018 oppido.
1206 2973 1345 3006 oriundi.
1391 2974 1444 3005 Bis
1461 2976 1546 3012 mori,
1564 2975 1633 3006 Ho-

887 3018 987 3050 ratius
1001 3018 1189 3061 simpliciter
1202 3020 1277 3049 mori
1289 3017 1423 3048 dixerat.
