1884 3288
100 1587 326 1620 sacrificiomm
342 1587 542 1631 splendorem
556 1593 588 1620 et
605 1587 851 1630 amplitudinem

631 193 702 239 LI
713 193 751 235 B
762 193 803 235 E
813 191 858 234 R
888 191 972 242 III,
1003 192 1073 232 23.

440 299 489 342 Si
509 305 606 340 ture
625 295 812 352 placaris
834 300 879 336 et
900 293 1040 336 horna

495 365 643 420 Fruge
665 363 820 413 Lares,
843 362 1058 417 avidaque
1079 376 1236 417 porca:

323 436 352 477 5
381 434 480 476 Nec
501 431 777 488 pestilentem
799 431 957 472 sentiet
977 429 1178 472 Africum

381 501 590 544 Fecunda
611 500 723 550 vitis,
746 514 827 541 nec
848 497 1038 540 sterilem
1061 513 1187 553 seges

439 569 720 624 Robiginem,
742 574 818 610 aut
839 566 990 609 dulces
1012 565 1173 608 alumni

498 635 720 678 Pomifero
741 650 873 691 grave
895 642 1067 690 tempus
1089 649 1218 676 anno.

383 704 514 755 Nam,
537 719 636 759 quae
657 702 787 745 nivali
807 703 1001 758 pascitur
1022 700 1188 758 Algido

301 773 354 815 10
383 772 559 815 Devota
579 787 768 827 quercus
789 772 904 812 inter
925 777 970 812 et
989 769 1126 821 ilices,

439 840 534 883 Aut
554 841 710 899 crescit
731 838 917 881 Albanis
939 839 984 880 in
1005 838 1172 888 herbis,

497 907 701 958 Victima,
723 907 982 963 pontificum
1003 921 1180 948 secures

383 977 565 1019 Cervice
586 976 770 1032 tinguet.
833 974 903 1016 Te
925 974 1032 1016 nihil
1054 975 1209 1016 attinet

384 1042 580 1085 Tentare
602 1043 736 1085 multa
755 1043 878 1085 caede
898 1043 1143 1085 bidentium

305 1111 356 1153 15
445 1110 611 1153 Parvos
633 1118 911 1153 coronantem
933 1111 1099 1152 marino

505 1179 628 1222 Rore
650 1180 757 1222 deos
780 1178 1012 1235 fragilique
1035 1186 1188 1234 myrto.

387 1247 596 1289 Immunis
617 1262 735 1289 aram
757 1247 792 1288 si
814 1248 958 1302 tetigit
978 1262 1147 1297 manuS,

390 1314 497 1356 Non
520 1322 746 1356 sumtuosa
765 1315 967 1356 blandior
988 1314 1134 1356 hostia

446 1381 637 1425 Mollivit
656 1397 832 1424 aversos
855 1383 1046 1424 Penates

303 1452 361 1494 20
508 1451 644 1493 Farre
664 1451 739 1507 pio
760 1457 805 1492 et
827 1450 1007 1493 saliente
1029 1451 1152 1493 mica.

1557 193 1638 234 177

101 1630 357 1674 respicientibus,
369 1631 519 1663 obtulerit
530 1641 675 1665 munera,
687 1637 749 1662 tam
762 1642 852 1673 agro-

101 1683 172 1706 rum
187 1674 450 1711 incolumitatem,
461 1685 555 1716 quam
569 1674 702 1717 pecudis
716 1674 854 1705 salubri-

103 1722 212 1754 tatem,
236 1727 359 1760 sperare
379 1718 485 1760 jubet.
532 1719 582 1749 En
607 1717 792 1760 praeelaram
817 1717 856 1748 de

104 1759 236 1792 deorum
257 1766 362 1792 ruente
381 1760 593 1792 sententiam!
619 1761 652 1790 in
672 1760 766 1802 cujus
785 1760 854 1801 qui-

103 1802 176 1836 dem
195 1804 382 1835 tractatione
397 1810 520 1846 poetam
532 1803 689 1846 quendam
705 1805 855 1835 Graecum

106 1847 241 1878 Horatio
279 1846 450 1889 praeivisse,
482 1847 532 1879 vel
563 1856 680 1878 nomen
720 1846 856 1888 Phidyle

106 1889 219 1922 docere
234 1896 349 1933 potest.

153 1934 250 1965 1—8.
271 1933 423 1972 Supinas:
452 1932 601 1964 manibus
623 1932 708 1964 enim
732 1942 856 1963 sursum

107 1976 258 2020 expansis
273 1975 450 2018 antiquitus
462 1977 584 2018 precari
597 1976 744 2007 solebant
757 1986 766 2015 ;
782 1974 857 2006 hinc

106 2018 334 2062 ὑπτιάσματα
349 2022 476 2062 χειρῶν
497 2019 583 2062 apud
609 2018 725 2050 AEsch.
751 2018 859 2048 Prom.

110 2063 219 2094 1004:
253 2061 296 2094 cs.
320 2062 523 2104 Interpretes.
576 2062 726 2093 Nascente
755 2061 858 2098 Luna,

109 2104 286 2142 novilunio,
306 2105 357 2137 vel
377 2104 531 2136 Calendis
545 2104 702 2147 cujusque
722 2103 861 2143 mensis;

109 2148 316 2190 cogitandum
343 2147 464 2180 scilicet
490 2149 530 2180 de
557 2148 752 2190 temporibus
778 2146 860 2178 anti-

133 2191 287 2228 uioribus,
303 2190 360 2223 ubi
384 2201 489 2222 annus
510 2191 549 2222 ad
570 2191 656 2222 lunae
676 2200 804 2221 cursum
828 2189 861 2221 in

154 2235 278 2267 odeeim
301 2233 406 2266 adhuc
430 2244 555 2266 menses
576 2234 754 2276 descriptus
777 2233 859 2264 fuit:

110 2277 248 2310 laudant
262 2278 380 2310 Caton.
396 2277 437 2309 de
452 2277 496 2309 R.
512 2277 557 2309 R.
571 2288 601 2309 c.
618 2278 693 2309 143.
741 2277 861 2313 Herna,

110 2320 282 2353 hor-notius
296 2319 454 2364 (ὡραίᾳ),
470 2320 568 2363 hujus
589 2320 692 2363 ipsius
708 2319 784 2351 anni
799 2319 862 2362 pri-

106 2363 222 2397 mitiis.
266 2363 385 2396 Lares.-
408 2363 531 2396 Tibull.
547 2363 570 2400 i,
586 2365 618 2400 3,
635 2364 689 2402 34,
710 2363 862 2395 Reddita-

109 2414 170 2450 ’με
183 2409 310 2450 antiquo
324 2413 482 2438 menstrua
502 2407 596 2438 thura
612 2406 702 2438 Lari.
747 2408 862 2442 Avida,

20 2475 30 2491 a
111 2450 194 2483 refer
215 2449 257 2482 ad
278 2450 412 2482 vorandi
430 2449 626 2481 aviditatem.
673 2450 867 2480 Pestilentem

19 2496 42 2517 ''·
107 2493 262 2539 'Africum
274 2505 287 2531 ‚-
316 2492 435 2524 vitibus
460 2493 546 2524 enim
572 2492 717 2535 inprimis
740 2491 868 2534 pestifer

12 2508 38 2581 g
113 2535 166 2568 vel
192 2536 308 2569 noxius
334 2535 513 2568 habebatur
542 2535 645 2568 Africi
673 2535 723 2567 vel
755 2534 868 2566 Austri

111 2578 230 2613 flatum
265 2579 332 2611 vid.
355 2579 483 2610 Pallad.
508 2578 544 2616 ii,
570 2580 631 2610 13:
660 2579 703 2610 cf.
727 2579 869 2619 Boettig.

118 2621 311 2666 Rubiginem,
325 2621 439 2654 vitium
455 2621 540 2665 quod
557 2621 656 2663 segeti
675 2621 772 2653 nimio
793 2621 871 2653 solis

118 2668 200 2698 nutu
219 2665 440 2705 contrahitur3
469 2676 538 2702 nos,
562 2665 696 2702 Brund,-
722 2671 755 2695 at
776 2666 872 2696 uredo

111 2707 160 2740 *de
181 2718 220 2741 eo
237 2709 313 2740 vitio
332 2707 461 2746 dicitur,
481 2719 545 2751 quo
562 2718 653 2750 seges
671 2707 786 2748 frigore
802 2713 873 2739 usta

111 2751 353 2795 corrumpitur:
381 2752 424 2784 cf.
446 2751 587 2794 Boettig.
631 2751 785 2786 steritem,
809 2755 872 2782 ste-

121 2793 250 2827 tilitads
275 2804 420 2826 causam.
466 2795 582 2826 Dulces
609 2795 743 2830 alumni,
771 2793 871 2830 haedi,

121 2836 376 2924 :aazias
393 2837 873 2912 ¹5a3³³53321¹1255ffl5ffl25

161 2903 171 2912 .
488 2904 496 2917 ,
703 2903 712 2911 .
809 2894 825 2911 α
866 2903 874 2916 ,

122 2922 303 2956 valetudini
332 2924 373 2955 ob
395 2925 478 2955 aeris
507 2924 696 2966 gravitatem
718 2923 875 2965 pernicio-

126 2972 221 2999 nnt
254 2965 326 2998 Liv.
348 2966 396 3004 iii,
422 2967 455 3003 6,
481 2978 578 3010 grave
604 2974 720 3008 tempus
743 2973 772 2997 et
787 2967 878 3008 forn

127 3009 407 3051 cumpost-ileum
431 3015 464 3042 ot
479 3020 511 3042 c.
529 3011 562 3047 8,
580 3021 632 3042 seu
645 3010 788 3054 graviore
803 3015 877 3041 tem-

893 1599 968 1628 pore
989 1589 1066 1619 anm·
1085 1590 1158 1629 jam
1187 1589 1398 1626 circumacto;
1429 1593 1461 1621 et
1489 1598 1562 1627 xxv,
1595 1589 1650 1626 26,

898 1638 1028 1672 tempore
1042 1633 1213 1668 auctumni,
1229 1638 1256 1662 et
1274 1633 1344 1662 locis
1356 1639 1471 1663 natura
1481 1635 1649 1674 gravibus,

900 1680 932 1705 et
955 1674 1030 1705 hinc
1060 1675 1117 1706 inf.
1148 1675 1217 1706 Sat.
1247 1674 1281 1712 ii,
1306 1676 1336 1712 6,
1369 1676 1419 1711 19,
1440 1677 1547 1717 gravis
1576 1687 1651 1707 auc-

900 1723 1037 1748 tamnus.

943 1761 1063 1791 9—16.
1097 1761 1237 1792 Sensus:
1274 1759 1428 1791 lautiores
1465 1759 1563 1796 enirn,
1599 1759 1651 1792 vel

901 1813 1012 1845 porcos
1029 1803 1078 1834 vel
1100 1804 1208 1839 boves,
1230 1803 1434 1845 pontificibus
1449 1814 1504 1846 pro
1521 1802 1653 1846 publica.

901 1846 1005 1877 salute
1022 1846 1171 1877 convenit
1186 1853 1325 1878 mactare
1341 1846 1506 1886 victimas3
1530 1854 1564 1877 tu
1580 1855 1654 1877 vere

902 1899 966 1920 non
989 1900 1070 1931 opus
1094 1889 1192 1921 habes
1218 1890 1329 1920 multis
1358 1889 1494 1921 victimis
1521 1890 1653 1920 deorum

902 1931 960 1962 tibi
974 1932 1144 1963 conciliare
1155 1932 1302 1974 gratiam,
1316 1931 1488 1963 dummodo
1501 1932 1654 1963 corollam

901 1985 918 2005 e
936 1985 1002 2014 rore
1019 1975 1140 2006 marino
1157 1981 1189 2006 et
1203 1981 1304 2017 myrto
1321 1985 1434 2006 nexam
1451 1974 1576 2016 exiguis
1588 1976 1652 2006 La-

902 2017 985 2048 rium
1007 2018 1186 2050 simulacris
1206 2018 1408 2060 imposueris.
1451 2019 1586 2060 Algido.-
1611 2018 1654 2050 cs.
1682 2040 1688 2046 -

904 2071 974 2103 sup.
986 2060 1026 2092 ad
1044 2061 1065 2098 i,
1081 2063 1136 2097 21,
1149 2062 1180 2092 6.
1229 2062 1358 2098 Devota,
1374 2072 1420 2092 sc.
1439 2061 1480 2092 ad
1501 2060 1654 2093 sacrifici-

906 2115 981 2143 um;
1004 2106 1102 2136 devoti
1118 2110 1223 2135 autem
1242 2104 1282 2135 ad
1298 2103 1489 2136 sacrificium
1508 2106 1605 2144 porci,
1621 2109 1658 2136 ut

906 2146 1001 2179 docet
1014 2147 1097 2179 Cato
1108 2147 1147 2179 de
1163 2148 1205 2178 R.
1223 2147 1268 2178 R.
1284 2147 1319 2185 ii,
1338 2147 1360 2183 i,
1375 2148 1431 2184 20,
1447 2158 1557 2184 sacres,
1576 2150 1658 2179 boves

907 2197 1011 2222 autem
1041 2193 1132 2231 opimi
1156 2190 1413 2233 appellabantur.
1465 2192 1594 2222 Albanis
1624 2193 1659 2222 in

907 2234 1015 2270 herbis,
1027 2233 1060 2264 h.
1076 2244 1104 2265 e.
1122 2234 1250 2276 pascuis
1261 2233 1348 2266 circa
1365 2234 1485 2265 Albam
1501 2235 1659 2276 Longam.

910 2276 1045 2316 Cervice,
1060 2277 1217 2318 sanguine
1237 2287 1275 2308 ex
1290 2277 1357 2308 icta
1379 2276 1502 2309 cervice
1516 2287 1659 2319 prorum-

907 2326 1014 2362 pente.
1062 2320 1207 2363 Tinguet‚
1219 2319 1408 2357 maculabit,
1421 2319 1562 2351 inficiet:
1580 2321 1659 2353 Pro-

909 2369 990 2406 pert.
1006 2363 1050 2400 iv,
1067 2364 1098 2400 1,
1122 2365 1196 2399 111,
1222 2364 1308 2394 Idem
1332 2365 1575 2406 Agamemnoniae
1587 2363 1662 2406 fer-

909 2418 979 2437 rum
1002 2408 1118 2438 cervice
1130 2407 1240 2448 puellae
1258 2406 1384 2444 Tinait5
1408 2406 1499 2447 virg.
1516 2407 1598 2438 Geo.
1614 2405 1662 2444 iii,

911 2451 988 2485 492,
1006 2451 1051 2481 Ac
1075 2451 1124 2480 vix
1148 2451 1296 2490 suppositi
1319 2452 1488 2492 tinguntur
1509 2451 1663 2491 sanguine

912 2494 1030 2529 cultri‚·
1059 2492 1154 2524 Ovid.
1174 2492 1270 2523 Trist.
1293 2492 1336 2529 iv,
1353 2493 1384 2531 6,
1402 2493 1503 2528 Quam
1526 2495 1578 2525 cui
1601 2494 1663 2524 tela

911 2547 964 2567 suo
978 2539 1130 2578 sanguine
1145 2537 1243 2567 tincta
1260 2537 1382 2567 rubent.
1429 2535 1521 2566 Nihil
1539 2538 1664 2572 attinet,

913 2589 978 2610 non
992 2589 1073 2621 opus
1089 2585 1150 2615 est,
1175 2589 1238 2610 non
1263 2578 1425 2610 convenit.
1475 2579 1515 2610 Te
1538 2585 1667 2618 tentare,

914 2621 949 2653 h.
965 2633 994 2653 e.
1009 2622 1175 2658 lacessere,
1192 2621 1378 2658 sollicitare,
1395 2631 1441 2653 sc.
1455 2627 1492 2653 ut
1506 2621 1564 2654 tibi
1580 2622 1666 2654 fave·

916 2670 982 2697 ant.
1028 2665 1143 2696 Parvos
1161 2667 1250 2703 deos,-
1274 2666 1406 2696 deorum
1430 2665 1558 2696 Larium
1581 2664 1667 2697 enim

916 2708 1088 2740 simulacra
1108 2708 1225 2750 exigua
1247 2709 1348 2740 forma
1369 2708 1479 2749 effingi
1500 2709 1666 2740 solebant:

917 2751 960 2783 cf.
975 2748 1100 2783 Tibull.
1116 2751 1139 2790 i,
1158 2753 1210 2789 10,
1230 2752 1282 2783 17.
1329 2751 1490 2787 Colorem,
1508 2758 1544 2782 ut
1563 2751 1668 2783 obser-

916 2801 970 2826 vat
985 2794 1037 2826 Cl.
1054 2794 1191 2826 Mitscli.
1207 2804 1246 2825 ex
1261 2794 1394 2826 Horatio
1409 2794 1502 2826 duxit
1517 2794 1671 2827 Juvenal.

918 2837 962 2876 ix,
980 2838 1054 2875 137,
1074 2838 1100 2869 Ο
1115 2839 1204 2879 parvi
1221 2840 1374 2880 nostrique
1394 2838 1499 2873 Lares,
1515 2849 1585 2880 quos
1602 2844 1670 2868 ture

919 2883 1049 2917 minuto,
1076 2882 1142 2913 Aut
1158 2881 1267 2925 jai-re,
1291 2888 1321 2912 et
1345 2883 1431 2913 tenui
1453 2882 1528 2912 soleo
1550 2890 1673 2911 exorare

921 2936 1043 2956 corona.

968 2967 1108 2998 17-20,
1129 2966 1275 2999 immunis
1289 2978 1376 2998 aram
1392 2967 1418 2997 si
1434 2967 1536 3007 tetigit
1554 2975 1674 3003 manu-s,

922 3015 998 3042 cett.
1012 3022 1019 3041 z
1041 3009 1155 3052 junge,
1172 3010 1205 3041 Si
1219 3021 1327 3042 manus
1344 3010 1562 3051 immunis(sc.
1573 3007 1674 3040 scele-

891 3064 912 3084 N
