1884 3288
315 197 394 237 166

859 198 1254 241 CARMINUM

538 298 698 339 Nudus
721 306 858 341 castra
877 307 993 354 peto,
1015 308 1058 342 et
1078 300 1302 356 transfuga
1319 301 1496 343 divitum

877 366 1028 408 Partes
1048 367 1241 421 linquere
1262 368 1414 422 gestio,

454 431 509 471 25
541 429 777 472 Contemtae
798 433 992 474 dominus
1015 433 1279 488 splendidior
1301 435 1374 483 rei,

540 497 682 544 Quam
703 499 750 548 si,
773 500 983 554 quidquid
1003 507 1095 540 arat
1113 501 1295 554 impiger
1315 499 1532 554 Appulus,

539 563 770 605 occultare
790 566 893 606 meis
916 566 1080 606 dicerer
1100 566 1282 615 horreis,

877 631 1060 686 Magnas
1082 632 1192 672 inter
1214 646 1317 685 opes
1337 633 1475 685 inop5.

539 697 667 738 Purae
687 698 803 738 rivus
825 713 960 751 aquae,
983 697 1171 750 silvaque
1186 698 1387 752 jugerum

454 764 510 804 30
540 764 793 813 Paucorum,
817 771 859 805 et
883 765 1039 818 segetis
1061 771 1179 804 certa
1198 763 1308 804 fides
1330 778 1448 812 meae,

539 830 791 885 Fulgentem
812 831 988 884 imperio
1010 829 1160 870 fertilis
1180 830 1343 871 Africae

879 896 1018 936 Fallit.

1080 896 1206 937 Sorte
1226 897 1403 946 beatior,

540 963 811 1016 Quamquam
831 977 908 1004 nec
931 962 1125 1003 Calabrae
1146 961 1268 1003 mella
1288 962 1431 1003 ferunt
1451 977 1570 1017 apes,

538 1029 635 1070 Nec
658 1029 954 1084 Laestrygonia
977 1029 1173 1070 Bacchus
1194 1030 1236 1070 in
1258 1029 1462 1084 amphora

455 1095 510 1135 35
542 1094 805 1149 Languescit
825 1096 940 1145 mihi,
963 1110 1042 1137 nec
1063 1097 1236 1150 pinguia
1259 1095 1437 1137 Gallicis

879 1163 1090 1204 Crescunt
1110 1162 1266 1204 vellera
1285 1162 1477 1217 pascuis:

541 1229 791 1283 Importuna
810 1236 950 1270 tamen
972 1229 1206 1283 Pauperies
1228 1230 1376 1279 abest3

315 1349 453 1398 quirunt.
510 1348 566 1379 Nil
594 1350 779 1388 cupientium
811 1349 923 1379 Nudus
949 1355 1046 1379 castra

312 1396 400 1428 peto:
439 1400 506 1431 ego,
538 1390 592 1431 qui
622 1391 726 1421 nullas
754 1391 876 1421 divitias
906 1390 1047 1432 possideo

317 1431 464 1472 (nudus),
493 1432 604 1463 faciam
636 1443 708 1463 cum
736 1432 775 1462 iis
804 1433 859 1473 qui
888 1433 998 1474 pariter
1028 1443 1047 1463 a

317 1473 492 1505 divitiarum
532 1474 724 1515 possessione
763 1475 938 1505 abhorrent.
1005 1475 1047 1505 Et

318 1517 480 1557 transfuga
505 1518 632 1547 divitum
660 1517 765 1547 Partes
787 1518 920 1556 linquere
941 1519 1044 1557 gestio,

315 1563 347 1587 et
362 1557 472 1588 lubens
482 1558 650 1599 volensque
666 1569 713 1589 me
728 1569 746 1588 a
760 1558 890 1588 divitum
906 1559 1047 1600 partibus

316 1599 458 1640 sejungo.
505 1601 588 1631 Usus
607 1607 654 1631 est
674 1600 820 1630 Horatius
838 1601 1047 1631 locutionibus

317 1651 386 1682 quae
402 1641 542 1672 similiter
557 1642 635 1672 alias
647 1653 665 1672 a
677 1642 787 1672 militia
796 1642 835 1672 ad
847 1642 1046 1683 philosopho-

317 1693 385 1712 rum
398 1690 499 1714 sectas
515 1684 563 1714 vel
574 1684 758 1724 disciplinas
770 1684 925 1715 transferri
938 1685 1048 1715 solent.

318 1725 430 1756 Senec.
456 1725 556 1767 Epist.
577 1727 609 1760 2,
628 1727 710 1756 Soleo
728 1733 756 1756 et
778 1728 809 1756 in
829 1728 928 1757 alienu
951 1734 1050 1757 castra

317 1769 459 1802 transire,
484 1779 536 1798 nec
555 1774 697 1809 tanquam
719 1768 894 1810 transfuga,
911 1771 959 1799 sed
978 1775 1047 1799 tan-

317 1820 404 1848 quam
414 1811 593 1848 explorator.
631 1811 788 1841 Contemta·
801 1812 936 1840 dominus
949 1812 1048 1850 splen-

316 1853 417 1881 didior
440 1854 493 1888 rei,
519 1852 616 1886 Quam
637 1854 673 1889 si,
698 1854 843 1893 quidquid
870 1859 951 1890 urat,
977 1858 1050 1884 cett.

320 1893 512 1923 Sententiam
526 1894 558 1924 in
573 1894 828 1925 antecedentibus
839 1894 968 1935 positam
982 1906 1046 1925 arn-

318 1934 434 1975 plificat
449 1940 480 1965 et
494 1942 622 1966 exornat
637 1935 749 1976 magis.
787 1937 902 1967 Sensus
917 1949 923 1966 :
949 1937 1048 1967 multo

318 1976 427 2017 majori
439 1977 515 2007 mihi
525 1978 607 2008 cedit
619 1977 736 2014 honori,
748 1978 832 2019 quod
846 1988 908 2008 rem
924 1984 1047 2009 tenuem

317 2025 350 2049 et
367 2020 406 2048 ab
426 2018 496 2049 aliis
513 2026 698 2050 couiemlam
713 2030 781 2050 meo
801 2020 929 2062 imperio
950 2021 1048 2062 subji-

319 2070 388 2092 cere
402 2060 510 2097 didici,
524 2071 618 2102 quam
630 2061 655 2092 si
670 2072 718 2092 res
729 2062 831 2103 ampla
843 2072 891 2092 me
905 2073 960 2092 suo
973 2064 1047 2093 sub-

316 2102 427 2142 jiceret
442 2102 569 2144 imperio
584 2115 592 2142 3
617 2103 646 2134 b.
662 2114 691 2134 e.
709 2105 860 2134 tenuitate
882 2114 951 2134 mea
973 2115 1048 2135 con-

319 2149 424 2175 tentus
441 2145 531 2185 longe
549 2145 664 2176 beatior
678 2156 745 2176 sum
760 2145 869 2181 divite,
889 2146 943 2186 qui
963 2156 1048 2187 mag-

321 2196 378 2216 nas
407 2186 486 2218 inter
513 2198 586 2228 opes
618 2188 715 2218 multa
747 2187 850 2218 adhuc
886 2187 1047 2219 desiderat.

320 2228 388 2259 Alii
409 2230 513 2266 verba,
539 2230 697 2260 Conlemtae
715 2231 849 2259 dominus
867 2231 1050 2268 splendidior

320 2274 375 2305 rei.
390 2271 560 2312 explicant,
584 2276 605 2289 ¹‘
623 2271 747 2301 divitias
761 2271 987 2302 contemnendo
1004 2272 1048 2302 lo-

321 2312 472 2355 cupletior
500 2323 567 2344 sum
593 2313 748 2348 dominuS,
771 2323 864 2355 quarn
893 2313 951 2350 si,”
974 2320 1048 2344 cett.

322 2355 383 2385 Sed
401 2366 470 2386 cum
492 2362 637 2386 contemta
652 2367 697 2386 res
712 2356 853 2396 opposita
868 2356 908 2386 sit
923 2356 1048 2397 amplis-

321 2396 466 2427 simorum
485 2397 716 2428 latifundiorum
730 2397 893 2433 messibus,
911 2408 967 2428 uec
982 2399 1048 2428 Ho-

321 2439 417 2469 ratius
431 2439 619 2477 divitiarum,
634 2449 712 2481 quas
728 2439 934 2474 contemserit,
950 2439 1050 2470 domi-

323 2491 382 2511 nus
402 2481 505 2516 suerit,
525 2493 585 2512 rem
608 2488 782 2512 contemtum
799 2482 838 2512 de
860 2491 898 2512 ea
919 2492 988 2523 quae
1011 2483 1050 2513 ab

323 2522 392 2554 aliis
410 2524 629 2561 contemnitur,
648 2524 680 2554 h.
695 2535 723 2554 e.
749 2533 853 2565 parva,
875 2524 973 2558 tenui,
998 2535 1049 2555 ex-

322 2564 437 2606 plicare
459 2571 606 2607 praestat:
627 2567 822 2605 splendidior,
845 2566 928 2607 quod
951 2565 977 2596 is
996 2566 1050 2607 qui

323 2607 433 2648 paucis
446 2613 611 2639 contentus
625 2615 682 2643 est,
699 2607 860 2649 sapientiae
875 2607 971 2646 gloria
985 2619 1049 2638 ma-

322 2649 369 2690 gis
390 2649 536 2691 effulget:
560 2651 704 2690 quidquid
721 2657 801 2686 arat,
817 2650 969 2691 quidquid
988 2650 1049 2681 fru-

323 2697 495 2723 mentorum
511 2702 548 2723 ex
563 2692 658 2723 cultis
670 2692 752 2733 agris
762 2692 890 2733 colligit.
921 2693 1051 2732 Magnas

321 2735 400 2764 inter
424 2745 488 2774 opes
514 2737 615 2774 inops:
649 2734 791 2764 similiter
821 2735 929 2764 Senec.
954 2735 1049 2766 Herc.

324 2777 396 2807 Fur.
419 2777 489 2811 166,
508 2786 632 2807 avarum
655 2775 780 2806 divitem
802 2787 958 2815 pauperem
981 2787 1049 2806 con—

320 2825 401 2860 gesto
422 2821 454 2849 in
476 2830 551 2850 auro
573 2818 671 2848 dixit:
710 2818 751 2848 cf.
777 2818 906 2848 Mitsch.
937 2824 968 2848 et
996 2819 1051 2849 int'.

323 2860 425 2903 Epist.
441 2860 463 2897 i,
480 2861 512 2897 2,
529 2862 580 2898 56,
595 2871 706 2900 semper
718 2871 828 2890 avarus
841 2866 918 2907 eget.

364 2903 503 2933 29-44.
525 2903 640 2934 Sensus
659 2908 690 2933 et
706 2912 819 2932 nexust
843 2901 1051 2943 liquidissima

322 2945 375 2976 illa
398 2944 551 2987 voluptas,
571 2955 633 2987 qua
656 2955 712 2986 ego
733 2943 780 2975 vel
803 2954 878 2987 puro
902 2943 975 2979 rivo,
1001 2945 1050 2976 vel

1090 1348 1177 1379 silvis
1193 1359 1363 1390 paucorum
1375 1348 1532 1390 jugerum,
1546 1347 1594 1379 vel
1609 1353 1693 1378 certo
1707 1345 1821 1387 segetis

1090 1401 1166 1421 meae
1196 1398 1344 1432 proventu
1371 1389 1548 1432 perfundor,
1574 1389 1651 1420 latet
1671 1399 1741 1420 eum
1764 1388 1820 1430 qui

1090 1432 1325 1463 latifundiorum
1352 1433 1384 1463 in
1411 1431 1503 1463 fertili
1527 1431 1638 1462 Africa
1661 1440 1694 1461 se
1718 1430 1820 1471 jactat

1090 1475 1347 1516 possessionibus,
1392 1475 1488 1504 Sortis
1505 1473 1599 1514 igitur
1621 1483 1696 1503 mete
1719 1472 1819 1504 felici.

1089 1522 1182 1547 tatem
1210 1527 1329 1547 mecum
1354 1522 1511 1557 reputans,
1535 1515 1638 1546 videor
1660 1524 1716 1555 ego
1743 1514 1820 1545 mihi

1089 1558 1244 1598 ejusmodi
1270 1558 1503 1588 latifundiorum
1529 1566 1703 1599 possessore
1727 1556 1820 1598 longe

1090 1600 1225 1634 beatior:
1249 1610 1438 1641 quamquam
1453 1599 1535 1630 enirn
1551 1609 1612 1630 non
1627 1609 1675 1634 ea,
1698 1597 1730 1629 in
1747 1599 1818 1639 qui-

1090 1642 1148 1672 bus
1179 1643 1272 1682 vulgo
1303 1647 1469 1673 censentur
1504 1641 1630 1677 divitia,
1666 1639 1820 1682 possideo,

1092 1683 1169 1714 nihil
1186 1690 1291 1715 tamen
1307 1684 1346 1714 ad
1361 1683 1433 1715 vitae
1448 1694 1539 1714 usum
1550 1682 1626 1714 mihi
1637 1683 1733 1718 deest,
1746 1688 1820 1714 cett.

1091 1726 1218 1757 Scilicet
1235 1737 1305 1758 cum
1327 1735 1418 1757 voces
1436 1726 1520 1756 Sorte
1540 1726 1652 1755 beatior
1667 1734 1728 1755 non
1746 1734 1818 1755 cum

1090 1768 1192 1798 verbis
1214 1767 1480 1805 antecedentibus,
1499 1767 1554 1798 sed
1578 1777 1648 1798 cum
1671 1770 1820 1808 sequente

1092 1810 1245 1841 sententia
1255 1810 1424 1851 jungendae
1435 1809 1561 1840 omnino
1569 1818 1635 1840 esse
1647 1808 1819 1845 videantur,

1092 1851 1372 1894 interpunctionem
1387 1851 1533 1893 majorem
1551 1855 1621 1893 post
1623 1851 1719 1893 fauit
1731 1860 1769 1882 eo
1784 1850 1820 1881 fi-

1092 1893 1216 1924 dentius
1231 1894 1330 1936 posui,
1345 1894 1430 1936 quod
1449 1893 1480 1924 in
1494 1893 1636 1928 eandem,
1656 1903 1726 1933 quae
1743 1892 1821 1923 mihi

1088 1935 1155 1976 jam
1185 1936 1258 1966 olim
1285 1941 1489 1971 succurrerat,
1513 1935 1597 1966 hunc
1623 1934 1727 1966 locum
1754 1940 1819 1965 tam

1090 1978 1303 2018 distinguendi
1333 1988 1427 2019 quam
1461 1976 1638 2020 explicandi
1670 1975 1821 2008 rationem

1093 2020 1329 2051 Wakefieldium
1345 2030 1468 2061 quoque
1481 2019 1626 2050 incidisse
1635 2017 1710 2048 vidi.
1734 2019 1819 2050 Nam

1090 2062 1144 2103 qni
1161 2072 1250 2093 voces
1263 2069 1339 2093 sorte
1353 2064 1464 2092 heatior
1480 2072 1550 2093 cum
1565 2059 1821 2092 antecedentibus

1088 2103 1216 2145 junctas
1229 2104 1267 2134 ad
1281 2105 1423 2135 Graecam
1438 2102 1586 2145 loquendi
1600 2101 1762 2137 rationem,
1774 2112 1820 2134 sc.

1092 2147 1151 2181 ὢν,
1175 2146 1235 2181 vel,
1258 2156 1336 2181 esse,
1363 2146 1532 2187 explicant.
1559 2151 1636 2176 sorte
1663 2145 1820 2175 beatiorem

1090 2199 1158 2223 esse,
1172 2187 1229 2229 ipsi
1245 2187 1283 2217 de
1298 2188 1356 2218 hac
1373 2187 1540 2218 Latinitate
1550 2186 1694 2218 viderint.
1738 2186 1820 2222 Quis

1092 2239 1229 2270 unquam
1246 2230 1292 2260 vel
1313 2231 1423 2265 rivum,
1446 2229 1494 2260 vel
1509 2230 1624 2266 silvam,
1639 2228 1688 2260 vel
1709 2235 1819 2259 certam

1081 2273 1178 2312 fidem
1213 2272 1456 2312 segetis—sorte
1491 2272 1646 2301 beatiorem
1683 2269 1821 2301 dixerit‘l

1096 2314 1184 2344 Purae
1198 2315 1280 2343 rivus
1294 2325 1390 2353 aquae:
1407 2313 1538 2344 breviter
1551 2311 1699 2343 describit
1711 2311 1819 2343 villam

1091 2366 1177 2386 suam
1191 2355 1222 2386 in
1231 2355 1368 2390 Sabinis,
1379 2355 1557 2386 ubifluebat
1566 2354 1651 2385 rivus
1659 2354 1819 2394 Digentia,

1091 2408 1107 2428 e
1123 2398 1206 2428 fonte
1224 2397 1384 2428 Bandusio
1407 2396 1466 2438 (cf.
1488 2407 1556 2438 sup.
1577 2396 1622 2432 iii,
1643 2396 1692 2432 13,
1709 2397 1744 2434 l)
1763 2395 1819 2427 de-

1092 2439 1210 2470 siliens.
1253 2440 1545 2480 Silvaquejugerum
1561 2438 1746 2470 Paucorum.-
1762 2437 1820 2469 inf.

1093 2492 1215 2523 quoque
1230 2481 1449 2512 Horatius-Sat.
1461 2480 1493 2516 ii,
1503 2481 1535 2517 6,
1546 2481 1578 2516 2,
1589 2482 1621 2518 3,
1631 2485 1739 2522 praeter
1747 2481 1818 2511 vici-

1094 2536 1166 2554 num
1180 2535 1261 2565 aqum
1273 2524 1560 2566 soricem—paulum
1576 2523 1655 2553 silue
1667 2522 1726 2554 sibi
1742 2532 1818 2553 con·

1094 2566 1198 2606 tigisse
1220 2567 1274 2596 ait.
1316 2567 1428 2606 Segetis
1449 2571 1530 2596 certa
1542 2565 1622 2606 fides
1644 2574 1722 2599 meae,
1746 2573 1819 2604 ager

1092 2607 1213 2644 fertilis,
1232 2608 1296 2649 qui,
1318 2615 1402 2638 certa
1417 2606 1490 2643 fide,
1515 2605 1600 2648 quod
1620 2605 1649 2637 ei
1669 2605 1820 2637 creditum

1093 2656 1141 2680 est
1159 2661 1230 2681 cum
1254 2651 1370 2681 foenore
1395 2649 1512 2680 reddit:
1535 2649 1574 2680 de
1595 2647 1744 2689 loquendi
1765 2658 1819 2688 ge-

1093 2702 1164 2723 nere
1199 2703 1216 2723 e
1253 2703 1284 2723 re
1320 2690 1494 2732 pecuniaria
1531 2690 1570 2721 ad
1599 2689 1820 2731 agriculturam

1093 2734 1242 2764 translato
1257 2733 1317 2765 vid.
1335 2743 1404 2776 sup.
1419 2732 1459 2764 ad
1473 2731 1520 2769 iii,
1541 2734 1568 2769 l,
1585 2733 1638 2763 30.
1686 2731 1819 2774 Fulgen-

1094 2782 1151 2806 tem
1166 2778 1289 2816 imperio
1299 2776 1423 2847 ¹fertilis
1443 2775 1567 2816 Africoe‚
1588 2783 1672 2808 eum,
1694 2773 1749 2814 qui
1771 2773 1820 2804 di·

1092 2818 1236 2849 vitiarum
1260 2828 1296 2859 sp
1310 2817 1421 2848 endore
1442 2816 1628 2858 conspicuus
1648 2815 1823 2846 latifundiis

1094 2860 1159 2890 suis
1180 2860 1212 2890 in
1235 2859 1326 2890 fertili
1349 2859 1457 2890 Africa
1478 2858 1627 2900 imperat;
1652 2859 1820 2898 imperium,

1095 2907 1130 2932 ut
1148 2913 1242 2943 regna
1261 2901 1342 2944 apud
1363 2901 1451 2942 Virg.
1471 2900 1540 2931 Eoi.
1560 2900 1581 2936 i,
1599 2899 1652 2935 70,
1672 2900 1711 2930 de
1732 2909 1815 2940 agro-

1096 2954 1161 2975 rum
1185 2942 1448 2987 possessionibus:
1475 2942 1514 2975 cf.
1530 2953 1602 2984 sup,
1617 2941 1658 2973 ad
1678 2940 1712 2979 ii,
1734 2943 1766 2977 ⁵2,
1788 2943 1821 2973 9.
