1884 3288
641 212 872 257 LIBER
902 212 987 264 111,
1019 215 1059 255 3.

1542 213 1623 255 129

423 322 610 378 PerJura
630 333 854 376 pugnaces
875 317 1072 361 Achivos

477 389 714 431 Hectoreis
735 387 894 442 opibus
915 386 1116 442 refringit
1133 403 1142 428 :

361 457 629 512 Nostrisque
651 456 832 498 ductum
854 455 1142 496 seditionibus

271 528 330 570 30
359 525 531 570 Bellum
550 525 728 567 resedit.

791 524 1014 566 Protenus
1035 530 1080 566 et
1100 538 1256 578 graves

415 594 526 644 has,
548 600 593 636 et
613 593 799 634 invisum
819 599 1039 647 nepotem,

473 661 612 704 Troia
631 657 762 716 quem
782 661 955 716 peperit
976 660 1200 709 sacerdos,

360 729 499 774 Marti
517 729 758 772 redonabo.

819 728 947 772 lllum
969 743 1052 784 ego
1072 727 1243 770 lucidas

358 799 477 842 Inire
499 799 644 848 sedes,
667 798 830 840 ducere
851 798 1042 839 nectaris

273 869 331 911 35

421 867 600 917 Succos
624 873 668 910 et
690 865 883 908 adscribi
904 866 1063 920 quietis

477 934 722 978 Ordinibus
744 934 887 990 patiar
908 934 1120 976 Deorum.

360 1003 482 1047 Dum
500 1003 657 1060 longus
679 1004 792 1045 inter
815 1003 964 1045 saeviat
981 1002 1099 1046 ⁴Ilion

360 1072 635 1129 Romamque
655 1080 835 1129 pontuS,
857 1072 1054 1128 qualibet
1075 1071 1251 1129 exsules

11 1218 13 1220 ³
72 1180 180 1224 fugit.-
214 1179 381 1212 observent
401 1179 520 1213 tirones
541 1184 644 1223 poetae
668 1184 767 1211 artem
791 1183 824 1211 et

72 1222 210 1267 copiam,
224 1233 290 1266 qua
302 1222 433 1264 vulgare
449 1223 541 1260 illud,
558 1225 590 1254 in
611 1224 718 1254 coelum
741 1223 824 1253 evehi

70 1272 104 1300 et
118 1268 209 1299 deum
220 1267 298 1309 fleri
313 1265 490 1298 variaverit.
537 1265 677 1308 Boettig.
693 1276 824 1308 compa-

69 1314 123 1350 rat
143 1309 305 1342 Theocrit.
327 1309 404 1344 xvii,
428 1310 484 1346 47,
502 1308 693 1353 Ἀχέροντα
714 1308 824 1341 πολύ-

73 1364 202 1386 στονον
216 1353 276 1386 οὐκ
293 1351 471 1394 ἐπέρασεν.

118 1397 258 1429 17-24,
281 1395 413 1428 Nexus:
439 1394 600 1427 Romulus
619 1399 724 1426 autem
744 1393 826 1426 deus

75 1438 180 1472 faetus
194 1445 244 1472 est
258 1444 340 1475 tum,
353 1444 521 1482 postquam
537 1438 557 1469 J
563 1448 627 1469 uuo
641 1438 675 1468 in
690 1437 826 1469 consilio

73 1481 202 1516 deorum
225 1482 295 1514 haec
318 1481 432 1514 ceteris
454 1481 515 1513 diis
535 1486 625 1523 grata
641 1481 736 1512 verba
751 1491 824 1523 pro-

73 1525 295 1561 nunciaverat,
331 1525 425 1562 Ilion,
464 1525 560 1560 Ilion,
599 1529 676 1556 cett.
709 1523 823 1566 junge,

76 1568 199 1602 Fatalis
210 1571 399 1609 incestusque
402 1569 504 1610 judex
515 1574 544 1598 et
559 1569 671 1598 mulier
684 1570 824 1609 peregri-

75 1623 119 1645 m
140 1612 235 1649 Ilion.
257 1611 352 1647 Ilion,
369 1623 438 1643 cum
454 1611 566 1651 populo
586 1617 615 1642 et
635 1613 712 1642 duce
722 1612 824 1652 frau-

75 1656 215 1694 dulento,
240 1655 316 1686 mihi
342 1659 487 1695 castaeque
515 1654 676 1690 Minervae,
708 1665 742 1685 ε]-
769 1665 827 1695 quo

76 1698 249 1731 Laomedon
281 1699 349 1729 deos
383 1698 515 1728 mercede
546 1703 638 1736 pacta
672 1699 826 1733 destituit,

75 1743 272 1777 damnatum.
289 1742 383 1772 vertit
398 1742 431 1771 in
446 1740 611 1781 pulverem,
625 1739 658 1770 h.
673 1750 704 1771 e.
718 1740 826 1782 Troja,

77 1795 151 1829 que
165 1783 244 1816 mihi
258 1789 293 1816 et
314 1783 470 1815 Minervae
490 1783 528 1814 ad
549 1782 688 1825 perfidiae
708 1793 727 1814 a
745 1784 825 1814 Lao-

77 1827 226 1861 medonte
240 1827 419 1859 commissae
435 1836 563 1868 poenarn
582 1835 599 1856 a
615 1826 733 1868 populo
748 1827 826 1857 Tro-

73 1871 152 1914 jano
173 1877 206 1904 et
229 1870 300 1913 ejus
326 1880 399 1912 rege
421 1868 632 1911 expetendam
659 1868 774 1900 tradita
797 1875 828 1900 et

77 1915 192 1946 devota
213 1913 327 1950 suerat,
350 1923 436 1944 nunc
463 1922 573 1944 eversa
598 1918 630 1943 et
655 1912 760 1944 deleta
781 1918 830 1943 est

78 1957 165 1990 bello
197 1955 285 2000 quod
317 1955 408 1988 Paris
437 1966 494 1999 per
530 1961 655 1998 raptum
694 1955 828 1986 Helenae

78 2000 303 2033 concitaverat.
361 1999 493 2038 Fatalis,
523 1997 704 2040 δύσπαρις,
735 1998 828 2030 αἰνό-

81 2055 200 2087 παρις,
215 2043 250 2076 ἰιι
269 2042 371 2075 fatum
388 2042 439 2084 (h.
455 2053 484 2074 e.
504 2041 700 2084 pernicium)
718 2042 829 2084 patriae

78 2087 223 2125 electus;
253 2088 398 2122 incestus,
417 2086 458 2117 ob
483 2091 585 2132 turpe,
610 2095 673 2127 quo
694 2085 829 2116 Helenae

77 2136 171 2174 raptu
190 2135 255 2162 tam
276 2129 405 2172 hospitii
428 2139 524 2171 quam
546 2127 689 2170 conjugii
709 2128 828 2159 sancti-

23 2190 26 2192 *
78 2177 176 2206 tatem
196 2172 325 2222 polluit,
346 2171 524 2214 flagitium3
546 2174 646 2212 judex
672 2170 829 2203 invidiose

78 2226 147 2260 pro,
174 2217 278 2255 Pans,
308 2225 472 2257 nunquam
502 2214 589 2246 enim
620 2225 659 2246 ex
691 2214 830 2247 Junonis

75 2260 188 2293 animo
206 2258 337 2295 excidit,
358 2265 396 2290 ut
414 2258 503 2290 canit
519 2257 611 2299 Virg.
628 2258 709 2289 AEn.
731 2257 754 2293 i,
774 2259 829 2294 27,

78 2302 241 2335 Iudicium
261 2302 388 2334 Paridis
400 2308 561 2343 spretaeque
576 2302 828 2342 injuriosos-mm

22 2367 23 2370 =
81 2343 202 2379 Mulier
213 2347 390 2389 peregrino,
409 2343 593 2376 contemtim
611 2354 678 2387 pro,
695 2345 827 2380 Helena,

30 2419 31 2422 ,
80 2389 158 2433 quin.
174 2389 260 2421 male
279 2388 389 2421 audire
409 2388 556 2420 solebant
575 2387 724 2419 mulieres
738 2398 829 2430 pere-

24 2440 40 2467 ῑ.
75 2432 192 2476 grino,
207 2431 314 2470 ξέναι.
359 2432 407 2464 Ex
422 2443 480 2473 quo
494 2433 635 2463 destituit
650 2432 726 2462 Deos
743 2431 828 2462 Mer-

11 2509 15 2512 ’
40 2507 59 2533 '³'
78 2477 266 2562 mine-:lon
281 2519 470 2568 Neptunum
491 2523 524 2550 et
543 2516 728 2560 Apollinem
750 2529 830 2549 mer-

175 2482 271 2517 paeta
296 2475 486 2507 Lamnedon:
520 2474 560 2506 de
590 2474 732 2517 perfidia,
765 2485 831 2516 qua

12 2576 14 2578 ·
70 2561 171 2603 cede,
186 2572 284 2605 quam
298 2572 339 2593 ns
359 2561 399 2593 de
414 2561 615 2592 commodata
634 2561 695 2592 sibi
712 2560 746 2592 in
762 2562 829 2592 refi-

24 3099 68 3135 'riis

18 3134 36 3150 τι

54 3193 78 3226 ,ΓΑ

18 3010 44 3071 ν»

21 3077 32 3093 ἐ

36 3079 50 3092 >r

68 2604 203 2645 mendis
216 2605 321 2648 Trojae
336 2604 436 2636 muris
450 2614 547 2647 opera
561 2604 758 2646 promiserat,
773 2604 829 2636 de-

51 2656 53 2658 “
80 2647 245 2686 &nudasse
268 2648 398 2684 dicitur,
424 2658 475 2679 res
495 2653 589 2679 nota:
614 2646 680 2679 vid.
702 2648 833 2680 Homer.

50 2700 58 2729 .j
78 2690 179 2725 sliind.
193 2692 259 2728 xxi,
276 2693 340 2723 443
357 2701 450 2733 sqq.;
478 2690 553 2722 hinc
571 2690 667 2732 Virg.
691 2692 774 2722 AEn.
788 2691 832 2728 iv,

54 2735 162 2779 3:542,
177 2735 402 2767 Laomedontem
417 2735 558 2776 perjuria
572 2736 684 2776 gentis.
730 2735 833 2765 Desti-

12 2787 13 2790 ’
71 2780 165 2813 ’Μὴ
186 2779 351 2810 destituere
373 2778 536 2820 eleganter
553 2777 593 2808 de
612 2776 651 2808 iis
666 2777 722 2818 qui
739 2777 835 2809 fidem

42 2819 118 2858 ‚uin
139 2832 174 2855 re
188 2821 342 2865 promissa
362 2820 491 2857 fallunt,
508 2820 570 2856 vel,
592 2820 649 2862 qui
671 2830 735 2851 non
757 2820 836 2852 dant

21 2861 175 2987 <e

183 2875 219 2897 se
233 2865 364 2896 daturos
375 2874 444 2896 esse
461 2863 693 2907 promiserunt:
719 2863 788 2895 Cic.
803 2875 836 2907 p.

177 2931 187 2943 .
215 2906 326 2939 Amet.
354 2908 408 2946 40,
433 2907 559 2938 Roscius
588 2907 677 2938 socios
699 2917 766 2938 suos
787 2910 838 2939 in-

139 2953 192 2991 xit,
211 2951 341 2991 decepit,
363 2952 518 2982 destituit.
564 2950 767 2987 Damnatum,
783 2951 838 2982 de-

867 1179 943 1211 das:
983 1179 1078 1221 Virg.
1111 1179 1191 1211 AEn.
1224 1178 1269 1218 iv,
1306 1179 1383 1216 699,
1418 1179 1620 1222 Stygiumque

867 1230 962 1263 caput
989 1224 1190 1254 damnaverat
1220 1223 1310 1254 Orco.
1343 1223 1434 1261 ,Cum
1455 1226 1566 1263 populo
1591 1231 1622 1255 et

868 1267 1163 1309 ducenti-audalaum
1173 1278 1184 1304 ,-
1203 1266 1289 1298 fraus
1303 1265 1388 1298 enim
1409 1266 1518 1308 aliqua
1534 1277 1619 1298 com-

869 1309 968 1340 missa
983 1311 1142 1340 immeritis
1160 1320 1286 1351 quoque
1309 1311 1464 1350 nepotibus
1481 1312 1534 1352 (ut
1550 1320 1622 1353 sup.

868 1351 892 1388 i,
904 1354 958 1388 28,
975 1353 1018 1383 30
1027 1351 1165 1392 dicitur)
1182 1364 1286 1384 nocere
1301 1354 1486 1394 putabatur.
1533 1353 1622 1384 Duce

859 1396 1084 1437 fraudulento,
1098 1406 1170 1437 rege
1186 1395 1325 1430 Priamo,
1341 1395 1410 1437 qui,
1425 1395 1518 1437 quasi
1534 1395 1620 1427 fraus

871 1448 890 1468 a
915 1445 1003 1480 patre
1024 1437 1165 1469 admissa
1188 1438 1228 1469 ad
1249 1438 1350 1469 filium
1373 1449 1503 1481 quoque
1525 1441 1621 1481 perti-

871 1487 956 1519 neat,
963 1481 1198 1523 fraudulentus
1213 1481 1342 1512 dicitur.

913 1525 1056 1556 25-36,
1080 1525 1236 1565 Splendet,
1259 1535 1305 1556 sc.
1321 1524 1421 1555 forma
1441 1530 1474 1556 et
1490 1529 1621 1557 externo

871 1567 982 1607 cultu3
1007 1567 1101 1598 Paris
1124 1568 1208 1599 enim
1233 1567 1294 1598 fuit
1313 1568 1482 1599 admodum
1507 1568 1621 1599 formo-

870 1621 937 1646 sus,
970 1610 1119 1649 θεοειδὴς
1149 1612 1298 1652 (Homer.
1338 1611 1431 1643 lliad.
1468 1611 1514 1647 iii,
1550 1612 1621 1652 16),

872 1653 957 1691 εἶδος
982 1655 1122 1697 ἄριστος
1150 1655 1301 1696 (Homer.
1325 1653 1348 1686 l.
1375 1665 1404 1685 c.
1428 1665 1460 1685 v.
1488 1654 1562 1693 39),
1592 1662 1624 1687 et

870 1698 991 1728 externi
1007 1697 1118 1727 nitoris
1131 1697 1318 1735 studiosior;
1339 1698 1424 1728 hinc.
1441 1708 1511 1740 sup.
1527 1698 1547 1735 i,
1568 1700 1620 1734 15,

874 1741 926 1776 14,
959 1750 1067 1771 curam
1093 1740 1239 1782 inprimis
1270 1740 1302 1770 in
1330 1742 1451 1772 cesarie
1475 1743 1622 1781 pei-lenda

871 1783 1015 1824 posuisse
1036 1783 1171 1814 dicitur:
1197 1782 1240 1814 cf.
1263 1784 1393 1815 Homer.
1415 1783 1437 1814 l.
1453 1783 1475 1815 l.
1491 1786 1546 1818 54.
1563 1786 1621 1817 55.

871 1825 1007 1858 Lacaenae
1022 1827 1171 1857 adultero>
1193 1826 1226 1856 in
1249 1836 1325 1857 casu
1347 1826 1438 1857 tertio
1460 1826 1623 1869 accipien-

872 1867 961 1900 dum.
988 1869 1149 1906 Famosus‚·
1169 1879 1237 1906 nOS,
1251 1871 1436 1911 beriichtigt.
1465 1870 1624 1902 Hectoreis

871 1914 987 1952 opibus,
1003 1912 1148 1944 Hectoris
1158 1912 1289 1949 virtute;
1308 1913 1448 1953 Boettig.
1462 1920 1625 1956 comparat

874 1956 985 1986 Senec.
1012 1955 1128 1987 Troad.
1158 1957 1342 1987 124—129.
1388 1957 1538 1995 Doctum,
1568 1967 1623 1988 ex-

873 2004 1009 2039 tractum
1041 1998 1074 2029 in
1105 1998 1215 2030 decem
1247 2008 1347 2030 annos
1364 2010 1373 2038 ;
1412 2001 1624 2039 seditionibus,

873 2041 1032 2079 dissensu,
1047 2041 1215 2078 discordia,
1232 2042 1354 2073 scilicet
1375 2041 1447 2073 aliis
1466 2042 1528 2074 diis
1544 2054 1622 2075 con-

874 2092 921 2116 tra
938 2086 965 2116 T
968 2085 1079 2127 rojam,
1097 2085 1170 2116 aliis
1188 2095 1243 2127 pro
1259 2085 1356 2127 Troja
1377 2086 1535 2118 stantibus
1550 2098 1557 2117 :
1582 2089 1625 2119 cf.

874 2128 967 2170 Virg.
986 2129 1065 2160 AEn.
1083 2140 1118 2164 x,
1136 2129 1154 2159 7
1172 2138 1255 2170 sqq„
1272 2129 1368 2160 Ovid.
1391 2129 1486 2160 Trist.
1503 2130 1525 2166 i,
1541 2131 1574 2165 2,
1591 2133 1624 2162 5.

875 2172 1038 2207 Protenus,
1058 2177 1178 2214 postea,
1194 2172 1364 2215 deinceps;
1393 2182 1463 2208 nos,
1481 2173 1624 2206 Forthin.

876 2215 966 2246 Troia
984 2217 1133 2251 sacerdos,
1152 2215 1223 2246 llia.
1269 2216 1370 2247 Maru·
1387 2217 1550 2252 redonabo,
1566 2218 1623 2249 do-

873 2258 956 2289 nabo
979 2263 1011 2290 et
1032 2258 1206 2290 concedam
1230 2258 1343 2294 Marti,
1358 2259 1391 2290 h.
1408 2269 1438 2290 e.
1461 2260 1503 2290 ab
1525 2260 1570 2291 ira
1593 2267 1626 2293 et

873 2301 946 2332 odio
962 2301 1055 2332 invisi
1070 2301 1149 2332 mihi
1167 2301 1292 2344 nepotis
1306 2302 1339 2333 in
1354 2302 1472 2334 Martis
1489 2304 1623 2345 gratiam

873 2345 1036 2376 absistam.
1096 2345 1258 2377 Romulus
1293 2351 1402 2377 autem
1433 2346 1452 2378 J
1459 2347 1557 2378 unoni
1586 2359 1622 2380 ex

874 2389 981 2420 Marte
1006 2399 1094 2429 nepos
1121 2394 1179 2420 est.
1224 2389 1362 2420 Luc-idas
1388 2391 1482 2426 sedes,
1509 2391 1624 2433 Olym-

874 2442 964 2474 pum,
992 2430 1130 2474 δώματα
1162 2431 1367 2474 αἰγλήεντα.
1414 2433 1553 2465 Ducere:
1585 2435 1627 2467 cf.

875 2486 948 2518 sup.
965 2475 1005 2506 ad
1020 2475 1043 2513 i,
1062 2476 1113 2510 17,
1126 2476 1182 2506 22.
1229 2476 1350 2511 Quietis
1361 2476 1532 2509 Ordinibus
1547 2478 1626 2509 Deo-

875 2530 958 2555 rum,
978 2529 1033 2561 pro
1046 2518 1182 2560 vulgari,
1197 2521 1357 2550 ordinibus
1373 2521 1497 2551 deorum
1512 2524 1627 2562 quieto-

875 2573 966 2599 rum3
986 2572 1059 2593 nam
1071 2561 1104 2592 in
1120 2562 1226 2603 quiete
1240 2568 1272 2594 et
1285 2562 1459 2604 tranquillo
1475 2565 1539 2596 otio
1555 2576 1628 2608 pars

874 2605 992 2636 divinae
1019 2605 1183 2637 felicitatis
1210 2606 1347 2648 spectari
1373 2607 1519 2644 solebat3
1550 2608 1626 2640 hinc

876 2648 963 2691 apud
979 2647 1036 2680 Sil.
1052 2649 1127 2680 Ital.
1144 2659 1196 2684 xv,
1214 2649 1268 2684 57.
1285 2651 1386 2691 Atque
1403 2652 1480 2681 idem
1497 2651 1628 2693 (deus).

877 2694 1030 2732 exemplar
1042 2693 1118 2723 leuis
1132 2693 1311 2724 mortalibus
1322 2695 1389 2731 aevi,
1405 2693 1627 2734 Inperturbato

875 2736 1018 2776 placidus
1032 2742 1112 2767 tenet
1128 2738 1189 2767 otio
1207 2743 1317 2767 mente.

922 2779 1064 2813 37—44.
1088 2779 1185 2817 Dum,
1209 2779 1316 2818 modo,
1338 2779 1532 2818 dummodo3
1564 2782 1629 2812 lan-

875 2833 947 2864 gus,
963 2821 1127 2864 epitheton
1143 2832 1280 2862 ornans;
1305 2826 1387 2854 inter
1408 2825 1512 2854 soeviat
1536 2824 1630 2861 Ilion,

880 2865 1065 2907 Romamque
1100 2873 1224 2907 pomus,
1256 2867 1382 2908 gravius
1412 2877 1467 2908 pro
1496 2868 1631 2908 vulgari,

881 2909 1019 2940 Romam
1043 2909 1084 2940 ab
1107 2909 1170 2940 Ilio
1191 2909 1326 2947 dividat,
1343 2909 1520 2952 disjungat.
1566 2912 1629 2942 Ea·—

881 2953 973 2988 soles,
997 2952 1115 2995 posteri
1136 2953 1345 2994 'l'rojanorum
1372 2963 1391 2983 a
1420 2958 1502 2984 terra
1533 2955 1634 2995 patria

40 2987 71 3039 ς’
86 2994 212 3035 ,ῂὶιπῃ
227 2993 436 3031 destinatum,
453 3004 501 3025 sc.
522 2992 564 3024 ad
583 3003 708 3036 poenas,
723 2994 840 3036 quibus
882 2995 1019 3027 exclusi.
1064 2997 1148 3027 Dum
1184 2998 1301 3028 Priami
1338 2997 1519 3036 Paridisque
1550 2999 1635 3028 buseo

40 3040 48 3065 l
90 3037 319 3081 ”obligarunt
333 3036 393 3068 hac
416 3037 527 3068 fraude
548 3036 692 3079 Troiani,
707 3037 839 3079 exigeu·
887 3038 1020 3070 Insultet
1036 3046 1222 3076 armentum,
1238 3046 1312 3071 cett.
1328 3041 1489 3081 vulgarem
1508 3047 1634 3089 sentens

860 3093 878 3113 K
