1884 3288
19 2476 50 2532 ,ἕξ

22 2572 28 2581 1
40 2558 49 2583 ‚i

15 2619 25 2626 ,
37 2611 44 2619 2

675 207 903 258 LIBER
935 214 970 266 1,
1003 215 1071 256 28.

1587 216 1640 256 57

273 321 450 364 Occidit
469 327 514 361 et
535 317 711 373 Pelopis
732 316 920 373 genitor,
941 317 1121 358 conviva
1141 317 1336 366 deorum,

326 388 635 441 Tithonusque
656 392 848 427 remotus
870 385 915 426 in
935 399 1080 434 auras,

271 456 333 498 Et
352 455 476 498 Jovis
497 454 666 496 arcanis
688 453 836 495 Minos
857 452 1098 494 admissus:
1134 451 1384 509 habentque

189 525 242 566 10
328 523 517 566 Tartara
539 521 833 581 Panthoiden,
855 521 1012 562 iterum
1035 521 1156 562 Orco

274 591 552 642 Demissum3
584 590 794 646 quamvis,
817 588 971 644 clypeo
993 588 1189 644 Trojana
1209 589 1349 631 refixo

327 659 553 714 Tempora
573 665 773 708 testatus,
796 657 903 699 nihil
924 657 1038 699 ultra

270 727 446 770 Nervos
467 734 598 782 atque
619 733 763 769 cutem
784 726 922 767 Morti
944 734 1222 769 concesserat
1244 734 1350 769 atrae
1368 745 1377 778 3

327 795 487 837 Judice
510 803 552 836 te
574 810 661 836 non
683 793 888 835 sordidus
911 801 1065 836 auctor

190 864 243 906 15
272 863 459 906 Naturae
480 864 671 918 verique.

734 862 823 904 Sed
846 877 994 904 omnes
1015 877 1102 905 una
1120 870 1266 906 manet
1287 879 1389 914 nox,

333 932 394 974 Et
415 931 622 974 calcanda
644 931 776 973 semel
797 931 864 972 via
884 930 972 972 leti.

276 999 399 1042 Dant
421 999 527 1042 alios
549 999 694 1042 Furiae
717 1008 841 1041 torvo
864 999 1115 1055 spectacula
1137 999 1296 1042 Marti:

334 1068 486 1111 Exitio
507 1076 575 1111 est
596 1069 768 1111 avidum
788 1083 906 1110 mare
925 1069 1068 1110 nautis
1087 1085 1095 1110 :

123 1190 126 1192 ·
145 1179 266 1211 7—10.
291 1180 412 1212 Occidit
426 1187 455 1211 et
474 1181 606 1221 Pelopis,
622 1186 697 1212 cett.
729 1179 852 1222 Archy-

101 1227 152 1255 tas
171 1222 238 1266 jam
264 1229 371 1255 nautae
395 1234 499 1265 usque
521 1224 562 1255 ad
586 1223 734 1255 carminis
758 1224 854 1254 finem

101 1266 283 1309 respondet.
327 1267 448 1298 Sensus
470 1273 502 1297 et
523 1277 622 1298 nexus
641 1267 738 1308 hujus
759 1266 854 1308 paulo

102 1308 311 1352 impeditioris
326 1308 390 1340 loci
401 1317 448 1340 est
459 1310 522 1340 fere
535 1310 603 1341 hic:
630 1310 718 1345 Noli,
734 1319 854 1351 quaeso,

103 1362 123 1384 o
139 1359 252 1387 nauta.
272 1352 388 1388 mirari,
406 1352 492 1394 quod
508 1363 567 1394 ego
585 1352 774 1391 occiderim3
798 1363 853 1383 oc-

104 1395 183 1427 cidit
205 1405 332 1438 quoque
362 1396 529 1430 Tantalus,
554 1395 700 1437 quamvis
726 1395 853 1426 deorum

104 1448 122 1470 e
146 1437 208 1470 ulis
224 1438 381 1469 admissus
396 1444 456 1474 est,
474 1445 505 1470 et
525 1438 693 1474 Tithonus,
709 1438 856 1480 quamvis

105 1449 147 1514 ab
163 1481 287 1512 Aurora
303 1481 336 1512 in
353 1481 472 1512 coelum
488 1489 596 1524 raptus
607 1487 666 1518 est,
684 1487 716 1513 et
732 1482 855 1519 Minos,

105 1524 251 1567 quamvis
264 1534 338 1556 cum
355 1525 424 1566 ipso
438 1525 520 1557 Jove
539 1524 736 1555 familiariter
751 1535 852 1555 versa-

105 1573 158 1599 tus
171 1573 240 1606 est;
266 1568 460 1610 Pythagoras
480 1568 571 1604 adeo,
596 1568 650 1609 qui
668 1567 735 1610 jam
757 1568 854 1599 semel

105 1610 238 1653 Trojani
266 1610 343 1642 belli
370 1611 565 1653 temporibus
592 1612 651 1642 sub
679 1611 855 1653 Euphorbi,

106 1653 246 1685 Panthoi
277 1653 346 1689 filii,
380 1664 514 1695 persona
543 1664 577 1685 se
612 1653 727 1685 vixisse
761 1655 856 1684 refixo

107 1703 200 1728 acuto
216 1702 350 1728 testatus
363 1702 422 1734 est,
437 1697 584 1738 quamvis
599 1702 664 1727 tum
685 1707 746 1726 non
764 1697 858 1738 plane

108 1746 208 1772 morte
222 1740 383 1771 extinctus
404 1747 464 1776 est,
481 1739 559 1781 quia
580 1749 642 1770 non
665 1739 765 1781 ipsam
791 1740 858 1770 ani-

108 1793 205 1820 mam,
233 1783 289 1814 sed
327 1793 438 1814 nervos
474 1789 567 1824 atque
596 1788 702 1813 cutem
734 1788 858 1813 tantum

109 1825 210 1857 Morti
232 1831 442 1860 concesserat,
468 1826 498 1856 h.
521 1837 549 1856 e.
574 1825 711 1868 corporis
730 1825 859 1856 exuvias

108 1873 231 1900 tuntum
255 1869 454 1918 deposuerat,
481 1868 690 1910 Pythagoras,
714 1869 857 1910 inquam,

109 1911 167 1953 qui
181 1912 230 1943 vel
247 1917 278 1943 te
293 1910 482 1954 lpsojudice
498 1922 634 1952 magnus
652 1911 859 1954 philosophus

109 1955 182 1991 suit,
199 1955 311 1986 iterum
329 1954 370 1985 ad
386 1956 506 1986 Orcum
527 1954 683 1986 demissus
703 1960 762 1985 est.
808 1955 859 1985 De

110 1997 265 2029 moriendi
292 1998 479 2029 necessitate
507 1997 662 2039 Archytas
685 1997 860 2039 acquiescit

111 2039 146 2072 in
161 2041 286 2078 solatio,
311 2041 394 2083 quod
412 2040 466 2071 alii
481 2051 608 2082 quoque
629 2040 687 2071 viri
707 2040 830 2071 nobiles
847 2050 865 2071 a

111 2083 303 2116 nobiliorum
333 2090 406 2115 ante
435 2094 468 2115 se
495 2090 693 2114 mortuorum
719 2083 864 2125 exemplo

153 2126 283 2158 tier-unt.
343 2126 396 2158 Sic
436 2126 579 2158 Achilles
614 2127 699 2168 apud
733 2127 864 2158 Homer.

133 2169 210 2202 liad.
223 2169 310 2208 xviii,
329 2171 400 2205 117,
412 2169 494 2201 Οὐδὲ
511 2170 578 2213 γὰρ
595 2169 669 2201 οὐδὲ
681 2169 743 2210 βίη
759 2167 861 2211 (Ηρα-

112 2214 217 2252 κ’λῆος
232 2212 316 2256 φύγε
332 2211 583 2256 Κῆρα,“οσπερ
605 2213 768 2255 φίλτατος
789 2213 862 2245 ἔσκε

113 2257 167 2288 Διῒ
182 2258 352 2299 Κρονίωνι
364 2258 506 2288 duam:
524 2257 566 2287 cf.
580 2255 715 2287 eundem
729 2255 785 2286 lib.
798 2255 863 2292 xxi,

115 2299 199 2340 1073
234 2300 364 2331 Lucret.
390 2299 436 2336 iii,
466 2301 548 2330 1038
577 2305 608 2330 et
639 2301 737 2336 1055;
773 2299 864 2340 Virg.

115 2342 195 2374 AEn.
211 2353 244 2379 x,
262 2344 326 2375 469
343 2353 435 2384 sqq-3
458 2348 491 2374 et
507 2343 584 2374 Hor.
601 2342 659 2374 inf.
678 2342 711 2380 ii,
731 2343 782 2377 16,
798 2343 862 2381 293

114 2383 159 2421 iv,
180 2386 212 2424 7,
236 2386 287 2418 13.
334 2386 455 2426 Pelopis
476 2387 611 2427 genitor,
632 2386 787 2416 Tantalus
810 2396 863 2417 rex

113 2428 238 2470 Lydiae,
269 2428 337 2471 qui,
369 2439 442 2460 curn
472 2435 556 2460 esset
585 2428 862 2471 opulentissimus,

114 2470 126 2503 i
164 2482 200 2503 os
214 2472 288 2504 deos
310 2471 351 2503 ad
369 2471 517 2503 convivia
531 2482 675 2509 vocasse,
698 2477 730 2503 et
752 2472 792 2502 ab
809 2471 862 2502 iis-

137 2525 188 2546 em
223 2514 363 2546 vicissim
402 2525 510 2546 eorum
546 2515 665 2546 mensis
701 2514 864 2548 adhibitus

115 2557 215 2589 fuisse
227 2558 364 2590 dicitur:
389 2557 431 2590 cf.
455 2558 566 2599 Eurip.
586 2558 691 2589 Orest.
708 2559 746 2596 93
772 2557 867 2589 Pind.

117 2599 251 2644 Olymp.
273 2601 296 2638 i,
317 2602 382 2639 863
407 2601 502 2632 Ovid.
522 2601 605 2632 Met.
623 2600 666 2636 vi,
690 2601 748 2632 173
769 2611 866 2643 sqq.;

116 2642 192 2675 hinc
217 2647 343 2676 ciinviva
369 2646 506 2675 deorum.
555 2643 713 2679 Tithonus,
732 2645 866 2675 Laome-

117 2685 238 2723 dontis.
254 2687 336 2729 regis
355 2687 498 2729 Trojaui,
516 2686 564 2718 vel
588 2686 683 2717 frater
700 2687 748 2717 vel
769 2686 866 2725 filius,

117 2729 160 2762 ob
185 2729 342 2771 insignem
365 2730 504 2773 corporis
531 2729 801 2772 pulchritudinem
826 2731 866 2761 ab

119 2772 244 2806 Aurora
259 2771 292 2804 in
308 2785 400 2805 auras
422 2773 551 2815 quidem
573 2779 715 2808 remotus,
739 2773 772 2803 h.
787 2784 816 2804 e.
834 2773 867 2804 in

119 2816 239 2848 eoelum
270 2822 381 2858 raptus
411 2818 470 2858 (ὃν
501 2814 667 2857 ἀστέρων,
698 2821 733 2846 ut
761 2815 834 2846 Euri
860 2839 868 2848 .

118 2858 233 2890 Troad.
263 2859 327 2890 855
358 2859 510 2901 loquitur,
548 2857 736 2901 τέθριππος
766 2828 868 2899 ἔληξε

87 2919 94 2924 ·
119 2901 253 2944 sponoe
271 2901 353 2943 ὄχος
369 2902 612 2944 ἀναρπάσας),
629 2901 683 2933 sed
700 2901 797 2942 longa
819 2912 868 2934 se·

121 2950 250 2977 nectute
266 2944 327 2986 (cf.
341 2945 399 2976 inf.
414 2944 449 2982 ii,
467 2946 518 2982 16,
541 2944 615 2983 30),
635 2954 730 2986 quam
752 2946 792 2976 ab
808 2944 868 2975 im-

121 2987 323 3024 mortalitate,
338 2987 378 3019 ab
394 2988 476 3020 Jove
487 2987 517 3020 ei
529 2997 694 3023 concessa,
708 2987 870 3030 deprecam'

122 3029 247 3063 Aurora
267 3030 462 3073 neglexerat,
486 3036 673 3063 consumtus
692 3041 760 3063 esse
781 3030 870 3073 fingi-

899 1184 966 1210 tur:
993 1180 1034 1211 cf.
1053 1180 1172 1222 Hygin.
1199 1179 1276 1211 Fab.
1298 1180 1375 1211 270.
1421 1181 1505 1211 Jovis
1528 1182 1651 1212 arcanis

900 1223 1003 1254 DIinos
1030 1225 1187 1255 admissus.
1233 1223 1355 1259 Minos,
1379 1233 1433 1255 rex
1455 1223 1509 1254 ille
1531 1224 1649 1260 Cretae,

899 1266 976 1307 quia
999 1266 1039 1297 ad
1069 1267 1167 1308 leges,
1195 1277 1276 1308 quas
1307 1266 1391 1304 tulit,
1420 1265 1595 1297 sanctiores
1619 1273 1652 1298 et

900 1309 1102 1350 augustiores
1116 1309 1303 1344 reddendas,
1321 1319 1354 1341 se
1370 1309 1461 1341 Jovis
1477 1309 1649 1346 consortio,

899 1351 1122 1388 familiaritate,
1137 1359 1169 1384 et
1183 1352 1327 1384 consiliis
1344 1352 1390 1384 uti
1409 1352 1525 1383 callide
1544 1351 1650 1394 jacta-

901 1401 997 1430 verat,
1024 1396 1109 1427 Jovis
1134 1398 1256 1426 arcanis
1281 1398 1347 1436 (sc.
1371 1395 1554 1437 colloquiis,
1573 1406 1651 1426 con-

900 1437 998 1478 siliis)
1030 1441 1175 1469 admissus
1204 1438 1331 1469 dicitur.
1376 1439 1463 1469 Ilinc
1487 1438 1541 1470 ille
1565 1439 1652 1481 apud

900 1481 1028 1512 Homer.
1057 1482 1175 1523 Odyss.
1201 1482 1266 1518 xix,
1294 1482 1369 1517 179,
1400 1482 1477 1518 Διὸς
1499 1481 1649 1524 μεγάλου

898 1524 1063 1567 ὀαριστής
1073 1525 1174 1562 audit,
1185 1525 1223 1556 de
1234 1536 1298 1567 quo
1312 1525 1454 1555 Pausan.
1466 1523 1513 1560 iii,
1525 1526 1558 1560 2,
1572 1525 1649 1561 207,

898 1567 1152 1608 βουλεύσασθαι
1168 1568 1255 1610 ὑπὲρ
1272 1571 1340 1599 τῶν
1361 1567 1478 1611 νόμων
1494 1567 1552 1599 οὐκ
1569 1568 1652 1600 ἄνευ

901 1611 975 1642 θεοῦ
990 1612 1050 1643 τὸν
1064 1613 1173 1643 Μίνω.
1221 1612 1401 1651 Ilubentque
1417 1611 1549 1641 Tartara
1566 1612 1652 1642 Pan-

902 1655 1035 1685 thoiden.
1081 1655 1243 1696 Archytas
1257 1653 1325 1696 jam
1346 1654 1398 1696 pio
1414 1660 1566 1696 gratoque
1583 1654 1652 1685 ani-

903 1707 954 1727 mo
990 1697 1021 1727 iu
1058 1698 1193 1728 virorum
1224 1697 1491 1727 nobilissimorum
1520 1707 1653 1728 censum

903 1740 997 1771 resert
1011 1751 1136 1782 quoque
1154 1751 1303 1780 magnum
1320 1750 1413 1781 suum
1429 1746 1653 1782 praeceptorem

907 1783 1128 1824 Pythagoram,
1160 1783 1212 1824 qui
1242 1782 1432 1824 propositam
1461 1783 1501 1813 de
1522 1789 1653 1813 metem-

904 1826 1049 1867 psychosi
1079 1826 1146 1857 sive
1169 1826 1342 1856 animarum
1367 1825 1553 1867 migratione
1578 1825 1654 1857 doc-

904 1869 1028 1905 trinam,
1054 1880 1127 1900 cum
1153 1880 1214 1900 non
1240 1869 1400 1899 solum-se
1425 1867 1555 1910 'l'rojani
1579 1869 1655 1900 belli

903 1912 1099 1954 temporibus
1132 1912 1336 1946 Panthoiden,
1372 1910 1509 1942 Panthoi
1543 1911 1657 1951 filiurn,

905 1955 1126 1997 Euphorbum,
1141 1955 1237 1986 fuisse
1253 1953 1514 1989 affirmasset,sed
1531 1953 1563 1984 id
1578 1965 1658 1996 quo-

903 2008 965 2039 que
981 1999 1096 2039 clypeo,
1118 2008 1212 2039 quem
1231 2008 1263 2028 se
1287 1997 1494 2039 Euphorbum
1518 2003 1657 2038 gestasse

910 2040 1026 2077 aiebat,
1059 2041 1091 2072 in
1121 2042 1240 2083 templo
1268 2039 1406 2072 Junonis
1433 2039 1519 2070 haud
1570 2041 1659 2072 roeul

909 2084 1072 2125 Mycenis,
1095 2083 1150 2114 ubi
1176 2083 1231 2115 ille
1258 2083 1339 2114 inter
1362 2083 1424 2114 alia
1449 2083 1660 2126 ἀναθηματα

909 2127 1022 2158 affixus
1037 2132 1131 2162 esset,
1149 2128 1240 2168 refixo
1252 2126 1303 2168 (h.
1319 2137 1347 2157 e.
1364 2127 1525 2165 detracto)
1543 2133 1574 2158 et
1590 2138 1661 2159 vere

910 2170 1074 2212 Euphorbi
1086 2170 1224 2205 nomine,
1233 2171 1278 2200 uti
1289 2169 1487 2211 praedixerat,
1497 2169 1661 2212 inscripto,

906 2214 1156 2255 comprobasset,
1175 2224 1232 2244 suo
1247 2213 1350 2255 ipsius
1370 2213 1515 2254 exemplo
1535 2213 1660 2244 stabili-

908 2255 990 2288 visse
1020 2256 1157 2288 dicitur:
1189 2255 1253 2287 vid.
1284 2255 1378 2286 Ovid.
1405 2256 1488 2286 Met.
1515 2266 1567 2292 xv,
1598 2258 1660 2288 160

908 2310 1000 2342 sqq.:
1026 2300 1068 2331 cf.
1087 2300 1230 2342 interpp.
1246 2299 1287 2330 ad
1301 2299 1426 2329 AElian.
1441 2299 1484 2330 V.
1502 2299 1544 2330 H.
1556 2310 1587 2335 v,
1603 2301 1659 2337 26,

908 2348 941 2374 et
963 2342 1003 2374 ad
1030 2343 1128 2384 Diog.
1154 2343 1262 2374 Laert.
1284 2342 1349 2378 viii,
1367 2344 1399 2373 5.
1445 2341 1564 2373 Iterum
1582 2344 1662 2374 Orco

909 2386 1090 2422 Demissnm,
1125 2386 1157 2417 h.
1185 2397 1214 2417 e.
1243 2385 1358 2417 iterum
1388 2390 1560 2423 mortuum,
1586 2396 1659 2417 narn

907 2430 1016 2466 semel,
1046 2435 1178 2461 necatus
1211 2439 1337 2471 nempe,
1367 2438 1438 2459 cum
1470 2429 1662 2470 Euphorbus

908 2478 1003 2508 esset,
1034 2483 1052 2503 a
1083 2472 1248 2509 Menelao,
1278 2471 1318 2502 ad
1347 2472 1469 2502 Orcum
1502 2471 1659 2504 demissus

907 2521 986 2550 erat,
1002 2515 1056 2546 ubi
1073 2515 1195 2547 tamdiu
1211 2514 1281 2556 ejus
1305 2513 1412 2545 anima
1434 2513 1539 2551 latuit,
1560 2526 1660 2556 usque

910 2559 985 2589 dum
1003 2558 1036 2590 in
1055 2569 1168 2589 novum
1188 2568 1303 2600 corpus
1318 2558 1346 2589 ei
1362 2558 1494 2598 migrare
1509 2557 1630 2589 liceret.

957 2602 1095 2633 11—16.
1122 2602 1288 2636 Quamvis.-
1313 2600 1340 2631 si
1367 2601 1562 2642 Pythagoras
1582 2601 1662 2632 nihil

911 2644 994 2675 ultra
1010 2655 1120 2676 nervos
1136 2650 1232 2686 atque
1249 2650 1352 2675 cutem
1375 2643 1474 2674 Morti
1493 2654 1662 2676 concesse-

911 2694 970 2725 rat,
994 2688 1101 2718 animo
1118 2687 1242 2718 scilicet
1259 2687 1441 2729 superstite,
1457 2697 1530 2718 euin
1547 2698 1662 2719 secun-

910 2730 986 2761 dum
1000 2730 1295 2772 metempsychosim
1311 2729 1425 2761 iterum
1443 2731 1528 2761 Orco
1545 2730 1660 2762 demis-

911 2784 980 2804 sum
996 2784 1077 2809 esse,
1096 2774 1207 2804 mirum
1225 2784 1301 2805 sane
1320 2783 1382 2804 non
1404 2778 1474 2812 est;
1498 2779 1662 2816 exspectes

912 2816 1007 2857 igitur
1041 2827 1097 2859 pro
1128 2816 1285 2859 particula
1320 2818 1466 2856 quumvis,
1498 2816 1551 2847 cui
1581 2817 1664 2848 inest

912 2859 1130 2902 impedimenti
1155 2859 1296 2901 alicujus
1322 2859 1420 2894 notio,
1448 2858 1556 2895 aliam,
1588 2870 1662 2900 quae

913 2913 1056 2940 causam,
1079 2913 1134 2933 cur
1158 2902 1280 2944 aliquid
1303 2902 1369 2933 fieri
1390 2901 1537 2943 potuerit,
1557 2901 1662 2942 desig-

914 2951 978 2977 net.
1015 2945 1167 2987 Suspicor
1184 2946 1291 2986 igitur,
1306 2944 1469 2976 Horatium
1488 2954 1542 2986 pro
1557 2956 1662 2984 quam-

914 2990 959 3020 vis
989 2989 1168 3037 scripsisse,
1191 2991 1330 3028 quoniam
1363 2990 1410 3024 is;
1444 2986 1663 3027 unusquisque

915 3030 1000 3063 enim
1031 3031 1127 3067 videt,
1162 3042 1256 3072 quarn
1288 3030 1380 3062 facile
1409 3031 1548 3070 quonium
1578 3031 1601 3060 is
1630 3029 1662 3060 in
