1884 3288
636 206 862 250 LIBER
892 206 954 258 11,
990 208 1055 249 10.
1392 252 1395 255 ,
1563 207 1621 249 95

426 310 632 366 Intraque
651 310 960 366 praescriptum
981 309 1181 352 Gelonos

483 378 671 433 Exiguis
692 378 891 434 equitare
912 378 1088 433 campis.

663 585 941 630 CARMEN
975 586 1036 628 X.

607 728 688 759 AD
729 727 1086 760 LICINIUM.

366 835 572 876 Rsscrms
592 835 724 886 vives,
749 834 908 885 Licini,
929 849 1072 890 neque
1094 834 1229 876 altum

367 903 551 958 Semper
571 903 784 958 urgendo,
807 918 964 958 neque,
985 904 1089 945 dum
1117 902 1330 958 procellas

369 970 536 1012 Cautus
557 970 792 1022 horrescis,
813 971 989 1012 nimium
1011 973 1251 1026 premendo

770 1039 898 1081 Litus
920 1039 1130 1094 iniquum.

307 1107 335 1148 5
364 1105 560 1148 Auream
579 1107 778 1162 quisquis
799 1107 1144 1150 mediocritatem

369 1174 541 1230 Diligit,
562 1181 683 1217 tutus
704 1181 823 1217 caret
844 1174 1031 1218 obsoleti

77 1316 128 1349 vel
142 1327 162 1349 a
176 1316 261 1349 saxis
273 1322 306 1350 et
321 1318 464 1361 rupibus,
479 1317 598 1361 quibus
617 1317 742 1349 cinctus
765 1322 825 1353 est,

77 1359 129 1391 vel
153 1370 173 1392 a
192 1359 272 1392 duro
297 1361 479 1392 accolarum
506 1361 646 1402 ingenio,
671 1361 727 1401 (ut
752 1371 826 1400 sup.

78 1401 114 1439 ii,
143 1403 176 1440 6,
205 1405 226 1435 3
255 1405 393 1436 barbam
419 1405 534 1445 Syrtes,
559 1404 616 1434 inf.
646 1403 689 1440 iv,
717 1405 751 1439 5,
783 1404 827 1433 26

81 1445 250 1478 Germania
273 1446 418 1488 horrida)
440 1449 562 1490 rigidus
587 1445 718 1478 dicitur.
762 1445 827 1477 Sed

78 1487 132 1521 Cl.
142 1488 418 1526 Mitscherlichius
429 1489 597 1533 proclivior
607 1495 656 1521 est
666 1489 824 1529 Niphaten

76 1540 116 1564 ex
139 1531 238 1564 licere
265 1531 304 1564 de
331 1532 438 1570 fluvio,
467 1533 562 1575 cujus
593 1542 719 1567 nomen,
750 1531 826 1563 licet

78 1543 162 1606 uuili
187 1581 328 1607 veterum
349 1576 610 1619 Geographorum
631 1585 823 1607 commemo-

78 1623 195 1655 ratum,
221 1617 329 1659 Tigris
359 1619 492 1650 fortasse
522 1618 556 1649 in
593 1629 632 1650 ea
663 1617 823 1649 Armeniae

78 1661 246 1704 parte,ubi
261 1671 353 1692 mons
369 1661 528 1704 Niphates
542 1660 623 1692 situs
633 1661 703 1697 fuit,
716 1671 822 1702 gesse-

78 1702 140 1743 rit;
162 1714 236 1746 quae
265 1705 394 1746 quidem
423 1703 529 1747 opinio
559 1703 712 1735 seriorum
741 1709 825 1734 certe

77 1752 255 1821 poetarum,
277 1747 333 1790 qui
359 1747 504 1788 Niphatis
522 1746 610 1778 fluvii
631 1745 824 1778 mentionem

92 1789 214 1828 sciunt,
234 1790 416 1822 testimonio
438 1789 571 1822 nititur:
604 1789 671 1821 vid.
691 1788 826 1820 Mitsch.

80 1832 208 1865 Medum
220 1833 357 1875 flumen,
373 1833 559 1876 Euphraten
575 1837 674 1875 puta5
697 1834 827 1863 minores

77 1876 196 1908 volvere
206 1878 345 1915 vortices,
358 1875 477 1912 minus,
495 1881 533 1907 ut
546 1875 714 1912 domitum,
723 1885 757 1906 se
771 1885 826 1906 ex-

79 1918 202 1956 tollere,
226 1919 332 1952 lenius
353 1924 387 1951 et
409 1918 602 1950 moderatius
625 1919 739 1949 fluere:
761 1918 826 1950 huc

78 1962 227 2004 pertinet.
249 1972 345 2005 quem
367 1961 514 1998 laudant,
530 1961 620 1993 locus
639 1961 731 2002 Virg.
747 1961 828 1992 AEn.

79 2004 148 2044 viii,
162 2005 228 2037 726
243 2006 422 2046 Euphrates
443 2006 508 2037 ibat
523 2007 595 2045 jam
620 2005 739 2035 mollior
761 2015 822 2034 un-

79 2049 139 2080 dis.
182 2047 294 2080 Parthi
313 2058 439 2090 nempe,
467 2046 563 2090 hujus
582 2046 670 2078 fluvii
692 2046 822 2082 accolae,

78 2090 267 2124 desinebant
281 2090 342 2123 hoc
356 2101 440 2122 anno
460 2091 588 2122 altiores
609 2088 739 2133 spiritus
761 2094 824 2120 tra-

80 2133 167 2168 here.
210 2133 300 2166 Intra
311 2135 539 2175 praescriptum,
554 2133 637 2164 intra.
658 2131 824 2175 praescrip-

79 2181 130 2210 tos
152 2176 316 2210 terminos.
361 2177 525 2219 Equitare,
549 2186 604 2219 pro
628 2175 763 2217 vulgari,
790 2185 824 2207 se

55 2233 63 2237 „
79 2224 199 2259 tenere,
213 2218 321 2257 moris,
336 2230 401 2262 quo
418 2219 536 2251 Geloni
557 2218 650 2261 equis
663 2218 746 2250 vecti
762 2218 823 2250 cir-

78 2263 263 2305 cumvagari
277 2268 311 2295 et
324 2262 523 2295 incursiones
543 2262 646 2294 facere
667 2261 823 2300 solebant,

80 2311 227 2350 respectu
243 2305 364 2339 habito.

316 2391 518 2424 CARMEN
541 2391 587 2422 X.

123 2433 208 2467 Cum
249 2434 403 2467 Horatius
445 2433 606 2466 Licinium
651 2433 827 2465 Varronem

80 2477 276 2515 Muraenam,
301 2477 462 2510 Proculeii
490 2477 549 2518 (de
573 2487 636 2518 quo
661 2475 729 2506 vid.
757 2485 828 2517 sup.

79 2519 122 2552 nd
143 2519 181 2558 ii.
197 2521 231 2557 2,
253 2519 293 2562 5)
318 2531 356 2553 ac
379 2519 535 2558 Terentiae
559 2518 699 2555 fratrem,
722 2518 824 2550 homi-

80 2573 153 2595 nem
168 2565 304 2603 varium,
323 2563 538 2599 ambitiosum,
562 2561 758 2597 seditiosum,
781 2567 826 2597 et,

79 2605 238 2650 quidquid
273 2607 422 2639 suaderet
454 2604 698 2637 vehementioris
729 2604 828 2636 animi

79 2647 230 2692 impetus,
244 2649 361 2694 cupide
377 2654 593 2692 appetentem,
605 2647 674 2690 jam
688 2647 721 2679 id
736 2657 828 2688 agere

79 2690 300 2731 intellexisset,
315 2698 352 2724 ut
367 2703 432 2724 non
448 2691 552 2723 solum
575 2691 738 2722 meliorem
761 2701 828 2721 sor-

79 2739 144 2766 tem
159 2736 255 2777 (nam
274 2736 369 2768 bonis
383 2735 451 2767 suis
470 2732 699 2777 proscriptione
713 2738 829 2765 exutus

80 2774 210 2820 fueraty
218 2777 280 2810 sibi
294 2783 432 2822 pararet,
449 2778 505 2809 sed
524 2776 620 2809 etiam
635 2776 676 2807 ad
693 2775 829 2808 honores

81 2818 255 2853 altissimos
281 2821 512 2858 adscenderet3
546 2819 712 2862 praeceptis
741 2819 829 2851 salu-

79 2863 224 2896 berrimis
251 2863 282 2897 ei
312 2865 347 2896 in
383 2863 443 2895 hoc
473 2862 612 2895 carmine
647 2863 826 2899 consulere,

80 2915 221 2950 eumque
236 2917 257 2939 a
270 2906 444 2939 temerariis
461 2906 532 2937 istis
548 2904 589 2936 ad
606 2905 740 2937 rectiora
750 2915 827 2936 con-

81 2946 155 2981 uilia
173 2955 314 2982 avertere
337 2949 458 2992 studet.
502 2950 616 2990 Itaque
642 2947 776 2990 primum
799 2948 828 2980 ei

83 2997 192 3024 auctor
213 2998 274 3031 est,
300 2998 336 3025 ut
359 2993 441 3025 inter
466 2992 580 3024 altiora
603 2996 636 3024 et
662 2990 831 3023 humiliora

870 1317 952 1349 viam
975 1317 1126 1354 mediam,
1151 1328 1286 1360 eamque
1311 1317 1351 1348 ad
1374 1317 1523 1349 felicioris
1543 1318 1617 1350 vitae

871 1360 1008 1391 fructum
1029 1360 1232 1398 tutissimam,
1256 1360 1471 1402 ingrediatur;
1502 1361 1618 1393 deinde

870 1414 942 1434 eum
955 1404 1111 1445 ejusmodi
1125 1404 1243 1440 animo,
1260 1403 1358 1445 quiin
1373 1405 1466 1435 rebus
1478 1404 1620 1435 adversis

872 1446 1031 1477 meliorem
1060 1452 1174 1478 sortem
1199 1452 1312 1489 speret,
1330 1447 1363 1477 in
1384 1446 1533 1477 secundis
1557 1446 1618 1478 ini-

867 1489 1008 1530 quiorem
1025 1489 1145 1525 timeat,
1166 1489 1309 1531 adeoque
1332 1490 1496 1520 adversam
1519 1490 1617 1521 sortu-

867 1542 941 1563 nam
967 1532 1087 1564 sortiter
1109 1532 1200 1568 ferat,
1221 1532 1254 1563 in
1272 1532 1412 1564 secunda
1428 1538 1532 1564 autem
1556 1533 1618 1564 mi-

868 1575 952 1607 nime
969 1586 1002 1607 se
1016 1575 1137 1614 efferat,
1154 1575 1311 1618 sapienter
1327 1586 1360 1607 se
1375 1575 1498 1607 munire
1509 1575 1616 1618 jubet.

869 1618 932 1649 Sed
961 1618 1121 1654 Licinius,
1146 1619 1192 1649 uti
1217 1629 1257 1650 ex
1285 1618 1390 1650 Dione
1415 1619 1471 1655 liv,
1488 1620 1520 1654 3.
1542 1619 1618 1651 Vel-

867 1660 922 1692 lei.
951 1661 985 1697 ii,
1012 1663 1052 1692 91
1083 1660 1249 1698 discimus,
1276 1661 1450 1692 amicorum
1474 1662 1619 1693 consiliis

868 1703 954 1734 haud
978 1714 1011 1735 se
1036 1703 1103 1745 regi
1127 1714 1251 1746 passuS,
1272 1703 1418 1740 detectis,
1443 1715 1516 1746 quae
1543 1715 1618 1736 cum

869 1746 992 1778 Fannio
1007 1747 1160 1788 Caepione
1183 1746 1224 1776 ad
1242 1747 1425 1787 Augustum
1439 1747 1618 1789 opprimen-

869 1788 946 1820 dum
985 1789 1110 1824 inierat,
1147 1789 1301 1826 consiliis,
1336 1790 1522 1820 temeritatis
1550 1801 1618 1821 suae

870 1842 984 1875 poenas
998 1831 1127 1864 tandem
1142 1831 1232 1863 dedit
1247 1831 1459 1873 gravissimas.

917 1876 1012 1906 1—4.
1028 1875 1167 1913 Rectius,
1178 1876 1379 1917 prudentiuS,
1390 1876 1534 1917 adeoque
1548 1875 1617 1907 feli-

871 1917 962 1957 cius;
984 1929 1079 1958 neque
1101 1919 1201 1948 altum
1225 1929 1340 1958 semper·
1365 1921 1516 1960 urgendo,
1543 1924 1620 1950 cett.

871 1960 947 1991 dum
973 1971 1075 2003 neque
1103 1959 1136 1991 in
1163 1960 1264 1992 altum
1290 1971 1414 2002 semper
1442 1960 1531 1991 navis
1553 1967 1618 1992 tuae

868 2014 995 2034 cursum
1025 2003 1147 2044 dirigis,
1179 2014 1283 2045 neque
1314 2002 1494 2035 securitatis
1522 2013 1620 2035 causa

869 2045 978 2082 littori,
988 2045 1048 2088 ipsi
1059 2057 1123 2077 non
1133 2046 1208 2077 satis
1218 2046 1290 2083 fido,
1304 2045 1439 2077 nimium
1453 2046 1596 2078 adhaeres
1609 2058 1617 2084 ;

869 2089 903 2120 h.
922 2100 952 2120 e.
966 2089 1074 2120 demta
1097 2088 1142 2120 rei
1167 2088 1305 2130 imagine
1321 2101 1327 2120 :
1352 2089 1378 2119 si
1399 2099 1502 2130 neque
1520 2089 1618 2120 nimio

869 2131 968 2163 animi
993 2133 1111 2164 fervore
1134 2131 1174 2162 ad
1195 2132 1309 2163 altiora
1330 2132 1490 2174 abreptus,
1515 2142 1620 2174 neque

868 2175 968 2206 nimio
984 2174 1094 2206 timore
1110 2174 1150 2206 ad
1174 2174 1343 2206 humiliora
1357 2174 1538 2217 depressus,
1552 2186 1620 2207 me-

868 2217 954 2249 diam
970 2218 1052 2249 inter
1064 2224 1233 2260 utrumque
1243 2218 1326 2249 viam
1337 2217 1502 2258 ingressus
1510 2218 1620 2250 sueriS.

869 2261 1004 2301 Semper,
1014 2261 1094 2292 refer
1103 2261 1142 2292 ad
1153 2260 1338 2299 ferventius,
1347 2271 1410 2304 quo
1417 2261 1490 2303 quis
1497 2272 1621 2304 semper

869 2304 1018 2346 agitatur,
1035 2304 1189 2335 studium.

913 2348 1012 2379 5—8.
1045 2349 1180 2378 Auream
1206 2348 1340 2389 quisquis
1370 2347 1621 2378 mediocritatem.

870 2389 912 2420 In
928 2389 1011 2422 hanc
1027 2390 1216 2422 sententiam
1234 2390 1287 2421 Cl.
1305 2389 1443 2421 Mitsch.
1459 2394 1622 2431 comparat

872 2433 958 2464 Loll.
970 2433 1063 2464 Bass.
1078 2434 1138 2476 Ep.
1151 2433 1193 2471 vi,
1209 2434 1241 2469 3,
1258 2432 1292 2463 in
1308 2432 1442 2467 AnthoL
1460 2433 1569 2463 Graec.
1583 2433 1622 2464 T.

872 2475 1027 2518 ii,p.148:
1047 2475 1279 2519 Αὶμεσότητες
1292 2476 1440 2518 ἄρισται,
1453 2475 1523 2514 ὅπη
1538 2474 1570 2506 δέ
1584 2487 1621 2518 γε

870 2518 1011 2560 πράξιες
1026 2518 1166 2562 ἀνδρῶν
1178 2530 1186 2538 ·
1221 2520 1290 2550 Καὶ
1309 2519 1403 2559 μάλα
1419 2517 1543 2562 μέτρον
1558 2518 1622 2560 ἐγὼ

870 2562 1011 2614 τᾶρκιον
1024 2561 1255 2606 ἠσπασάμην.
1287 2562 1382 2593 Τοῦτ’
1397 2561 1532 2604 ἀγάπα,
1549 2563 1622 2604 φίλε

871 2608 1003 2648 Λαμπι.
1019 2607 1127 2643 κακὰς
1139 2605 1165 2637 δ’
1178 2605 1315 2648 ἔχθαιρε
1327 2604 1485 2642 θυέλλας.
1513 2605 1622 2640 Tutus,

872 2659 918 2680 sc.
948 2649 988 2679 ab
1016 2654 1177 2689 egestate3
1213 2654 1298 2680 caret
1328 2650 1450 2679 obsoleti
1486 2650 1624 2678 sordibus

872 2693 957 2731 recti,
983 2702 1046 2722 non
1075 2702 1154 2734 opus
1179 2691 1276 2723 habet
1300 2690 1445 2722 habitare
1471 2690 1503 2721 in
1531 2690 1624 2721 domo

873 2733 999 2766 sordida
1015 2740 1047 2766 et
1060 2734 1214 2776 longioris
1230 2735 1379 2776 temporis
1402 2733 1519 2775 injuria
1542 2734 1626 2765 male

874 2777 1009 2816 affecta3
1032 2779 1160 2814 sobrius,
1186 2777 1319 2819 νήφων,
1345 2778 1526 2812 continens,
1551 2787 1624 2818 pru-

873 2820 966 2852 dens,
999 2820 1186 2857 Invidenda‚
1202 2820 1258 2851 ubi
1274 2819 1407 2856 invidia,
1424 2820 1477 2851 cui
1491 2819 1627 2861 expositi

872 2862 904 2894 in
921 2863 996 2895 aula
1012 2869 1086 2894 sunt
1102 2863 1262 2899 homines,
1286 2863 1395 2894 evitari
1420 2862 1549 2893 omnino
1571 2872 1624 2893 ne-

872 2906 956 2948 quit.
1000 2906 1053 2938 Cl.
1072 2907 1210 2938 Mitsch.
1229 2911 1393 2948 comparat
1411 2904 1521 2936 Sotad.
1542 2904 1627 2946 apud

874 2950 965 2980 Stob.
993 2949 1027 2980 in
1052 2950 1166 2981 Floril.
1190 2949 1282 2981 Grot.
1303 2960 1337 2991 p.
1358 2949 1440 2979 427:
1465 2947 1501 2978 ‘O
1519 2946 1628 2985 πένης

875 2992 1030 3031 έλεεῖται,
1041 2991 1058 3024 ὁ
1070 2992 1103 3025 δὲ
1118 2992 1284 3030 πλούσιος
1295 2992 1483 3035 φθονεῖται,
1495 2989 1512 3020 ὁ
1527 2989 1627 3031 μέσος
