1904 3314
678 221 902 266 LIBER
936 221 971 274 l,
1009 223 1074 265 18.

1562 224 1644 265 491

218 326 288 369 Te
310 326 422 369 duce
443 341 524 383 per
542 339 704 381 pueros
724 323 874 366 hostili
895 338 1014 365 more
1034 323 1249 374 refertur-3

217 393 513 437 Adversarius
534 401 602 436 est
623 393 782 442 frater;
813 391 950 438 lacus,
977 390 1143 442 Adria;
1176 391 1316 433 donec

218 461 496 505 Alterutrum
516 461 643 503 velox
665 460 846 502 victoria
866 458 1022 501 fronde
1045 466 1239 500 coronet.

131 530 190 572 65
221 530 481 573 Consentire
504 529 592 571 suis
615 528 771 570 studiis
794 528 871 582 qui
891 526 1130 569 crediderit
1151 532 1210 575 te,

218 597 257 640 F
258 606 387 641 autor
409 605 595 653 utroque
618 603 741 638 tuum
760 594 960 637 laudabit
980 593 1136 649 pollice
1159 593 1324 634 ludum.

219 666 439 709 Protenus
462 673 510 707 ut
531 679 728 707 moneam
751 663 804 717 (si
825 662 931 718 quid
953 661 1180 703 monitoris
1202 675 1305 716 eges
1330 662 1409 715 tu),

221 733 343 782 Quid
365 734 421 776 de
442 748 619 789 quoque
640 733 750 781 viro,
772 738 817 772 et
839 731 909 773 cui
930 730 1066 780 dicas,
1094 744 1210 784 saepe
1232 729 1402 772 videto:

219 801 578 844 Percontatorem
600 801 754 855 fugito,
777 813 872 840 nam
895 797 1098 854 garrulus
1121 797 1237 839 idem
1258 804 1340 847 est,

132 870 190 912 70
218 869 319 912 Nec
340 870 530 912 retinent
550 867 715 925 patulae
737 868 966 909 commissa
987 865 1178 908 fideliter
1199 881 1354 917 aures3

219 937 282 980 Et
304 936 438 980 semel
459 938 661 979 emissum
683 926 800 978 volat
820 934 1106 977 irrevocabile
1126 936 1322 977 verbum.

218 1005 325 1048 Non
345 1005 500 1048 ancilla
522 1000 644 1047 tuu'm
660 1005 788 1061 jecur
810 1003 974 1046 ulceret
997 1003 1098 1053 ulla,
1119 1019 1298 1059 puerve,

220 1073 341 1116 Inter
361 1088 649 1116 marmoreum
670 1072 909 1115 venerandi
929 1071 1059 1114 limen
1082 1072 1207 1114 amici
1224 1090 1235 1122 ;

220 1141 294 1185 Ne
316 1142 518 1185 dominus
540 1141 715 1198 pulchri
736 1141 864 1197 pueri
885 1155 1052 1182 caraeve
1074 1139 1234 1195 puellae

134 1211 192 1253 75
223 1210 412 1252 Munere
434 1218 478 1252 te
501 1225 636 1266 parvo
656 1210 774 1259 beet,
797 1215 872 1250 aut
893 1208 1193 1250 incommodus
1216 1214 1362 1263 angat.

222 1278 411 1327 Qualem
433 1278 722 1328 commendes,
745 1278 874 1319 etiam
896 1284 1028 1331 atque
1050 1276 1179 1318 etiam
1202 1277 1396 1331 adspice,
1420 1291 1473 1319 ne
1495 1292 1597 1320 mox

222 1346 443 1389 Incutiant
463 1346 602 1388 aliena
623 1346 702 1387 tibi
723 1352 905 1400 peccata
926 1345 1155 1400 pudorem.

221 1413 444 1465 Fallimur,
468 1421 511 1456 et
532 1415 753 1469 quondam
774 1428 861 1454 non
883 1413 1065 1467 dignum
1087 1412 1298 1453 tradimus
1317 1428 1326 1453 z
1360 1427 1466 1468 ergo

225 1482 372 1531 Quem
394 1497 472 1524 sua
493 1481 621 1537 culpa
642 1487 828 1537 premet,
851 1480 1066 1535 deceptus
1087 1479 1238 1521 omitte
1263 1480 1374 1520 tueri
1392 1497 1402 1530 ;

151 1619 203 1650 60.
238 1617 376 1661 Nugari,
409 1622 445 1648 ut
474 1627 545 1659 sup.
573 1618 641 1648 Sat.
671 1615 705 1652 ii,
739 1617 770 1652 1,
801 1615 856 1652 73,

41 1677 49 1685 ·
107 1661 271 1710 pueriliter
292 1660 410 1692 ludere.
456 1660 509 1691 Sic
528 1660 679 1696 Graecari,
698 1670 770 1702 sup.
792 1659 859 1690 Sat.

109 1705 146 1743 li,
161 1706 194 1743 2,
211 1706 264 1736 11.

152 1748 296 1780 61—64.
322 1747 468 1778 Partitur
484 1748 603 1781 lintres,
618 1755 689 1786 sqq.
737 1745 858 1782 Quem-

109 1790 282 1823 admodum
301 1800 379 1832 puer
399 1789 560 1821 Ascanius
581 1788 614 1819 in
640 1788 790 1819 honorem
809 1787 859 1818 avi

109 1834 263 1866 Anchisae
279 1843 352 1865 cum
369 1832 483 1876 puerili
498 1831 624 1874 agmine
635 1837 780 1873 equestre
792 1840 860 1862 eer-

109 1883 230 1914 tamen,
249 1876 316 1908 sive
340 1878 449 1908 ludum
467 1877 646 1916 Trry'unum,
668 1874 754 1916 apud
771 1873 862 1914 Virg.

112 1921 194 1952 AEn.
211 1931 241 1956 v,
257 1921 334 1955 548,
352 1921 429 1955 604,
451 1919 608 1956 instituit,
636 1917 680 1948 ita
703 1927 788 1948 nunc
809 1917 862 1958 ju-

112 1963 200 1996 venis
216 1963 336 1994 Lollius
355 1962 388 1994 in
409 1963 557 1994 honorem
578 1960 717 2002 Augusti
732 1960 864 1991 simula-

111 2017 200 2039 crum
219 2006 344 2038 navalis
364 2005 640 2049 pugnae Actiacae
661 2003 695 2034 in
711 2003 786 2034 villa
806 2013 864 2034 sua

111 2055 243 2093 paterna
269 2055 483 2091 repraesentat.
534 2047 617 2086 Quis
643 2047 676 2078 in
705 2047 765 2078 hoc
793 2045 862 2078 loco

113 2103 178 2125 non
203 2091 374 2124 admiretur
397 2101 555 2123 summam
578 2096 689 2125 artem,
709 2099 773 2132 qua
795 2090 863 2120 Ho-

111 2135 212 2168 ratius
235 2135 268 2166 in
293 2135 352 2167 hac
374 2135 519 2178 Epistola
542 2133 583 2166 ad
605 2133 746 2164 Lollium
770 2134 866 2174 παρὰ

114 2178 327 2222 προσδοκίαν
341 2188 406 2210 rem
427 2178 541 2220 tangit,
558 2176 649 2218 cujus
664 2175 814 2207 memoria
834 2181 866 2208 et

113 2221 293 2254 narratione
304 2220 384 2252 nihil
393 2221 566 2263 quicquam
579 2221 727 2261 Augusto
743 2225 865 2261 poterat

113 2275 184 2297 esse
209 2264 337 2296 dulcius
364 2271 459 2306 atque
481 2263 668 2307 jucundius.
717 2263 865 2294 Partitur

115 2309 224 2339 lintres
237 2319 247 2339 ι
270 2307 356 2350 apud
376 2307 562 2348 Virgilium,
583 2306 605 2337 l.
625 2307 648 2337 l.
662 2317 691 2337 v.
706 2306 784 2341 562,
800 2307 865 2348 Ag-

114 2353 196 2384 mine
209 2353 325 2392 partito
329 2350 476 2393 fulgent.
518 2350 691 2384 Exercitus,
709 2359 747 2380 ex
765 2349 867 2391 pueris

114 2394 336 2437 conscriptus;
377 2393 527 2436 sequitur·
549 2393 632 2424 enim
663 2403 716 2433 per
744 2404 864 2432 pueros.

115 2439 205 2470 Actia
227 2438 528 2480 pugna-refertur,
553 2436 682 2478 geritur,
707 2436 753 2467 uti
777 2441 867 2478 gesta

114 2491 182 2513 esse
204 2480 342 2520 dicitur;
364 2479 469 2522 imago
492 2490 610 2522 pugnae
630 2478 776 2510 Actiacae
798 2479 865 2510 edi-

115 2530 187 2556 tur:
211 2523 251 2556 de
266 2533 375 2566 pugna
389 2522 527 2555 Actiaca
542 2523 585 2554 cf.
601 2532 672 2565 sup.
689 2521 752 2553 Od.
769 2521 792 2558 i,
808 2522 865 2560 37,

113 2572 147 2599 et
166 2566 268 2610 Epod.
284 2577 381 2598 carm.
396 2567 428 2598 9.
475 2566 576 2597 Lacus
591 2565 722 2614 quidam
739 2565 772 2595 in
790 2565 867 2596 villa

115 2615 247 2653 paterna
259 2615 308 2641 est
322 2609 391 2652 jam
408 2610 522 2647 Adria,
538 2619 617 2639 man
631 2607 794 2640 Adriatico
810 2609 866 2639 ad-

115 2652 298 2685 simulatus.

160 2697 217 2728 64.
246 2697 345 2729 Velox.
363 2699 411 2727 est
425 2694 511 2727 enim
527 2693 659 2726 victoria
678 2693 740 2726 dea
762 2694 863 2726 alata:

108 2740 240 2784 fronde,
255 2749 302 2771 sc.
315 2739 434 2770 laurea.

161 2783 216 2819 65,
231 2783 284 2814 66.
307 2782 378 2814 Suis
398 2783 520 2818 studiis,
535 2778 674 2822 exempli
690 2789 798 2816 causa,
816 2791 870 2812 ve-

119 2825 254 2858 nationi.
301 2825 400 2856 Tuum
429 2825 548 2859 ludum.
573 2822 726 2866 puerilem
757 2823 869 2854 ludum

118 2868 153 2900 in
168 2869 246 2900 villa
266 2875 410 2911 paterna.
460 2867 596 2908 Utroque
612 2867 732 2906 pollice,
746 2876 870 2898 summo

118 2911 246 2944 favorez
267 2911 364 2952 polles
391 2921 520 2950 pressus,
545 2910 670 2951 signum
697 2908 812 2940 favoris
837 2916 870 2941 et

119 2955 240 2996 gratiae,
259 2955 357 2995 pollex
378 2964 491 2990 versus,
510 2963 680 2990 conuersus,
700 2953 869 2990 subrectus,

121 2997 249 3038 signum
281 2997 389 3029 infesti
418 2996 528 3027 animi.
574 2995 727 3028 Juvenal.
750 2995 796 3027 iii.
815 2998 871 3033 35,

124 3041 260 3073 Munera
278 3040 388 3083 (ludos
410 3038 633 3082 gladiatorios)
658 3050 741 3071 ηιιηε
762 3041 872 3077 edunt,

902 1621 931 1646 et
955 1625 1038 1646 verso
1058 1615 1167 1655 pollice
1191 1615 1315 1656 vulgus,
1343 1614 1448 1649 Quum
1472 1616 1555 1652 libet,
1579 1619 1658 1647 occi-

904 1660 981 1689 dunt
997 1659 1200 1699 populariter.

950 1702 1003 1732 67.
1035 1702 1184 1732 Proxenus
1212 1707 1248 1731 ut
1279 1710 1426 1737 moneam,
1461 1704 1494 1731 ut
1524 1701 1658 1734 ulterius

904 1744 1087 1786 progrediar
1103 1743 1137 1774 in
1155 1750 1184 1774 te
1202 1743 1371 1774 monendo.

949 1788 1001 1819 70.
1033 1788 1132 1817 Aures
1157 1788 1283 1826 patulae,
1314 1790 1460 1828 patentes
1490 1785 1658 1819 audiendis

906 1829 1152 1866 narrationibus,
1169 1839 1251 1870 quas
1271 1828 1348 1866 illae,
1364 1828 1440 1870 quia
1463 1827 1560 1859 simul
1583 1838 1658 1863 sunt

907 1875 1032 1908 rimosoe,
1050 1880 1085 1904 ut
1105 1872 1300 1914 garrulorum
1326 1882 1414 1902 aures
1434 1872 1585 1903 Horatius
1602 1884 1658 1905 vo·

907 1923 960 1947 cat
982 1927 1057 1959 sup.
1082 1917 1149 1947 Sat.
1166 1915 1200 1952 ii,
1216 1916 1248 1951 6,
1265 1916 1319 1952 46,
1340 1914 1474 1946 retinere
1498 1924 1562 1947 non
1585 1927 1658 1959 pos-

908 1965 994 1991 sunt.

952 2003 1007 2034 71.
1033 2002 1074 2033 Et
1092 2003 1180 2033 semel
1199 2003 1336 2033 emissum
1360 2002 1441 2031 volat
1464 2001 1661 2035 irrevocabile

906 2048 1046 2078 verbum.-
1066 2045 1198 2077 eandem
1212 2044 1403 2077 senteutiam
1416 2046 1570 2086 expressit
1582 2047 1662 2080 Hor.

907 2088 964 2120 inf.
979 2088 1012 2120 in
1031 2089 1133 2130 Epist.
1149 2089 1190 2119 ad
1207 2088 1272 2119 Pis.
1288 2089 1365 2124 390,
1384 2089 1476 2118 nescit
1497 2101 1551 2120 vox
1570 2093 1660 2122 missa

907 2134 1032 2164 reverti.
1065 2133 1149 2163 Volat
1162 2133 1300 2163 verbum:
1319 2131 1360 2163 cf.
1370 2130 1454 2163 ἔπεα
1471 2133 1661 2175 πτερόεντα

909 2176 994 2219 apud
1010 2176 1198 2207 Homerum.

953 2220 1006 2250 72.
1030 2219 1127 2250 Jecur
1144 2219 1269 2250 ulceret.
1314 2218 1410 2250 Jecur
1426 2229 1482 2261 pro
1497 2218 1571 2250 sede
1588 2219 1660 2250 libi-

909 2261 993 2294 dinis
1005 2262 1198 2301 habebatur;
1219 2261 1315 2304 paulo
1327 2261 1443 2293 foedius
1455 2261 1659 2304 igsturjeww,

908 2305 994 2347 quod
1029 2311 1166 2348 occupat
1202 2304 1314 2341 libido,
1349 2307 1487 2337 ulcerari
1519 2305 1662 2346 dicitur;

910 2348 984 2380 hinc
1011 2359 1084 2392 sup.
1113 2348 1178 2380 Od.
1204 2348 1225 2386 i,
1250 2349 1304 2386 25,
1337 2350 1387 2386 15,
1414 2350 1662 2381 libido—Saeviet

910 2394 1094 2433 circajecur
1110 2394 1292 2423 ulcerosum.
1339 2392 1471 2428 Puerue,
1486 2403 1594 2424 verna.

955 2436 1009 2472 74,
1024 2436 1077 2467 75.
1101 2435 1150 2466 Ne
1173 2437 1314 2466 dominus
1337 2437 1440 2476 pueri,
1462 2441 1536 2467 cett.
1583 2437 1662 2468 Sen-

911 2489 984 2509 sus:
1010 2489 1051 2510 ne
1074 2478 1163 2521 pueri
1186 2478 1342 2521 puellaeve
1357 2478 1505 2510 dominus
1521 2490 1575 2521 pro
1592 2491 1661 2511 mu-

912 2532 985 2554 nere
1001 2521 1162 2564 ampliore,
1180 2521 1267 2563 quod
1285 2527 1468 2564 exspectare
1485 2523 1571 2565 apud
1587 2535 1662 2555 eum

911 2571 1047 2608 poteras,
1065 2565 1123 2596 hoc
1148 2565 1262 2596 leviore
1285 2570 1315 2596 te
1339 2565 1432 2597 beare
1451 2566 1532 2597 velle
1554 2566 1662 2599 videa-

911 2614 973 2643 tur,
1001 2614 1056 2639 aut
1083 2607 1181 2650 hujus
1205 2607 1347 2639 muneris
1373 2608 1584 2646 recusatione,
1614 2610 1663 2641 vel

884 2653 887 2656 ’
908 2651 1005 2693 jocis.
1021 2650 1136 2693 quibus
1151 2652 1191 2683 de
1210 2652 1269 2683 hoc
1285 2661 1389 2683 amore
1405 2658 1434 2684 te
1450 2651 1586 2692 cruciat,
1605 2653 1663 2684 tibi

912 2694 1064 2726 molestus
1079 2694 1144 2725 fiat.

957 2738 1011 2769 76.
1035 2738 1176 2778 Adspice,
1200 2737 1375 2775 considera,
1405 2743 1511 2769 tecum
1539 2743 1661 2781 reputa,

914 2786 948 2812 ut
965 2792 994 2811 v.
1009 2782 1029 2811 4
1046 2780 1078 2812 in
1095 2780 1294 2823 praecedente
1311 2781 1467 2824 Epistola.

958 2825 1011 2855 77.
1037 2825 1160 2862 Aliena,
1176 2835 1222 2856 sc.
1240 2824 1456 2856 commendati
1472 2823 1620 2855 hominis.

959 2868 1013 2904 78,
1023 2868 1075 2899 79.
1100 2868 1262 2903 Quondam
1273 2866 1408 2909 (πότε),
1420 2877 1664 2909 nonnunquam,

911 2909 1116 2953 quandoque,
1140 2911 1320 2942 interdum:
1355 2921 1427 2953 sup.
1455 2910 1519 2941 Od.
1548 2910 1581 2946 ii,
1611 2912 1662 2945 10,

916 2955 966 2992 18,
990 2956 1141 2994 quondam
1166 2955 1287 2986 cithara
1314 2956 1440 2985 suscivat
1465 2954 1608 2987 Musam3
1633 2959 1665 2984 et

915 2999 980 3028 Sat.
997 2997 1030 3035 ii,
1045 2998 1079 3034 2,
1097 2999 1152 3034 82,
1170 2998 1233 3029 Hic
1250 3005 1348 3029 lamen
1366 2998 1406 3027 ud
1426 2997 1532 3026 melius
1552 2998 1664 3035 polerit

917 3047 1131 3073 transcurrere
1153 3043 1316 3083 quondam.
1365 3040 1434 3070 Non
1459 3040 1599 3079 (lignum,
1619 3049 1666 3071 sc.
