1884 3288
522 541 1174 610 PRAEFATIO

475 757 562 789 ·AD
597 756 794 788 SATIRAS
831 757 892 788 ET
927 756 1194 789 EPISTOLAS.

70 1120 158 1163 Fu1
189 1120 350 1172 adhuc,
382 1121 537 1172 fateor,
572 1136 708 1164 vanus
739 1123 993 1178 promissor,
1027 1122 1110 1173 vel,
1142 1129 1192 1164 ut
1226 1121 1384 1165 Cicero
1416 1121 1616 1178 loquitur

71 1201 210 1243 lentus
243 1201 472 1259 iffltiator.
535 1202 679 1245 Lento
716 1203 829 1245 enim
858 1203 1000 1246 animo
1032 1203 1211 1259 porrexi
1246 1217 1388 1253 aureS‚
1421 1217 1530 1258 quas
1560 1203 1617 1244 ad

70 1296 139 1324 me
165 1283 444 1334 monendum,
465 1289 515 1325 ut
541 1282 688 1324 datam
718 1283 774 1325 de
804 1283 987 1326 edendis
1017 1282 1194 1324 Horatii
1226 1282 1380 1324 Satiris
1410 1288 1454 1323 et
1485 1281 1618 1337 Epis-

70 1360 170 1403 tolis
201 1360 334 1403 fidem
369 1360 653 1411 exsolverem,
685 1376 772 1403 non
805 1361 944 1404 solum
976 1361 1130 1403 Sosius
1162 1361 1502 1411 honestissimus,
1538 1360 1617 1402 sed

68 1439 198 1482 etiam
229 1440 368 1491 amici,
395 1455 581 1495 quorum
612 1440 796 1483 multum
830 1441 948 1496 apud
981 1456 1049 1483 me
1077 1440 1192 1483 valet
1225 1441 1477 1492 auctoritas,
1502 1439 1622 1483 velli-

73 1526 236 1562 carent.
286 1519 502 1579 Tamlem,
526 1534 624 1561 cum
644 1527 908 1575 reputarem,
930 1535 999 1562 me
1014 1521 1106 1576 jam
1125 1519 1300 1576 longius
1323 1536 1348 1562 a
1370 1520 1619 1563 carceribus

68 1605 284 1642 remotum
304 1598 436 1641 celeri
455 1599 569 1654 pede
589 1599 646 1641 ad
667 1598 829 1642 calcem
850 1599 1026 1651 deferri,
1044 1615 1099 1642 ne
1119 1600 1226 1642 lenti
1247 1599 1494 1642 infitiatoris
1514 1604 1618 1640 nota

70 1679 196 1721 famae
216 1693 324 1721 meae
345 1685 444 1733 post
468 1678 558 1720 fata
587 1679 847 1730 adhaereret,
870 1695 959 1722 non
988 1679 1172 1735 amplius
1193 1695 1335 1722 moras
1360 1678 1614 1727 nectendas,

70 1761 150 1803 sed
187 1775 280 1802 rem
321 1766 497 1801 strenue
537 1760 834 1816 peragendam
873 1775 970 1802 esse
1008 1760 1216 1803 intellexi.
1278 1759 1449 1815 Appuli
1485 1759 1619 1814 igitur

70 1839 259 1881 animum
307 1839 364 1881 ad
410 1837 587 1880 Horatii
631 1838 796 1881 Satiras
842 1845 886 1880 et
932 1838 1157 1894 Epistolas
1208 1839 1333 1880 simili
1381 1838 1488 1889 fere,
1530 1851 1618 1892 quo

71 1917 274 1959 Carmina
294 1916 470 1959 Horatii
491 1917 651 1972 Lyrica
683 1917 901 1959 illustrare
933 1918 1096 1967 studui,
1118 1917 1426 1959 commentario
1456 1917 1617 1958 instru-

69 1996 220 2038 endas.
280 1994 400 2037 Ante
422 1995 572 2038 oculos
603 2003 748 2037 autem
768 1995 905 2037 habui
929 1996 1124 2051 inprimis
1146 1996 1310 2038 tirones
1336 2002 1380 2037 et
1401 1995 1618 2051 ejusmodi

69 2074 246 2117 Horatii
270 2074 472 2126 lectores,
494 2075 571 2130 qui
590 2081 734 2130 poetae
764 2076 1002 2117 sententias
1027 2090 1264 2130 earumque
1286 2090 1447 2117 nexum
1467 2076 1614 2131 potius

66 2154 320 2210 perspicere
349 2161 394 2196 et
423 2154 648 2203 imbibere,
674 2168 802 2208 quam
834 2154 986 2196 doctas
1015 2161 1059 2195 et
1090 2154 1262 2196 criticas
1291 2154 1613 2209 disputationes

66 2233 282 2289 inspicere
313 2240 357 2276 et
392 2248 658 2289 cognoscere
694 2234 890 2289 cupiunt,
925 2233 1083 2275 similes
1119 2233 1210 2275 fere
1243 2232 1506 2284 sitientibus,
1539 2234 1615 2288 qui

68 2327 148 2355 ora
179 2299 258 2355 sua
287 2312 452 2355 malunt
483 2328 595 2368 pura
630 2313 935 2368 praetereuntis
967 2313 1047 2355 rivi
1083 2327 1197 2367 aqua
1230 2311 1449 2368 proluere,
1483 2328 1613 2368 quam

67 2399 197 2435 antea
228 2393 284 2435 de
312 2391 425 2443 loco,
446 2393 523 2435 ubi
551 2392 648 2435 fons
677 2394 757 2435 rivi
787 2392 933 2445 lateat,
958 2392 1139 2436 sollicite
1165 2407 1376 2448 quaerere.
1439 2392 1614 2435 Horum

66 2472 276 2515 lectorum
306 2472 440 2528 igitur
464 2479 669 2528 respectu
699 2473 864 2524 habito,
887 2473 1074 2528 primum
1103 2487 1283 2528 operam
1314 2473 1418 2514 dedi
1443 2479 1492 2515 ut
1519 2480 1615 2515 tex-

69 2558 174 2602 tum,
196 2557 407 2607 quantum
426 2551 524 2593 fieri
549 2559 711 2607 posset,
734 2552 1011 2595 emendatum
1034 2559 1079 2594 et
1102 2568 1127 2594 a
1146 2553 1260 2594 vitiis
1282 2552 1614 2608 typographicis

67 2637 303 2687 purgatum
339 2630 584 2674 redderem.
646 2631 746 2674 Jam
779 2647 897 2684 vero,
936 2647 1034 2675 cum
1074 2633 1119 2674 in
1158 2632 1335 2675 Horatii
1376 2631 1531 2674 Satiris
1569 2637 1614 2672 et

69 2708 283 2765 Epistolis
319 2716 404 2751 tam
439 2717 608 2753 veteres
646 2711 832 2754 Codices
868 2727 999 2767 quam
1032 2712 1223 2768 antiquae
1258 2713 1612 2766 recentioresque

67 2788 281 2831 editiones
308 2789 462 2831 mirum
491 2790 536 2831 in
563 2791 740 2836 modum
766 2791 964 2834 lectionis
991 2792 1200 2834 varietate
1230 2792 1344 2834 inter
1375 2807 1421 2834 se
1450 2793 1612 2835 discre-

68 2874 188 2924 pent,
204 2883 278 2911 eas
298 2868 523 2920 lectiones,
540 2885 639 2925 quae
660 2871 902 2913 secundum
922 2871 1094 2913 additas
1110 2871 1299 2913 rationes
1321 2871 1610 2927 praeferendae

68 2947 175 2990 mihi
198 2949 458 2992 videbantur
488 2951 657 3001 ceteris,
686 2949 831 3006 delegi
861 2957 905 2993 et
936 2958 1113 2993 secutus
1147 2950 1416 2993 sum—Nec
1446 2951 1607 2993 medio-
