1904 3314
326 183 410 224 398

859 184 1289 227 SATIRARUM

431 284 492 326 Et
511 284 674 339 lapathi
692 285 834 327 brevis
854 285 1004 336 herba,
1027 287 1102 328 sed
1123 286 1221 328 albo
1241 302 1326 328 non
1348 287 1437 327 sine
1463 286 1570 330 Coo.

344 351 402 392 30
431 351 620 394 Lubrica
640 358 862 394 nascentes
883 351 1058 406 implent
1079 352 1300 408 conchylia
1318 353 1455 403 lunae3

432 418 521 460 Sed
541 433 626 459 non
646 432 767 459 omne
787 432 902 459 mare
923 425 990 459 est
1011 433 1227 473 generosae
1249 419 1387 460 fertile
1409 425 1545 460 testae.

430 485 599 526 Murice
619 484 783 525 Baiano
803 483 949 525 melior
970 485 1159 526 Lucrina
1180 485 1361 538 peloris:

430 552 590 592 Ostrea
611 551 800 599 Circeiis,
824 550 995 591 Miseno
1017 551 1211 591 oriuntur
1232 551 1396 601 echini;

430 615 678 657 Pectinibus
698 614 854 670 patulis
869 616 1005 669 jactat
1028 630 1072 657 se
1093 615 1215 657 molle
1236 616 1486 658 Tarentum.

344 682 399 722 35
429 681 524 722 Nec
546 682 626 722 sibi
646 696 863 722 coenarum
883 682 1018 734 quivis
1042 688 1198 722 temere
1221 689 1392 736 arroget
1412 689 1560 732 artem,

430 747 533 789 Non
552 748 670 802 prius
691 754 842 788 exacta
861 748 979 788 tenui
998 749 1162 789 ratione
1185 763 1396 802 saporum.

428 814 525 855 Nec
547 815 647 854 satis
668 820 747 862 est,
769 827 868 854 cara
887 814 1028 867 pisces
1049 828 1246 855 averrere
1267 828 1415 855 mensa

430 880 646 934 Ignarum,
667 879 823 933 quibus
845 886 911 920 est
926 880 998 933 jus
1021 880 1174 933 aptius,
1196 888 1239 920 et
1259 881 1416 934 quibus
1437 880 1543 921 assis

429 947 682 1000 Languidus
701 946 744 987 in
764 947 953 987 cubitum
969 947 1057 1000 jam
1078 961 1122 987 se
1143 947 1319 988 conviva
1339 953 1532 1001 reponet.

343 1014 399 1054 40
429 1012 593 1053 Umber
613 1019 657 1053 et
676 1011 806 1066 iligna
825 1013 1010 1052 nutritus
1031 1011 1185 1066 glande
1206 1013 1412 1053 rotundas

428 1078 589 1119 Curvet
609 1093 711 1132 aper
731 1077 874 1119 lances
895 1092 1063 1119 carnem
1083 1078 1253 1119 vitantis
1274 1079 1454 1119 inertem
1471 1093 1480 1119 τ

427 1144 542 1185 Nam
564 1143 758 1184 Laurens
779 1142 912 1184 malus
933 1150 1012 1193 est,
1034 1143 1141 1184 ulvis
1162 1150 1205 1184 et
1225 1145 1433 1185 arundine
1455 1144 1647 1199 pinguis,

427 1210 568 1251 Vinea
588 1210 798 1250 submittit
817 1223 994 1263 capreas
1016 1224 1101 1250 non
1123 1224 1288 1264 semper
1310 1209 1473 1251 edules.

422 1276 638 1318 Fecundae
658 1275 815 1330 leporis
838 1277 1006 1330 sapiens
1029 1276 1261 1317 sectabitur
1281 1290 1434 1317 armos.

353 1419 407 1450 29.
439 1418 568 1457 Lapathi
593 1417 650 1458 (ex
671 1426 781 1457 genere
804 1416 1039 1457 Ampfer—-Ru-

312 1471 374 1491 mex
409 1466 553 1494 scutatus,
582 1458 631 1489 vel
663 1459 701 1488 R.
735 1459 899 1493 Patientia,
931 1458 1041 1491 Lirin.)
1084 1458 1403 1498 Kamm-Mnschel):

312 1504 406 1533 brevis
421 1503 527 1533 herba:
551 1511 620 1542 sup.
639 1501 739 1542 Epod.
754 1501 786 1535 2,
803 1501 856 1535 57,
872 1502 933 1530 Aut
955 1501 1042 1530 herba

315 1545 431 1584 lapathi
443 1549 532 1582 prata
554 1545 692 1577 amantis,
714 1549 742 1572 et
761 1544 849 1583 gravi
871 1543 982 1572 Malvae
996 1553 1042 1572 sa-

314 1587 411 1616 lubres
439 1586 566 1624 corpori.
625 1584 748 1614 Brevis:
788 1583 895 1614 Schol.
933 1585 1043 1623 Cruq„

311 1638 419 1666 parva,
434 1638 494 1657 non
508 1636 671 1657 excrescens
690 1627 722 1655 in
742 1626 850 1656 altum.
895 1626 970 1655 Albo
986 1637 1045 1655 non

311 1671 375 1699 sine
413 1670 482 1703 Con,
517 1667 569 1698 eui
598 1667 827 1697 admiscebatur
858 1676 940 1707 aqua
980 1677 1044 1696 ma-

311 1711 398 1741 rina:
430 1710 493 1741 vid.
523 1709 640 1740 Athen.
668 1708 690 1744 i,
719 1709 771 1745 35,
801 1714 832 1739 et
863 1708 980 1739 Heind.
1006 1709 1045 1739 ad

358 1795 410 1824 30.
449 1793 624 1833 conchylia,
660 1802 728 1829 nos,
764 1794 811 1822 die
848 1793 1042 1827 Schahhiew,

313 1836 500 1876 Schalfische.
544 1835 687 1870 Lubrica,
706 1844 834 1864 mucoso
855 1834 972 1875 liquore
988 1834 1043 1864 ob-

314 1877 410 1907 ducta
440 1876 488 1906 vel
515 1875 690 1913 madentia;
730 1875 887 1916 epitheton
917 1886 1044 1906 ornans.

317 1919 350 1948 N
351 1924 476 1948 ast-entes
483 1919 560 1948 lunoe
568 1918 703 1955 implent,
710 1917 886 1947 carnosiora
893 1917 1040 1948 reddunt:

317 1959 403 1991 Plin.
420 1960 464 1989 H.
481 1959 523 1989 N.
541 1958 574 1994 ii,
591 1960 643 1994 41,
660 1961 781 1990 Lunai-i
797 1965 937 1998 potestate
955 1966 1042 1989 ostre-

315 2012 404 2031 arum
426 2001 702 2040 conchyliorumque
728 2006 755 2030 et
779 2001 958 2030 concharum
983 2012 1042 2031 om-

315 2045 402 2074 nium
415 2053 538 2082 corpora
556 2044 664 2082 augeri
684 2048 712 2072 et
733 2052 837 2071 rursus
853 2044 1042 2073 minui—ex-

314 2087 458 2124 quisivere
493 2085 707 2124 diligentiores.
761 2083 906 2114 Ceterum
940 2085 1043 2115 obser-

313 2131 388 2157 vent
406 2131 437 2157 et
454 2124 590 2156 sentiant
613 2124 727 2155 tirones
742 2124 774 2154 iu
791 2124 849 2154 hoc
869 2124 1045 2156 hexametro

315 2173 378 2199 tam
398 2168 561 2198 verborum
583 2166 818 2197 collocationem
840 2165 886 2196 vel
909 2165 1043 2207 disposi-

314 2209 430 2240 tionem
447 2208 649 2250 aptissimam,
665 2218 758 2248 quam
778 2217 973 2238 numerorum
990 2207 1043 2239 de-

315 2261 439 2282 cursum
455 2260 682 2281 suavissimum.

357 2293 409 2324 31.
433 2293 586 2323 Generosa>
610 2297 708 2322 testae:
731 2301 871 2329 generosa
894 2296 1044 2322 vocantur

313 2332 461 2365 animalia
474 2338 620 2368 testacea,
636 2343 707 2373 quae
722 2332 880 2363 esculenta
895 2338 979 2362 sunt.

357 2377 409 2407 32.
434 2376 553 2406 Murice
575 2375 692 2405 Baiano
713 2376 816 2404 melior
836 2375 970 2404 Lucrina
989 2385 1039 2413 pe-

314 2420 397 2449 loris.
444 2418 576 2447 Peloris:
600 2415 802 2451 concharum,
827 2415 858 2445 in
883 2415 953 2446 sinu
979 2417 1042 2447 Lu-

313 2459 414 2491 crensi
437 2459 515 2489 inter
535 2458 682 2490 Puteolos
701 2463 733 2489 et
757 2457 853 2488 Baias
870 2463 1042 2498 captarum,

314 2511 412 2541 genus
433 2500 652 2542 praeferebatur
669 2499 838 2530 muricibus
858 2499 891 2530 in
910 2499 981 2530 sinu
1003 2501 1041 2531 ad

313 2542 410 2573 Baias
424 2542 457 2573 in
470 2541 643 2584 Campania
659 2541 770 2583 captis·

356 2585 408 2615 33.
432 2585 537 2614 Ostrea
556 2585 692 2614 Circeiis.
736 2582 822 2613 Plin.
838 2582 880 2612 Η.
903 2583 946 2613 N.
965 2582 1041 2619 xxii,

311 2627 364 2661 21.
397 2626 612 2656 Circeiensibus
643 2627 743 2655 ostreis
771 2635 862 2664 neque
891 2625 1040 2660 dulciora,

310 2678 401 2707 neque
428 2669 576 2697 teneriora
605 2677 662 2697 esse
690 2667 756 2696 ulla
784 2672 964 2705 compertum
989 2673 1041 2696 est.

313 2709 442 2739 Circeii:
465 2708 612 2750 oppidum
636 2708 668 2738 in
695 2708 784 2738 Latio
809 2713 840 2738 et
865 2713 1040 2749 promonto-

308 2750 387 2780 rium
425 2750 458 2780 in
498 2759 581 2780 mare
623 2750 814 2790 Tyrrhenum
846 2758 1038 2790 procurrens.

311 2793 436 2826 Miseno,
457 2791 675 2838 promontori0‚
696 2796 727 2822 et
744 2790 882 2832 ejusdem
906 2790 1040 2821 nominis

309 2833 434 2875 oppido,
456 2843 488 2863 in
504 2833 688 2873 Campania.
735 2833 863 2863 Echini.-
888 2838 1037 2863 testaceo-

1125 1418 1178 1447 34.
1218 1417 1399 1449 pectinibus.
1457 1418 1580 1454 Pecten,
1616 1417 1703 1455 κτεὶς
1752 1427 1818 1454 nos,

1450 1459 1519 1490 vide
1554 1469 1632 1500 quos
1675 1460 1730 1490 lau
1753 1465 1818 1497 ant,

1087 1500 1204 1531 Athen.
1228 1500 1273 1534 iii,
1298 1511 1332 1541 p.
1358 1502 1397 1531 88
1422 1501 1461 1536 B,
1490 1501 1619 1532 Aristot.
1643 1501 1686 1532 H.
1707 1501 1752 1532 N.
1775 1500 1822 1538 iv,

1087 1542 1117 1575 4,
1145 1543 1188 1578 33
1218 1542 1300 1572 Plin.
1328 1541 1408 1573 Hist.
1432 1543 1474 1573 N.
1497 1542 1542 1578 ix,
1568 1544 1621 1576 51.
1642 1542 1740 1578 xxxii,
1763 1544 1816 1575 53.

1090 1583 1210 1613 Patalis
1225 1584 1302 1614 refer
1324 1583 1362 1614 ad
1383 1584 1541 1625 pectinum
1560 1584 1687 1615 formam
1705 1594 1820 1616 conca-

1088 1634 1170 1654 vam.
1214 1625 1306 1655 Molle
1325 1625 1498 1661 Tarentum,
1515 1626 1554 1656 ab
1570 1626 1694 1667 ingenio
1718 1626 1816 1657 homi-

1093 1676 1179 1703 num,
1192 1666 1316 1697 mollius
1327 1673 1358 1698 et
1369 1667 1558 1698 luxuriosius
1571 1668 1614 1698 ibi
1628 1667 1796 1699 viventium
1809 1681 1819 1708 ;

1089 1707 1161 1738 hinc
1173 1708 1228 1739 inf.
1246 1709 1344 1750 Epist.
1356 1708 1380 1744 i,
1397 1710 1427 1746 7,
1438 1711 1491 1746 45,
1506 1709 1668 1741 Tarentum
1682 1711 1816 1741 imbelle:

1089 1749 1151 1780 vid.
1166 1751 1364 1791 Interpretes.

1129 1793 1181 1822 36.
1208 1792 1274 1822 Non
1289 1795 1373 1832 prius
1387 1799 1500 1827 exacta,
1516 1797 1588 1824 cett.
1610 1793 1665 1833 qui
1682 1802 1742 1824 non
1759 1803 1815 1824 an-

1087 1837 1137 1863 tea
1157 1833 1311 1866 subtiliter
1333 1834 1538 1876 exploraverit
1559 1843 1702 1876 saporum
1725 1835 1818 1866 ratio·

1087 1884 1170 1905 nem.
1216 1875 1323 1911 Tenui,
1340 1875 1460 1913 subtili,
1479 1881 1512 1907 ut
1526 1887 1556 1906 v.
1571 1877 1605 1907 9.

1129 1918 1267 1948 37—39.
1284 1917 1346 1948 Nec
1358 1920 1429 1948 satis
1443 1925 1496 1954 est,
1511 1923 1586 1949 cett.
1600 1927 1728 1949 sensus:
1754 1927 1817 1950 nou

1086 1958 1161 1989 satis
1177 1964 1223 1990 est
1238 1959 1336 2000 pisces
1351 1970 1437 1991 caros
1452 1969 1564 1995 emere,
1579 1959 1634 1990 sed
1645 1969 1723 2002 opus
1738 1970 1817 2001 quo—

1086 2010 1147 2040 que
1169 2006 1215 2031 est
1237 2001 1326 2038 scire,
1347 2001 1402 2042 qui
1417 2011 1522 2031 eorum
1542 2001 1617 2032 elixi
1637 2001 1730 2042 quive
1753 2003 1815 2034 assi

1086 2042 1198 2072 melius
1221 2049 1252 2073 et
1269 2043 1442 2084 jucundius
1464 2043 1598 2085 sapiant.
1641 2043 1714 2078 Pro,
1730 2053 1816 2074 aver-

1087 2094 1153 2114 rere
1177 2085 1320 2116 nonnulli
1343 2084 1443 2116 Codd.
1466 2085 1548 2126 apud
1570 2085 1663 2115 Feam
1687 2084 1819 2116 offerunt

1087 2132 1231 2161 avertere,
1277 2126 1381 2156 lurimi
1404 2132 1506 2157 tamen
1529 2131 1652 2157 tuentur
1669 2137 1816 2164 averrere,

1087 2171 1118 2196 et
1133 2166 1191 2197 hoc
1210 2137 1285 2197 milii
1301 2173 1335 2198 ut
1351 2167 1453 2209 aptius
1471 2173 1502 2199 et
1516 2167 1691 2208 elegantius
1705 2169 1815 2210 praese-

1087 2207 1215 2238 rendum
1229 2208 1349 2239 videtur
1363 2221 1370 2247 ;
1393 2220 1530 2240 averrere
1541 2209 1606 2250 jam
1617 2215 1675 2246 est,
1687 2219 1816 2241 manum

1086 2248 1181 2279 alicui
1197 2249 1240 2280 rei
1255 2249 1368 2291 cupide
1388 2250 1516 2291 injicere
1533 2260 1666 2292 eamque
1683 2251 1814 2290 auferre,

1087 2300 1153 2327 nOS,
1170 2292 1406 2332 wegschrmppen,
1425 2293 1610 2333 wegfischen,
1627 2292 1815 2332 wegkapern.

1087 2332 1194 2362 Caram
1217 2343 1340 2363 mensam
1363 2333 1481 2374 accipio
1502 2333 1540 2363 de
1562 2342 1669 2364 mensa
1691 2333 1723 2364 in
1745 2344 1813 2365 ma-

1084 2373 1174 2410 cello,
1199 2374 1231 2404 in
1251 2385 1314 2415 quo
1333 2377 1397 2405 cari
1421 2375 1469 2406 vel
1490 2374 1592 2414 magni
1614 2374 1702 2415 pretii
1723 2377 1814 2415 pisces

1087 2416 1211 2446 venales
1222 2416 1354 2457 expositi
1368 2421 1441 2446 sunt
1455 2428 1462 2455 ;
1479 2427 1516 2447 ex
1531 2416 1589 2447 hac
1601 2416 1695 2457 igitur
1707 2426 1815 2448 mensa

1086 2457 1193 2498 cupidi
1214 2457 1381 2488 lautiorum
1403 2457 1563 2500 epularum
1579 2462 1722 2494 emtores,
1735 2458 1811 2490 dum

1085 2498 1163 2530 alter
1197 2499 1286 2530 alteri
1322 2509 1455 2531 mercem
1482 2499 1573 2540 quasi
1600 2509 1638 2531 ex
1668 2499 1815 2532 manibus

1084 2540 1186 2582 eripit,
1225 2543 1314 2581 pisces
1349 2547 1515 2572 everrunt.-
1551 2541 1674 2582 egregie
1709 2547 1813 2574 autem

1086 2593 1221 2614 averrere
1237 2583 1399 2624 respondet
1419 2585 1468 2624 τῷ
1486 2593 1622 2619 verrere5
1647 2583 1727 2624 quod
1767 2594 1812 2620 ro,

1085 2624 1187 2665 pisces
1205 2635 1314 2666 capere
1335 2624 1448 2656 dicitur
1468 2634 1537 2666 sup.
1553 2626 1619 2654 Sat.
1634 2623 1666 2662 ii,
1681 2626 1713 2660 3,
1758 2627 1812 2662 35,

1087 2674 1121 2695 ιιι
1145 2668 1235 2706 pisces
1258 2668 1378 2697 hiberno
1399 2678 1433 2697 ex
1454 2676 1565 2706 aequore
1593 2668 1698 2702 verris,
1727 2667 1758 2698 h.
1784 2678 1813 2699 e.

1084 2714 1191 2748 captos
1215 2708 1326 2739 aufers.
1370 2708 1461 2739 Hanc
1485 2707 1725 2749 explicationem
1745 2718 1810 2739 am-

1084 2749 1194 2789 plexus
1229 2760 1353 2791 quoque
1383 2755 1429 2781 est
1465 2749 1602 2785 Vossius,
1638 2749 1693 2791 qui
1723 2749 1809 2781 hunc

1083 2790 1186 2822 locum
1200 2791 1290 2822 vertit
1306 2792 1363 2827 sic,
1385 2794 1450 2822 dass
1471 2791 1572 2822 Fische
1594 2802 1649 2821 von
1671 2793 1808 2823 theuerer

1083 2832 1172 2863 Bank
1199 2835 1241 2863 du
1269 2834 1474 2874 hinwegrafst.
1523 2834 1567 2864 At
1593 2839 1726 2864 avertere
1754 2835 1809 2864 ad-

308 2885 376 2905 rum
392 2885 501 2914 genus,
517 2880 580 2905 toto
599 2884 725 2916 corpore
745 2873 841 2915 spinis
859 2873 1034 2905 munitum:
1077 2874 1220 2913 junctam
1256 2874 1411 2906 notionem
1457 2874 1528 2904 furti
1564 2874 1612 2905 vel
1651 2874 1807 2907 violentiae

310 2927 378 2953 neS,
395 2917 518 2957 Seeigel.

1081 2916 1183 2948 habet.
1227 2917 1372 2958 Ignarum
1403 2926 1487 2953 eum,
1517 2916 1572 2957 qui
1599 2915 1742 2956 ignorat5
1779 2923 1806 2947 et
