1904 3314
321 188 419 230 472·

803 193 1330 237 EPISTOLARUM

834 383 1149 427 EPISTOLA
1188 386 1315 428 XIII.

776 521 845 551 AD
869 521 1072 552 VINIUM
1098 522 1366 553 ASELLAM.

431 622 502 663 UT
523 623 861 677 proficiscentem
881 626 1007 667 docui
1028 633 1068 667 te
1090 641 1203 679 saepe
1226 627 1399 679 diuque,

429 687 630 743 Augusto
648 691 802 732 reddes
825 692 991 745 signata
1017 691 1243 741 volumina,
1266 692 1382 742 Vini,

434 754 480 794 Si
501 754 680 804 validus,
703 757 738 796 si
758 756 881 797 laetus
903 759 998 807 erit,
1021 759 1056 798 si
1077 758 1260 811 denique
1279 765 1452 812 poscet;

433 819 506 861 Ne
527 822 670 863 studio
691 823 826 862 nostri
847 837 1013 876 pecces,
1035 823 1263 876 odiumque
1282 822 1436 863 libellis

375 886 402 924 5
433 885 620 927 Sedulus
642 888 847 941 importes
869 903 1000 942 opera
1018 889 1269 930 vehemente
1288 889 1492 930 minister.

429 951 476 991 Si
497 958 538 992 te
559 952 668 994 forte
687 968 792 994 meae
813 955 953 1007 gravis
974 961 1070 995 uret
1091 955 1254 995 sarcina
1274 954 1449 1004 chartae,

430 1016 622 1071 Abjicito
643 1020 802 1072 potius,
824 1035 965 1073 quam,
986 1034 1072 1073 quo
1093 1019 1282 1073 perferre
1299 1020 1466 1074 juberis

432 1083 635 1132 Clitellas,
657 1084 773 1124 ferus
794 1085 1017 1138 impingas,
1040 1083 1271 1138 Asinaeque
1292 1093 1517 1138 paternum

430 1148 677 1202 Cognomen
700 1157 840 1190 vertas
862 1151 903 1190 in
925 1151 1068 1198 risum,
1090 1158 1132 1190 et
1152 1150 1296 1191 fabula
1315 1151 1407 1192 fias.

346 1213 398 1253 10
427 1213 604 1254 Viribus
627 1217 763 1256 uteris
782 1231 860 1270 per
881 1215 1024 1265 clivos,
1046 1216 1231 1266 flumina,
1252 1215 1407 1258 lamas:

431 1279 586 1322 Victor
607 1283 818 1335 propositi
839 1282 962 1323 simul
982 1296 1030 1323 ac
1050 1283 1293 1336 perveneris
1314 1282 1426 1332 illuc,

432 1346 502 1388 Sic
524 1349 709 1402 positum
731 1349 919 1389 servabis
941 1363 1061 1398 onuS‚
1084 1363 1136 1389 ne
1158 1348 1266 1390 sorte
1288 1350 1368 1390 sub
1389 1348 1455 1390 ala

315 1455 442 1496 gustus)
454 1458 483 1487 in
495 1457 615 1497 Syriam
625 1461 663 1490 ad
675 1461 902 1499 componendum
916 1459 1048 1490 Orientis

314 1504 423 1529 statum
440 1501 574 1534 venisset,
590 1507 699 1531 metum
716 1502 845 1531 Phraati
861 1503 996 1536 incussit,
1010 1512 1048 1532 ne

319 1541 428 1570 bellum
446 1541 579 1572 Par-thim
595 1543 709 1584 inferre
723 1544 821 1574 vellet.
865 1542 971 1582 Itaque
986 1550 1046 1573 tota

313 1582 443 1612 Parthia
458 1585 607 1614 recollecti
627 1587 738 1623 captivi
755 1596 789 1616 ex
809 1586 968 1615 Crassiana
988 1587 1047 1615 sive

319 1624 444 1654 Antonii
469 1627 613 1660 exercitu,
637 1628 781 1667 signaque
802 1638 868 1656 cum
895 1627 939 1655 his
964 1627 1045 1656 mili-

317 1667 396 1695 taria
419 1666 555 1707 Augusto
577 1670 709 1699 remissa.
753 1669 809 1698 Sed
831 1675 859 1699 et
871 1668 939 1707 filii
958 1679 1045 1707 nepa-

313 1714 409 1747 tesque
432 1708 574 1739 Phraatis
597 1712 706 1741 obsides
727 1712 863 1751 Augusto
880 1711 955 1744 dati,
973 1716 1047 1742 cett.

310 1749 351 1780 cf.
365 1750 494 1781 Sueten.
507 1751 619 1782 Octav.
633 1753 685 1782 21.
731 1752 895 1791 Imperium
907 1754 1023 1791 accepit
1035 1765 1046 1791 ,·

311 1790 385 1822 hinc
402 1801 471 1833 sup.
486 1792 548 1824 Od.
563 1793 609 1828 iii,
626 1795 657 1829 5,
671 1795 702 1828 4,
714 1804 838 1833 praesens
852 1795 940 1824 divus
955 1795 1042 1825 habe.

309 1834 393 1863 bitur
410 1835 576 1875 Augustus,
590 1837 715 1875 adjectis
731 1836 891 1866 Britannis
902 1836 1041 1875 Imperio,

307 1877 507 1916 gravibusque
537 1878 656 1914 Persis;
687 1877 749 1909 Od.
775 1877 817 1913 ἰν,
844 1879 895 1912 14,
922 1879 974 1914 41,
1002 1878 1042 1910 Te

312 1917 462 1948 Cantaber
489 1930 548 1949 non
578 1926 649 1950 ante
683 1921 848 1955 domabilis,
880 1920 1043 1960 Medusque

310 1960 467 1995 miratur‚·
491 1966 523 1991 et
543 1961 648 1992 Carm.
664 1962 743 1992 Saec.
758 1972 789 1992 v.
806 1964 858 1999 54,
874 1962 944 1992 Jam
964 1965 1041 1993 mari

312 2006 452 2040 terraque
466 2012 571 2033 manus
585 2010 716 2041 potentes
731 2004 839 2034 Medus
854 2005 1042 2045 Albanasque

310 2044 391 2073 timet
408 2053 532 2074 secures.
569 2044 701 2075 Genibus
712 2047 820 2082 minor,
833 2045 876 2076 nil
890 2046 949 2076 nisi
965 2057 1039 2088 sup-

309 2084 454 2126 plicantis
477 2086 694 2124 adumbratim
718 2087 773 2127 qui
792 2090 887 2118 minor
906 2087 1041 2129 alicujus

309 2125 442 2167 genibus
455 2132 513 2162 est,
528 2127 555 2158 is
569 2127 650 2158 infra
664 2128 732 2169 ejus
744 2139 845 2168 genua
857 2129 1042 2166 collocatus,

309 2167 374 2199 sive
404 2167 442 2198 ad
466 2168 536 2209 ejus
564 2179 666 2209 genua
690 2175 859 2211 prostratus
886 2176 944 2201 est.
988 2172 1041 2203 Ad

310 2210 403 2245 hanc,
440 2220 535 2251 quam
572 2210 640 2249 inii,
677 2211 856 2252 explicandi
889 2212 1040 2244 rationem

308 2261 411 2293 neque
438 2252 613 2284 emendatio
642 2253 789 2288 Bentleii,
817 2253 960 2293 Tigranes
984 2266 1039 2295 pro

309 2294 469 2328 Phraates,
487 2304 588 2335 neque
602 2300 692 2326 motae
715 2295 753 2325 de
774 2295 832 2326 hoc
854 2296 922 2326 loco
938 2306 955 2326 a
977 2297 1036 2327 du-

305 2335 444 2372 amitis,
459 2336 650 2367 Ruhnkenio
661 2337 699 2367 ad
714 2337 830 2368 Vellei.
848 2348 880 2379 p.
897 2337 930 2374 ii,
941 2339 994 2373 94,
1007 2343 1038 2369 et

307 2376 490 2408 Eichstadio
531 2379 723 2420 (Kritischer
761 2379 923 2420 Nachtrag
968 2390 1036 2411 zum

306 2425 407 2451 ersten
430 2419 520 2450 Buch
541 2420 595 2450 der
618 2420 770 2462 Episteln,
792 2431 822 2462 p.
843 2422 924 2462 225)
945 2421 1037 2453 dubi-

306 2461 438 2492 tationes
454 2467 645 2492 momentum
662 2462 763 2494 facere
779 2463 932 2494 videntur.

346 2504 400 2538 28,
424 2503 480 2534 29.
505 2504 607 2534 Aurea
623 2505 738 2545 fruges
761 2505 874 2542 Italiae,
898 2510 973 2536 cett.
998 2506 1038 2537 cf.

305 2554 373 2587 sup.
392 2545 455 2576 Od.
477 2545 499 2580 i,
524 2547 573 2582 17,
597 2547 636 2576 14
652 2556 720 2587 sqq.
737 2553 768 2577 et
788 2547 892 2578 Carm.
913 2548 993 2578 Saec.
1009 2559 1037 2579 v.

302 2587 356 2618 59.
401 2586 544 2628 Defudit,
575 2598 630 2629 pro
653 2589 774 2629 vulgari
799 2589 904 2629 igitur,
929 2589 1036 2620 messis

303 2628 362 2660 hoc
381 2638 464 2660 anno
486 2629 546 2660 fuit
565 2630 762 2671 largissima:
788 2630 841 2662 sed
862 2631 940 2662 libb.
958 2638 1034 2662 vett.

303 2670 443 2708 variant;
466 2670 519 2701 alii
539 2671 672 2702 offerunt
692 2672 847 2714 defundit,
866 2672 919 2703 alii
939 2674 1035 2715 diffit-

302 2714 360 2748 dit,
377 2712 431 2743 alii
443 2712 590 2755 diffundit
597 2725 608 2750 ;
633 2715 784 2755 posterius
795 2714 940 2756 equidem
953 2726 1031 2757 prae-

302 2755 436 2787 tulerim.

492 2839 715 2870 EPISTOLA
740 2840 840 2870 XIII.

342 2880 428 2911 Dum
444 2880 595 2911 Horatius
613 2881 735 2922 signata
754 2881 923 2912 carminum
943 2882 1032 2914 volu-

300 2921 385 2952 mina
417 2921 510 2954 Vinio
540 2923 659 2955 Asellae
687 2923 726 2955 ad
755 2923 934 2965 Augustum
964 2935 1031 2967 per-

1092 1458 1217 1490 ferenda
1232 1458 1334 1494 tradit,
1350 1459 1497 1490 mandata
1511 1463 1543 1491 et
1556 1464 1724 1502 praecepta,
1741 1471 1820 1503 quo-

1091 1501 1183 1530 modo
1197 1499 1254 1530 illa
1269 1501 1420 1542 portanda
1434 1506 1466 1532 et
1478 1501 1624 1541 Augusto
1638 1502 1821 1544 porrigenda

1091 1543 1165 1577 sint.
1182 1542 1289 1582 jocose
1309 1542 1406 1573 addit.
1451 1543 1598 1574 Ceterum
1617 1543 1676 1575 hoc
1694 1554 1820 1577 carmen

1090 1583 1244 1615 retulerim
1270 1584 1308 1614 ad
1333 1594 1370 1615 ea
1392 1594 1462 1624 quae
1486 1584 1590 1616 subito
1611 1585 1726 1618 chartae
1750 1586 1820 1620 ille-

1087 1626 1169 1656 visse
1184 1625 1306 1656 videtur
1319 1626 1480 1658 Horatius.

1134 1669 1162 1698 l.
1183 1668 1224 1698 Ut
1237 1669 1469 1709 proficiscentem
1480 1669 1566 1699 docui
1578 1675 1608 1700 te
1615 1680 1689 1710 sepe
1696 1672 1819 1712 diuque.

1095 1710 1147 1745 Ut,
1171 1709 1209 1740 ad
1235 1719 1303 1740 eam
1331 1709 1481 1741 rationem
1505 1720 1599 1751 quam
1623 1712 1716 1744 doc‘ui
1729 1725 1739 1750 ;
1759 1713 1820 1746 suit

1090 1751 1184 1792 igitur
1210 1750 1325 1783 Vinius
1348 1752 1459 1783 Asella
1482 1751 1673 1789 tabellarius.
1699 1755 1819 1788 servilis

1085 1793 1274 1825 conditionis
1293 1794 1394 1829 homo,
1409 1804 1502 1835 quem
1523 1804 1596 1826 cum
1615 1794 1726 1827 litteris
1745 1807 1817 1839 pro-

1085 1836 1274 1867 ficiscentem
1281 1836 1348 1877 jam
1356 1846 1439 1908 saefe
1445 1835 1815 1879 multumque.quomodo

1084 1878 1190 1909 dextre
1207 1878 1307 1909 obiret
1327 1878 1398 1910 tabe
1413 1877 1481 1909 larii
1497 1877 1646 1916 officium,
1665 1881 1816 1913 Horatius

1084 1920 1244 1951 docuerat.

1126 1963 1158 1993 2.
1182 1962 1322 2003 Signata,
1337 1961 1440 2003 sigillo
1453 1961 1601 2004 impresso
1615 1962 1791 2004 obsignata.

1126 2005 1159 2034 3.
1189 2005 1221 2034 Si
1245 2005 1478 2039 validus—erit,
1502 2003 1528 2035 si
1577 2015 1702 2047 rospera
1726 2006 1814 2039 vale-

1083 2044 1192 2077 tudine
1207 2051 1333 2084 utetur3
1357 2046 1400 2076 sic
1416 2047 1534 2076 validus
1575 2056 1592 2077 e
1610 2057 1647 2078 eo
1662 2047 1717 2088 qui
1733 2048 1815 2080 bene

1083 2087 1166 2119 valet
1187 2093 1218 2119 et
1240 2087 1345 2119 salvus
1366 2093 1424 2124 est,
1449 2098 1520 2129 sup.
1543 2086 1604 2119 od.
1628 2089 1650 2126 i,
1673 2091 1727 2125 31,
1754 2091 1791 2121 17
1804 2103 1814 2130 3

1085 2131 1162 2160 male
1176 2131 1306 2166 validus,
1323 2129 1404 2161 male
1419 2139 1545 2172 corpore
1560 2130 1700 2170 affectus,
1714 2131 1813 2165 imbe-

1084 2170 1176 2207 cillis,
1194 2182 1265 2213 sup.
1279 2173 1344 2203 Sat.
1359 2171 1392 2210 ii,
1408 2173 1441 2209 5,
1457 2173 1509 2203 45.
1547 2172 1660 2210 Poseet,
1673 2183 1720 2206 sc.
1734 2174 1814 2206 tradi

1083 2213 1143 2243 sibi
1159 2212 1330 2244 volumina.

1125 2256 1156 2289 4,
1179 2256 1210 2285 5.
1235 2255 1283 2285 Ne
1301 2256 1400 2286 studio
1422 2257 1516 2286 nostri
1535 2266 1644 2294 peccas,
1666 2266 1716 2292 ne,
1737 2257 1814 2290 dum

1081 2296 1157 2326 meis
1172 2295 1342 2327 rationibus
1357 2296 1503 2327 inservire
1517 2297 1637 2334 studes,
1649 2308 1714 2330 rem
1725 2303 1814 2331 tuam

1081 2338 1203 2369 sinistre
1232 2347 1325 2378 agas:
1362 2340 1528 2378 odiumque.
1558 2344 1643 2376 cett„
1672 2345 1704 2372 et
1736 2341 1811 2372 dum

1080 2379 1326 2421 praecipitantius
1342 2385 1373 2410 et
1388 2380 1484 2410 nimia
1504 2380 1670 2414 sedulitate
1689 2382 1813 2416 libellos

1081 2421 1188 2457 tradis,
1234 2422 1415 2462 Augustum
1460 2421 1617 2454 offendas:
1661 2426 1810 2462 minister,

1081 2463 1272 2500 tabellarius,
1289 2465 1453 2495 vehemente
1472 2475 1560 2504 opera
1578 2467 1711 2504 sedulus,
1728 2467 1812 2500 male

1082 2506 1129 2536 vel
1146 2505 1239 2536 nimis
1252 2505 1391 2536 sedulus.

1124 2549 1153 2579 6.
1181 2548 1219 2578 Te
1233 2555 1312 2584 uret,
1329 2553 1359 2579 te
1375 2553 1491 2589 premet
1502 2553 1534 2580 et
1547 2549 1683 2580 vexabit.

1121 2591 1152 2620 8.
1179 2590 1338 2620 Clitellas:
1361 2589 1500 2631 apposite
1517 2590 1583 2631 jam
1601 2591 1750 2624 Horatius
1767 2593 1808 2624 ad

1078 2631 1194 2668 lusum,
1224 2630 1275 2661 cui
1304 2631 1337 2662 in
1365 2631 1519 2662 tabellarii
1550 2631 1676 2665 nomine
1705 2635 1808 2667 Asella

1078 2673 1220 2708 indulsit,
1242 2672 1388 2704 librorum
1405 2673 1558 2704 sarcinam
1574 2679 1666 2706 vocat
1679 2677 1809 2708 clitellas

1077 2717 1163 2757 (nos,
1193 2716 1403 2753 Sanmsattel).
1428 2725 1500 2756 quse
1525 2715 1621 2746 asinis
1647 2716 1688 2749 ad
1713 2728 1807 2750 onera

1075 2757 1225 2799 portanda
1238 2756 1477 2798 imponisolent.
1515 2756 1683 2799 Ferusjam
1696 2759 1735 2791 de
1745 2760 1807 2791 asi-

1076 2809 1127 2834 no,
1143 2804 1178 2830 ut
1191 2799 1229 2830 de
1244 2808 1324 2840 equo
1339 2809 1411 2840 sup.
1431 2799 1496 2830 Sat.
1510 2797 1533 2836 i,
1549 2800 1582 2835 5,
1598 2801 1652 2836 57,
1667 2806 1704 2832 et
1721 2801 1806 2844 apud

1077 2841 1169 2882 Virg.
1187 2842 1264 2872 AEn.
1280 2840 1316 2876 ii,
1329 2841 1382 2873 51.

1118 2885 1149 2921 8,
1165 2884 1196 2914 9.
1219 2884 1372 2923 Asinoeque
1385 2889 1544 2922 paternum
1559 2882 1723 2924 cognomen
1739 2895 1806 2916 ver-

1078 2931 1121 2956 tas
1137 2928 1170 2956 m
1187 2926 1301 2956 risum.-
1325 2924 1384 2956 hoc
1403 2924 1486 2962 lusu,
1505 2924 1536 2956 in
1557 2925 1682 2958 nomine
1703 2926 1804 2959 Ascua
