1904 3314
16 2522 35 2613 ,τηις-’.ῃ
30 2498 34 2504 ,
18 2419 19 2422 „
27 2400 29 2402 .

12 2779 41 2906 *;·,⁴'*'‘.‘'{‹5·²“«·.'
15 2727 37 2764 ⁵2³1&
31 2716 33 2718 .
17 2682 34 2697 'w
23 2663 34 2675 -ι
15 2651 22 2656 “
19 2617 35 2644 :¹2⁴

42 2814 46 2818 x
46 2713 54 2717 1

58 3274 68 3285 r
59 3198 66 3211 -,

658 204 921 250 {LIBER
952 207 1013 258 11,
1045 208 1107 258 7.·-

1602 204 1657 245 23

228 313 458 371 Subjectat
476 313 592 356 lasso
615 311 826 362 stimulos,
850 317 1082 365 versatque
1103 314 1347 365 negantem.

140 379 198 422 95
228 380 315 423 Vel
335 397 468 437 quum
490 381 704 423 Pausiaca
723 387 889 434 torpes,
911 379 1077 428 insane,
1100 376 1274 427 tabella,

227 448 321 497 Qui
340 463 495 504 peccas
515 449 655 490 minus
676 454 808 502 atque
830 461 929 502 ego,
952 461 1087 501 quum
1107 444 1235 486 Fulvi
1255 444 1555 499 Rutubaeque,

226 516 323 559 Aut
343 517 611 560 Placideiani
631 523 838 559 contento
859 514 1025 570 poplite
1047 514 1178 555 miror

226 583 404 635 Proelia,
426 585 601 627 rubrica
621 585 738 640 picta
758 590 833 625 aut
854 583 1064 632 carbone3
1098 580 1216 622 velut
1239 580 1276 622 si

224 652 295 696 Re
319 668 418 696 vera
438 661 650 710 pugnent,
672 653 845 702 feriant,
867 651 1092 705 vitentque
1113 655 1337 690 moventes

112 719 194 762 100
222 718 360 763 Arma
381 723 460 764 viri
475 724 492 764 2

553 721 773 777 Nequam,
796 728 840 762 et
861 726 1056 762 cessator
1079 719 1257 768 Davus3
1293 724 1337 759 at
1357 717 1451 772 ipse

223 788 405 832 Subtilis
427 797 623 844 veterum
637 791 779 845 judex
801 796 844 831 et
866 787 1048 831 callidus
1069 787 1208 828 audis.

222 856 302 899 Nil
321 873 417 913 ego,
440 859 476 899 si
497 859 635 901 ducor
656 857 744 900 libo
766 857 982 907 fumante3
1020 856 1099 897 tibi
1120 856 1273 910 ingens

222 923 394 975 Virtus,
416 933 548 981 atque
570 928 736 968 animus
759 926 895 968 coenis
917 930 1150 979 responsat
1172 922 1326 978 opimis
1344 924 1361 963 ἲ

224 990 500 1048 Obsequium
520 994 682 1035 ventris
704 993 808 1035 mihi
829 992 1117 1048 perniciosius
1139 998 1230 1032 est:
1263 990 1370 1032 cur?

110 1058 192 1100 105
221 1058 373 1115 Tergo
394 1059 563 1116 plector
583 1062 720 1111 enim3
752 1061 830 1116 qui
851 1069 897 1102 tu
920 1060 1172 1116 impunitior
1193 1058 1280 1108 illa,

123 1161 128 1180 1
223 1126 339 1175 Quae
358 1142 494 1183 parvo
517 1130 624 1171 sumi
647 1136 885 1184 nequeunt,
908 1129 1090 1170 obsonia
1112 1128 1293 1182 captas?

221 1194 397 1251 Nempe
418 1196 738 1239 inamarescunt
759 1195 901 1252 epulae
924 1197 1016 1238 sine
1038 1196 1125 1237 fine
1146 1195 1308 1250 petitae,

102 1295 223 1334 probris
248 1300 277 1325 et
300 1296 470 1326 maledictis
491 1307 597 1327 vexare
617 1297 749 1337 aliquem
776 1295 857 1327 dixit

107 1337 180 1369 Cic.
196 1347 230 1380 p.
247 1337 355 1368 Flacc.
371 1348 402 1369 c.
418 1339 473 1369 20.

148 1380 204 1412 91.
229 1379 354 1417 Gelida,
371 1391 417 1412 sc.
435 1391 532 1423 aqua.

147 1423 204 1455 92.
231 1422 301 1454 Non
315 1425 395 1465 quis,
411 1434 475 1455 non
498 1429 586 1466 potes
607 1429 640 1455 ut
661 1435 780 1461 servus,
797 1424 854 1466 qui

105 1472 195 1508 paret
209 1466 348 1503 domino,
365 1466 397 1498 h.
415 1478 447 1499 e.
467 1467 585 1505 animo,
602 1467 658 1510 qui
674 1467 807 1499 libidine
822 1478 854 1499 se

106 1509 174 1550 regi
189 1515 222 1542 et
235 1509 348 1551 corripi
365 1510 495 1552 patitur.

150 1553 206 1584 94.
229 1552 332 1589 Lasso,
345 1552 496 1595 languere
511 1553 543 1584 in
557 1562 661 1584 amore
677 1553 854 1596 incipienti.

109 1595 274 1637 Vei-satque
288 1604 461 1638 negantem,
475 1601 508 1628 et
522 1602 750 1638 repugnantem
767 1608 855 1628 com-

109 1643 227 1677 movet,
241 1637 366 1671 incitat.

150 1682 294 1714 95-98.
327 1681 393 1718 Vel,
420 1686 457 1713 ut
487 1681 575 1713 aliud
602 1682 784 1725 exemplum
814 1683 854 1715 de

107 1723 274 1756 hominum
303 1724 428 1756 insania
456 1724 583 1756 afferam
599 1738 604 1755 :
633 1725 673 1757 de
704 1726 763 1756 hoc
795 1737 854 1757 usu

74 1765 84 1772 ⁰
104 1767 273 1810 particulae
289 1769 335 1799 vel
351 1768 415 1799 vid.
433 1768 556 1799 Ernest.
579 1767 612 1798 in
629 1768 724 1800 Clav.
739 1769 810 1800 Cic.
827 1779 854 1800 s.

105 1821 138 1842 v.
171 1810 236 1843 Vel.
284 1811 387 1847 Quum
419 1811 584 1847 Pausiaca,
615 1817 690 1842 cett.
718 1822 852 1843 sensus:

107 1854 278 1891 Quomodo
285 1854 462 1892 tu,insane‚
469 1865 543 1886 cum
551 1854 581 1885 in
590 1855 855 1897 contemplatione

108 1897 238 1929 tabellae
265 1897 434 1929 Pausiacae
458 1903 586 1940 stupore
612 1903 724 1940 torpes,
750 1897 854 1929 minus

106 1949 235 1982 peccas,
250 1950 346 1982 quam
368 1950 439 1981 ego,
456 1951 530 1972 cum
553 1940 708 1972 nobilium
730 1941 854 1982 gladia-

107 1987 211 2014 torum
233 1988 351 2015 statum
369 1983 419 2015 vel
440 1983 584 2024 gradum,
604 1989 635 2015 et
657 1985 782 2026 proelia,
802 1995 854 2015 ru-

106 2025 207 2063 brica,
223 2031 280 2058 aut
294 2027 430 2058 carbone
445 2026 543 2069 picta,
554 2026 661 2058 miror.
701 2027 854 2059 Pausiaca

107 2070 242 2101 tabella:
274 2069 315 2102 de
344 2069 541 2101 nobilissimo
574 2069 693 2112 pictore
724 2071 853 2107 Pausia,

107 2112 272 2154 Sicyonio,
297 2112 362 2144 vid.
388 2113 530 2144 Pausan.
561 2112 706 2144 Corinth.
737 2114 791 2150 27,
823 2126 854 2156 p.

111 2156 184 2193 173,
201 2155 289 2188 Plin.
311 2156 356 2187 H.
381 2156 427 2187 N.
451 2166 546 2192 xxxv,
568 2157 617 2187 ll.
663 2157 855 2199 Interpretes

107 2198 272 2231 commode
301 2209 374 2231 eum
408 2199 540 2230 Horatio
571 2206 755 2241 comparant
783 2200 854 2231 Cic.

108 2241 227 2273 Parad.
245 2253 278 2280 v,
299 2242 332 2281 2,
354 2242 497 2273 Echionis
519 2243 625 2273 tabula
648 2249 677 2274 te
696 2245 854 2284 stupidum

106 2286 235 2322 detinet,
249 2288 438 2327 autsignum
451 2286 574 2326 aliquod
588 2285 750 2326 Polycleti.
775 2287 853 2317 Mic-

107 2334 148 2365 ω,
166 2329 248 2360 unde
261 2330 434 2364 sustuleris,
451 2333 480 2358 et
494 2330 614 2370 quando
630 2330 749 2360 habeas.
797 2330 851 2360 In-

106 2377 241 2403 tuemcm
257 2378 296 2408 te,
312 2373 527 2407 admirantem,
543 2373 685 2403 clamores
701 2373 854 2404 tollentem

105 2424 174 2446 cnm
195 2416 292 2451 video,
312 2425 431 2446 servum
454 2421 484 2446 te
504 2426 563 2446 esse
581 2416 768 2454 ineptiarum
790 2427 852 2447 am·

105 2459 194 2489 nium
205 2459 329 2498 judico.
375 2458 494 2498 Turpes,
520 2457 666 2500 stupidus
689 2457 852 2497 detineris,

106 2506 144 2532 ut
157 2500 272 2533 Cicero
289 2500 324 2532 in
339 2501 362 2533 l.
377 2511 407 2532 c.
426 2500 578 2543 loquitur.
623 2501 765 2539 Fulvius,
785 2502 851 2533 Ru-

105 2545 192 2583 tuba,
202 2549 236 2576 et
251 2544 481 2582 Phcideianus,
493 2544 703 2586 gladiatorum
721 2550 787 2576 tum
803 2545 853 2576 in-

105 2586 243 2628 signium
260 2588 401 2619 nomina.
447 2587 593 2618 contento
606 2589 732 2627 poplite,
748 2588 853 2630 expri-

105 2629 205 2662 mitur
229 2635 329 2662 status
351 2631 402 2662 vel
429 2629 556 2671 gradus,
579 2640 642 2672 quo
666 2630 855 2671 gladiatores

106 2670 242 2706 invicem
266 2683 300 2705 se
321 2679 455 2717 petunt3
479 2673 556 2704 dum
579 2672 735 2714 gladiator
757 2673 855 2706 altero

106 2715 188 2760 pede
204 2717 332 2748 firmiter
349 2715 479 2752 insistit,
496 2716 627 2748 alterius
642 2716 730 2758 pedis
746 2717 856 2759 poples

107 2759 320 2792 contenditur.
365 2760 484 2791 Pru-tia
510 2761 614 2800 picta:
644 2758 731 2790 Plin.
761 2770 857 2799 xxxv,

106 2802 163 2840 33,
177 2803 275 2845 Pingi
289 2809 391 2835 autem
404 2804 598 2845 gladiatoria
611 2813 750 2838 munera,
767 2809 858 2844 atque

108 2845 143 2876 ὄπ
159 2846 282 2886 publico
297 2847 404 2887 exponi
420 2853 516 2886 coepta
530 2859 550 2877 a
568 2847 606 2877 C.
627 2845 767 2876 Terentio
787 2846 852 2877 Lu-

101 2897 195 2921 ωηο.
240 2889 272 2921 Is
291 2901 347 2920 avo
366 2891 597 2931 sum—triginta
618 2890 709 2928 paria
732 2890 764 2919 in
778 2889 855 2931 jora

105 2941 162 2972 per
184 2933 324 2964 triduum
349 2933 446 2970 dedit,
470 2934 664 2973 tabulamque
685 2933 799 2972 pictam
824 2934 857 2963 in

110 2983 227 3007 nenton
246 2975 355 3007 Dianae
375 2978 486 3016 posuit.
532 2976 671 3006 Robrica
689 2976 777 3017 (nos,
797 2975 856 3006 Rii-

111 3017 197 3063 thel)
221 3024 277 3050 aut
305 3020 455 3056 narbone,-
485 3018 546 3050 levi
578 3018 672 3060 igitur
703 3028 798 3061 opera
827 3024 859 3051 et

901 1295 1120 1337 negligenter3
1144 1304 1216 1326 cum
1235 1293 1285 1324 his
1301 1291 1433 1328 tabuiis,
1449 1302 1522 1334 quae
1538 1291 1577 1323 ad
1599 1292 1648 1324 in-

900 1338 1051 1369 dicendos
1073 1337 1167 1368 ludos
1193 1334 1396 1378 gladiatorios
1420 1334 1574 1376 publicari
1597 1346 1648 1367 so-

900 1382 1021 1418 lebant,
1060 1379 1236 1422 comparari
1272 1378 1506 1420 quodammodo
1543 1385 1651 1410 nostra

899 1430 994 1455 aetate
1022 1430 1156 1466 possunt
1177 1421 1254 1458 illae,
1279 1431 1362 1464 quas
1387 1431 1416 1452 e.
1439 1431 1471 1462 g.
1493 1431 1649 1462 equorum

898 1467 1067 1499 domitores
1093 1465 1278 1507 Anglicani,
1307 1463 1348 1495 ad
1374 1462 1545 1495 indicenda
1574 1465 1651 1496 artis

899 1510 1053 1552 equestris
1067 1508 1261 1552 spectacula,
1274 1517 1339 1538 una
1350 1517 1425 1538 cum
1436 1517 1495 1538 sua
1507 1512 1539 1538 et
1548 1517 1650 1549 equo-

898 1564 966 1584 rum
996 1553 1100 1595 effigie
1127 1551 1205 1583 satis
1234 1551 1340 1593 inepte
1366 1550 1416 1581 vel
1448 1560 1553 1581 crassa
1581 1550 1648 1581 Mi-

899 1607 996 1628 nerva
1033 1596 1220 1627 adumbrata
1258 1594 1292 1625 in
1326 1592 1404 1625 vicis
1438 1593 1548 1624 affixas
1577 1604 1650 1636 pro-

900 1646 1032 1682 ponunt.

946 1684 1017 1718 100,
1052 1683 1124 1712 101.
1164 1681 1314 1720 Nequam,
1344 1687 1373 1710 et
1403 1686 1544 1715 cessator,
1575 1685 1650 1712 cett.

899 1725 933 1756 Si
957 1726 1075 1756 talibus
1095 1723 1247 1754 mirandis
1270 1729 1397 1764 tempus
1420 1722 1579 1764 impendo,
1594 1733 1649 1754 vo-

899 1779 952 1800 cor
963 1779 1021 1810 ego
1039 1767 1132 1798 homo
1147 1776 1282 1808 nequam
1293 1772 1326 1797 et
1340 1772 1468 1796 cessator
1478 1765 1553 1807 (qui
1567 1766 1652 1798 ultra

899 1818 1024 1853 tempus
1047 1815 1159 1846 cessat,
1182 1820 1240 1841 nec
1260 1810 1347 1851 justo
1369 1814 1507 1850 tempore
1530 1808 1650 1849 redit);

901 1861 933 1886 at
955 1861 989 1886 tu
1019 1853 1146 1884 subtilis
1171 1858 1203 1884 et
1230 1853 1311 1883 bene
1337 1851 1454 1895 peritus
1477 1851 1648 1893 (callidus)

899 1902 1038 1929 veterum
1050 1897 1151 1939 judex
1167 1895 1347 1927 celebraris.
1376 1896 1415 1926 In
1427 1895 1538 1926 eodem
1553 1905 1649 1927 sensu

899 1942 1032 1972 callidus
1048 1951 1119 1981 sup.
1135 1940 1202 1970 Sat.
1218 1939 1251 1976 ii,
1267 1940 1300 1974 3,
1316 1939 1372 1970 23.

947 1985 1019 2019 102,
1051 1984 1122 2014 103.
1158 1981 1216 2012 Nil
1244 1993 1309 2023 ega,
1339 1983 1375 2018 si,
1408 1984 1482 2011 cett.
1527 1979 1561 2011 Si
1591 1991 1649 2023 ego

898 2027 997 2058 libum
1019 2026 1145 2057 sumans
1167 2031 1293 2067 appeto,
1310 2023 1431 2055 nullius
1448 2022 1538 2064 pretii
1555 2023 1648 2056 homo

899 2071 986 2112 (nos,
1015 2067 1238 2110 Taugenichts)
1266 2067 1376 2105 dicor;
1404 2071 1483 2097 tune
1511 2076 1567 2108 pro
1597 2068 1647 2099 in.

899 2119 993 2155 gente
1009 2118 1064 2144 tua
1078 2113 1191 2143 virtute
1212 2117 1245 2143 et
1260 2110 1366 2141 animo
1382 2119 1438 2152 par
1452 2119 1486 2140 es
1504 2115 1646 2142 contem-

900 2155 1012 2187 nendis
1034 2155 1138 2187 coenis
1157 2153 1295 2197 opimis'l
1318 2160 1395 2184 tune
1418 2152 1521 2184 coenis
1534 2154 1648 2195 opimis

900 2200 1062 2231 abstinesl
1122 2199 1174 2230 De
1205 2206 1282 2229 voce
1318 2207 1492 2237 responsare
1526 2197 1569 2229 cf.
1606 2197 1647 2229 ad

900 2253 928 2274 v.
945 2244 1000 2274 85.

946 2285 1129 2317 104—108.
1176 2284 1355 2325 Obsequium
1400 2285 1526 2319 ventris,
1573 2290 1649 2316 cett.

896 2339 1026 2360 sensus:
1051 2327 1139 2369 quod
1156 2338 1215 2369 ego
1232 2326 1334 2358 ventri
1355 2326 1578 2358 satisfacturus
1598 2328 1648 2359 fu-

898 2372 997 2403 manti
1010 2371 1076 2402 libo
1091 2370 1206 2414 cupide
1219 2381 1334 2401 manus
1350 2369 1472 2411 injicio,
1486 2370 1564 2401 mihi
1597 2381 1647 2402 er-

899 2415 1052 2446 niciosius
1066 2419 1127 2450 est,
1144 2415 1223 2446 cur‘!
1247 2413 1325 2455 quia
1339 2418 1426 2454 tergo
1443 2423 1556 2455 poenas
1587 2425 1626 2445 uo
1640 2425 1648 2452 3

897 2458 1056 2501 quomodo
1072 2463 1105 2488 tu
1120 2457 1230 2499 epulas
1245 2457 1329 2492 illas,
1346 2467 1419 2498 quae
1436 2467 1532 2499 parvo
1549 2457 1648 2500 pretio

898 2501 1001 2544 parari
1032 2511 1095 2532 non
1126 2506 1272 2542 possunt,
1304 2506 1414 2542 captas
1444 2501 1648 2540 impunitior?

898 2544 961 2576 Sed
977 2555 1017 2576 ne
1033 2549 1068 2575 tu
1084 2543 1213 2585 quidem
1228 2543 1358 2586 impune
1373 2542 1448 2574 iude
1464 2543 1552 2574 abis!
1602 2544 1646 2574 Ε-

898 2588 983 2630 pulae
999 2586 1122 2619 scilicet
1136 2587 1204 2618 sine
1221 2587 1281 2618 fine
1296 2585 1403 2629 petitae
1420 2588 1647 2620 inamarescunt

900 2630 1005 2674 (quia,
1022 2636 1058 2661 ut
1081 2629 1230 2662 Horatius
1253 2640 1324 2672 sup.
1347 2630 1416 2665 Sat,
1431 2629 1467 2664 ii,
1483 2630 1515 2666 2,
1533 2631 1575 2661 43
1599 2630 1646 2661 lo-

899 2674 1015 2716 quitur,
1032 2674 1114 2704 mala
1130 2675 1216 2713 copia
1234 2684 1350 2714 aegrum
1366 2673 1549 2704 stomachum
1565 2675 1648 2704 solli-

899 2721 987 2754 citat,
1003 2716 1052 2748 vel
1073 2715 1161 2758 quia,
1179 2722 1214 2747 ut
1233 2715 1350 2747 ibidem
1368 2726 1400 2747 v.
1424 2716 1478 2751 75,
1496 2717 1601 2747 dulcia
1618 2728 1648 2748 se

899 2762 933 2792 in
963 2761 1053 2791 bilem
1084 2766 1211 2790 vertunt
1243 2760 1448 2800 stomachoque
1479 2762 1649 2790 tumultum

900 2801 1059 2843 movent),
1075 2804 1222 2843 pedesque
1236 2804 1324 2833 illusi
1339 2802 1474 2844 (quibus
1490 2812 1555 2833 una
1575 2814 1648 2834 cum

898 2856 1026 2888 corpore
1039 2846 1158 2877 crebrae
1170 2845 1276 2888 epulae
1292 2844 1394 2876 fraudi
1407 2844 1498 2885 sunt)
1511 2847 1649 2877 vitiosum

899 2900 1005 2930 corpus
1022 2890 1113 2932 (sup.
1128 2890 1196 2920 Sat.
1211 2889 1246 2925 ii,
1262 2890 1295 2924 2,
1314 2889 1367 2924 77,
1383 2899 1491 2928 corpus
1506 2895 1648 2919 onustum

900 2934 1045 2964 hesternis
1059 2931 1258 2974 vitiis)ferre
1274 2937 1429 2968 recusant,
1445 2931 1478 2962 h.
1497 2940 1525 2962 e.
1546 2931 1650 2963 officio

901 2987 960 3008 suo
976 2975 1068 3016 fungi
1083 2975 1210 3007 nolunt.

949 3020 1023 3051 106.
1051 3019 1180 3050 Obsonia
1210 3015 1393 3060 (ὀψώνια),
1425 3015 1583 3059 praecipue
1613 3017 1652 3050 de
