1904 3314
409 190 780 236 EPISTOLA
810 189 908 235 AD
941 191 1273 236 PISONES.

1528 195 1614 238 537

193 301 387 357 Inceptis
407 301 612 358 gravibus
631 299 889 356 plerumque
910 305 955 341 et
974 314 1133 355 magna
1151 300 1363 355 professis

109 369 163 410 15
194 368 468 425 Purpureus,
488 369 574 410 late
595 369 671 423 qui
692 367 935 423 splendeat,
958 381 1071 408 unus
1092 373 1136 408 et
1157 366 1267 409 alter

187 436 402 479 Assuitur
422 450 608 493 pannus,
630 450 763 490 quum
783 434 908 477 lucus
930 441 974 476 et
995 449 1070 475 ara
1088 434 1261 485 Dianae,

190 504 254 547 Et
274 505 548 561 properantis
571 519 696 558 aquae
717 518 798 559 per
818 517 1012 544 amoenos
1034 503 1222 560 ambitus
1245 518 1389 557 agros,

187 569 284 613 Aut
302 571 462 613 flumen
483 570 705 620 Rhenum,
727 576 803 611 aut
823 569 996 624 pluvius
1019 570 1283 611 describitur
1303 585 1430 612 arcus
1448 588 1458 622 3

190 638 280 682 Sed
298 653 413 680 nunc
434 653 521 680 non
541 645 636 679 erat
657 637 725 679 his
746 637 892 679 locus:
925 644 970 679 et
991 637 1178 678 fortasse
1200 652 1457 692 cupressum

102 707 160 748 20
190 705 285 748 Scis
308 705 507 748 simulare
525 724 535 757 ;
567 706 673 761 quid
694 705 793 754 hoc,
817 706 852 747 si
873 705 1022 747 fractis
1042 713 1191 747 enatat
1213 720 1373 761 exspes

187 774 402 826 Navibus,
424 789 509 816 aere
531 775 634 816 dato
655 775 731 829 qui
751 774 977 830 pingitur?
1007 772 1236 829 Amphora
1256 774 1392 830 coepit

187 841 386 894 Institui3
419 849 622 885 currente
643 849 739 884 rota
760 857 838 884 cur
858 857 1017 884 urceus
1038 843 1160 884 exit?

73 991 136 1011 mm
157 981 282 1013 liberius
299 982 437 1024 evagari,
457 988 486 1012 et
503 992 619 1022 pannos
637 992 819 1022 purpureos,

73 1024 202 1055 aliunde
220 1025 338 1065 petitos,
351 1026 483 1056 carmini
500 1035 554 1055 suo
573 1035 702 1061 assuere,
717 1026 768 1056 sed
789 1026 820 1056 id

74 1071 209 1103 tantum,
225 1068 304 1108 quod
322 1069 443 1108 simplex
459 1074 488 1098 et
503 1079 601 1098 unum
617 1074 670 1102 est,
688 1069 807 1098 sectari.

120 1109 172 1147 12,
190 1110 243 1140 13.
263 1109 323 1142 Sed
335 1122 408 1146 non,
423 1116 472 1144 ut.
487 1115 562 1142 cett.
606 1111 743 1141 Sensus:
768 1120 822 1141 ve·

73 1161 143 1182 rum
165 1151 250 1183 enim
273 1162 345 1184 vero
367 1163 432 1184 non
454 1152 522 1184 haec
544 1153 646 1195 poetis
668 1154 762 1184 datur
784 1153 822 1184 li-

74 1194 193 1231 centia,
209 1200 245 1226 ut
259 1195 393 1236 fingant,
409 1205 481 1237 quae
501 1202 611 1226 natura
632 1196 692 1227 sibi
707 1206 820 1238 repug-

74 1242 165 1273 nant,
195 1242 234 1268 ut
262 1237 351 1269 mitia
374 1238 526 1270 animalia
549 1249 622 1269 cum
645 1238 821 1270 immitibus

73 1280 191 1321 (coire)
215 1280 373 1312 Venerem
395 1281 543 1323 jungere,
567 1287 599 1312 et
625 1291 700 1312 aves
727 1287 823 1323 atque

73 1327 248 1365 serpentes.
274 1322 406 1364 tigrides
436 1329 469 1354 et
501 1333 599 1364 agnos
633 1325 821 1366 (geminari)

73 1365 164 1408 paria.
175 1365 240 1397 fieri
254 1365 402 1408 jubeant.
449 1367 500 1397 De
516 1373 672 1408 serpente,
689 1366 819 1397 animali

73 1407 347 1452 avibus*inprimis
361 1409 486 1447 infesto,
504 1419 576 1451 sup.
596 1410 700 1451 Epod.
720 1411 748 1445 1,
771 1411 819 1445 19,

74 1451 132 1488 20,
163 1451 206 1482 Ut
233 1453 366 1483 assidens
400 1453 594 1492 implumibus
630 1454 725 1492 pullis
757 1455 821 1483 avis

73 1493 270 1534 Serpentium
284 1495 420 1534 allapsus
435 1497 531 1526 timet.

121 1538 162 1568 14
182 1547 218 1578 sq
245 1560 253 1568 .
282 1537 418 1577 Inceptis
439 1540 596 1580 gravibus,
624 1543 699 1570 cett.
745 1539 821 1570 Non

74 1589 146 1611 raro
160 1580 228 1611 acci
252 1590 304 1612 ere
321 1580 413 1616 solet,
435 1587 473 1611 ut
490 1586 591 1623 poetae
611 1581 772 1621 gravitatis
791 1588 822 1613 et

74 1622 280 1654 sublimitatis
297 1624 495 1654 ostentandae
515 1623 614 1664 gratia
638 1624 752 1666 cupide
773 1635 818 1655 ar-

74 1664 192 1708 ripiant
209 1671 338 1697 externa
360 1673 556 1701 ornamenta,
577 1666 694 1708 quibus
714 1667 821 1709 splen-

74 1707 181 1740 dorem
205 1714 316 1751 parent
338 1709 405 1740 suis
427 1709 643 1747 carminibus;
670 1710 822 1752 arripiunt

75 1750 199 1784 seilicet
213 1762 263 1783 res
283 1752 390 1793 (locos
412 1752 612 1792 communes)
629 1763 702 1794 quae
723 1752 822 1794 poeti-

74 1803 148 1826 cam
165 1794 409 1838 descriptionem
430 1795 614 1832 admittunt,
633 1802 736 1826 utrum
759 1796 823 1827 illae

74 1843 262 1878 argumento
305 1838 391 1880 quod
441 1844 579 1869 tractant
623 1838 825 1874 conveniant.

75 1889 188 1918 necne,
218 1891 330 1923 parum
360 1880 503 1912 solliciti.
564 1882 758 1922 Plerumque,
790 1887 825 1912 ut

76 1921 135 1955 ins.
157 1934 191 1955 v.
213 1925 270 1960 95,
292 1934 360 1973 pro,
384 1934 448 1955 non
471 1934 564 1964 raro;
587 1931 620 1956 et
641 1925 685 1956 sic
710 1924 825 1966 passim

77 1966 164 2008 apud
195 1966 386 1998 Horatium:
419 1967 566 2009 exempla
594 1967 658 1999 vid.
688 1978 760 2010 sup.
785 1968 826 1998 ad

75 2008 186 2052 Epist.
200 2007 224 2045 i,
243 2011 297 2046 18,
313 2011 368 2041 94.

123 2053 174 2090 15,
206 2053 258 2084 16.
304 2053 491 2093 Purpureus
515 2063 656 2092 pannus.-
687 2052 755 2095 jam
784 2053 823 2084 de

74 2093 260 2138 pigmentis,
287 2095 466 2132 venei-ibus,
494 2095 578 2132 fuco,
604 2102 637 2127 et
661 2096 824 2137 quibusvis

75 2138 214 2170 externis
235 2138 440 2177 ornamentis,
455 2138 628 2170 orationem
648 2139 824 2180 speciosam

75 2180 292 2214 reddentibus.
323 2182 427 2216 Quum
438 2183 536 2218 lucus,
552 2187 627 2213 cett.
639 2181 707 2224 jam
722 2183 823 2213 Hora-

75 2223 143 2255 tius
155 2224 259 2256 aetatis
279 2235 346 2256 suae
361 2230 470 2267 poetas
487 2225 598 2267 carpit,
615 2235 705 2267 quos,
722 2230 824 2257 exter-

76 2275 120 2298 na
133 2272 318 2300 ornamenta
333 2267 527 2299 carminibus
547 2267 613 2298 suis
635 2274 824 2309 quaerentes,

137 2309 204 2342 tica
229 2309 295 2342 luci
322 2309 439 2342 Dianae
463 2316 496 2342 et
526 2310 648 2353 obliqui
673 2310 744 2349 rivi,
770 2317 826 2343 aut

114 2351 202 2390 beni,
218 2358 276 2385 aut
292 2352 392 2396 pluvii
410 2363 504 2384 arcus
523 2352 747 2396 descriptione,
765 2353 823 2385 ali-

76 2403 141 2428 ena
160 2395 256 2439 plane
277 2406 298 2428 a
319 2396 430 2439 scripti
451 2396 602 2428 carminis
625 2402 824 2438 argumento,

77 2446 148 2471 neu
171 2438 296 2481 jactare
320 2439 378 2470 ait.
423 2440 528 2471 Lucus
554 2447 582 2471 et
608 2451 665 2470 ara
695 2440 824 2471 Dianae:

78 2491 153 2514 oum
183 2481 291 2525 plnres
321 2481 385 2513 luci
410 2493 484 2514 cum
511 2483 572 2514 aris
603 2482 720 2514 Dianae
746 2482 826 2515 sacri

22 2531 23 2534 ’
77 2523 195 2557 fuerint
210 2524 296 2567 (vid.
313 2524 537 2567 Spanhem.ad
555 2525 687 2557 Gallim.
705 2526 827 2568 Hymn.

77 2564 112 2598 in
127 2566 227 2600 Dian.
241 2578 272 2600 v.
288 2569 362 2604 104,
375 2573 408 2599 et
423 2569 531 2610 Heyn.
549 2569 684 2599 Excurs.
699 2567 768 2605 viii,
785 2569 826 2600 ad

79 2609 172 2653 virg.
198 2610 279 2642 AEn.
303 2610 360 2648 vii,
386 2611 481 2650 761),
505 2621 601 2652 quem
627 2609 827 2653 potissimum

19 2665 23 2667 “
77 2651 322 2686 ascribendum
338 2653 400 2684 sibi
417 2660 564 2685 sumserit
578 2663 679 2685 vanus
695 2653 826 2696 quidam

5 2702 35 2735 ζ·
78 2700 186 2740 poeta,
199 2695 388 2728 divinationi
404 2696 603 2738 relinquitur.

84 2761 88 2764 «
126 2739 179 2771 17.
201 2738 244 2770 Et
267 2741 461 2780 properantis
483 2751 578 2788 aqiaeae,
605 2743 681 2770 cett.
706 2738 829 2781 obliqui

77 2779 139 2813 sivi
157 2781 403 2824 descriptionem
422 2782 551 2824 ingenio
574 2781 697 2825 poetico
719 2783 828 2813 admo-

4 2826 35 2867 ,ἦ
80 2822 159 2857 dnm
173 2830 381 2874 opportunam
402 2836 483 2862 esse,
499 2826 568 2868 jam
592 2825 659 2867 ipse
680 2825 830 2856 Horatius

78 2867 238 2907 “tandm
259 2873 310 2900 est
325 2868 410 2900 enim
431 2869 482 2900 hic
501 2879 610 2900 versus
629 2867 829 2909 elegantissi-

18 2918 27 2943 Γ
78 2918 165 2948 uns,
179 2915 213 2943 ot
227 2910 269 2943 ad
283 2921 340 2943 eos
358 2921 439 2953 quos
455 2922 526 2954 sup.
542 2910 582 2942 ad
598 2912 664 2942 Sat.
677 2910 700 2948 i,
719 2912 748 2947 l,
766 2912 828 2942 114

81 2951 223 2986 deiectos
229 2953 572 2992 laudavi,referendusz
598 2955 750 2990 Ambitus,
763 2954 828 2985 ele—

22 2998 26 3038 j
80 3001 193 3038 gunter
213 2996 255 3030 de
277 2996 407 3039 obliquo
429 3003 462 3030 et
481 3002 621 3029 tortuoso
640 2996 696 3028 rivi
720 3007 828 3034 cursu,

865 981 931 1013 sive
947 980 987 1013 de
1007 980 1063 1012 rivi
1087 981 1301 1013 anfractibus:
1326 981 1436 1014 eadem
1458 981 1617 1024 elegantia

863 1035 935 1066 sup.
966 1025 1030 1056 Od.
1061 1023 1095 1060 ii,
1127 1026 1159 1061 3,
1198 1026 1249 1061 11,
1287 1031 1316 1057 et
1347 1027 1464 1068 obliquo
1498 1026 1615 1057 laborat

867 1067 1121 1110 Lymphafugatr
1138 1070 1294 1109 trepidare
1309 1071 1389 1100 rivo.

915 1112 966 1141 18.
991 1112 1054 1141 Aut
1067 1111 1191 1152 flumen
1212 1111 1374 1143 Rhenum.-
1399 1111 1536 1153 respexit
1554 1111 1617 1143 sor-

868 1159 952 1184 tasse
989 1153 1141 1184 Horatius
1169 1154 1329 1195 turgidum
1361 1154 1529 1196 Alpinum,
1562 1155 1618 1198 qui

865 1207 936 1237 sup.
956 1196 1023 1227 Sat.
1039 1197 1060 1232 i,
1092 1198 1144 1233 10,
1176 1198 1217 1228 37
1242 1199 1359 1229 luteum
1388 1203 1482 1238 caput
1512 1198 1614 1229 Rheni

866 1240 1022 1280 dejimisse
1037 1238 1163 1270 dicitur.

915 1283 964 1319 19,
987 1282 1042 1312 20.
1074 1283 1241 1318 Simulare,
1266 1282 1452 1325 exprimere,
1480 1288 1516 1313 ut
1547 1293 1619 1325 sup.

869 1324 970 1366 Epist.
996 1324 1030 1362 ii,
1057 1326 1086 1360 1,
1111 1327 1188 1360 241,
1215 1337 1276 1356 cera
1302 1327 1473 1357 Alexandri
1494 1327 1616 1357 vultum

864 1368 1056 1397 simulantia.
1095 1367 1235 1398 Fortasse
1251 1379 1425 1407 cupressum
1441 1369 1505 1399 Scis
1519 1371 1614 1399 simu-

866 1411 942 1440 lare.
983 1410 1080 1440 Hunc
1098 1411 1203 1440 locum
1221 1411 1264 1441 ita
1280 1410 1483 1453 interpretor:
1512 1411 1616 1443 Hora-

865 1452 1006 1494 tiusjam
1022 1459 1183 1494 comparat
1199 1459 1322 1484 notatos
1334 1460 1442 1496 poetas
1458 1464 1529 1484 cum
1549 1454 1615 1496 pic·

866 1501 932 1526 tore
952 1495 1103 1537 quodam,
1120 1496 1176 1537 qui
1196 1496 1227 1526 in
1249 1502 1313 1527 arte
1334 1496 1467 1538 pictoria
1493 1496 1537 1527 nil
1555 1497 1616 1528 nisi

865 1549 1050 1579 cupressum
1069 1538 1196 1580 pingere
1211 1538 1385 1570 didicerat:
1411 1539 1616 1581 quemadmo-

865 1581 941 1612 dum
959 1581 1055 1621 igitur
1066 1580 1166 1622 pictor
1182 1582 1235 1613 ille
1249 1581 1404 1624 picturam
1422 1593 1440 1613 a
1455 1592 1488 1613 se
1506 1587 1614 1624 postu·

866 1624 1007 1655 lantibus
1040 1624 1197 1665 depictam
1230 1635 1414 1666 cupressum
1449 1625 1617 1657 obtrudere

866 1667 999 1701 solebat,
1018 1666 1062 1697 ita
1084 1674 1183 1708 poetae
1204 1667 1263 1703 illi,
1287 1677 1359 1698 cum
1380 1667 1437 1698 toti
1456 1669 1551 1698 alicui
1573 1669 1616 1700 rei

864 1710 952 1751 justo
967 1709 1107 1740 carmine
1130 1710 1326 1740 celebrandae
1343 1710 1479 1752 impares
1499 1717 1616 1748 essent,

868 1753 908 1783 ad
923 1763 1024 1783 rerum
1048 1752 1242 1792 singularum
1262 1756 1315 1794 (ut
1336 1753 1456 1790 Rheni,
1475 1753 1547 1788 rivi,
1565 1763 1614 1784 ar-

868 1806 926 1826 cus
956 1794 1077 1837 pluvii)
1102 1795 1329 1838 descriptiones
1360 1796 1425 1827 sive
1457 1796 1498 1827 ad
1529 1796 1616 1828 locos

869 1847 1064 1872 communeS.
1098 1837 1215 1879 quibus
1242 1838 1416 1870 tractandis
1442 1849 1475 1870 se
1505 1845 1615 1881 poetas

867 1880 1039 1923 jactarent,
1057 1881 1277 1912 decurrebant.
1309 1882 1423 1923 ltaque
1440 1892 1493 1924 per
1510 1883 1616 1919 verba,

868 1931 897 1955 et
897 1925 1033 1965 fortasse
1041 1935 1211 1963 cupressum
1226 1925 1289 1955 Scis
1298 1926 1454 1960 simulare,
1465 1925 1617 1956 Horatius

869 1967 1042 2009 exprimere
1054 1967 1165 2003 voluit,
1181 1967 1223 1997 At
1238 1973 1272 1997 tu
1287 1967 1418 1998 fortasse
1433 1978 1536 1998 rerum
1550 1967 1616 1999 sin-

871 2010 1018 2051 gularum
1034 2009 1323 2045 describendarum,
1341 2009 1423 2040 sicut
1445 2010 1545 2052 pictor
1562 2010 1618 2043 ille

868 2052 1081 2095 exprimendae
1104 2052 1256 2095 cupressi,
1278 2052 1364 2084 haud
1387 2052 1552 2095 imperitus
1574 2064 1620 2085 es.

871 2096 955 2130 Quid
981 2096 1045 2132 hoc,
1069 2101 1146 2126 cett.
1170 2095 1246 2137 quid
1270 2097 1323 2127 hoc
1347 2097 1411 2138 (sc.
1434 2106 1618 2138 cupressum

869 2139 1000 2181 pingere
1023 2137 1134 2180 posse)
1158 2139 1348 2180 naufragum
1368 2139 1479 2181 juvare
1503 2144 1617 2181 potest,

869 2182 924 2224 qui
940 2192 996 2224 pro
1009 2181 1152 2212 mercede
1165 2187 1280 2212 sortem
1298 2181 1443 2222 naufragi
1460 2182 1493 2213 in
1510 2183 1620 2214 tabula

869 2225 1089 2256 adumbratam
1129 2233 1148 2254 a
1179 2225 1300 2266 pictore
1334 2224 1479 2266 accipere
1518 2226 1619 2268 cupit.

869 2267 999 2299 Scilicet
1014 2267 1188 2308 naufragus
1204 2267 1346 2309 quidam,
1363 2273 1399 2298 ut
1418 2268 1512 2299 refert
1527 2269 1618 2300 Hen-

868 2311 954 2342 ricus
970 2310 1152 2352 Stephanus
1167 2321 1207 2341 ex
1218 2316 1322 2342 vetere
1334 2310 1524 2347 Scholiasta,
1539 2311 1620 2343 dici-

868 2359 920 2385 tur
942 2353 1092 2396 pictorem
1114 2353 1241 2390 adiisse,
1263 2364 1400 2396 eumque
1423 2364 1562 2396 rogasse,
1583 2360 1620 2386 ut

869 2396 1040 2438 naufragii,
1064 2397 1149 2439 quod
1172 2407 1285 2439 passus
1305 2398 1358 2432 sit,
1380 2403 1494 2428 sortem
1516 2397 1548 2428 in
1572 2403 1622 2428 ta-

869 2440 949 2472 bula
978 2439 1180 2481 depingeret;
1225 2440 1278 2471 cui
1306 2439 1372 2475 ille,
1399 2440 1538 2472 “Visne
1570 2450 1620 2471 me

871 2493 1051 2525 cupressum
1073 2493 1201 2524 quoque
1220 2483 1415 2525 appingere'!
1440 2483 1499 2523 Μὴ
1517 2496 1549 2515 τι
1565 2484 1621 2515 καὶ

871 2526 1088 2568 κυπάρισσον
1109 2525 1214 2563 θέλεις
1226 2526 1255 2564 ;”
1280 2526 1344 2564 Qui
1363 2526 1511 2557 omnibus
1531 2527 1624 2557 bonis

869 2569 957 2600 exuti
972 2569 1098 2600 fuerant
1111 2569 1287 2610 naufragio,
1301 2575 1462 2611 portantes
1478 2569 1622 2600 tabulam

870 2611 904 2642 in
921 2622 986 2653 qua
994 2622 1142 2653 expressa
1154 2611 1214 2643 fuit
1224 2612 1515 2653 infortuniiimago,
1531 2623 1620 2643 men-

871 2654 977 2685 dicare
995 2654 1139 2685 solebant
1156 2667 1164 2693 ;
1190 2655 1235 2685 sic
1253 2655 1332 2686 socii
1347 2655 1521 2686 Simonidis
1537 2655 1623 2698 apud

872 2697 1003 2728 Phaedr.
1026 2697 1069 2732 iv,
1092 2698 1147 2735 21,
1171 2699 1225 2732 24,
1252 2698 1353 2729 Ceteri
1377 2700 1514 2729 tabulam
1536 2710 1622 2730 suam

875 2741 1021 2775 Portant,
1037 2747 1179 2782 rogantes
1192 2743 1316 2772 victum.

918 2784 971 2821 21,
995 2783 1050 2813 22.
1082 2785 1236 2824 Amphora
1266 2786 1355 2824 coepit
1382 2784 1525 2819 Insticui,
1549 2790 1624 2815 cett.

874 2825 1085 2862 Sententiam,
1103 2831 1124 2844 ‘⁸
1136 2837 1205 2858 esse
1220 2834 1340 2870 poetas,
1353 2827 1408 2868 qui
1425 2837 1541 2866 magna
1557 2837 1624 2857 cre-

873 2877 951 2912 pent
966 2875 998 2900 et
1013 2869 1212 2910 promittant,
1229 2870 1283 2901 sed
1299 2880 1395 2912 parva
1418 2870 1574 2910 proferant
1591 2875 1623 2900 et

872 2911 1066 2948 extricent,'’
1082 2913 1235 2955 expressit
1251 2913 1401 2954 imagine,
1419 2922 1437 2942 a
1452 2911 1624 2942 formandis

876 2955 959 2987 vasis
982 2954 1136 2987 fictilibus
1154 2955 1272 2987 ducta:
1298 2960 1412 2997 peccat
1428 2954 1545 2994 figulus
1569 2953 1624 2995 qui

875 3009 932 3040 pro
954 2998 1116 3041 amphora,
1133 3009 1230 3039 quam
1252 2998 1475 3031 meditabatur,
1493 3006 1625 3028 urceum
