1904 3314
414 197 789 243 EPISTOLA
831 197 932 240 AD
979 198 1310 240 PISONES.
1545 199 1625 240 551

23 331 34 339 -
81 301 170 344 210
199 301 371 345 Placari
394 303 563 345 Genius
584 301 706 342 festis
728 300 902 355 impune
924 300 1094 350 diebus,

199 368 402 413 Accessit
423 369 699 423 numerisque
721 368 948 423 modisque
968 366 1143 408 licentia
1162 367 1313 422 major.

199 437 418 481 Indoctus
431 437 536 493 quid
557 437 671 478 enim
692 442 866 490 saperet
884 434 1082 490 liberque
1103 434 1302 476 laborum

199 505 413 548 Rusticus
433 506 601 547 urbano
623 503 843 553 confusus,
865 503 1006 558 turpis
1026 502 1242 544 honesto?

201 573 275 616 Sic
295 574 451 629 priscae
471 578 721 626 motumque
742 577 788 612 et
808 569 1022 611 luxuriem
1045 567 1216 611 addidit
1236 569 1319 611 arti

82 641 168 684 215
197 641 399 691 Tibicen,
422 640 642 694 traxitque
663 653 798 693 vagus
820 652 900 692 per
920 637 1090 693 pulpita
1111 645 1289 679 vestem.

200 709 272 751 Sic
293 710 420 751 etiam
439 700 605 750 'fidibus
627 722 755 748 voces
777 721 952 748 crevere
974 707 1151 756 severis,

201 776 264 819 Et
285 776 382 818 tulit
402 775 620 831 eloquium
642 773 862 816 insolitum
883 773 1086 815 facundia
1106 788 1320 830 praecepS,

198 843 470 900 Utiliumque
493 858 627 899 sagax
647 858 806 892 rerum,
828 848 873 884 et
893 842 1037 884 divina
1060 842 1212 891 futuri,

199 911 428 968 Sortilegis
448 927 536 954 non
557 911 798 966 discrepuit
820 911 1034 952 sententia
1056 910 1260 967 Delphis.

84 981 171 1024 220
258 981 459 1022 Carmine
480 981 555 1035 qui
576 980 743 1035 tragico
763 978 888 1021 vilem
910 980 1091 1020 certavit
1112 981 1170 1021 ob
1191 980 1374 1030 hircum,

143 1099 148 1103 .
199 1048 312 1091 Mox
333 1049 462 1090 etiam
483 1055 679 1104 agrestes
703 1047 883 1103 Satyros
905 1047 1098 1098 nudavit,
1121 1056 1165 1089 et
1186 1063 1315 1104 asper

81 1164 176 1204 pudet
198 1163 330 1194 recitare
341 1174 352 1200 ,·
377 1162 482 1205 Epist.
500 1161 535 1198 ii,
558 1163 584 1200 l,
602 1162 656 1198 60,
673 1169 758 1193 arcto
775 1163 830 1192 sti-

82 1212 159 1248 pata
175 1206 292 1237 theatro
305 1206 426 1246 Spectat
443 1205 540 1236 Roma
555 1211 669 1245 potens.

128 1249 206 1284 206,
221 1249 297 1280 207.
321 1248 389 1284 Quo
404 1247 455 1290 (in
473 1247 586 1280 sedilia
608 1257 722 1289 nempe
744 1247 832 1278 thea-

86 1291 145 1332 tri)
166 1292 265 1323 coibat
287 1293 417 1331 populus
436 1302 508 1322 sane
531 1292 730 1322 numerabitis
753 1292 832 1331 (nu-

86 1333 231 1366 merabili
244 1333 354 1376 utique
369 1334 493 1376 copia),
504 1340 608 1373 utpote
621 1345 746 1373 parvus,
758 1333 833 1374 quia

85 1387 204 1420 parvus
225 1382 304 1413 erat,
330 1387 392 1408 non
418 1376 510 1418 copia
537 1375 773 1412 innumerabili,
799 1380 835 1406 ut

85 1430 197 1459 nunc;
219 1419 310 1461 isque
329 1419 459 1462 (fr-ugi)
482 1418 665 1455 industrius,
686 1418 834 1460 pudicus,

85 1468 120 1495 et
133 1462 303 1494 modestus.

131 1506 209 1537 209.
243 1506 364 1542 Latiar,
388 1505 485 1537 latius
513 1510 638 1547 pateuS,
665 1504 834 1541 extensior,

89 1547 236 1591 amplior.
276 1548 408 1590 Vinaque
422 1550 547 1583 diurno,
562 1553 594 1579 et
609 1547 768 1579 conviviis
783 1549 834 1579 vel

89 1590 378 1634 compotationibus
393 1593 430 1622 de
445 1593 506 1626 die,
524 1591 558 1622 h.
572 1601 601 1622 e.
619 1596 692 1621 ante
712 1596 836 1633 tempus

87 1633 228 1672 solitum,
243 1633 294 1665 vel
313 1634 401 1676 justo
419 1633 636 1685 tempestivius
655 1633 835 1675 incipienti-

89 1677 175 1716 bus;
197 1676 244 1708 sic
263 1677 371 1708 Graeci
395 1675 451 1720 ἀφ’
476 1676 602 1719 ημέρας
628 1677 753 1712 πίνειν,
774 1677 838 1708 vid.

27 1743 35 1747 κ
89 1719 227 1752 amieiss.
241 1720 374 1752 Jacobs,
390 1720 430 1751 ad
447 1720 581 1750 Anthol.
597 1719 701 1750 Graec.
717 1720 754 1751 T.
770 1720 836 1758 viii,

89 1773 122 1806 p.
136 1764 208 1801 144,
219 1768 253 1795 et
266 1762 340 1795 hinc
357 1762 514 1805 ejusmodi
531 1761 677 1793 convivia
687 1762 838 1793 dicuntur

90 1808 264 1846 tempestiva
276 1819 285 1837 .-
308 1806 373 1838 vid.
388 1807 513 1837 Ernest.
529 1805 562 1836 in
577 1804 670 1837 Clav.
686 1805 758 1837 Cic.
770 1817 796 1837 s.
809 1817 838 1837 v.

91 1849 140 1880 De
153 1854 188 1881 et
203 1849 418 1890 Tempestivus.

134 1893 211 1924 210.
236 1892 362 1924 Placari
380 1892 518 1929 Genius,·
541 1891 586 1922 sic
610 1901 684 1934 sup.
708 1891 770 1922 Od.
792 1891 838 1928 iii,

93 1935 146 1972 17,
165 1936 218 1971 15,
238 1935 372 1967 Genium
391 1946 471 1966 mero
495 1945 625 1966 curare:
650 1934 705 1976 qui
729 1934 837 1965 hilari-

90 1977 150 2009 tati
160 1983 193 2010 et
204 1977 277 2010 vitae
289 1977 487 2020 jucunditati
498 1977 676 2018 indulgent,
689 1977 839 2008 dicuntur

89 2022 214 2060 placare
243 2021 294 2052 vel
324 2032 434 2053 curare
467 2021 611 2055 Genium,
642 2020 719 2051 dum
750 2027 838 2062 grato

91 2063 200 2095 animo
228 2063 375 2095 fruuntur
401 2063 585 2095 muneribus
610 2074 682 2105 quae
709 2064 836 2100 Genius,

91 2106 208 2149 cuique
223 2106 344 2139 homini
357 2106 497 2142 additus,
515 2106 709 2155 suppeditat.
750 2105 836 2138 Hinc

94 2150 194 2181 Genio
216 2161 270 2181 suo
296 2151 468 2192 indulgere,
490 2160 557 2191 pro,
579 2149 618 2180 iis
633 2160 706 2191 quae
730 2149 837 2181 delec-

92 2197 162 2223 tant
196 2191 372 2234 indulgere.
431 2193 571 2232 Impune,
606 2191 716 2229 libere,
748 2191 839 2223 nulla

92 2234 164 2276 lege
194 2234 269 2267 huic
299 2234 426 2267 vivendi
455 2235 534 2266 mori
561 2235 727 2267 obstante:
766 2246 837 2277 sup.

94 2277 198 2320 Epist.
223 2277 247 2314 i,
273 2279 306 2316 5,
333 2279 385 2315 10,
411 2277 540 2318 Impune
565 2280 666 2309 licebit
690 2279 838 2309 Ailstivam

93 2331 227 2353 sermone
241 2323 369 2364 benigno
382 2322 504 2352 tendere
519 2327 645 2352 noctem.

138 2364 215 2402 212,
238 2365 315 2396 213.
348 2363 494 2395 Indoctus
531 2366 602 2405 quid
640 2366 731 2400 enim,
762 2369 839 2396 cett.

93 2406 253 2449 quomodo
274 2406 359 2439 enim
382 2407 516 2438 confusa
546 2407 708 2439 hominum
734 2408 839 2445 turba,

97 2449 152 2481 ubi
182 2449 318 2482 rusticus
348 2449 536 2493 (indoctus),
567 2450 662 2481 homo
692 2451 780 2481 rudis
809 2456 842 2482 et

91 2497 170 2535 ‚post
183 2499 326 2536 peractos
341 2493 465 2524 labores
479 2492 572 2534 genio
587 2503 644 2524 suo
659 2493 841 2534 indulgens,

93 2536 220 2568 urbano
251 2537 371 2579 (turpis
399 2535 550 2576 honesto),
576 2547 676 2578 purus
705 2536 840 2578 impur0,

96 2578 147 2610 vel
168 2578 311 2611 incultus
333 2579 474 2614 exculto,
495 2578 740 2614 immiscebatur,
758 2585 842 2611 recte

97 2619 139 2653 de
162 2621 224 2653 hac
253 2632 286 2654 re
313 2621 429 2653 sentire
457 2626 490 2652 et
515 2621 674 2653 subtiliter
699 2621 844 2664 judicare

98 2666 242 2707 poterat!

141 2707 220 2743 214,
233 2709 310 2739 215.
333 2708 402 2739 Sic.-
426 2707 501 2738 hinc
517 2707 635 2738 factum
648 2713 707 2743 est,
722 2713 758 2739 ut
771 2707 844 2739 tibi-

97 2758 159 2781 cen
187 2749 250 2793 (cf.
281 2761 352 2793 sup.
378 2750 482 2793 Epist.
506 2750 540 2786 ii,
571 2751 601 2785 1,
630 2749 691 2790 98)
724 2752 846 2791 (priscae

98 2791 181 2834 arti)
196 2793 338 2835 pristinae
353 2792 565 2836 simplicitati,
575 2792 631 2823 ubi
646 2792 726 2824 tibia
743 2793 848 2824 tenuis

100 2834 299 2878 simplexque
335 2836 488 2868 foramine
527 2846 631 2878 pauco
670 2835 850 2878 adspirabat

100 2876 196 2910 choro
228 2880 318 2922 (sup.
346 2890 378 2911 v.
406 2879 504 2918 203),
538 2878 669 2910 adderet
700 2878 848 2920 (motum)

79 2920 246 2953 ·mimicos
273 2927 420 2964 gestuum
455 2927 559 2953 motus
589 2927 622 2953 et
652 2922 848 2954 luxuriosam

101 2963 383 3005 magnificentiam,
412 2970 446 2996 et
475 2975 530 3007 per
559 2963 685 3007 pulpita
717 2966 849 3007 (vagus)

101 3004 167 3039 huc
185 3006 263 3040 illuc
286 3018 319 3040 se
336 3018 526 3051 promovens
547 3014 633 3040 veste
655 3007 750 3050 longa
766 3013 850 3051 (syr-

875 1162 976 1202 mate)
1003 1162 1135 1194 humum
1160 1168 1305 1195 verreret.
1350 1163 1466 1201 Motus,
1488 1164 1528 1196 de
1554 1173 1624 1195 cor-

875 1204 959 1246 poris
991 1206 1166 1247 jactatione
1199 1205 1338 1242 mimica,
1370 1207 1420 1238 vel
1450 1208 1490 1238 de
1526 1207 1623 1238 salta-

877 1247 982 1279 tione:
1011 1259 1083 1290 sup.
1107 1249 1171 1280 Od.
1194 1248 1239 1284 iii,
1260 1250 1292 1286 6,
1314 1251 1369 1285 21,
1394 1249 1498 1281 Motus
1522 1251 1625 1281 doceri

874 1293 991 1332 gaudet
1014 1291 1129 1322 Ionicos
1161 1291 1289 1323 Matura
1317 1294 1424 1334 virgo5
1455 1293 1501 1324 sic
1528 1299 1626 1324 motus

877 1336 963 1370 dare,
986 1345 1053 1376 pro,
1074 1335 1199 1369 saltare,
1218 1335 1310 1376 Virg.
1328 1336 1408 1367 Geo.
1426 1335 1448 1371 i,
1462 1337 1538 1372 350,
1556 1334 1627 1367 Liv.

879 1375 934 1411 vii,
960 1377 1003 1416 25
1040 1382 1072 1408 et
1097 1377 1142 1408 sic
1168 1380 1290 1414 moveri,
1316 1378 1373 1409 ins.
1399 1389 1428 1409 v.
1452 1379 1529 1413 232,
1554 1388 1624 1419 pro,

878 1419 1012 1450 saltare:
1049 1430 1121 1462 sup.
1149 1419 1253 1462 Epist.
1275 1420 1309 1456 ii,
1333 1422 1367 1456 2,
1395 1422 1467 1456 125,
1493 1421 1627 1462 Cyclopa

879 1468 1025 1494 movetur.
1073 1463 1133 1492 Per
1157 1463 1293 1503 pulpita,
1317 1473 1372 1506 per
1395 1474 1499 1495 scenae
1522 1463 1627 1494 solum

880 1505 999 1536 tabulis
1012 1510 1144 1536 stratum
1159 1517 1166 1535 ε
1192 1505 1234 1536 cf.
1250 1506 1307 1537 inf.
1322 1506 1362 1537 ad
1376 1517 1407 1537 v.
1418 1507 1495 1538 279.

922 1549 998 1579 216.
1023 1549 1072 1579 Sic
1086 1551 1196 1580 etiam.-
1222 1549 1268 1580 sic
1281 1548 1376 1580 etiam
1390 1549 1509 1580 factum
1523 1554 1582 1585 est,
1593 1554 1628 1580 ut

879 1591 959 1633 lyra,
983 1591 1085 1623 auctis
1107 1591 1234 1626 fidibus.
1253 1592 1359 1635 plures
1382 1602 1475 1623 sonos
1497 1592 1625 1624 ederet:

882 1635 951 1674 lyra
970 1634 1086 1665 dicitur
1104 1646 1216 1669 severa.
1232 1635 1308 1676 quia
1329 1646 1441 1672 severa,
1458 1636 1491 1666 h.
1508 1646 1535 1666 e.
1556 1645 1627 1676 gra-

881 1677 969 1708 viora
1002 1682 1034 1708 et
1065 1677 1250 1708 sublimiora
1282 1678 1380 1710 canit.
1441 1678 1515 1709 Non
1550 1683 1628 1720 puto

880 1719 977 1757 enim,
1008 1721 1094 1762 quod
1131 1721 1236 1762 plures
1273 1722 1465 1762 Interpretes
1501 1727 1628 1764 putant,

881 1773 1056 1794 sermonem
1083 1763 1132 1794 hic
1157 1773 1226 1794 esse
1250 1763 1290 1795 de
1314 1763 1390 1806 lyrae
1412 1764 1445 1794 in
1465 1763 1631 1804 tragoediis

882 1815 955 1842 usu,
970 1805 1055 1837 unde
1073 1806 1131 1837 illa
1144 1806 1230 1837 dicta
1251 1806 1291 1837 sit
1306 1817 1407 1838 severa
1420 1819 1430 1844 ‚·
1460 1807 1528 1842 sed,
1543 1813 1629 1848 post-

882 1859 979 1889 quam
998 1849 1150 1880 Horatius
1166 1849 1293 1880 locutus
1316 1855 1363 1881 est
1383 1849 1421 1881 de
1446 1849 1533 1880 novis
1546 1849 1629 1880 doti-

882 1891 943 1922 bus
973 1891 1091 1933 quibus
1122 1894 1197 1923 tibia
1234 1892 1429 1934 locupletata
1465 1892 1516 1929 sit,
1543 1902 1629 1930 eum,

882 1943 955 1965 cum
979 1935 1055 1977 lyrae
1071 1946 1211 1977 quoque,
1228 1936 1331 1967 auctis
1345 1935 1470 1971 fidibus,
1489 1945 1582 1981 vqces
1599 1941 1631 1966 et

881 1978 950 2008 soni
987 1978 1192 2020 multiplicati
1229 1983 1344 2015 essent,
1378 1978 1411 2010 in
1449 1978 1628 2009 universum

882 2020 1004 2062 aliquid
1025 2028 1057 2052 et
1079 2021 1249 2064 separatim
1272 2030 1292 2052 a
1314 2031 1346 2052 re
1369 2021 1496 2053 scenica
1510 2021 1543 2051 in
1560 2020 1630 2051 lau·

881 2063 951 2094 dem
977 2064 1053 2105 lyrae
1071 2065 1119 2095 vel
1142 2070 1304 2106 poetarum
1328 2064 1498 2106 lyricorum
1515 2063 1631 2095 addere

881 2106 1020 2138 voluisse
1046 2107 1204 2138 existimo.
1255 2107 1391 2148 Egregie
1415 2112 1501 2139 certe
1526 2106 1630 2149 opini-

882 2149 935 2179 oni
952 2160 1029 2181 meae
1045 2150 1235 2192 respondent
1247 2150 1424 2191 sequentia.

924 2193 1003 2223 217.
1031 2193 1191 2224 Facundia
1209 2205 1350 2234 praeceps,
1367 2193 1518 2224 facundia
1531 2198 1632 2236 poetae

881 2235 983 2277 lyrici,
1005 2234 1166 2278 praecipite
1188 2236 1279 2277 quasi
1302 2246 1396 2267 cursu
1421 2247 1531 2268 ruens:
1557 2236 1631 2267 hinc

882 2288 953 2321 sup.
970 2279 1033 2310 Od.
1050 2278 1092 2315 iv,
1109 2281 1141 2315 2,
1160 2281 1179 2310 5
1197 2289 1267 2321 sqq.
1283 2278 1322 2310 de
1339 2280 1499 2311 Pindaro:
1527 2280 1632 2310 Monte

882 2322 1045 2353 decurrens
1073 2323 1157 2353 velut
1180 2323 1434 2354 amnis—Fervet
1458 2325 1630 2354 immensus-

883 2376 939 2405 que
966 2367 1032 2396 ruit
1058 2365 1213 2408 profundo
1246 2366 1404 2397 Pindarus
1432 2377 1492 2396 ore.
1544 2365 1632 2396 Tulit

885 2407 1052 2450 (protulit)
1075 2410 1224 2449 eloquium
1250 2410 1432 2446 insolitum,·
1466 2408 1540 2439 hinc
1567 2409 1633 2439 Ho-

885 2450 983 2482 ratius
1014 2462 1084 2494 sup.
1112 2451 1175 2483 Od.
1205 2451 1251 2489 iii,
1281 2454 1335 2491 25,
1362 2454 1394 2487 7,
1420 2452 1460 2483 de
1490 2462 1523 2483 se
1554 2451 1633 2494 ipso,

887 2494 998 2525 Dicam
1036 2497 1163 2537 insigne,
1194 2506 1306 2532 recens,
1339 2497 1450 2526 Adhuc
1483 2497 1633 2526 indictum

887 2548 936 2568 ore
950 2538 1024 2568 alio.

930 2581 1007 2617 218,
1031 2581 1107 2611 219.
1137 2580 1269 2612 Utilium
1298 2592 1392 2624 sagax
1422 2593 1537 2619 rerum,
1562 2587 1637 2613 cett.

887 2628 919 2654 et
937 2623 1106 2658 sententia,
1124 2633 1170 2655 res
1188 2624 1284 2656 utiles
1308 2626 1462 2666 sagaciter
1484 2626 1635 2667 pervesti-

889 2672 980 2706 gatas
1000 2666 1226 2708 complectens,
1241 2673 1273 2699 et
1288 2667 1444 2699 divinitus
1462 2668 1638 2710 praedicens

889 2709 1007 2745 futura,
1025 2719 1088 2740 non
1104 2708 1278 2752 discrepuit
1300 2711 1340 2742 ab
1360 2711 1496 2743 oraculis
1511 2718 1542 2742 et
1556 2711 1637 2742 vati-

891 2750 985 2783 ciniis
1008 2763 1081 2794 quae
1107 2752 1246 2795 Delphis
1272 2753 1460 2786 edebantur.
1515 2754 1640 2786 Vatici-

893 2800 1010 2826 nantur
1023 2800 1128 2826 autem
1145 2801 1245 2838 poetae
1261 2796 1364 2838 lyrici,
1382 2804 1417 2828 ut
1435 2798 1584 2829 Horatius
1599 2798 1640 2828 de

893 2837 1033 2911 ⁵²1³..iP⁵⁰¹
1058 2839 1123 2870 Od.
1150 2838 1184 2877 ii,
1205 2841 1259 2877 20,
1285 2839 1388 2882 Epist.
1414 2840 1435 2876 i,
1462 2842 1517 2876 20,
1543 2846 1574 2872 et
1600 2839 1641 2871 de

895 2891 912 2911 a
927 2891 978 2912 ns.

937 2924 1122 2955 220—250.
1141 2925 1342 2968 Praeceptum
1354 2925 1523 2957 Decimum
1536 2925 1642 2961 Quar-

895 2971 984 2997 tum:
1020 2967 1179 3009 Postquam
1206 2971 1247 3000 ad
1271 2970 1392 3000 Musam
1418 2970 1567 3009 tragicam
1590 2978 1643 2997 ac-

896 3011 980 3041 cessit
996 3011 1138 3052 Satyrus,
1154 3013 1215 3042 sive
1238 3014 1346 3043 drama
1370 3013 1551 3052 satyricum,
1571 3010 1643 3040 {ice-
