1884 3288
275 175 358 216 176

823 169 1220 212 CARMINUM

795 360 1066 403 CARMEN
1097 359 1252 401 XXII.

849 509 920 540 AD
966 510 1198 541 DIANAM.

558 602 785 644 ΜοΝΤῐυΜ
806 608 951 642 custos
974 616 1292 656 nemorumque,
1314 602 1468 657 Virgo,

558 669 668 715 Quae
688 668 930 709 laborantes
952 675 1075 710 utero
1095 668 1258 723 puellas

555 735 648 776 Ter
667 741 816 776 vocata
837 735 973 784 audis,
995 735 1229 789 adimisque
1250 734 1351 785 leto,

901 800 1015 841 Diva
1034 799 1236 841 triformis
1252 817 1261 842 :

500 868 527 908 5
557 867 784 908 Imminens
807 865 914 907 villae
936 873 1010 907 tua
1029 867 1153 920 pinus
1174 874 1282 917 esto,

560 933 702 980 Quam
720 947 798 987 per
818 939 992 974 exactos
1013 947 1094 987 ego
1115 932 1237 974 laetus
1260 947 1394 973 annos

559 1000 711 1042 Verris
733 999 954 1054 obliquum
973 999 1216 1040 meditantis
1236 1000 1367 1040 ictum

901 1065 1116 1120 Sanguine
1137 1067 1305 1107 donem.

796 1253 1068 1295 CARMEN
1101 1252 1275 1294 XXIII.

758 1395 843 1426 AD
903 1393 1311 1427 PHIDYLEN.

567 1489 705 1530 COELo
727 1489 899 1544 supinas
923 1489 958 1530 si
979 1488 1127 1530 tuleris
1147 1502 1298 1529 manus

569 1557 789 1598 Nascente
810 1556 949 1606 Luna,
971 1556 1131 1597 rustica
1151 1553 1352 1608 Phidyle,

288 1702 439 1741 apparent
472 1694 591 1728 Gratiae
625 1693 659 1724 in
691 1698 765 1724 vett.
798 1692 1020 1725 monumentis.

292 1742 383 1776 Vim,
406 1741 559 1774 lucentes,
583 1738 687 1778 vigiles
713 1736 862 1772 dicuntur
885 1746 954 1777 sup.
975 1735 1020 1772 iii,

290 1785 322 1820 8,
343 1784 393 1813 14.
438 1783 521 1812 Dum
537 1780 760 1820 rediensfugat
777 1785 858 1809 astra
876 1779 1021 1810 Phoebus:

290 1829 474 1866 comparant
495 1824 635 1864 Propert.
654 1821 697 1856 iv,
714 1821 744 1858 7,
766 1822 818 1856 85,
840 1821 889 1852 Sic
911 1827 1024 1851 noctem

287 1874 407 1907 patera,
428 1868 469 1896 sic
493 1867 601 1896 ducam
619 1864 761 1900 carmine,
781 1864 872 1894 donec
897 1863 1024 1903 Injiciat

291 1911 391 1940 radios
406 1910 440 1939 in
454 1919 515 1938 mea
529 1910 601 1938 vina
615 1907 688 1936 dies.

494 1989 691 2021 CARMEN
715 1988 829 2019 XXII.

336 2031 489 2064 Laudatis
504 2032 637 2062 breviter
652 2031 766 2062 Dianae
781 2029 960 2066 virtutibus,
977 2029 1026 2072 pi-

293 2086 368 2107 num
387 2082 490 2117 poeta,
512 2073 552 2104 ad
571 2084 664 2115 quam
680 2083 798 2103 verrem
815 2072 844 2103 ei
862 2072 1028 2113 quotannis

295 2118 512 2148 immolaturus
526 2121 584 2151 est,
601 2115 733 2146 solemni
749 2125 831 2145 more
843 2114 913 2154 ejus
929 2114 1027 2145 cultui

295 2165 469 2191 consecrat.
499 2158 662 2189 Flosculos
678 2157 760 2192 illos,
772 2167 852 2198 quos
864 2167 880 2186 e
894 2157 1026 2187 Graeciae

294 2202 424 2233 hortulis
449 2201 604 2242 decerpsit
630 2199 789 2234 Horatius,
818 2199 876 2229 hoc
903 2208 1027 2229 carmen

295 2244 442 2281 redolere,
457 2242 561 2278 facile,
578 2242 630 2284 qui
650 2251 740 2272 nares
756 2240 941 2271 suavissimo
955 2240 1026 2270 illo-

295 2297 364 2317 rum
379 2285 464 2317 odori
481 2284 625 2315 adsuetas
640 2284 768 2318 habent,
784 2282 928 2314 sentient.

343 2330 436 2359 1-8,
482 2326 634 2358 Montium
678 2333 774 2356 custos
810 2335 1029 2364 nemorumque.

297 2372 429 2403 Precata
443 2369 526 2401 enim
542 2369 648 2399 Diana
663 2368 764 2399 fuerat
779 2367 819 2397 ab
833 2368 914 2398 Jove
929 2372 1026 2407 patre,

296 2415 359 2451 Δὸς
379 2411 412 2444 δέ
429 2423 484 2454 μοι
502 2411 596 2453 οὔρεα
615 2410 742 2447 πάντα,
761 2409 887 2440 Callim.
911 2410 1029 2449 Hymn-

295 2456 329 2487 in
347 2455 443 2486 Dian.
456 2465 486 2484 v.
503 2454 553 2491 18,
569 2453 649 2484 unde
665 2451 749 2483 dieta
765 2451 819 2482 illa
834 2457 882 2482 est
897 2451 1025 2492 οὐρείαι

295 2498 358 2530 vid.
368 2496 536 2539 Spanhem.
552 2495 592 2526 ad
606 2494 732 2526 Callim.
749 2494 769 2524 l.
786 2494 827 2532 l.;
851 2503 920 2534 sup.
936 2493 957 2528 i,
973 2494 1026 2528 21,

297 2542 318 2571 5
347 2542 415 2571 Iaeta
443 2549 596 2568 ‘nemorum
626 2548 706 2568 coma.
735 2536 851 2566 dicitur
865 2547 874 2574 3
908 2535 1028 2566 Catull.

296 2582 402 2618 xxxiv,
420 2582 470 2617 10,
490 2581 640 2610 Montium
663 2580 782 2609 domina
805 2584 840 2607 ut
852 2578 949 2618 sores,
969 2578 1027 2607 Sil-

296 2634 459 2664 varumque
467 2625 640 2653 virentium.
681 2621 772 2662 Virgo
784 2619 951 2650 honorifice
962 2630 1028 2661 pro,

297 2667 416 2702 Diana,
433 2670 467 2695 ut
487 2675 556 2705 sup.
572 2663 594 2699 i,
613 2665 663 2698 12,
679 2664 743 2699 223
766 2667 923 2704 perpetuae
946 2662 1030 2692 enim

297 2707 484 2750 virginitatis
497 2707 611 2737 honore
626 2705 782 2746 gaudebat
798 2704 916 2734 Diana.
966 2705 1028 2734 La-

297 2753 432 2783 borantes
460 2756 556 2784 utero,
585 2748 616 2778 h.
642 2758 670 2779 e.
694 2747 784 2784 uteri,
806 2745 880 2776 dum
907 2751 1028 2787 partum

295 2794 424 2826 editurae
440 2797 524 2827 sunt,
545 2790 702 2821 doloribus
723 2789 922 2826 laborantes;
944 2790 1028 2828 puel-

299 2838 354 2871 las,
377 2835 509 2877 juvenes
532 2842 659 2864 uxores:
683 2831 725 2862 cf.
748 2842 816 2872 sup.
831 2829 876 2866 iii,
903 2832 952 2867 14,
979 2832 1030 2862 10.

298 2877 462 2910 Horatium
481 2875 620 2906 imitatus
639 2880 687 2905 est
709 2873 840 2904 Ovidius
862 2872 971 2903 Amor.
993 2874 1028 2909 ii,

299 2922 351 2958 13,
367 2921 419 2956 18,
431 2918 533 2959 Tuque
548 2918 713 2948 laborantes
724 2922 809 2947 utero
818 2917 957 2946 miserata
969 2926 1026 2955 pu—

1063 1695 1136 1724 ellas
1146 1707 1157 1732 ;
1187 1693 1226 1724 ad
1248 1702 1376 1724 munera
1398 1691 1512 1723 Diana».
1534 1694 1635 1723 autem
1704 1689 1798 1722 ttinet

1064 1746 1191 1778 quoque
1211 1735 1384 1766 obstetricis
1406 1744 1534 1771 munuS‚
1551 1733 1636 1764 unde
1655 1732 1722 1768 ila,
1741 1733 1797 1764 Di-

1065 1791 1136 1815 ana,
1168 1779 1327 1819 Lac-ffera,
1362 1777 1482 1808 Ludna
1511 1775 1573 1818 (cf.
1605 1775 1662 1807 inf.
1693 1775 1799 1806 Carm-

1069 1821 1150 1852 Saec.
1174 1831 1204 1850 v.
1232 1823 1281 1856 15,
1307 1819 1378 1858 16),
1407 1819 1490 1850 Juno
1512 1819 1632 1850 Lucina
1655 1817 1798 1859 (Catull.

1066 1873 1162 1894 carm.
1183 1863 1268 1893 laud.
1291 1873 1319 1893 v.
1344 1862 1394 1898 13,
1417 1861 1463 1892 Tu
1493 1861 1614 1891 Lucina
1635 1860 1802 1891 dolentibaae

1067 1905 1150 1936 Jano
1176 1907 1257 1935 dicta
1286 1902 1468 1944 puerperis).
1512 1901 1646 1940 Graecis,
1671 1901 1799 1944 φωσφό-

1067 1959 1126 1989 ρος
1141 1947 1292 1988 εὖλοχος,
1307 1946 1434 1987 λοχεία,
1450 1944 1624 1982 ὠκυτόκος,
1635 1943 1799 1986 μογοστό-

1069 2001 1135 2027 κος,
1165 1989 1347 2024 Εἰλείθυια,
1378 1987 1463 2019 dicta
1487 1994 1543 2019 est.
1587 1988 1704 2018 Adimis
1733 1987 1801 2023 lero,

1070 2032 1176 2063 mortis
1187 2031 1326 2073 periculo
1338 2030 1441 2072 eripis.
1473 2029 1635 2070 Trg‘j'ormis
1649 2028 1801 2070 (τρίμορ-

1069 2080 1140 2115 φος,
1151 2074 1424 2116 τριπρόσωπος),
1435 2073 1466 2103 in
1477 2072 1559 2102 coelo
1572 2081 1682 2113 nempe
1696 2070 1800 2107 Luna,

1070 2116 1101 2146 in
1118 2115 1206 2147 terris
1222 2117 1336 2150 Diana,
1347 2114 1431 2156 apud
1443 2113 1558 2144 inferos
1572 2113 1685 2144 Hecate
1694 2123 1705 2149 ,-
1726 2111 1799 2144 hinc

1071 2158 1159 2198 Virg.
1177 2159 1254 2188 AEu.
1269 2158 1310 2192 iv,
1335 2158 1410 2190 511.
1431 2158 1494 2187 tria
1513 2156 1646 2196 Virginis
1663 2165 1716 2185 ora
1738 2155 1800 2186 Di-

1071 2212 1147 2235 anae,
1165 2200 1218 2230 ubi
1232 2200 1295 2230 vid.
1313 2198 1425 2230 Cerda.
1471 2197 1547 2234 Tua,
1572 2196 1630 2227 tibi
1651 2206 1750 2233 sacra,
1765 2201 1803 2227 ut

1071 2247 1126 2272 tua
1155 2253 1280 2282 quercus
1314 2240 1396 2282 apud
1426 2240 1515 2280 Virg.
1547 2239 1624 2270 AEn.
1658 2249 1690 2275 x.
1725 2239 1801 2270 423.

1073 2284 1172 2318 Quam
1199 2286 1292 2315 verris
1320 2284 1466 2323 sanguine
1493 2282 1608 2316 donem,
1638 2279 1679 2312 ad
1705 2290 1802 2322 quam

1073 2337 1188 2357 verrem
1208 2325 1379 2356 immolem.
1426 2324 1485 2354 Per
1499 2329 1612 2354 exactos
1633 2334 1725 2354 annos
1746 2332 1802 2365 pro

1071 2367 1203 2409 vulgari,
1220 2367 1402 2409 quotanniS,
1416 2371 1449 2396 ut
1464 2375 1533 2407 sup.
1547 2364 1594 2400 iii,
1609 2366 1702 2401 18.5‚
1714 2366 1804 2405 pleno

1071 2422 1160 2441 anno.
1198 2411 1357 2451 Obliquum
1373 2410 1545 2439 meditantis
1557 2410 1664 2444 ictum,
1676 2406 1804 2448 oblique

1070 2458 1101 2484 et
1124 2463 1143 2484 a
1164 2453 1272 2489 latere,
1292 2458 1329 2482 ut
1348 2451 1449 2482 solent
1467 2450 1533 2492 apri
1549 2449 1625 2481 dum
1642 2453 1801 2481 transcur-

1072 2501 1155 2531 runt,
1172 2494 1266 2525 ictum
1279 2494 1390 2525 inferre
1410 2492 1608 2530 meditantis3
1631 2491 1716 2534 apud
1735 2491 1802 2522 Ho-

1071 2547 1190 2568 merum
1202 2547 1326 2578 quoque
1338 2536 1430 2567 Iliad.
1444 2533 1496 2570 xii,
1509 2535 1582 2570 148,
1594 2543 1668 2575 aper
1675 2531 1800 2575 δοχμὸς

1072 2579 1201 2611 ἀΐσσειν
1217 2579 1348 2618 dicitur;
1371 2576 1466 2608 simili
1485 2581 1550 2607 arte
1565 2575 1712 2607 Horatius
1727 2585 1801 2617 sup.

1072 2621 1119 2658 iii,
1138 2623 1188 2657 13,
1210 2623 1258 2657 14,
1283 2622 1398 2652 haedum
1419 2622 1612 2656 annuum,et
1625 2617 1669 2654 iv,
1691 2618 1725 2655 2,
1747 2619 1802 2654 52,

1071 2665 1203 2695 vitulum
1217 2660 1456 2695 circumscribit.

1264 2745 1458 2778 CARMEN
1483 2742 1615 2775 XXIII.

1117 2789 1286 2831 Phidylen,
1298 2788 1457 2823 rusticam,
1472 2786 1511 2818 de
1523 2785 1716 2816 victimarum
1730 2794 1802 2815 sua-

1073 2843 1141 2862 rum
1159 2832 1321 2866 tenuitate,
1334 2836 1367 2862 ut
1377 2830 1509 2864 videtur,
1523 2827 1702 2862 sollicitam,
1719 2827 1803 2857 bono

1073 2875 1177 2906 animo
1192 2885 1271 2910 esse,
1282 2882 1423 2913 eamque,
1435 2870 1527 2902 modo
1539 2879 1633 2912 parva
1647 2868 1720 2904 diis,
1737 2869 1802 2910 pie-

1072 2922 1166 2949 tatem
1198 2917 1268 2957 ejus
1293 2921 1326 2948 et
1347 2913 1559 2947 innocentiam
1582 2910 1686 2955 potius
1707 2920 1801 2953 quam
