1904 3314
654 201 883 245 LIBER
914 201 975 252 11,
1005 201 1048 243 6.

201 302 401 347 Solveret
418 304 619 360 hospitiis
638 304 839 346 animum.

1537 203 1622 245 415

902 303 1025 351 Quid
1047 302 1212 346 multa?
1242 317 1384 358 neque
1405 302 1476 346 ille

202 371 395 428 Sepositi
415 373 566 416 ciceris
587 386 667 414 nec
689 371 830 426 longae
851 371 1006 413 invidit
1026 386 1189 419 avenae,

113 438 171 480 85
201 438 389 482 Aridum
410 448 454 483 et
474 455 550 482 ore
570 439 715 482 ferens
736 439 908 480 acinum
929 452 1184 492 semesaque
1204 437 1317 480 lardi

203 507 363 550 Frusta
383 508 520 556 dedit,
543 508 724 562 cupiens
746 507 865 548 varia
885 505 1062 548 fastidia
1082 520 1209 548 coena

200 573 393 616 Vincere
414 575 631 630 tangentis
651 573 762 616 male
785 573 954 630 singula
975 574 1107 616 dente
1130 574 1345 629 superbo:

203 640 354 689 Quum
374 647 500 696 pater
520 642 615 697 ipse
637 642 792 684 domus
813 641 939 697 palea
960 648 1191 697 porrectus
1210 642 1254 682 in
1275 641 1415 682 horna

205 707 340 750 Esset
361 709 470 750 ador
491 708 743 765 loliumque,
766 709 891 765 dapis
912 709 1090 751 meliora
1110 708 1375 764 relinquens.

115 774 175 816 90
203 773 405 816 Tandem
426 776 621 818 urbanus
643 777 699 818 ad
720 776 851 828 hunc,
875 777 998 825 Quid
1019 783 1062 818 te
1078 777 1220 833 juvat,
1242 777 1396 831 inquit,
1419 776 1570 827 amice,

204 841 426 898 Praerupti
446 844 635 886 nemoris
655 845 894 900 patientem
914 845 1058 887 vivere
1080 846 1241 887 dorso?

203 909 286 952 Vis
308 917 357 952 tu
377 910 573 954 homines
596 913 836 968 urbemque
858 912 962 955 feris
983 927 1243 969 praeponere
1266 911 1382 954 silvis
1400 915 1418 955 ἲ

205 978 349 1034 Carpe
372 979 495 1029 viam,
518 980 622 1021 mihi
643 981 791 1030 crede,
814 995 973 1032 comes,
998 981 1222 1023 terrestria
1243 981 1420 1036 quando

205 1045 420 1089 Mortales
441 1048 604 1090 animas
622 1049 771 1090 vivunt
794 1049 962 1099 sortita,
987 1065 1129 1104 neque
1152 1049 1240 1091 ulla
1261 1057 1329 1091 est

118 1114 176 1156 95
204 1112 300 1156 Aut
321 1129 478 1169 magno
500 1122 575 1156 aut
597 1131 732 1171 parvo
752 1115 829 1158 leti
850 1115 970 1171 fuga.

1034 1116 1154 1166 Quo,
1176 1116 1305 1166 bone,
1327 1116 1458 1164 circa,

206 1181 327 1224 Dum
346 1181 463 1230 licet,
486 1182 530 1223 in
550 1183 683 1224 rebus
699 1183 910 1239 jucundis
929 1184 1023 1225 vive
1043 1184 1224 1234 beatus3

208 1249 321 1292 Vive
341 1263 518 1300 memor,
542 1265 672 1305 quam
694 1252 751 1292 sis
773 1252 854 1293 aevi
874 1252 1032 1294 brevis.

1094 1251 1207 1293 Haec
1228 1252 1306 1294 ubi
1326 1252 1443 1294 dicta

205 1316 444 1372 Agrestem
464 1317 689 1372 pepulere,
713 1319 841 1361 domo
862 1318 969 1360 levis
990 1319 1135 1360 exsilit
1152 1337 1162 1369 3
1194 1320 1297 1361 inde

206 1383 353 1427 Ambo
374 1385 647 1439 propositum
669 1393 888 1441 peragunt
909 1386 1006 1435 iter,
1028 1386 1151 1426 urbis
1174 1392 1350 1426 aventes

94 1453 176 1496 100
205 1452 375 1495 Moenia
395 1453 597 1494 nocturni
619 1453 875 1508 subrepere.

936 1453 1125 1508 Jamque
1148 1453 1328 1494 tenebat

207 1521 316 1563 Nox
336 1521 526 1563 medium
547 1519 647 1563 coeli
669 1522 872 1577 spatium,
895 1536 1028 1577 quum
1051 1521 1174 1576 ponit
1196 1527 1382 1575 uterque

91 1664 133 1697 de
165 1663 300 1696 latibulo
334 1664 505 1696 nitedulae:
544 1676 690 1706 paupere,
718 1672 755 1698 ut
778 1666 837 1698 inf.

93 1707 198 1750 Epist.
213 1707 237 1743 i,
258 1709 307 1746 10,
322 1708 376 1743 32.
394 1709 448 1739 sub
463 1719 596 1748 paupere
612 1715 699 1740 tecto.

136 1751 191 1782 82.
214 1752 330 1791 Asper.-
352 1750 425 1782 vitae
440 1761 559 1794 asperae
574 1758 606 1783 et
619 1751 706 1783 durae
727 1752 839 1783 adsue-

93 1797 157 1826 tus.
206 1793 248 1825 Ut
273 1801 374 1824 tamen
400 1801 520 1825 arctum
547 1795 680 1826 Solveret
706 1796 841 1835 hospitiis

93 1839 252 1868 aruimum:
292 1837 444 1868 hactenus
479 1843 597 1873 tamen,
633 1843 670 1868 ut
701 1838 844 1868 animum

93 1879 191 1911 arctis
226 1879 320 1912 rebus
360 1878 520 1911 intentum
563 1880 693 1923 hospitii
735 1880 845 1912 officiis

94 1923 238 1965 aperiret.

139 1967 193 1997 84.
218 1964 323 2006 Neque
334 1966 389 1996 ille
404 1965 530 2006 sepositi
545 1967 650 1996 ciceris
672 1977 726 1997 nec
749 1967 845 2008 longae

95 2009 210 2039 invidit
235 2019 356 2039 avenoe:
389 2008 515 2050 plenius
541 2008 583 2039 ad
609 2009 769 2050 vulgarem
797 2009 842 2039 lo-

94 2050 213 2092 quendi
244 2050 398 2082 rationem
433 2051 576 2087 dixisset,
617 2056 638 2070 “
651 2063 755 2094 neque
790 2051 845 2083 ille

98 2092 215 2136 hospiti
227 2093 342 2126 invidit
355 2093 466 2125 ciceris
481 2100 513 2126 et
529 2104 638 2125 avenae
663 2095 799 2127 fructum
814 2095 844 2133 ;''

95 2136 151 2168 sed
175 2147 252 2168 usus
275 2142 325 2168 est
346 2136 446 2169 forma
470 2137 598 2173 Graeca,
614 2139 754 2180 φθονεῖν
777 2139 845 2170 τινί

97 2189 200 2218 τινος·
214 2179 280 2211 vid.
298 2179 464 2212 Heindorf.

142 2223 198 2254 87.
221 2223 307 2254 Male
327 2222 467 2254 reserunt
488 2222 528 2254 ad
551 2225 717 2264 tangentis,
732 2229 767 2255 ut
791 2223 844 2260 sit,

97 2263 151 2296 vix
179 2265 358 2307 tangentis;
397 2265 544 2308 equidem
570 2265 743 2307 junxerim,
768 2268 846 2298 male

97 2309 233 2348 superbo,
256 2308 289 2339 h.
305 2318 335 2340 e.
349 2307 519 2340 admodum
546 2310 694 2351 superbo,
717 2316 750 2340 ut
775 2311 844 2341 Sat.

98 2351 237 2393 preced.
253 2361 284 2382 v.
303 2352 379 2387 107,
396 2353 474 2383 male
497 2353 617 2388 tussire,
633 2358 665 2383 et
687 2353 756 2384 Sat.
772 2352 794 2389 i,
813 2354 846 2390 3,

100 2394 157 2430 45,
172 2395 251 2425 male
264 2405 392 2435 parvus,
407 2394 465 2425 ubi
479 2395 524 2426 cf.
542 2401 607 2425 not.

141 2437 197 2468 88.
221 2437 318 2468 Pater
333 2439 394 2477 ipse
408 2439 524 2474 domus,
540 2437 644 2480 lepide
660 2448 732 2469 mus
754 2438 847 2470 rusti-

97 2489 156 2512 cus
167 2478 236 2522 jam
250 2485 287 2512 ut
303 2479 416 2522 hospes
431 2480 530 2512 muris
552 2480 667 2511 urbani
690 2488 777 2520 pater
792 2483 846 2512 dn-

98 2533 164 2554 πιιω
179 2522 437 2565 (paterfamilias,
455 2522 567 2564 herus)
585 2531 733 2555 vocatur:
758 2527 846 2565 palea

99 2566 134 2597 in
156 2565 264 2601 horna,
290 2576 392 2608 nuper
426 2565 554 2597 demum
587 2565 621 2597 iu
649 2566 746 2609 hujus
772 2567 849 2599 anni

99 2617 201 2641 messe
214 2608 362 2644 collecta,
379 2615 518 2640 recente.

143 2652 199 2683 89.
225 2651 321 2690 Esset,
335 2652 535 2690 comederet;
561 2652 649 2687 ador,
672 2661 740 2687 nos,
763 2652 846 2682 Din-

100 2694 160 2731 ket,
176 2694 283 2735 Spelt3
307 2695 431 2725 Latium
447 2694 626 2736 (bromus),
651 2704 722 2730 nos,
739 2695 848 2726 Lolch.

102 2737 301 2779 Relinquem,
317 2747 478 2769 reservans
495 2737 624 2779 hospiti.

143 2780 200 2812 91.
222 2780 394 2812 Patientem
411 2778 698 2823 (καρτεροῦντα),
717 2789 764 2810 sc.
780 2778 851 2810 vitae

102 2831 224 2866 aspere
247 2829 280 2855 et
301 2823 388 2855 durae
412 2829 549 2862 sortem;
578 2827 658 2864 pati,
690 2832 755 2853 non
782 2832 852 2852 raro

103 2865 222 2897 omissa
242 2876 276 2898 re
294 2876 390 2908 quam
412 2866 484 2909 quis
506 2865 635 2908 patitur,
652 2865 701 2896 vel
726 2864 765 2896 de
789 2874 854 2906 qua

105 2915 206 2941 nermo
221 2914 278 2941 est.
323 2908 422 2941 Ovid.
436 2909 547 2940 Amor.
563 2909 584 2946 i,
606 2911 658 2945 14,
680 2909 729 2945 13,
753 2909 807 2943 At,
831 2909 856 2939 si

46 2990 51 2993 ῃ
107 2950 302 2999 mansores.
317 2962 366 2983 sc.
380 2952 485 2984 crines
501 2962 519 2983 a
535 2958 649 2983 natura
666 2950 721 2981 tibi
744 2950 857 2990 datos3

106 2992 162 3026 ubi
177 2993 240 3026 vid.
254 2995 367 3027 Burin.
381 3001 414 3028 et
428 2996 470 3027 ad
484 2996 609 3027 Lucan.
626 3006 656 3032 v,
673 2995 749 3025 313.

918 1666 972 1701 93,
981 1667 1034 1697 94.
1050 1665 1131 1696 Mihi
1141 1667 1244 1696 crede:
1255 1675 1315 1706 ego
1325 1665 1471 1708 suppleo,
1484 1670 1570 1704 te,ut
1581 1665 1635 1704 sit,

884 1708 973 1739 trade
990 1714 1020 1739 te
1035 1718 1114 1739 meae
1128 1707 1201 1739 fidei
1218 1718 1351 1749 meoque
1367 1708 1524 1750 praesidio.
1561 1709 1635 1739 Ter-

884 1754 994 1782 restria
1011 1752 1131 1792 qnando
1149 1752 1293 1782 Mortales
1309 1752 1427 1781 animas
1450 1753 1557 1782 υἰωιιιι
1571 1763 1636 1782 wr-

886 1796 957 1829 tita,
975 1793 1234 1835 quandoquidem
1251 1793 1284 1830 ii,
1298 1793 1354 1834 qui
1368 1793 1499 1825 interris
1512 1793 1635 1831 vivunt,

889 1838 1035 1868 mortales
1050 1837 1174 1867 animas
1189 1836 1290 1867 sortiti
1305 1842 1392 1867 sunt.
1440 1836 1558 1878 Lepide
1568 1847 1639 1868 mus

889 1881 1040 1915 urbanus.
1058 1879 1218 1921 proposita
1235 1878 1464 1921 Epicureorum
1475 1879 1638 1921 opinione,

888 1925 1025 1953 animum
1040 1935 1108 1953 cum
1125 1924 1241 1953 homine
1257 1924 1331 1952 mori
1351 1929 1379 1952 et
1403 1924 1543 1958 interire,
1567 1933 1638 1953 mu-

889 1975 952 1996 rem
979 1965 1132 1997 rusticum
1157 1964 1198 1996 ad
1223 1964 1419 2007 arripiendos
1438 1964 1639 2007 jucundioris

888 2007 962 2039 vitae
980 2009 1102 2039 fructus
1116 2007 1321 2046 exhortatum
1338 2006 1383 2038 sic
1397 2007 1542 2048 Voluptas
1554 2008 1640 2050 apud

889 2051 946 2082 Sil.
972 2050 1046 2082 Ital.
1068 2062 1122 2087 xv,
1149 2053 1204 2087 45,
1229 2050 1270 2081 ad
1299 2050 1441 2081 animum
1474 2050 1515 2081 P.
1542 2051 1640 2083 Corn.

889 2093 1048 2136 Scipionis
1066 2093 1209 2125 Africani
1225 2093 1286 2124 sibi
1298 2093 1547 2131 conciliandum,
1565 2094 1639 2125 Um-

888 2139 974 2168 bram
989 2150 1049 2168 non
1064 2149 1219 2168 sensuram
1232 2147 1291 2167 esse
1305 2137 1379 2177 quid
1393 2139 1531 2178 gesserit,
1546 2136 1603 2168 ait.

933 2181 988 2211 95.
1009 2183 1072 2211 Aut
1093 2191 1202 2221 magno
1221 2186 1276 2210 aut
1298 2191 1412 2220 parvo:
1438 2180 1580 2222 Propert.
1596 2179 1643 2219 iii,

889 2223 944 2259 20,
961 2224 1014 2254 25.
1062 2223 1120 2254 Sed
1136 2230 1235 2254 tamen
1249 2223 1308 2253 huc
1323 2233 1433 2258 omnes,
1451 2223 1510 2254 huc
1523 2225 1643 2263 primus

889 2274 918 2297 et
944 2268 1072 2297 ultimus
1099 2268 1193 2297 ordo.-
1223 2265 1266 2297 cf.
1291 2276 1362 2308 sup.
1387 2266 1428 2296 ad
1463 2265 1528 2297 od.
1557 2266 1580 2302 i,
1608 2268 1641 2302 4,

934 2353 989 2383 98.
1030 2351 1191 2391 Pepulere,
1227 2358 1415 2383 moverunt:
1458 2350 1572 2383 Cicero
1603 2352 1643 2384 de

893 2394 965 2426 Pin.
982 2394 1015 2430 ii.
1035 2395 1088 2429 10,
1106 2397 1144 2426 At
1158 2396 1211 2426 ille
1222 2396 1323 2435 pellit,
1339 2395 1507 2435 permulcet
1524 2405 1643 2426 sensum

891 2440 1071 2478 voluptate;
1114 2437 1159 2468 sic
1197 2438 1315 2479 passim
1351 2437 1486 2479 simplex
1513 2438 1644 2469 verbum

888 2483 1022 2521 pellere.-
1047 2480 1119 2512 vide
1143 2480 1286 2523 inprimis
1315 2481 1343 2511 I.
1366 2481 1418 2511 Fr.
1441 2481 1585 2512 Gronov.
1603 2480 1645 2512 ad

893 2524 964 2555 Liv.
978 2524 1024 2560 iii,
1044 2524 1098 2559 30,
1114 2525 1130 2565 §
1146 2526 1178 2560 4,
1195 2535 1227 2565 p.
1243 2524 1321 2559 660,
1339 2522 1371 2553 in
1386 2523 1462 2554 edit.
1481 2524 1646 2555 Drakenb.

935 2567 1101 2598 99-101.
1137 2566 1229 2597 Urbis
1253 2573 1374 2597 «vetites
1399 2566 1515 2598 Maenia
1540 2568 1645 2597 subre-

892 2621 973 2649 pere,
999 2609 1112 2640 itinere
1138 2614 1266 2651 peracto
1293 2619 1368 2640 cum
1397 2619 1504 2640 mures
1536 2610 1644 2641 urbem

892 2652 1029 2689 adeundi
1052 2651 1172 2683 subiret
1196 2651 1366 2694 cupiditas,
1389 2651 1524 2684 latenter
1545 2659 1642 2684 noctu

893 2695 1000 2726 subter
1024 2695 1146 2726 moenia
1169 2705 1311 2737 arrepere
1335 2701 1516 2736 coeperunt.
1560 2695 1642 2727 Noc-

897 2741 997 2774 turni,
1025 2744 1181 2769 uocturno
1210 2744 1370 2780 tempore;
1407 2743 1444 2768 ut
1476 2744 1648 2769 nocturnus

896 2782 987 2821 lupus
1004 2780 1088 2822 apud
1108 2780 1201 2822 Virg.
1218 2781 1298 2812 Geo.
1314 2779 1360 2816 iii,
1378 2781 1453 2818 537,
1476 2786 1509 2812 et
1531 2792 1646 2821 vesper-

897 2826 981 2855 tinus
1004 2835 1104 2859 ursus,
1126 2834 1195 2866 sup.
1221 2824 1398 2866 Epod.16,
1420 2825 1474 2854 51.
1518 2824 1647 2864 Jamque

898 2869 1016 2898 tenebat
1036 2867 1103 2897 Nos·
1126 2869 1257 2898 medium
1281 2868 1434 2906 spatium.-
1460 2866 1564 2908 lepide
1580 2867 1647 2897 Ho-

900 2909 1000 2941 ratius
1017 2910 1050 2940 in
1066 2920 1098 2941 re
1114 2908 1176 2941 levi
1192 2909 1233 2940 ad
1247 2909 1332 2951 epici
1387 2915 1447 2940 etae
1468 2909 1647 2940 sublimita-

899 2958 963 2983 tem
979 2952 1133 2994 exsurgit.
1179 2953 1254 2984 Nox
1269 2920 1474 2994 apuifgoetas
1489 2957 1560 2992 post
1573 2950 1650 2981 solis

901 3006 1051 3027 occasum
1066 2996 1107 3027 ab
1123 2994 1244 3027 oriente
1264 2994 1375 3036 surgit,
1392 3000 1423 3026 et
1448 3004 1541 3024 curru
1562 2999 1650 3024 vecta
