1884 3288
635 228 862 275 LIBER
893 233 930 283 Ι,
961 233 1003 274 8.

218 335 297 378 Nil
317 334 642 391 desperandum
661 332 839 375 Teucro
860 333 972 375 duce
994 340 1038 375 et
1059 334 1235 389 auspice
1256 333 1456 382 Teucro;

277 403 436 445 Certus
458 402 571 444 enim
592 402 791 456 promisit
812 399 991 456 Apollo,

1541 232 1592 273 17

218 465 484 524 Ambiguum
505 467 661 510 tellure
682 483 794 510 nova
818 467 1035 510 Salamina
1054 469 1259 510 futuram.

104 538 167 582 30

281 537 325 580 Ο
346 537 498 588 fortes,
519 537 759 593 pejoraque
779 538 900 594 passi

164 621 187 639 0
219 606 398 649 Mecum
422 621 538 661 saepe
560 605 654 655 viri,
677 620 792 647 nunc
813 607 912 647 vino
935 605 1083 661 pellite
1106 620 1256 647 curas:

277 673 388 716 Cras
409 674 563 729 ingens
584 674 839 716 iterabimus
864 688 1027 728 aequor.
1123 668 1126 671 ’

231 1157 402 1208 LYmA,
426 1157 510 1208 dic,
532 1171 612 1212 per
633 1172 782 1199 omnes

0 1134 23 1220 ,Ἅι-ετ

21 1197 33 1222 ,Μ
19 1168 25 1174 ”
26 1143 34 1147 c

234 1291 458 1335 Perdere?
490 1308 568 1335 cur
589 1294 784 1349 apricum

172 1430 200 1472 5
231 1429 324 1472 Cur
341 1443 484 1484 neque
503 1428 700 1470 militaris

25 1585 182 1621 &rediret-
225 1587 349 1620 Teucer
370 1587 480 1628 igitur,
504 1597 590 1626 cum,
614 1586 683 1620 sine
705 1587 810 1631 Ajace

56 1629 170 1667 redux.
192 1631 308 1674 pulsus
329 1636 412 1662 esset
427 1641 446 1662 a
462 1636 550 1673 patre
571 1642 611 1663 ex
630 1631 744 1673 patria,
769 1632 810 1663 ab

35 1674 39 1688 ³
58 1671 214 1717 Apolline
234 1673 387 1710 monitus,
409 1674 442 1705 in
462 1674 582 1716 Cypro,
603 1684 666 1716 quo
685 1675 811 1706 exsula-

19 1740 21 1742 -
59 1721 128 1748 tum
141 1716 255 1753 iverat,
267 1726 380 1748 novam
392 1717 556 1748 Salamina
567 1717 728 1748 condidit:
745 1717 811 1749 vid.

60 1758 151 1797 Vell-
168 1759 244 1792 Pat.
266 1759 288 1794 i.
307 1761 322 1790 l
338 1771 348 1798 ;
370 1759 470 1802 Soph.
487 1759 546 1801 Aj.
566 1761 671 1796 1036;
699 1760 813 1803 Eurip.

0 1818 9 1833 α
61 1801 138 1834 nel.
153 1803 192 1835 91
207 1815 218 1843 ς
239 1807 272 1835 et
288 1803 338 1834 He
363 1802 407 1834 nii
425 1803 561 1834 Excurs.
579 1803 656 1834 xxiii
669 1803 708 1834 ad
721 1803 812 1846 Virg.

62 1844 146 1877 AEn.
155 1845 180 1878 i.
227 1845 326 1889 Uda(
355 1844 574 1888 εβρεγμένα),
590 1845 813 1878 madidavino.

0 1887 6 1925 3.
63 1887 202 1929 Populea
226 1900 347 1926 cemma,
372 1889 422 1920 vel
452 1895 605 1930 tauquam
635 1890 736 1926 heros,
761 1891 813 1921 vel

62 1931 151 1973 quod
166 1931 367 1964 sacrificabat
383 1931 530 1967 Herculi,
546 1931 598 1964 cui
613 1933 744 1972 populus
761 1943 810 1964 sa-

0 1965 10 2004 ἕ
62 1983 119 2006 cra
131 1979 191 2006 est.
216 1974 330 2007 Tristes
340 1974 470 2017 adfatus
481 1977 601 2006 amicos.
626 1975 812 2006 Orationem

0 2013 12 2069 ξ
61 2016 342 2050 Teucriadsoeios
351 2017 491 2049 habitam
503 2018 646 2049 hausisse
662 2019 813 2049 Nostrum

0 2071 10 2087 ’ν
38 2062 47 2079 ¹
62 2059 115 2092 vel
128 2070 168 2092 ex
185 2061 302 2093 Graeco
314 2061 423 2103 aliquo
435 2066 541 2103 poeta,
557 2061 607 2092 vel
623 2071 661 2092 ex
679 2061 814 2092 Pacuvii

27 2123 32 2125 -
62 2102 234 2152 tragoedia,
257 2113 332 2146 quae
351 2109 418 2135 tum
442 2105 600 2143 exstabat,
626 2104 742 2136 Teucer·
765 2104 814 2135 in-

16 2170 17 2174 ,
64 2149 184 2190 scripta
199 2147 262 2191 (cf.
274 2147 348 2180 Cic.
367 2148 458 2179 Orat.
473 2146 508 2183 ii,
523 2147 597 2187 46),
609 2147 662 2178 vix
675 2147 814 2179 dubites.

30 2219 41 2221 ,.
68 2189 242 2225 Quonam
326 2189 815 2232 feret:cf.inbancsententiam

67 2232 166 2275 Virg-
177 2233 258 2265 AEn.
267 2243 300 2270 v,
311 2233 387 2265 709.
415 2233 540 2269 Melior,
554 2233 585 2264 h.
595 2244 625 2265 e.
638 2234 816 2276 benignior.

22 2286 27 2313 j
109 2276 255 2308 27--29-
279 2276 396 2309 Teucro
409 2278 486 2308 duce
500 2283 530 2308 et
546 2279 667 2317 auspice
690 2277 817 2314 Teucro,

19 2332 34 2361 ι.;
67 2317 102 2350 h.
115 2329 148 2352 e.
163 2318 221 2351 ubi
236 2324 268 2351 et
278 2318 345 2351 dux
360 2324 410 2352 est
423 2320 558 2356 Teucer,
567 2325 599 2352 et
610 2320 703 2351 bonis
718 2320 818 2363 ipsius

19 2368 21 2371 ’
67 2360 184 2394 Teucri
211 2361 367 2406 auspiciis
396 2373 447 2395 res
475 2363 606 2404 geritur.
651 2363 706 2394 Ad
736 2365 820 2396 bona

21 2417 31 2446 ς
66 2403 126 2437 issa
138 2405 284 2448 auspicia
301 2404 436 2449 pertinet
459 2405 623 2448 Apollinis
643 2407 820 2439 oraculum.

26 2458 31 2486 ἠ
70 2446 194 2486 Certus,
211 2448 297 2480 haud
312 2448 419 2481 dubiae
434 2449 517 2481 fidei.
562 2451 746 2491 Ambiguum
763 2452 820 2482 tel-

31 2499 50 2531 ⁷³
67 2490 141 2525 iure
162 2501 240 2523 nova
262 2491 420 2523 Salamina
437 2492 602 2535 sixtinam,
630 2493 662 2524 h.
685 2504 714 2525 e.
740 2504 822 2526 nova

68 2533 232 2570 Salamine
241 2535 371 2566 condita
380 2534 494 2566 veteris
504 2535 677 2567 Salaminis
687 2537 822 2578 gloriam

27 2598 30 2599 ν
70 2577 255 2621 ambiguam
270 2577 347 2614 fore,
362 2588 391 2609 s.
408 2577 614 2610 obscuratum
629 2579 677 2610 iri.

92 2619 93 2622 ¹
115 2621 171 2654 80.
194 2619 356 2663 Ofortes:
379 2621 437 2652 inf.
457 2622 526 2652 Sat.
545 2621 580 2658 ii,
604 2622 637 2657 2,
659 2623 731 2660 135,
751 2634 823 2664 quo-

20 2663 35 2694 ἶ
71 2664 157 2696 eirca
171 2665 266 2696 vivite
275 2664 390 2707 fortes,
406 2664 434 2695 F
433 2666 571 2705 ortiaque
584 2666 717 2697 adversis
735 2677 824 2707 oppo-

24 2715 35 2742 ;“
72 2707 139 2739 m‘te
147 2711 274 2748 pectora
287 2709 388 2740 rebus.
434 2708 602 2748 Pejor-aque
614 2710 714 2748 passi.-
733 2710 824 2750 Virg.

74 2749 158 2782 Ευ-
172 2750 197 2787 ἱ,
211 2750 290 2787 203,
309 2751 336 2781 Ο
357 2752 438 2791 'passi
458 2752 619 2793 graviora,
643 2753 728 2783 dabit
751 2755 824 2784 dene

27 2802 42 2827 ἢ
75 2790 123 2826 Hs
134 2793 365 2835 qunque-finem.

36 2846 39 2866 1
119 2836 177 2868 82.
201 2836 277 2868 Cras
287 2838 395 2880 ingens
407 2837 585 2868 iterabimus
599 2849 717 2878 aequor:
740 2847 828 2879 ergo,

76 2879 118 2911 πί
127 2879 211 2912 bene
223 2880 371 2911 observat
385 2879 438 2911 cl.
456 2879 593 2911 Mitsch.
613 2880 653 2911 ad
675 2880 753 2912 litus
771 2891 829 2924 ap-

45 2955 53 2966 ,
77 2920 243 2966 pulutat,
256 2932 347 2955 sacra
362 2921 497 2954 Herculi
512 2922 639 2954 facturi.

294 3007 498 3049 CARMEN
523 3009 623 3041 VIII.

604 896 882 940 CARMEN
915 897 1044 940 VIII.

650 1050 721 1082 AD
768 1050 1000 1082 LYDIAM.

289 1225 359 1267 Te
382 1225 505 1267 Deos
528 1239 620 1275 οπο,
645 1225 833 1280 Sybarin
854 1239 933 1266 cur
952 1239 1165 1280 properas
1182 1223 1371 1266 amando

287 1360 447 1403 Oderit
468 1375 682 1416 campum,
705 1361 878 1416 patiens
899 1360 1092 1416 pulveris
1114 1367 1246 1415 atque
1267 1359 1368 1402 solis
1389 1361 1406 1401 2

287 1496 410 1539 Inter
430 1496 620 1552 aequales
643 1498 824 1553 equitat,
849 1496 1021 1539 Gallica
1041 1511 1121 1540 nec
1138 1496 1303 1552 inpatis

854 1587 996 1620 carmine
1006 1593 1224 1630 repraesentat,
1235 1587 1366 1630 Sybaris
1377 1587 1522 1629 exemplo
1534 1595 1604 1629 pro-

855 1630 968 1672 posito.
1017 1632 1050 1662 Is
1063 1632 1168 1667 enim,
1194 1642 1267 1663 cum
1292 1630 1404 1672 Lydiae
1430 1641 1546 1665 amore,
1572 1630 1604 1660 in

855 1674 949 1715 cujus
974 1673 1140 1705 illecebras
1163 1685 1197 1705 se
1222 1674 1332 1705 irretiri
1358 1684 1469 1716 passus
1492 1674 1606 1708 fuerat.

855 1717 900 1747 ita
913 1717 1118 1752 detineretur,
1136 1723 1184 1752 ut.
1199 1717 1354 1758 neglectis
1366 1716 1474 1758 plane,
1490 1716 1608 1757 quibus

857 1765 928 1791 ante
945 1770 1062 1800 magna
1078 1770 1149 1790 cum
1165 1760 1262 1791 laude
1274 1759 1472 1796 interfuerat,
1484 1758 1606 1790 exerci-

857 1801 1032 1834 tationibus
1052 1802 1270 1844 gymnasticis‚
1295 1802 1432 1833 molliter
1449 1801 1534 1844 apud
1557 1812 1607 1832 so-

857 1845 919 1876 lam
938 1845 1071 1887 Lydiam
1093 1846 1216 1880 lateret,
1231 1845 1309 1887 quid
1330 1845 1371 1876 sit
1390 1845 1489 1876 morbi
1509 1855 1607 1881 amor,

855 1894 888 1919 et
911 1894 1066 1930 quantum
1094 1889 1150 1920 ille
1177 1889 1321 1920 homines
1347 1888 1504 1924 immutet,
1531 1888 1610 1919 satis

855 1932 1054 1963 ostendebat.
1099 1931 1236 1963 Videtur
1249 1937 1352 1963 autem
1373 1937 1464 1973 poeta
1478 1941 1516 1962 eo
1530 1941 1608 1962 con-

858 1973 930 2005 silio
946 1974 1006 2006 hoc
1022 1984 1150 2005 carmen
1165 1974 1330 2016 scripsisse
1344 1974 1383 2007 ad
1399 1973 1545 2016 Lydiam,
1562 1981 1609 2009 ut.

858 2017 932 2048 dum
949 2017 1053 2048 miseri
1070 2017 1168 2054 illius,
1185 2028 1249 2060 quo
1267 2027 1352 2048 nunc
1374 2017 1504 2058 Sybaris
1526 2017 1608 2059 peri-

858 2061 925 2092 bat.
942 2060 1057 2091 amoris
1078 2061 1207 2102 culpam
1231 2061 1270 2091 ad
1290 2070 1359 2091 eam
1381 2060 1542 2097 transfert,
1557 2061 1608 2091 in-

860 2103 1024 2135 honestam
1042 2103 1136 2135 simul
1149 2104 1176 2136 ei
1190 2104 1326 2146 juvenes
1338 2103 1371 2134 in
1387 2113 1524 2134 amorem
1542 2104 1611 2145 pel-

859 2146 991 2178 liciendi
1007 2152 1106 2178 artem
1128 2147 1353 2189 exprobraret,
1384 2158 1458 2188 quae
1480 2146 1609 2189 quidem

859 2200 898 2221 eo
924 2190 1025 2232 magis
1050 2200 1140 2222 urere
1165 2190 1303 2222 debebat
1330 2189 1510 2226 Horatium,
1537 2200 1611 2221 cum

860 2233 928 2275 ipse
945 2233 1295 2276 Lydiae-(quaecunque
1312 2233 1442 2264 demum
1461 2233 1521 2264 sub
1540 2235 1611 2275 ejus

860 2276 988 2309 nornine
1012 2276 1119 2319 puella
1141 2276 1235 2316 latet)
1259 2282 1381 2308 amator
1399 2282 1494 2308 esset.
1541 2278 1613 2307 Ob-

861 2321 1058 2351 trectationis
1083 2319 1179 2361 igitur
1204 2319 1336 2350 stimulo
1361 2327 1455 2361 poeta
1480 2319 1520 2350 ad
1555 2320 1613 2350 hoc

863 2373 990 2394 carmen
1001 2363 1202 2394 scribendum
1211 2363 1363 2394 incitatus
1371 2363 1467 2394 fuisse
1476 2362 1613 2394 videtur.

910 2407 1006 2437 1-4,
1031 2407 1165 2447 Sybarin
1184 2406 1419 2437 adolescentem
1437 2407 1613 2448 ingenuum

865 2449 974 2485 fuisse,
1004 2459 1046 2480 ex
1078 2450 1287 2490 gymnasticis
1320 2449 1615 2488 exercitationibus,

866 2492 985 2534 quibus
1003 2492 1059 2524 ille
1080 2498 1153 2524 ante
1174 2492 1300 2523 deditus
1322 2491 1420 2523 fuisse
1441 2492 1559 2524 dicitur
1582 2493 1616 2525 in

866 2545 980 2578 campo
996 2536 1125 2572 Martio,
1139 2541 1280 2578 apparet.
1326 2536 1459 2577 Sybarin
1475 2547 1532 2567 cur
1546 2549 1618 2578 rra.

863 2590 954 2619 peras
975 2581 1105 2610 amando
1125 2581 1272 2620 perdere?
1295 2579 1328 2610 h.
1350 2590 1379 2610 e.
1403 2590 1460 2610 cur
1479 2580 1618 2621 Sybarin

869 2631 986 2658 amore,
1011 2633 1074 2664 quo
1094 2633 1167 2654 eum
1192 2629 1320 2664 captum
1344 2628 1445 2659 tenes,
1466 2623 1494 2654 is
1515 2625 1619 2666 perdi-

867 2670 935 2696 turn
952 2667 964 2695 ’Ξ
988 2676 1044 2696 cur
1060 2671 1149 2697 tanto
1164 2666 1269 2696 studio
1285 2666 1421 2707 Sybarin
1437 2678 1493 2709 per
1507 2668 1622 2699 amoris

869 2708 917 2739 tui
942 2708 1116 2750 nequitiam
1141 2709 1340 2751 corrumpis?
1388 2711 1455 2741 Cur
1480 2714 1621 2751 apricum

869 2757 1016 2790 ceth-cur
1031 2751 1098 2787 ille,
1117 2754 1255 2793 (patiens
1272 2754 1408 2793 pulveris
1427 2763 1517 2795 atque
1534 2754 1620 2794 solis)

872 2794 927 2836 qui
942 2794 1022 2826 serre
1037 2801 1111 2827 ante
1128 2802 1250 2838 poterat
1267 2796 1431 2838 pulverem
1450 2803 1548 2839 atque
1572 2809 1622 2830 so-

873 2837 947 2874 lem,
980 2848 1066 2868 nunc
1097 2849 1245 2881 campum
1279 2840 1433 2871 Martium
1462 2847 1625 2873 aversatur

873 2886 970 2923 atque
985 2882 1087 2912 vitat?
1111 2882 1198 2913 sive:
1224 2892 1282 2913 cur
1303 2889 1451 2916 strenuus
1473 2890 1546 2915 ante
1571 2884 1625 2915 ille

866 2923 1000 2965 juvenis
1022 2935 1107 2955 nnnc
1130 2936 1195 2967 prae
1217 2925 1352 2958 mollitie
1374 2927 1456 2968 sugit
1477 2937 1624 2968 gvmnas-

877 2966 957 2998 ticas
993 2967 1235 2999 exercitationes
1268 2969 1302 2999 in
1332 2979 1446 3012 campo
1482 2963 1626 3001 Martio}

878 3009 992 3041 Studia
1013 3017 1120 3042 autem
1147 3011 1216 3047 illa,
1239 3012 1356 3054 quibus
1381 3013 1470 3055 pueri
1496 3012 1627 3054 ingenui

126 3050 256 3083 Perdite
269 3051 593 3094 amantis‘imaginem
615 3057 707 3095 poeta
723 3052 755 3083 in
773 3052 834 3085 hoc
878 3054 1054 3094 equitando,
1087 3057 1233 3091 natando,
1265 3057 1424 3093 luctando,
1450 3057 1565 3087 discum
1598 3061 1630 3086 et

849 3109 867 3129 C
