1904 3314
335 213 417 254 744·

338 301 484 334 historias
499 302 588 334 audit
599 303 664 334 Sat.
679 302 700 341 i,
713 305 744 339 3,
757 305 810 334 89.
852 309 1011 345 porrectus
1026 304 1066 334 ab

340 343 469 385 inguine
485 344 576 386 palus
600 346 664 376 Sat.
684 345 706 382 i,
723 346 754 383 8,
770 347 800 376 5.
843 347 875 382 2,
891 348 1066 377 extendere:

342 385 451 428 imperi
465 391 604 428 porrecta
617 387 762 428 majestas
773 387 813 418 ad
827 393 926 419 ortum
939 388 1013 419 solis
1028 388 1068 419 ab

342 428 496 470 Hesperio
516 428 612 460 cubili
636 428 698 460 Od.
715 428 757 465 iv,
781 429 832 464 15.
856 431 906 460 15.
949 440 998 461 me
1022 435 1067 461 ta-

342 479 412 500 men
429 479 553 512 asperas
565 476 737 512 porrectum
754 477 826 502 ante
843 470 921 502 fores
940 471 1003 503 od.
1021 472 1068 508 iii,

346 512 396 547 10,
426 513 456 543 3.
501 522 646 543 acervum
675 518 832 554 porrectus
860 513 970 554 vigilet
996 524 1067 545 cum

343 553 437 594 longo
452 554 533 585 fuste
545 555 611 584 Sat.
621 553 654 590 ii,
668 556 700 590 3,
716 555 789 585 112.
833 556 915 596 quod
925 555 951 586 si
966 557 1071 597 praeda

342 594 432 627 litore
453 602 594 637 porrecta
617 606 735 636 mergos
755 596 873 637 juveris
891 598 992 638 Epod.
1017 599 1068 633 10,

342 638 394 668 22.
431 643 604 679 porrectum
622 639 784 679 (mullum)
798 649 908 679 magno
924 649 1072 679 magnum

332 684 481 720 *spectare
495 679 598 710 catino
613 680 679 710 Sat.
698 680 730 716 ii,
748 681 780 716 2,
799 682 852 711 39.
898 681 987 722 palea
1002 691 1072 722 por-

342 727 444 752 rectus
465 721 498 752 in
517 722 614 752 horna
633 723 698 753 Sat.
719 722 752 757 ii,
775 723 806 756 6,
825 724 877 754 88.
921 733 1074 764 purpurea

341 768 515 804 porrectum
537 763 570 794 in
593 769 676 795 veste
698 763 812 794 locavit
833 771 982 804 agrestem
1006 763 1081 795 Sat.'

343 804 377 842 ii,
399 805 430 842 6,
457 807 528 836 106.
572 816 711 836 muraena
739 805 772 835 in
800 806 906 847 patina
937 812 1074 847 porrecta

346 847 412 877 Sat.
427 846 462 883 ii,
477 849 509 883 8,
527 848 580 877 43.
618 858 713 889 capsa
727 854 883 888 porrectus
899 854 1004 890 aperta
1018 848 1070 879 de-

343 887 423 918 serar
451 889 484 919 in
515 889 618 919 vicum
645 890 707 931 Ep.
732 889 765 925 ii,
794 891 820 925 1,
845 891 919 921 268.
963 890 1073 921 tellure

344 936 484 971 porrecta
497 941 589 972 super
603 931 744 972 Epod.5,
761 932 810 962 80.
845 942 973 972 augere.-
997 942 1071 963 con·

343 977 440 1003 tracto
457 973 567 1004 melius
589 973 753 1014 vectigalia
771 973 922 1014 porrigam
946 974 1008 1004 Od.
1028 974 1072 1008 iii,

345 1014 396 1050 16,
421 1016 472 1046 40.
517 1016 547 1052 3,
571 1015 698 1057 offerre:
731 1015 860 1056 porrigis
881 1016 958 1045 irato
978 1026 1074 1057 puero

343 1057 1075 1135 3²1?;¹¹3..?;¹.;.{23232'38130¹?'h1'affi‘ffiss‘5535

345 1139 400 1170 tibi
424 1140 507 1180 quod
532 1140 663 1180 negarit,
689 1140 823 1181 porriget
846 1141 931 1171 Hora
954 1141 1016 1172 Od.
1040 1141 1072 1178 ii,

346 1182 397 1216 16,
419 1183 473 1213 32.
517 1183 648 1212 oderunt
670 1188 810 1224 porrecta
834 1187 996 1223 negantem
1019 1193 1072 1224 po-

345 1223 418 1254 cula
434 1224 493 1266 Ep.
507 1224 529 1262 i,
547 1225 598 1259 18,
614 1225 668 1256 92.

386 1270 519 1307 porrigo.
563 1266 688 1308 impexa
702 1267 769 1296 Sat.
783 1265 817 1300 ii,
834 1267 866 1302 3,
886 1267 957 1296 126.

387 1318 486 1346 porro.
530 1309 595 1338 Sat.
611 1309 633 1344 i.
649 1309 679 1343 3,
695 1309 758 1346 20;
776 1309 835 1349 Ep.
850 1307 871 1343 i,
889 1308 920 1343 6,
936 1309 997 1346 343
1013 1308 1074 1350 Ep.

346 1349 368 1384 i,
387 1350 514 1388 13,18;
538 1351 599 1391 Ep.
616 1350 638 1386 i,
658 1351 708 1385 16,
724 1351 778 1380 65.

387 1402 523 1430 porrum.
576 1402 631 1422 seu
669 1392 770 1440 pisces
801 1402 855 1422 seu
887 1402 1009 1433 porrum
1043 1397 1075 1422 et

347 1443 433 1474 caepe
447 1433 584 1464 trucidas
598 1435 656 1475 Ep.
671 1445 694 1469 1,
715 1435 764 1470 12,
780 1435 832 1464 21.

386 1482 484 1514 porta.
527 1476 636 1506 diffidit
658 1475 781 1506 urbium
813 1481 915 1516 portas
944 1477 1005 1506 Od.
1029 1475 1073 1511 iii,

348 1518 398 1550 16.
429 1519 479 1548 14.
524 1518 636 1559 apertis
661 1517 723 1548 otia
748 1517 843 1559 portis
859 1519 919 1558 Ep.
944 1519 982 1548 ad
1010 1518 1075 1548 Pis.

348 1560 419 1590 199.
462 1570 525 1590 non
547 1560 643 1590 clusae
669 1559 732 1590 od.
754 1559 800 1595 iii,
825 1562 855 1594 5,
879 1561 928 1590 23.
973 1559 1075 1600 imago

346 1610 427 1631 vana
445 1612 516 1643 quae
538 1607 624 1643 porta
641 1602 764 1642 fugiens
784 1602 902 1632 eburna
921 1602 1073 1631 somnium

344 1643 432 1673 ducit
461 1643 525 1674 Od.
555 1643 599 1679 iii,
628 1645 681 1680 27,
714 1645 767 1673 41.
819 1643 973 1674 discordia
1000 1643 1076 1674 belli

345 1684 472 1715 ferratos
499 1691 602 1727 postes
627 1691 791 1727 portasque
815 1685 937 1727 refregit
960 1686 1026 1716 Sat.
1052 1686 1075 1721 i,

385 1776 518 1808 portare.
565 1771 594 1804 1,
619 1780 697 1800 onus
720 1769 885 1800 molestum
909 1769 974 1800 Sat.
999 1769 1021 1804 i,
1045 1771 1076 1806 6,

346 1811 400 1841 99.
446 1812 541 1842 fustes
571 1812 635 1843 Od.
665 1811 710 1846 iii,
742 1812 792 1849 16,
820 1813 871 1842 41.
923 1811 1076 1842 frumenta

346 1863 506 1894 penusque
521 1854 580 1896 Ep.
596 1854 618 1889 i,
637 1855 684 1888 16,
702 1855 756 1884 72.
798 1852 955 1894 captivum
973 1859 1075 1895 porta-

346 1900 395 1925 tur
415 1895 492 1926 ebur
517 1896 577 1937 Ep.
601 1895 634 1932 ii,
659 1897 686 1931 l,
705 1896 776 1926 193.
820 1895 907 1936 pueri
933 1896 1075 1926 lasanum

345 1942 504 1977 portantes
524 1938 790 1979 oenophorumque
813 1941 878 1968 Sat.
901 1937 924 1972 i,
948 1939 980 1973 6,
1006 1939 1076 1969 109.

347 1988 386 2009 ne
403 1979 479 2010 sorte
501 1980 559 2009 sub
582 1981 631 2010 ala
655 1979 837 2010 fasciculum
858 1985 958 2021 portes
982 1979 1074 2015 libro-

347 2030 415 2050 rum
438 2021 500 2062 Ep.
524 2021 547 2056 i,
574 2023 624 2058 13,
657 2023 708 2052 13.
751 2022 902 2052 cadavera
926 2022 1077 2062 portanda

348 2061 471 2093 locabat
487 2062 520 2092 in
541 2073 613 2093 arca
633 2064 698 2094 Sat.
714 2063 734 2099 i,
753 2065 784 2098 8,
801 2064 831 2093 9.
875 2063 931 2104 qui
948 2064 991 2094 nil
1007 2075 1076 2105 por-

347 2103 419 2134 tarit
440 2106 506 2134 Sat.
526 2104 549 2139 i,
577 2106 604 2142 1,
629 2106 680 2136 49.
724 2115 824 2145 equus
849 2111 883 2135 ut
906 2115 954 2136 me
978 2112 1079 2147 portet

349 2146 408 2187 Ep.
425 2146 447 2182 i,
467 2147 517 2184 17,
531 2147 586 2178 20.
629 2146 729 2189 panis,
753 2147 832 2176 ultra
854 2151 890 2176 ut
907 2148 1003 2178 soleat
1019 2148 1076 2178 hu-

348 2187 438 2219 meris
459 2193 580 2230 portare
603 2189 662 2228 (sc.
687 2189 868 2227 Canusium)
892 2188 989 2219 viator
1011 2191 1077 2220 Sat.

347 2229 370 2264 i,
389 2231 420 2266 5,
437 2231 489 2262 90.
533 2237 628 2272 caput
641 2230 809 2261 abscissum
823 2229 966 2261 manibus
980 2241 1077 2271 quum

349 2277 451 2312 portat
471 2272 580 2313 Agave
599 2273 664 2303 Sat.
691 2272 725 2308 ii,
751 2274 782 2308 3,
805 2273 879 2302 303.
923 2272 1078 2303 tristitiam

345 2313 465 2344 tradam
491 2314 640 2355 protervis
666 2314 699 2344 in
727 2325 812 2345 mare
836 2318 957 2355 portare
980 2314 1078 2345 ventis

349 2356 410 2386 Od.
440 2355 462 2391 i,
491 2357 543 2392 26,
574 2357 605 2387 3.
656 2357 688 2391 2,
717 2359 885 2396 deportare,
915 2357 1076 2386 deducere.-

349 2407 478 2438 puerum
495 2398 629 2428 Romam
645 2403 764 2439 portare
778 2398 950 2428 docendum
975 2398 1041 2429 Sat.
1056 2398 1077 2437 i,

389 2487 570 2520 portentum.
599 2487 673 2512 nota
684 2483 743 2524 Ep.
754 2481 788 2518 ii,
807 2483 899 2518 1,ll.
928 2481 1080 2512 Thessala

350 2523 411 2565 Ep.
435 2523 468 2558 ii,
492 2525 525 2558 2,
548 2525 622 2555 209.
665 2525 758 2565 quale
780 2529 954 2565 portentum
978 2534 1079 2565 neque

349 2565 493 2596 Daunias
509 2565 565 2597 alit
579 2566 731 2596 aesculetis
747 2565 809 2596 od.
825 2566 845 2601 i,
862 2568 914 2603 22,
933 2566 982 2596 13.

388 2609 531 2647 porticus.
573 2618 621 2638 me
636 2609 772 2649 porticus
792 2607 912 2650 excepit
928 2608 993 2638 Sat.
1008 2607 1029 2644 i,
1047 2609 1076 2643 4,

351 2650 422 2680 134.
465 2659 594 2691 opacam
619 2650 754 2691 porticus
773 2650 946 2691 excipiebat
963 2649 1026 2680 Od.
1043 2649 1076 2686 ii,

353 2693 403 2727 15,
437 2693 487 2722 16.
545 2702 640 2732 quum
680 2693 759 2723 bene
796 2698 902 2722 notum
941 2691 1078 2733 porticus

348 2733 497 2776 Agrippae
527 2734 721 2776 conspexerit
750 2734 810 2775 Ep.
840 2733 862 2768 i,
893 2735 923 2766 6.
947 2735 999 2764 26.
1043 2739 1079 2764 ut

347 2775 528 2818 porticibus,
545 2775 590 2806 sic
612 2776 742 2817 judiciis
764 2776 846 2806 fruar
860 2775 957 2806 isdem
974 2776 1035 2816 Ep.
1054 2775 1076 2811 i,

350 2819 379 2855 1,
395 2819 446 2849 71.
490 2817 654 2860 Chrysippi
675 2817 810 2859 porticus
826 2823 857 2848 et
872 2828 942 2858 grex
960 2818 1026 2847 Sat.
1042 2817 1075 2853 ii,

346 2861 377 2898 3,
395 2861 449 2891 44.

340 2923 341 2926 =
386 2909 502 2942 portus.
567 2907 671 2943 portus
706 2900 906 2933 Alexandrea
942 2900 1072 2942 supplex

345 2945 490 2985 patefecit
508 2944 571 2976 Od.
591 2943 632 2980 iv,
653 2945 701 2982 14,
722 2945 774 2976 35..
818 2942 933 2975 fortiter
952 2952 1073 2984 occupa

866 225 909 253 ΙΝ
919 224 1007 252 DEX
1038 222 1297 252 VERBORUM.

1109 309 1230 346 portum
1261 305 1323 336 Od.
1350 304 1372 340 i,
1403 306 1453 340 14,
1484 305 1517 335 3.
1561 312 1637 336 cave
1665 303 1704 335 πή
1734 308 1839 345 portus

1110 352 1244 388 occupet
1257 347 1334 378 alter
1350 347 1410 388 Ep.
1426 345 1448 382 i,
1464 346 1496 382 6,
1512 346 1566 376 32.
1609 345 1734 377 navium
1748 350 1838 388 portu

1111 388 1208 420 latent
1222 397 1341 431 puppes
1356 387 1457 430 Epod.
1472 389 1504 424 9,
1521 387 1573 418 19.

1153 441 1277 470 poscere.
1321 430 1347 460 si
1369 429 1506 471 denique
1532 428 1632 471 poscit
1656 429 1718 477 Ep.
1736 427 1763 465 i,
1788 429 1840 464 13,
1892 456 1894 458 ,

1115 473 1166 503 13.
1210 473 1421 504 membranam
1451 480 1562 513 poscas
1591 471 1656 502 sat.
1684 470 1720 506 ri,
1747 469 1780 506 3,
1809 471 1844 501 2.
1897 471 1904 508 ἶ

1112 523 1222 555 posces
1259 514 1372 544 librum
1413 514 1474 555 Ep.
1505 513 1526 548 i,
1556 513 1589 550 2,
1618 513 1672 543 35.
1726 511 1843 543 calices

1113 557 1214 597 poscit
1241 555 1372 597 majores
1405 556 1470 586 Sat.
1504 554 1538 592 ii,
1573 555 1606 590 Β,
1635 555 1688 586 35.

1117 640 1177 680 Ep.
1194 640 1228 675 ii,
1247 641 1274 675 1,
1298 641 1369 670 113.

1116 687 1240 711 acutum
1258 683 1317 722 Ep.
1332 681 1371 711 ad
1386 681 1452 711 Pis.
1467 681 1542 711 349.

1116 723 1247 753 multum
1276 723 1394 754 diversa
1420 722 1524 764 palato
1553 722 1612 763 Ep.
1650 721 1684 756 ii,
1716 721 1750 756 2,

1117 816 1211 846 posco
1227 807 1286 848 Ep.
1302 806 1324 842 i,
1350 807 1400 842 19,
1420 807 1470 836 47.

1116 853 1170 878 aut
1189 849 1308 889 pugiles
1330 849 1389 889 Ep.
1411 847 1443 883 ii,
1464 849 1494 883 1,
1522 849 1591 878 185.
1634 846 1753 878 veniam
1774 856 1846 888 pos·

1116 895 1237 920 centem
1261 892 1324 921 Sat.
1347 890 1368 926 i,
1393 891 1424 926 3,
1449 891 1502 920 75.
1546 899 1604 920 nec
1621 889 1742 919 veniam
1765 887 1845 918 anti·
1900 900 1904 905 ’-

1115 931 1197 971 quis,
1214 933 1267 963 sed
1283 932 1475 962 honorem'et
1489 931 1615 972 praemia
1631 930 1717 972 posci
1737 930 1797 972 Ep.
1813 929 1847 967 ii,
1902 931 1904 933 ’

1120 974 1148 1009 1,
1164 974 1216 1004 78.
1258 974 1358 1015 poscit
1372 983 1461 1015 opem
1476 973 1588 1003 chorus
1603 973 1661 1014 Ep.
1675 971 1709 1007 ii,
1727 973 1756 1009 1,
1773 972 1846 1003 134.

1117 1024 1170 1086 {2¹¹
1183 1014 1659 1097 PRZZ‘Zsssssssfflmpi'GKY'ii'i
1674 1013 1780 1086 Eilmii
1795 1014 1845 1086 ιζ’

1161 1079 1169 1086 ο
1663 1077 1672 1087 ⁸
1719 1078 1728 1090 J
1785 1079 1794 1093 1
1837 1078 1846 1087 ³

1117 1103 1269 1138 quantum
1292 1109 1339 1129 res
1361 1103 1467 1139 poscet
1488 1098 1548 1138 Ep.
1569 1097 1604 1132 ii,
1625 1098 1660 1133 2,
1684 1098 1758 1130 190.
1800 1097 1845 1128 nl-

1117 1144 1181 1170 tera
1204 1140 1305 1181 poscit
1333 1150 1421 1182 opem
1448 1149 1496 1170 res
1522 1140 1581 1180 Ep.
1610 1139 1648 1170 ad
1678 1138 1746 1170 Pis.
1773 1140 1848 1170 411.

1116 1182 1200 1222 quod
1228 1181 1287 1212 sibi
1315 1181 1454 1224 poscenti
1487 1191 1549 1212 non
1585 1179 1696 1211 dentur
1730 1181 1847 1223 pocula

1118 1224 1183 1253 Sat.
1207 1223 1238 1258 ii,
1263 1225 1294 1259 8,
1318 1225 1372 1255 82.
1416 1228 1562 1265 poscente
1590 1222 1689 1263 magis
1712 1223 1846 1263 gaudeat

1117 1265 1193 1306 eripi
1213 1266 1276 1296 Od.
1297 1265 1330 1300 ii,
1353 1266 1404 1300 12,
1425 1266 1480 1296 27.
1523 1269 1660 1296 tacentes
1682 1263 1752 1306 plus
1773 1275 1846 1306 pos-

1116 1313 1207 1338 ceute
1237 1307 1334 1338 ferent
1363 1309 1424 1348 Ep.
1462 1307 1484 1344 i,
1518 1307 1570 1342 17,
1597 1307 1651 1336 44.
1706 1306 1846 1348 quinque

1116 1349 1231 1380 talenta
1263 1349 1363 1390 poscit
1393 1355 1423 1380 te
1452 1348 1564 1379 mulier
1593 1349 1658 1379 Sat.
1678 1347 1712 1384 ii,
1735 1348 1767 1384 7,
1789 1350 1845 1380 90.

1116 1391 1192 1431 quid
1212 1392 1389 1422 dedicatum
1414 1390 1514 1432 poscit
1535 1389 1713 1431 Apollinem
1737 1392 1846 1422 vates‘!

1118 1433 1179 1463 od.
1207 1433 1229 1469 i,
1257 1427 1310 1469 31¹,
1342 1434 1372 1464 1.
1417 1432 1542 1463 nonita
1571 1430 1722 1463 creditum
1743 1431 1847 1473 poscis

1119 1474 1309 1511 Quintilium
1325 1476 1411 1506 Deos
1427 1475 1489 1505 Od.
1501 1474 1523 1509 i,
1535 1474 1590 1508 24,
1606 1474 1655 1504 12.
1697 1485 1726 1504 c.
1741 1475 1846 1514 infin..-

1118 1522 1224 1556 poscat
1236 1517 1295 1547 sibi
1313 1516 1419 1547 fabula
1433 1515 1517 1546 credi
1537 1515 1598 1557 Ep.
1621 1515 1662 1546 ad
1683 1515 1750 1548 Pis.
1773 1517 1848 1547 339.

1121 1558 1230 1589 Fauno
1245 1559 1334 1589 decet
1354 1559 1525 1594 immolare,
1549 1567 1603 1588 seu
1625 1562 1734 1598 poscat
1754 1567 1771 1587 a
1795 1567 1847 1595 ua,

1119 1600 1183 1631 sive
1206 1601 1294 1630 malit
1310 1600 1398 1631 haedo
1414 1603 1470 1640 (sc.
1484 1602 1540 1630 sibi
1556 1598 1722 1639 immolari)
1741 1568 1802 1630 05.
1825 1600 1847 1636 i,

1119 1644 1150 1677 4,
1170 1644 1219 1673 12.
1260 1643 1368 1673 fabula
1382 1652 1451 1684 quae
1466 1641 1552 1683 posci
1566 1642 1624 1680 (ad
1637 1639 1846 1682 spectandum)

1120 1684 1187 1714 vult
1202 1686 1261 1726 Ep.
1278 1684 1317 1715 ad
1342 1685 1405 1715 Pis.
1431 1685 1502 1716 190.
1547 1682 1704 1724 poscimur
1722 1685 1779 1724 (ad
1797 1694 1847 1714 ca-

1120 1728 1249 1757 nendum
1264 1737 1363 1757 evocor
1377 1733 1465 1767 atque
1478 1726 1628 1766 impellor)
1641 1724 1738 1762 Od.·i,
1750 1726 1804 1763 32,
1818 1726 1847 1756 1.

1158 1778 1248 1808 posse.
1304 1770 1333 1804 1,
1372 1779 1398 1799 c.
1430 1769 1530 1809 infin„
1558 1769 1724 1798 sexcenties.
1756 1769 1846 1809 infin.

1118 1812 1318 1850 supplendus.-
1345 1809 1459 1846 dicam,
1475 1810 1502 1841 si
1516 1815 1620 1852 potero
1635 1809 1701 1840 Sat.
1717 1808 1752 1845 ii,
1767 1811 1799 1846 2,
1815 1809 1848 1840 8.

1120 1853 1231 1883 melius
1245 1859 1275 1883 te
1288 1862 1378 1894 posse
1398 1861 1527 1893 negares
1549 1852 1609 1893 Ep.
1631 1851 1671 1882 ad
1687 1850 1754 1883 Pis.
1773 1852 1846 1883 439.

1120 1895 1190 1935 quis
1217 1895 1328 1936 poterit
1357 1895 1444 1925 Deus
1475 1894 1537 1925 Od.
1565 1893 1587 1929 i,
1614 1893 1668 1930 27,
1698 1894 1750 1925 22.
1803 1898 1849 1924 ter

1121 1942 1211 1967 nocte
1234 1942 1323 1978 potes
1351 1936 1453 1978 Epod.
1483 1937 1534 1972 12,
1567 1935 1618 1966 15.
1660 1939 1748 1977 potes
1774 1945 1847 1966 nam

1119 1978 1221 2020 Epod.
1240 1980 1290 2014 17,
1307 1980 1359 2009 45.
1403 1978 1480 2019 quin
1497 1978 1558 2008 huc
1571 1977 1692 2012 inanes,
1707 1977 1733 2007 si
1748 1982 1847 2019 potes,

1119 2021 1211 2052 vertis
1220 2021 1321 2051 minas
1333 2021 1433 2061 Epod.
1445 2021 1477 2056 6,
1490 2021 1520 2051 3.
1565 2029 1616 2050 ore
1630 2018 1710 2050 trahi
1727 2042 1736 2055 ,
1748 2019 1847 2060 quod-

1119 2073 1243 2136 51:¹32ssss
1252 2061 1664 2151 ..ξέῑέδᾲοὲἶῖ..ἰξῑιᾰεὲἓὲι
1677 2061 1784 2150 ἓξῗῗ
1786 2070 1849 2139 1ᾎῖ

1120 2148 1174 2178 28.
1218 2147 1243 2176 si
1259 2147 1305 2178 vis
1321 2151 1408 2189 potes
1428 2147 1495 2176 Sat.
1517 2155 1552 2181 u,
1567 2147 1598 2180 6,
1611 2145 1664 2176 39.
1708 2154 1734 2175 si
1748 2155 1848 2186 quan-

1121 2194 1186 2219 tum
1208 2199 1351 2236 cuperem
1378 2198 1497 2229 possem
1525 2196 1651 2229 quoque
1674 2186 1735 2228 Ep.
1758 2186 1792 2223 ii,
1819 2188 1848 2224 1,

1121 2232 1194 2262 257.
1239 2241 1264 2260 Sl
1282 2229 1392 2272 possis,
1413 2235 1496 2261 recte
1514 2229 1576 2270 Ep.
1593 2228 1616 2264 i,
1636 2229 1664 2264 l,
1678 2229 1732 2260 66.
1776 2238 1848 2260 nam

1122 2271 1197 2313 quid
1217 2278 1342 2313 potuere
1360 2271 1460 2312 majus
1481 2270 1544 2302 od.
1568 2270 1615 2306 iii,
1645 2271 1696 2306 11,
1721 2271 1774 2301 ³0.
1816 2271 1848 2305 2.

1122 2315 1238 2344 valere.-
1263 2314 1339 2355 quid
1350 2313 1444 2344 virtus
1455 2317 1487 2344 et
1497 2311 1575 2353 quid
1589 2310 1742 2359 sapientia
1751 2311 1850 2354 possit

1122 2356 1181 2397 Ep.
1196 2355 1218 2390 i,
1234 2357 1266 2392 2,
1285 2357 1333 2386 17.
1377 2354 1452 2396 quid
1467 2353 1591 2396 possim,
1606 2353 1690 2384 videt
1704 2363 1741 2384 ac
1764 2353 1850 2385 novit

1123 2398 1183 2438 Ep.
1198 2397 1220 2432 i,
1244 2399 1277 2434 9,
1301 2399 1331 2428 6.
1370 2396 1447 2438 quid
1467 2397 1572 2427 Marte
1591 2405 1698 2437 posses
1718 2396 1781 2427 Od.
1805 2396 1848 2431 iv.

1125 2440 1174 2474 14,
1189 2440 1221 2470 9.
1265 2438 1338 2480 quid
1356 2438 1432 2470 velit
1446 2442 1478 2469 et
1494 2437 1589 2479 possit
1604 2447 1704 2468 rerum
1720 2447 1848 2469 concor-

1121 2480 1171 2511 dia
1186 2481 1303 2512 discors
1322 2482 1381 2521 Ep.
1396 2480 1418 2519 i,
1437 2481 1486 2515 12,
1504 2481 1553 2510 19.
1596 2489 1653 2510 nec
1675 2478 1750 2510 rude
1772 2479 1849 2521 quid

1121 2523 1215 2564 possit
1235 2523 1323 2554 video
1347 2521 1506 2563 ingenium
1530 2522 1591 2564 Ep.
1620 2521 1660 2552 ad
1689 2521 1756 2552 Pis.
1776 2523 1850 2553 410.

1120 2565 1192 2606 quid
1209 2570 1316 2596 contra
1331 2569 1492 2595 sonantem
1508 2563 1647 2594 Palladis
1659 2563 1758 2604 aegida
1778 2573 1850 2605 pos-

1121 2612 1190 2638 sent
1205 2609 1348 2638 ruentes'!
1373 2606 1436 2637 Od.
1455 2605 1501 2641 iii,
1523 2607 1555 2641 4,
1572 2606 1624 2637 58.
1667 2605 1742 2647 quid
1762 2615 1848 2636 meus

1120 2650 1178 2680 rite
1202 2654 1304 2690 posset
1324 2648 1387 2680 Od.
1411 2648 1456 2684 iv,
1481 2649 1511 2684 4,
1534 2648 1588 2679 27.
1635 2646 1711 2678 nihil
1730 2646 1796 2678 sine
1817 2653 1848 2678 te

1120 2691 1180 2722 mei
1196 2697 1325 2733 possunt
1338 2691 1468 2721 honores
1483 2689 1545 2720 Od.
1561 2688 1584 2726 i,
1597 2689 1652 2726 26,
1669 2690 1719 2720 10.

1158 2743 1309 2772 possesso-r.
1351 2732 1452 2763 valeat
1469 2740 1623 2774 possessor
1645 2735 1764 2773 oportet
1785 2731 1846 2773 Ep.

1119 2774 1141 2810 i,
1156 2776 1187 2811 2,
1206 2776 1259 2806 49.

1161 2818 1315 2856 possidere.
1359 2814 1506 2856 indignus
1527 2813 1581 2856 qui
1605 2819 1722 2846 tantum
1747 2814 1845 2856 possi-

1115 2857 1205 2890 deam
1231 2860 1295 2890 Sat.
1318 2857 1352 2893 ii,
1379 2859 1410 2895 3,
1433 2857 1506 2888 236.
1550 2866 1612 2887 non
1638 2855 1845 2898 possidentem

1116 2901 1215 2931 multa
1243 2899 1401 2932 vocaveris
1429 2904 1511 2931 recte
1544 2898 1670 2930 beatum
1703 2898 1766 2930 Od.
1800 2897 1844 2934 iv,

1114 597 1211 638 poscit
1227 597 1304 628 ibid.
1327 599 1377 628 77.
1423 596 1546 627 chartas
1567 601 1600 627 et
1616 595 1731 627 scrinia
1744 553 1846 636 sop‘lgg:
1895 619 1904 631 ς

1412 637 1551 680 poscenti
1575 647 1696 678 gravem
1718 636 1846 684 remittit
1900 635 1904 674 'g

1585 683 1749 721 poscentes
1760 687 1843 750 vago

1116 765 1215 804 poscis
1229 765 1302 795 vilia
1326 775 1426 795 rerum
1450 765 1510 805 Ep.
1525 762 1547 798 i,
1568 764 1617 801 17,
1630 763 1685 793 21.
1726 722 1846 793 dilniiiai
1899 803 1904 813 1

1513 810 1645 847 poscunt
1663 809 1718 836 aut
1736 813 1850 835 ursum.
1896 822 1898 826 ν
