1884 3288
665 209 893 253 LIBER
924 208 1008 260 IV,
1044 209 1109 250 14.

661 363 940 406 CARMEN
975 364 1106 406 XIV.

590 483 678 515 AD
733 481 1175 514 AUGUSTUM.

403 569 520 617 Qum:
542 583 647 610 cura
667 567 871 621 Pau-um,
886 581 1039 623 quaeve
1062 567 1318 617 Quiritium,

402 637 550 680 Plenis
571 637 786 679 honorum
809 637 1063 678 muneribus
1086 643 1201 686 tuas,

455 704 676 760 Auguste,
698 705 882 746 virtutes
902 705 948 746 in
968 719 1110 746 aevum

517 773 605 814 Per
627 772 776 815 titulos
797 767 1098 827 memoresque
1120 771 1262 813 fastus

344 841 372 882 5
402 840 644 883 AEternet?
674 856 716 892 0,
738 856 826 896 qua
847 840 912 882 sol
933 839 1193 882 habitabiles

399 909 595 951 Illustrat
617 924 731 959 oras,
753 909 938 951 maxime
960 909 1207 964 principum
1226 926 1237 959 3

1572 210 1659 251 237
1701 242 1705 250 2

459 977 605 1025 Quem
624 977 733 1033 legis
755 984 960 1032 expertes
985 977 1158 1018 Latinae

518 1045 739 1088 Vindelici
759 1046 952 1088 didicere
974 1061 1130 1102 nuper,

113 1155 249 1189 Mitsch.
262 1162 427 1200 comparat
439 1157 581 1200 Meleag.
594 1158 670 1194 xlix,
683 1159 716 1194 2,
730 1157 865 1189 Anthol.

115 1199 222 1232 Grac.
234 1199 276 1232 T.
287 1199 310 1236 i,
322 1211 354 1243 p.
369 1201 421 1232 16.
444 1201 485 1232 In
497 1203 623 1238 cineres,
633 1201 708 1232 hinc
722 1201 866 1233 Martial.

115 1241 164 1276 iii.
191 1243 247 1281 9³,
278 1244 328 1279 19,
360 1244 565 1282 Vetustiltam,
596 1250 763 1287 postquam
794 1255 865 1276 eam

111 1289 151 1317 nt
165 1285 329 1318 mulierem
354 1291 448 1318 aetate
468 1286 563 1328 plane
586 1288 765 1319 confectam
789 1289 867 1318 satis

113 1326 221 1372 lepide
238 1328 417 1371 descripsit,
433 1331 598 1361 dementem
621 1333 775 1362 cineribus
789 1333 862 1367 suis,

113 1371 167 1415 (h.
179 1381 212 1404 e.
231 1371 319 1404 foeda
337 1371 439 1404 effoeti
458 1372 597 1415 corporis
617 1372 747 1413 forma‚)
763 1375 865 1404 virum

109 1415 240 1456 prurire
262 1414 370 1447 adhuc
394 1427 528 1457 quaerere
551 1415 615 1447 ait:
641 1416 684 1448 cs.
709 1417 809 1447 Mart.
831 1429 863 1452 x,

110 1457 168 1496 90,
185 1458 218 1490 2.

326 1544 531 1577 CARMEN
556 1545 654 1577 XIV.

157 1585 259 1618 Arcto
270 1586 332 1619 hoc
355 1598 483 1619 carmen
499 1598 573 1619 curn
588 1588 686 1630 hujus
700 1587 773 1619 libri
795 1598 864 1620 car-

113 1628 200 1662 mine
215 1635 329 1672 quarto
351 1630 550 1672 cognationis
563 1630 692 1668 vinculo
713 1632 866 1674 conjunc-

114 1676 183 1704 tum
197 1677 256 1704 est.
300 1674 480 1716 Utrumque
499 1673 583 1705 enim
599 1673 639 1705 ad
655 1674 864 1706 celebrandas

109 1714 277 1752 victorias.
293 1726 376 1758 quas
388 1717 454 1748 duo
472 1716 612 1758 Augusti
628 1717 777 1759 privigni,
794 1719 862 1749 Ne-

112 1768 220 1795 rones,
243 1759 371 1791 Drusus
394 1766 424 1792 et
447 1759 608 1797 Tiberius,
633 1770 653 1790 a
681 1760 808 1791 Rbaetis
833 1767 866 1792 et

114 1801 298 1834 Vindelicis
318 1809 527 1846 reportarunt,
549 1803 691 1844 Augusti
709 1803 802 1845 jussu
823 1805 864 1835 ab

113 1844 247 1877 Horatio
274 1846 484 1889 compositum
509 1851 568 1877 est.
616 1846 768 1888 Superius
791 1847 863 1888 qui-

113 1886 186 1919 dem
217 1889 328 1926 Drusi,
359 1895 438 1921 natu
467 1888 607 1926 minoris,
638 1889 697 1921 hoc
731 1889 863 1927 Tiberii,

113 1936 192 1963 natu
205 1931 346 1975 majoris,
361 1932 475 1964 laudes
488 1932 722 1975 complectitur.
744 1933 863 1975 (Vide,

111 1983 186 2016 qun
211 1974 253 2007 de
276 1975 364 2007 omni
384 1986 417 2008 re
439 1975 480 2007 ad
505 1981 675 2017 utrumque
702 1976 863 2007 Neronem

110 2023 277 2060 spectante
305 2029 378 2061 sup.
405 2018 440 2050 in
470 2029 594 2060 argum.
620 2018 662 2050 ad
690 2029 790 2050 carm.
819 2018 862 2055 iv,

111 2059 249 2093 breviter
264 2061 497 2105 exposuimus.)
543 2063 583 2093 In
603 2067 737 2103 utroque
756 2067 862 2094 autem

109 2103 252 2136 carmine
340 2110 372 2136 ta
402 2105 547 2137 consulto
574 2105 620 2136 ita
646 2110 800 2142 versatur,
827 2111 864 2136 ut

114 2146 215 2178 Drusi
233 2153 267 2180 et
306 2147 396 2180 iberii
415 2148 527 2180 laudes
545 2148 586 2179 ab
603 2148 746 2190 Augusti
760 2147 863 2179 laudi-

111 2189 185 2228 bus,
214 2195 367 2232 tanquam
395 2190 492 2222 unico
521 2190 648 2222 illarum
679 2190 776 2227 fonte,
807 2191 862 2223 de-

112 2233 202 2270 rivet,
216 2238 248 2265 et
267 2233 314 2266 sic
330 2234 512 2276 Augustum
527 2234 696 2276 utriusque
711 2234 864 2266 carminis

13 2293 39 2310 ο,
110 2283 307 2308 momentum
329 2277 500 2309 maximum
521 2277 630 2308 faciat.
675 2278 778 2320 Supra
800 2278 862 2309 sci-

2 2339 4 2342 >
27 2334 33 2356 χ
66 2331 75 2339 ·
111 2317 189 2352 licet
201 2319 305 2352 Drusi*
317 2319 428 2352 laudes
443 2321 557 2363 repetit
571 2321 613 2351 ab
627 2320 766 2360 Augusti
787 2331 863 2352 cura

35 2387 41 2392 .
97 2371 187 2403 were
204 2368 348 2406 paterna,
361 2373 460 2405 quam
482 2365 510 2395 is
525 2363 559 2394 in
577 2363 633 2395 illo
649 2363 818 2395 educando
831 2370 864 2396 et

35 2441 38 2445 Δ
101 2404 184 2448 ἤδη
207 2405 316 2438 animo
341 2406 400 2439 rite
424 2407 599 2438 excolendo
625 2407 786 2449 posuerit3
808 2407 862 2438 Ti-

4 2455 45 2490 {3³
110 2447 276 2482 briivero
296 2449 408 2482 laudes
427 2460 448 2480 a
462 2449 658 2491 benignioris
679 2450 772 2481 sortis
792 2450 863 2482 feli-

3 2494 59 2529 ἕλ’
100 2489 220 2528 sim,
235 2501 300 2535 qut
313 2492 344 2525 ei
365 2493 424 2524 sub
442 2492 584 2535 Augusti
607 2493 760 2536 auspiciis
774 2504 863 2535 egre-

6 2533 58 2583 ἑξ
96 2542 171 2578 *με
188 2533 314 2571 virtutis
343 2535 470 2568 bellicae
498 2536 679 2568 rudimenta
707 2537 865 2579 deponere

34 2578 58 2618 ἦ
86 2577 289 2621 Rffitigerit.
333 2579 570 2611 Sententiarum
596 2589 700 2611 nexus
725 2585 774 2611 est
801 2580 864 2612 fere

78 2616 188 2654 πῦσε
203 2621 405 2664 nquomodo
427 2632 571 2664 unquam
596 2622 663 2654 fieri
686 2627 802 2665 potest,
829 2629 865 2654 ut

11 2663 62 2702 f:
110 2662 250 2697 &intus
286 2665 498 2708 Populusque
542 2666 710 2697 Romanus
750 2665 864 2708 dignos

85 2705 189 2744 1·Μῆ
212 2706 375 2750 Auguste,
398 2707 572 2740 virtutibus
595 2709 730 2740 honores
754 2709 863 2740 decer-

0 2769 4 2772 ·
86 2749 201 2783 lut!
228 2750 288 2782 Tu
305 2751 392 2783 enim
408 2762 444 2783 es
462 2761 518 2794 per
531 2757 631 2783 totum
647 2757 797 2783 terrarum
812 2762 862 2783 οι·-

18 2795 42 2830 .,,”
70 2788 187 2840 ΞΜ
203 2792 352 2838 Ῑήὶιιοερς
371 2794 467 2836 longe
481 2794 660 2826 maximus!
705 2795 810 2826 Tuam
831 2795 864 2826 in

22 2838 54 2871 t'
79 2833 199 2874 ΝΟ
293 2837 392 2869 utiam
415 2848 517 2881 nuper
538 2837 660 2881 experti
682 2843 759 2869 sunt
781 2837 864 2871 Vin-

22 2875 232 2917 κρῑξι
265 2880 363 2929 ‘Nam
392 2891 529 2930 primum
558 2882 686 2913 Drusus
711 2881 865 2919 exercitu,

9 2916 280 2999 §Um
310 2934 526 2961 commiserim,
564 2925 797 2956 Genaunorum
833 2930 866 2956 et

7 2978 14 2998 μ
45 2975 53 3004 g
118 2999 125 3003 ,
282 2977 314 2997 m
329 2966 466 3010 graviter
482 2966 570 2998 ultus
584 2973 632 2999 est
649 2967 866 2999 insolentiam.

41 3008 55 3016 ““
96 3003 206 3042 'mbr
231 3009 351 3042 benum
393 3016 507 3042 contra
543 3010 678 3043 Rhaetos
714 3010 865 3048 confecit,

910 1168 1006 1200 quem
1035 1158 1142 1189 Druso
1167 1157 1346 1200 adjutorem
1371 1156 1547 1194 addiderim,
1566 1157 1662 1190 Tibe-

910 1201 990 1232 rius.
1035 1201 1069 1231 Is
1089 1201 1174 1232 enim
1200 1201 1233 1232 in
1249 1200 1368 1236 hostes,
1385 1201 1472 1232 velut
1489 1202 1605 1232 Auster
1629 1201 1664 1232 in

910 1244 1081 1275 indomitas
1105 1244 1220 1280 undas,
1242 1254 1347 1279 ruenS.
1372 1250 1404 1275 et
1426 1243 1546 1281 omnia,
1566 1243 1663 1275 veluti

910 1287 1041 1330 rapidus
1072 1287 1200 1323 fluvius,
1229 1293 1442 1329 prosternens.
1472 1286 1597 1327 insigne
1630 1287 1664 1318 in

909 1330 969 1361 hoc
1000 1331 1084 1362 bello
1117 1330 1313 1362 fortitudinis
1350 1329 1513 1377 specimen
1549 1329 1662 1361 edidit.

909 1373 972 1403 Sed
997 1372 1066 1404 haec
1090 1373 1199 1404 omnia
1220 1373 1284 1403 tuis
1307 1373 1421 1415 copiis,
1440 1377 1495 1403 tuo
1517 1371 1664 1411 consilio,

910 1415 972 1446 tuis
1000 1415 1138 1457 denique
1170 1415 1324 1458 auspiciis
1354 1416 1439 1446 facta
1469 1415 1565 1445 sunt!
1614 1416 1665 1446 Ex

909 1469 973 1500 quo
1012 1463 1151 1500 tempore
1191 1464 1296 1489 autem
1336 1458 1534 1489 Alexandria
1569 1464 1665 1500 capta

907 1501 993 1532 bella
1013 1501 1121 1532 civilia
1158 1511 1192 1533 er
1208 1508 1239 1533 te
1254 1501 1343 1532 finita
1367 1506 1454 1537 sunt,
1473 1500 1563 1531 novis
1579 1511 1662 1532 sem-

908 1555 964 1586 per
983 1555 1039 1587 per
1054 1545 1132 1587 quin
1158 1544 1240 1576 eciin
1262 1555 1347 1576 nunc
1371 1554 1474 1575 annos
1495 1543 1663 1586 imperium

910 1588 1094 1619 Romanum
1131 1587 1250 1619 auxisti
1279 1587 1444 1627 victoriis3
1476 1586 1538 1619 imo
1576 1593 1663 1619 totus

909 1635 1062 1662 terrarum
1087 1631 1172 1662 orbis
1194 1630 1252 1661 tibi
1277 1630 1443 1673 subjectus
1463 1635 1524 1667 est,
1540 1635 1573 1662 et
1588 1630 1665 1662 victi

907 1674 1018 1715 populi
1064 1679 1150 1705 tuam
1202 1673 1399 1704 admirantur
1444 1673 1618 1715 potentiam
1634 1674 1665 1703 !’'

909 1717 1068 1759 Scriptum
1094 1717 1154 1748 hoc
1179 1726 1308 1748 carmen
1329 1727 1399 1748 esse
1423 1726 1461 1747 eo
1485 1726 1582 1751 auno,
1598 1727 1662 1757 quo

909 1759 1051 1801 Augusti
1076 1766 1147 1802 post
1173 1760 1267 1790 trium
1299 1769 1453 1790 annorum
1483 1759 1662 1790 absentiam

906 1812 1024 1843 magno
1053 1802 1194 1834 omnium
1228 1801 1387 1834 desiderio
1419 1801 1663 1844 exspectabatur

908 1846 1037 1881 reditus,
1054 1856 1093 1876 ex
1108 1845 1179 1887 ejus
1193 1845 1284 1876 initio
1299 1845 1408 1886 colligi
1423 1850 1538 1887 potest.

955 1890 1050 1920 1—9.
1077 1889 1153 1923 Quae
1179 1900 1255 1919 cura
1282 1888 1427 1924 Pati-um,
1452 1899 1553 1929 quoeve
1580 1887 1660 1922 Qua·-

907 1932 1237 1970 fftium,—-AEternet?
1281 1930 1347 1969 Qut
1365 1941 1507 1973 unquam
1523 1932 1662 1962 Senatus

907 1975 1116 2018 Populusque
1134 1975 1302 2005 Romanus
1317 1979 1423 2005 tantos
1439 1974 1572 2004 honores
1592 1974 1661 2004 ani-

907 2028 959 2049 mo
981 2019 1147 2060 concipere
1163 2023 1194 2048 et
1209 2017 1376 2048 decernere
1390 2016 1515 2059 poterit,
1531 2017 1662 2057 quantis

905 2060 1036 2092 virtutes
1063 2067 1139 2097 tuae,
1165 2061 1325 2102 Auguste.
1352 2066 1417 2091 tam
1446 2070 1502 2102 per
1531 2059 1664 2102 publica

906 2110 1125 2140 monumenta,
1150 2114 1246 2146 quam
1275 2113 1329 2146 per
1358 2113 1467 2134 annua
1494 2103 1662 2140 solemnia,

907 2147 1076 2179 aeternitati
1101 2146 1262 2178 tradendae
1292 2148 1391 2177 sunt‘!
1438 2147 1546 2177 Ptenis
1571 2147 1661 2177 hono-

906 2201 977 2221 rum
997 2192 1184 2226 muneribus,
1210 2189 1241 2221 h.
1265 2200 1294 2221 e.
1319 2188 1398 2220 satis
1420 2189 1537 2232 amplis
1561 2188 1661 2220 bono-

906 2243 975 2264 rum
999 2233 1217 2271 ornamentis;
1238 2234 1350 2274 plenis,
1363 2232 1472 2275 justis,
1490 2231 1570 2263 nihil
1594 2243 1661 2263 am-

906 2276 1017 2325 plius;
1050 2277 1196 2308 honorum
1229 2275 1316 2307 enim
1349 2287 1478 2307 munera
1511 2275 1663 2307 dicuntur

903 2329 972 2362 Jam
991 2321 1096 2361 plena,
1112 2330 1184 2362 quae
1199 2319 1257 2350 viri
1274 2319 1383 2360 magni
1406 2318 1660 2361 amplitudinem.

906 2373 1002 2404 quam
1019 2363 1189 2406 complecti
1205 2369 1236 2394 et
1250 2361 1412 2394 celebrare
1426 2362 1556 2398 debent,
1570 2362 1663 2404 plene

907 2406 1165 2448 complectuntur
1188 2411 1220 2437 et
1242 2405 1418 2437 celebrant.
1465 2406 1527 2436 Per
1544 2406 1662 2439 titulos,

908 2449 1054 2491 intellige
1075 2454 1197 2481 statuas
1218 2459 1292 2480 cum
1312 2448 1594 2491 inscriptionibus:
1620 2448 1662 2479 cf.

908 2491 951 2531 iv,
967 2494 1000 2528 8,
1021 2494 1059 2523 13
1076 2503 1148 2535 sqq.
1194 2492 1317 2528 Festus,
1336 2492 1468 2534 antique
1485 2492 1663 2534 profestos,

908 2535 941 2566 h.
956 2546 986 2567 e.
1002 2535 1127 2567 tabulas
1142 2535 1300 2578 publicas,
1317 2535 1350 2566 in
1365 2535 1496 2577 quibus,
1514 2541 1549 2566 ut
1566 2534 1663 2566 Ovid.

909 2578 998 2610 Fast.
1027 2578 1050 2614 i,
1083 2580 1103 2610 8
1133 2578 1286 2621 loquitur,
1313 2589 1434 2620 quaeque
1463 2579 1527 2610 dies
1555 2580 1663 2608 merito

907 2633 961 2653 suo
974 2628 1080 2653 notata
1096 2627 1165 2659 est;
1187 2621 1222 2652 in
1235 2621 1334 2663 fastis
1356 2621 1455 2663 igitur
1474 2631 1538 2652 non
1559 2621 1662 2652 solum

908 2675 958 2696 res
971 2665 1122 2708 praeclare
1143 2665 1184 2696 ab
1201 2664 1349 2705 Augusto
1368 2669 1477 2706 gestae,
1493 2664 1549 2695 sed
1565 2665 1662 2695 etiam

908 2707 978 2746 dies
1007 2708 1090 2743 sesti.
1118 2708 1152 2739 in
1177 2707 1361 2739 memoriam
1392 2707 1465 2750 ejus
1491 2707 1665 2749 quotannis

907 2751 1102 2787 celebrandi,
1119 2750 1221 2782 notari
1244 2751 1424 2790 debebant3
1449 2750 1524 2782 hinc
1548 2750 1663 2781 dicun-

908 2799 960 2826 tur
985 2805 1145 2826 memores:
1170 2794 1212 2825 cf.
1240 2804 1312 2836 sup.
1338 2794 1386 2830 iii,
1414 2794 1466 2829 17,
1491 2795 1523 2824 4.
1569 2793 1664 2824 Ovid.

910 2839 996 2869 Fast.
1023 2837 1046 2868 l.
1073 2837 1096 2869 l.
1125 2838 1158 2873 9.
1181 2838 1221 2869 ad
1251 2836 1496 2872 Germanicum,
1523 2836 1664 2877 Augusti

909 2892 966 2924 per
995 2880 1198 2923 adoptionem
1229 2885 1398 2922 nepotem:
1431 2880 1571 2911 Invenies
1597 2880 1664 2910 illic

909 2932 939 2956 et
956 2925 1043 2973 sesta
1069 2925 1230 2955 domestica
1257 2925 1362 2961 vobis;
1388 2923 1468 2962 Saepe
1496 2923 1551 2952 tibi
1575 2929 1666 2960 pater

910 2966 1097 3010 (Tiberius)
1122 2975 1178 3004 ese,
1204 2977 1278 3007 serpe
1308 2967 1451 3008 legendus
1478 2975 1552 2995 avus
1576 2964 1664 3003 (Au-

910 3009 1053 3052 gustus).
1102 3011 1139 3047 0,
1161 3022 1221 3051 qua
1249 3011 1290 3040 sol
1316 3008 1495 3039 habitabiles
1522 3006 1665 3037 Illustrat
