1904 3314
633 179 858 224 LIBER
898 180 934 232 Ι,
967 181 1008 224 3.

1509 183 1596 224 309

163 279 284 323 Huic
304 296 450 337 parco,
473 284 622 338 paucis
643 289 872 324 contento:
905 282 1097 336 quinque
1118 282 1275 324 diebus

162 346 242 389 Nil
261 355 356 390 erat
375 349 418 390 in
438 348 603 390 loculis.

665 348 834 390 Noctes
855 348 1063 403 vigilabat
1084 349 1140 390 ad
1161 350 1306 404 ipsum

163 415 323 467 Mane3
355 416 469 458 diem
489 422 628 458 totum
650 417 876 458 stertebat.

936 415 1015 458 Nil
1034 416 1118 458 fuit
1136 431 1330 473 unquam

167 482 242 525 Sic
261 483 401 539 impar
421 483 516 525 sibi.
577 483 711 526 Nunc
732 483 888 540 aliquis
910 484 1028 526 dicat
1051 484 1168 535 mihi,
1192 485 1315 533 Quid
1337 488 1415 527 tu?

71 550 132 592 20
160 549 352 593 Nullane
371 551 508 593 habes
528 551 664 594 vitia?
694 551 830 594 Immo
851 551 948 603 alia,
969 553 1090 594 haud
1107 553 1294 596 fortasse
1315 555 1495 596 minora.

163 618 356 661 Maenius
375 619 603 660 absentem
623 619 815 662 Novium
837 621 941 662 dum
962 628 1178 676 carperet,
1200 621 1328 664 Heus
1350 629 1414 673 tu,

162 685 356 733 Quidam
377 686 451 737 ait,
471 686 647 742 ignoras
670 694 728 738 te,
750 703 805 729 an
826 695 875 729 ut
895 688 1092 743 ignotum
1113 689 1218 730 dare
1239 690 1366 731 nobis

158 751 311 795 Verba
329 755 490 808 putas?
520 753 712 809 Egomet
731 755 789 796 mi
809 755 1004 811 ignosco,
1028 755 1220 798 Maenius
1244 757 1399 812 inquit.

53 842 64 849 -
126 851 129 853 -
160 819 331 862 Stultus
351 827 395 863 et
414 821 640 877 improbus
661 821 730 865 hic
751 838 873 865 amor
893 831 980 873 est,
1004 825 1252 880 dignusque
1272 826 1428 867 notari.

73 886 131 930 25
161 886 311 936 Quum
331 894 408 930 tua
426 890 658 945 pervideas
680 890 817 933 oculis
839 891 952 934 male
971 891 1119 947 lippus
1140 893 1345 943 inunctis,

157 954 250 998 Cur
268 956 313 998 in
332 957 567 1000 amicorum
587 959 702 1001 vitiis
725 966 813 1001 tam
831 960 974 1002 cernis
991 967 1181 1011 acutum,

111 1022 114 1024 ’
160 1022 306 1071 Quam
325 1031 402 1068 aut
421 1026 567 1082 aquila
585 1033 663 1069 aut
683 1041 866 1084 serpens
889 1028 1195 1084 Epidaurius?
1227 1034 1272 1070 at
1293 1028 1373 1070 tibi
1393 1034 1546 1071 contra

42 1181 196 1226 quentia:
219 1183 282 1216 vid.
300 1185 412 1217 Burm.
429 1185 469 1218 ad
484 1186 613 1219 Petron.
627 1196 657 1223 c,
673 1187 747 1224 127,
760 1188 792 1225 3,

44 1230 78 1258 et
99 1226 141 1258 ad
168 1226 306 1264 Quintil.
336 1228 433 1260 Decl.
457 1240 509 1260 xv.
554 1229 661 1260 Mensa
687 1231 792 1270 tripes,

44 1268 152 1300 Schol.
166 1269 268 1312 Cruq.
283 1280 384 1302 mensa
403 1272 565 1312 Delphica,
582 1284 601 1302 a
622 1273 722 1303 tribus
740 1284 791 1312 pe-

43 1311 134 1343 dibus
145 1314 228 1343 dicta
240 1324 250 1342 .·
273 1312 346 1344 vide
359 1323 439 1354 quos
454 1315 494 1346 de
509 1316 616 1345 mensis
634 1315 794 1354 Delphicis

43 1353 156 1386 laudat
170 1355 299 1388 Ernest.
314 1355 346 1387 in
364 1356 460 1388 Clav.
476 1356 548 1388 Cic.
563 1356 597 1387 in
614 1357 689 1388 Ind.
704 1358 790 1389 Geo-

5 1394 11 1400 “
42 1396 153 1439 graph.
164 1407 190 1428 s.
205 1408 237 1430 v.
254 1399 418 1440 Delphicae.

89 1440 143 1472 14.
154 1444 157 1446 ’
169 1441 291 1472 Ca'ncha
305 1443 390 1475 salis.
425 1442 536 1474 Schol.
552 1442 684 1485 Porph„
704 1443 789 1474 Pan·

44 1484 176 1522 per-iores
203 1486 239 1515 in
265 1487 387 1517 marina
415 1487 529 1517 concha
557 1486 650 1517 salem
681 1488 792 1518 tritum

44 1525 150 1557 habere
179 1528 287 1564 solent,
317 1539 374 1569 quo
406 1540 476 1559 cum
507 1539 587 1569 pane
619 1535 792 1561 vesca-ntur.

45 1568 142 1605 Puri,
156 1569 283 1612 integri,
297 1570 425 1603 sinceri.

89 1612 143 1650 15,
168 1613 221 1644 16.
244 1613 394 1650 Dedisses,
409 1613 435 1645 si
450 1612 598 1649 dedisses,
612 1615 707 1645 decies
721 1625 792 1646 cen·

43 1659 128 1692 una,
152 1665 199 1687 sc.
220 1655 325 1688 millia
345 1655 535 1688 sestertifim.
581 1657 667 1687 Huic
687 1669 792 1697 parco,

39 1699 150 1738 paucis
185 1705 337 1735 contento,
377 1699 527 1741 Tigellio,
564 1709 598 1730 se
636 1699 795 1731 hominem

123 1751 178 1773 um
199 1746 232 1774 et
253 1742 365 1785 paucis
391 1747 577 1774 contentum
606 1741 700 1773 modo
722 1753 794 1785 pro-

57 1793 141 1816 esso-¹

88 1827 144 1858 20.
167 1827 263 1858 Immo
288 1828 364 1865 alia,
395 1828 478 1859 haud
497 1827 634 1869 fortasse
663 1829 794 1865 minora,

45 1878 111 1901 non
134 1869 204 1902 haec
227 1869 305 1901 vitia
322 1870 464 1912 Tigellii‚
483 1870 579 1901 immo
599 1870 664 1902 alia
682 1870 794 1907 habeo,

48 1921 108 1944 nec
124 1912 252 1945 fortasse
265 1913 395 1956 Tigellii
411 1912 496 1944 vitiis
511 1913 639 1945 leviora.
682 1914 746 1944 Pro
764 1921 793 1945 et

37 1955 173 1999 sonasse
196 1955 272 1988 dedi
295 1957 378 1988 haud
392 1957 541 1999 fortasse,
565 1957 650 1998 quod
670 1956 736 1998 jam
760 1956 794 1987 in

46 1997 139 2030 editt.
153 1998 233 2030 Ald.
243 2004 277 2030 et
291 1999 313 2032 J
315 2005 385 2031 unt.
398 2004 559 2042 receptum
574 2005 638 2038 est3
661 1999 694 2030 id
709 1999 794 2031 enim

45 2039 126 2072 mihi
156 2041 287 2073 omuino
323 2042 481 2085 postulare
512 2042 636 2074 videtur
663 2042 796 2074 modesti

45 2083 184 2116 hominis
226 2085 400 2128 responsio.
450 2085 531 2122 Quis
573 2085 658 2117 enim
703 2085 797 2118 ferret

46 2125 222 2165 hominem,
242 2128 311 2170 qui,
329 2128 406 2170 quia
424 2127 502 2159 vitia
520 2129 669 2170 quaedam
691 2138 795 2176 repre-

45 2168 212 2208 henderat,
233 2170 455 2213 interrogatus,
477 2174 498 2188 “
511 2171 651 2202 Nullane
672 2176 707 2202 tu
729 2181 798 2214 ipse

48 2211 136 2245 habes
150 2215 226 2245 vitia
236 2213 273 2244 ?'’
296 2214 509 2257 responderet,
526 2215 639 2245 Habeo
655 2213 796 2255 quidem,

47 2255 104 2288 sed
141 2255 268 2288 fortasse
297 2255 336 2288 iis
366 2255 496 2288 leviora.
551 2258 626 2288 Huc
658 2256 793 2294 accedit,

47 2298 135 2340 quod
167 2298 318 2331 Horatius
348 2299 416 2342 jam
449 2310 514 2330 non
550 2299 705 2341 graviora,
738 2300 794 2331 sed

16 2344 33 2382 j
46 2340 168 2374 leviora
187 2346 312 2374 tantum
331 2342 410 2375 vitia
426 2342 566 2384 Tigellii‚
587 2352 702 2385 nempe
722 2353 793 2374 mu-

17 2383 179 2437 ·stabilem
208 2385 351 2434 animum
378 2391 411 2417 et
437 2395 605 2434 commune
635 2385 795 2428 quoddam

15 2432 506 2514 *agtl’fmflndoevrlilllsm'gitzsiipl
533 2470 574 2502 ad
603 2471 671 2502 Sat.
701 2471 723 2508 i,
756 2473 790 2510 13

14 2487 148 2589 {3133
160 2512 202 2546 de
222 2514 294 2587 hoii¹
305 2513 431 2546 homine
453 2524 603 2587 aequant}1
606 2514 686 2562 'vide
709 2515 794 2557 apud

15 2562 30 2578 t.
440 2572 441 2575 1
539 2569 545 2575 ι

18 2557 272 2657 ,mi-..¹333
285 2567 370 2632 a.
389 2557 797 2641 fflissf²ss25mqffan3¹¹81⁶2¹1¹ssfi

19 2651 132 2717 5523.
165 2642 283 2684 quibus
318 2642 378 2676 iste
413 2642 559 2679 indulsit,
598 2652 699 2684 genus
736 2653 799 2674 non

15 2694 37 2718 a':
123 2689 186 2717 mr.

16 2708 34 2767 s
93 2727 151 2760 22.
173 2727 303 2770 Ignoras
319 2735 362 2766 te,
381 2733 437 2760 tua
455 2727 557 2771 ipsius
578 2727 677 2759 vitia‘!
701 2740 742 2759 an
764 2735 800 2759 ut

44 2770 191 2813 'ignotum
205 2773 281 2803 dare
295 2773 379 2804 nobis
398 2772 493 2804 Verba
503 2772 617 2812 putas?
640 2781 680 2802 an
693 2777 797 2814 putas,

25 2839 41 2846 ,Δ
85 2832 98 2851 ,
110 2818 150 2847 ut
161 2812 334 2851 hominem,
349 2814 418 2858 qui,
435 2815 540 2857 qualis
555 2814 622 2856 ipse
636 2814 690 2851 sit,
706 2813 797 2856 igno-

22 2854 117 2897 ’ξι-εί,
132 2855 268 2889 aliorum
281 2857 358 2888 vitia
373 2857 533 2900 carpendo
548 2856 691 2888 fraudem
708 2857 799 2889 nobis

23 2890 155 2931 itm
176 2901 292 2942 posse'!
321 2901 473 2942 ignotum,
500 2911 546 2933 sc.
572 2900 652 2932 sibi:
684 2901 799 2932 Senec-

31 2978 37 2981 ἦ
54 2940 202 2983 Thyone·
219 2953 253 2974 v.
290 2943 367 2980 391,
402 2946 525 2986 ignotas
562 2944 619 2974 sibi
654 2945 797 2975 moritur.

27 3008 30 3010 -
54 2983 198 3016 Maniu-
215 2984 311 3027 igitur
329 2992 378 3019 est
398 2986 504 3024 homo,
519 2986 588 3028 qui,
604 2991 639 3018 ut
654 2986 711 3018 inf.
730 2987 799 3020 Sat.

22 3167 46 3314 mm„

837 1187 872 1222 ii,
900 1190 932 1225 3,
958 1189 1023 1220 299
1052 1188 1181 1226 dicitur,
1208 1199 1272 1220 non
1301 1187 1415 1219 didicit
1442 1189 1588 1228 respicere

837 1232 940 1272 ignoto
957 1233 1122 1271 petulentia
1142 1239 1238 1273 tergo,
1256 1231 1311 1262 ubi
1327 1234 1431 1272 ignoto
1451 1231 1588 1262 reseren-

837 1273 912 1305 dum
935 1280 984 1306 est
1005 1274 1046 1305 ad
1069 1274 1240 1312 hominem,
1264 1274 1321 1316 qui
1343 1274 1429 1315 quod
1452 1274 1590 1316 pendeat

839 1315 940 1358 ipsius
956 1322 1044 1358 tergo
1060 1317 1197 1358 ignorat.

880 1360 936 1390 24.
969 1359 1137 1398 Imp-robus,
1168 1359 1285 1395 malus,
1314 1368 1478 1401 perversus
1492 1369 1501 1395 ;
1531 1358 1586 1387 im-

832 1403 956 1441 probus,
987 1402 1027 1433 de
1057 1403 1152 1433 rebus
1187 1407 1218 1434 et
1253 1401 1437 1432 hominibus
1467 1399 1523 1441 qui
1554 1399 1588 1430 in

836 1444 1111 1492 reprehensionem
1156 1444 1323 1476 incurrunt
1342 1456 1349 1474 :
1401 1455 1496 1482 amor,
1542 1453 1588 1474 sc.

837 1497 898 1518 sui.

867 1531 935 1561 =25.
973 1530 1076 1564 Quum
1107 1538 1161 1562 tua
1194 1531 1353 1572 pervideas
1381 1531 1478 1562 oculis
1508 1529 1588 1560 avale

837 1573 938 1613 lippus
958 1574 1106 1611 inunctis,
1123 1584 1198 1605 cum
1219 1584 1271 1609 ea,
1288 1583 1361 1615 quae
1376 1574 1417 1604 ad
1435 1578 1466 1604 te
1481 1571 1586 1614 ipsum

837 1621 996 1657 spectant,
1014 1617 1115 1648 oculis
1129 1616 1279 1648 intuearis
1294 1616 1327 1646 in
1342 1615 1484 1647 fraudem
1499 1622 1588 1646 tuam

838 1657 1066 1697 hebetioribus,
1080 1659 1192 1700 quales
1211 1664 1287 1690 sunt
1302 1658 1443 1701 collyriis
1463 1656 1589 1688 inuncti

839 1700 884 1742 lip
908 1700 1053 1733 ientium.
1073 1701 1250 1732 Pervideas:
1262 1700 1590 1742 pervidereexplicant

840 1754 878 1775 ve
922 1754 990 1784 pro,
1017 1743 1056 1776 de
1082 1743 1258 1785 longinquo
1282 1743 1409 1783 videre;
1438 1742 1490 1774 vel
1519 1753 1587 1785 pro,

840 1791 986 1817 accurate
1000 1786 1127 1826 videre;
1150 1786 1200 1818 vel
1215 1797 1284 1829 pro,
1301 1787 1502 1829 perlustrare.
1548 1785 1589 1816 lu

839 1828 1030 1869 quibusdam
1044 1835 1123 1861 vett.
1139 1828 1218 1860 libb.
1236 1829 1322 1872 apud
1340 1830 1432 1860 Feam
1447 1839 1502 1871 pro
1518 1838 1588 1868 per-

840 1873 941 1902 videas
957 1871 1073 1913 legitur
1086 1874 1255 1913 provideas.
1294 1872 1439 1903 Fuerunt
1449 1881 1589 1913 quoque,

837 1914 893 1955 qui
909 1925 964 1956 pro
977 1917 1136 1955 pervideas
1149 1914 1283 1947 mallent
1293 1916 1471 1955 praevideas,
1483 1913 1539 1952 ita,
1553 1919 1588 1945 ut

835 1959 1003 1997 praevidere
1014 1957 1081 1999 jam
1098 1958 1220 1989 dictum
1235 1958 1275 1988 sit
1291 1968 1357 2006 pro,
1373 1958 1590 1997 prsetervidore

839 2000 1134 2042 (παραβλέπειν).
1169 2001 1231 2032 Sed
1245 2011 1317 2042 quis
1332 2000 1366 2030 in
1381 2000 1429 2031 his
1445 1999 1588 2041 explica-

839 2042 980 2074 tionibus
995 2049 1027 2074 et
1044 2042 1235 2075 lectionibus
1257 2043 1462 2085 acquiescat!
1487 2042 1588 2084 Equi-

839 2086 910 2117 dem
926 2086 1136 2128 compositum
1149 2088 1310 2126 pervidere
1323 2085 1504 2129 (κατιδεῖν,
1519 2085 1590 2117 δια-

839 2128 1072 2170 σκέπτεσθαι),
1100 2140 1156 2172 pro
1182 2128 1328 2171 simplice
1353 2131 1466 2166 videre,
1495 2134 1531 2159 ut
1554 2128 1588 2159 iu

839 2171 949 2203 multis
967 2171 1037 2203 aliis
1055 2171 1236 2215 compositis
1258 2171 1323 2203 fieri
1341 2173 1434 2209 solet,
1451 2171 1588 2214 positum

840 2225 909 2246 esse
922 2214 1080 2246 existimo.
1126 2216 1212 2246 Male
1226 2215 1300 2246 addi
1316 2215 1396 2247 solet
1410 2214 1589 2257 adjectivis,

837 2257 893 2294 ita,
913 2263 949 2288 ut
967 2257 1008 2289 sit
1024 2257 1118 2290 modo
1138 2269 1207 2302 pro,
1227 2270 1301 2296 non,
1320 2258 1367 2289 uti
1386 2260 1466 2290 ‘male
1482 2269 1587 2295 sanus,

838 2302 916 2332 male
937 2302 1048 2332 haerere
1066 2302 1163 2344 paulo
1185 2307 1255 2344 post
1276 2313 1307 2333 v.
1331 2303 1395 2341 313
1419 2302 1474 2333 sed
1496 2300 1522 2332 si
1546 2300 1589 2331 ibi

839 2344 917 2374 male
937 2343 1144 2386 conjunxeris
1163 2355 1235 2375 cum
1257 2346 1343 2376 laxus
1362 2347 1441 2375 male
1456 2350 1504 2376 est
1521 2355 1588 2386 pro,

839 2388 949 2424 nimis‚·
974 2387 1068 2419 modo
1089 2387 1130 2419 de
1152 2399 1195 2424 eo,
1216 2390 1296 2429 quod
1315 2390 1346 2418 in
1355 2388 1508 2430 fraudem
1528 2389 1588 2418 ati-

841 2432 931 2470 cujus
945 2432 1146 2470 depravatum
1161 2437 1215 2467 est,
1233 2437 1268 2462 ut
1282 2431 1314 2462 h.
1331 2431 1355 2462 l.
1372 2432 1450 2462 mala
1465 2432 1586 2471 lippus,-

839 2473 935 2504 modo
955 2474 995 2504 de
1011 2485 1055 2510 eo,
1077 2475 1155 2514 quod
1175 2476 1289 2505 recedit
1307 2476 1422 2514 ajusto
1440 2477 1536 2511 modo,
1556 2479 1592 2505 ut

839 2514 896 2546 inf.
911 2527 942 2547 v.
957 2518 1012 2551 45,
1030 2518 1108 2548 male
1121 2527 1234 2557 parvus
1244 2529 1256 2555 ,-
1280 2518 1374 2548 modo
1391 2528 1460 2560 pro,
1477 2521 1589 2558 impor-

839 2565 925 2595 tune,
949 2565 986 2590 ut
1005 2560 1083 2590 male
1096 2561 1219 2591 sedulus
1229 2572 1241 2598 ‚·
1264 2560 1358 2592 modo
1374 2571 1442 2603 pro,
1462 2563 1591 2597 moleste,

843 2606 879 2632 ut
901 2603 980 2638 male
994 2613 1108 2633 raucus
1129 2602 1163 2633 in
1187 2613 1235 2644 sq.
1257 2603 1326 2634 Sat.
1354 2614 1384 2635 v.
1407 2604 1470 2642 663
1497 2604 1590 2635 modo

843 2654 913 2686 pro,
928 2647 1045 2682 misere,
1060 2645 1125 2677 sive
1144 2645 1184 2677 de
1203 2656 1246 2682 eo,
1261 2648 1340 2687 qnod
1357 2658 1454 2687 grave
1467 2653 1496 2677 et
1513 2648 1590 2677 mah

844 2689 951 2718 ominis
966 2695 1021 2724 est,
1037 2693 1072 2719 ut
1087 2690 1166 2719 male
1185 2691 1304 2725 tussire,
1320 2690 1387 2721 Sat.
1404 2690 1439 2726 ii,
1454 2691 1487 2726 5,
1508 2690 1567 2720 107
1582 2701 1591 2728 ;

843 2735 874 2761 et
897 2730 1000 2762 multa
1019 2730 1094 2768 alia,
1114 2731 1170 2762 ubi
1190 2731 1346 2774 particula
1363 2734 1441 2763 male
1461 2733 1500 2763 ad
1519 2742 1590 2763 sen-

842 2783 912 2804 sum
927 2774 985 2811 rei,
1001 2773 1040 2805 de
1055 2784 1119 2816 qua
1135 2784 1238 2806 sermo
1252 2780 1311 2811 est,
1326 2775 1516 2818 explicanda
1531 2781 1592 2806 est.

843 2816 982 2856 Lippus.-
1006 2816 1161 2859 lippitudo
1178 2818 1245 2860 jam
1266 2817 1306 2848 ad
1326 2819 1480 2856 animum,
1502 2818 1536 2848 in
1559 2828 1590 2849 re

844 2859 952 2900 aliqua
981 2861 1203 2902 cognoscenda
1233 2861 1462 2899 caecutientem,
1492 2867 1591 2892 trans-

843 2901 952 2933 fertur.

886 2946 940 2976 26.
963 2946 1099 2978 Acutum
1114 2957 1180 2989 pro,
1196 2954 1296 2979 acute.

887 2989 942 3026 27,
967 2990 1020 3020 28.
1046 2991 1170 3030 Aquila,
1197 3001 1286 3031 aeque
1310 2999 1346 3022 ac
1373 2989 1459 3031 lynx,
1486 2987 1591 3019 oculo·
