1904 3314
328 206 412 246 456

807 204 1335 247 EPISTOLARUM

442 302 517 344 Ad
536 317 650 344 mare
670 302 902 344 descendet
922 309 1039 344 vates
1060 309 1174 353 tuus,
1197 310 1239 344 et
1261 303 1340 344 sibi
1359 308 1521 357 parcet,

443 369 787 422 Contractusque
806 368 944 423 leget3
977 375 1032 418 te,
1055 368 1192 410 dulcis
1212 369 1357 418 amice,
1378 368 1534 409 reviset

442 435 552 476 Cum
573 434 804 489 Zephyris,
828 435 861 475 si
883 435 1108 482 concedeS‚
1130 442 1172 475 et
1194 434 1421 475 hirundine
1442 434 1593 487 prima.

442 500 560 549 Non,
583 515 669 554 quo
688 515 804 541 more
824 500 927 554 piris
948 500 1063 540 vesci
1084 499 1264 540 Calaber
1280 501 1405 553 jubet
1423 499 1595 553 hospeS‚

361 567 412 607 15
442 566 514 607 Tu
534 581 598 606 me
621 566 760 606 fecisti
778 565 1047 619 locupletem.

442 631 540 672 Jam
560 632 661 672 satis
682 638 760 671 est.

820 630 882 671 At
903 639 950 671 tu
971 632 1239 684 quantumvis
1261 630 1373 671 tolle.

1108 565 1298 606 Vescere
1320 566 1460 606 sodes.

1436 630 1642 684 Benigne.

441 698 546 738 Non
565 698 699 738 invisa
719 697 830 738 feres
852 698 995 751 pueris
1016 697 1268 738 munuscula
1288 697 1443 751 parvis.

442 763 554 804 Tam
574 770 722 803 teneor
742 764 872 812 dono,
893 778 1018 816 quam
1041 763 1076 802 si
1094 763 1279 803 dimittar
1300 771 1493 804 onustus.

443 828 506 869 Ut
525 829 651 869 libet:
683 828 776 869 haec
797 830 937 882 porcis
959 829 1087 869 hodie
1104 829 1365 870 comedenda
1384 829 1602 883 relinquiS.

357 895 415 937 20
443 894 662 948 Prodigus
684 901 726 935 et
748 894 902 934 stultus
925 895 1068 942 donat,
1091 909 1187 948 quae
1209 896 1371 948 spernit
1389 903 1432 936 et
1453 896 1557 937 odit.

442 961 551 1002 Haec
572 975 695 1014 seges
716 961 905 1014 ingratos
927 960 1036 1009 tulit,
1059 967 1101 1000 et
1122 960 1230 1001 feret
1250 962 1443 1002 omnibus
1469 961 1604 1002 annis.

443 1027 524 1068 Vir
543 1028 681 1067 bonus
704 1034 747 1067 et
769 1027 936 1080 sapiens
958 1026 1098 1079 dignis
1119 1027 1177 1066 ait
1197 1041 1291 1067 esse
1311 1034 1512 1080 paratus;

443 1093 541 1134 Nec
563 1099 703 1134 tamen
722 1093 904 1146 ignorat,
926 1093 1031 1146 quid
1052 1092 1212 1132 distent
1232 1107 1317 1133 aera
1335 1092 1507 1147 lupinis.

446 1159 636 1215 Dignum
658 1159 873 1212 praestabo
894 1172 960 1198 me
980 1159 1105 1198 etiam
1126 1172 1204 1211 pro
1224 1156 1350 1199 laude
1371 1159 1586 1200 merentis.

329 1290 438 1320 ritimis
459 1291 638 1331 transigam.
684 1292 796 1325 Quodsi
819 1291 884 1332 jam
908 1291 947 1322 de
983 1296 1060 1322 tem-

330 1342 403 1374 pore
426 1343 490 1374 pro,
516 1343 600 1369 cum,
627 1334 774 1373 quando;
805 1334 947 1374 exempla
978 1333 1063 1363 dedit

331 1375 371 1404 ad
386 1373 417 1405 h.
433 1375 455 1404 l.
472 1375 654 1405 Lambinus.
700 1375 790 1405 Nives
805 1377 918 1410 illinet,
935 1375 1061 1415 adsper-

330 1421 392 1455 get,
410 1416 572 1446 immittet:
599 1418 722 1446 Albanis
741 1416 866 1458 (Schol.
883 1418 979 1457 Cruq.
996 1416 1059 1446 La-

331 1459 421 1495 tinis)
436 1460 530 1498 agris,
548 1464 667 1488 montes
681 1463 764 1488 certe
787 1458 889 1488 Latini
910 1458 979 1488 nive
1004 1459 1058 1488 ob-

333 1499 405 1530 tecti
421 1499 693 1541 conspiciebantur
708 1500 819 1530 hieme.

375 1542 427 1571 11.
453 1543 501 1571 Ad
520 1553 612 1576 mare,
631 1551 676 1571 sc.
700 1541 843 1572 inferum.
890 1541 1061 1571 Lambinus

331 1581 433 1612 sinum
449 1583 648 1614 Tarentinum
662 1583 897 1623 intelligendum
911 1592 977 1613 csse
992 1593 1059 1612 sus-

331 1624 463 1664 picatur,
493 1625 543 1654 cui
579 1624 749 1666 suspicioni
786 1625 867 1655 favet
895 1635 924 1653 v.
951 1626 1003 1661 45,
1031 1630 1063 1654 et

331 1666 418 1696 locus
434 1677 503 1707 sup.
521 1666 582 1697 Od.
597 1667 629 1703 ii,
645 1668 676 1703 6,
696 1668 732 1696 lO
748 1676 816 1706 sqq.
862 1667 924 1696 Sibi
939 1673 1060 1704 parcet:

331 1707 390 1737 sibi
405 1709 527 1738 cavebit
542 1709 581 1738 ab
598 1708 634 1738 iis
653 1719 722 1748 quae
743 1707 914 1738 valetudini
938 1714 1061 1743 nocent,

331 1747 510 1789 diligentem
547 1749 735 1780 valetudinis
776 1759 882 1779 curam
916 1749 1061 1786 habebit3

333 1790 378 1821 sic
403 1801 473 1832 sup.
496 1792 560 1821 Sat.
580 1791 601 1826 i,
625 1793 655 1826 4,
683 1793 755 1826 127,
780 1793 882 1821 mortis
904 1797 984 1821 metu
1006 1793 1062 1821 sibi

331 1843 469 1872 parcere:
503 1843 561 1862 nos
593 1843 717 1874 quoque
750 1832 808 1863 hoc
842 1843 934 1862 sensu
963 1832 1065 1864 dicere

333 1873 481 1910 solemus,
498 1875 559 1904 sich
573 1876 709 1906 schonen.

379 1916 431 1946 12.
479 1917 714 1956 Contractusque
747 1917 841 1957 leget:
885 1922 1065 1954 contractus,

334 1965 380 1986 sc.
411 1956 444 1986 in
474 1957 577 1987 locum
610 1963 790 1997 angustum.
837 1958 986 1988 Horatius
1008 1958 1062 1994 ait,

335 2007 380 2032 se,
396 2007 467 2028 cum
483 2009 520 2028 ex
536 1999 616 2038 agris
641 2000 702 2030 late
727 1998 905 2040 patentibus
920 2010 953 2030 se
977 2010 1062 2030 rece-

336 2038 434 2080 pisset
448 2039 478 2070 in
496 2046 610 2070 tectum
626 2041 672 2071 vel
690 2041 869 2071 cubiculum
888 2041 1061 2080 angustius,

334 2087 520 2111 contractum
547 2081 852 2123 (συνεσταλμένον)
877 2082 921 2112 ibi
941 2089 1062 2125 tempus

335 2122 467 2163 legendo
483 2123 590 2154 fallere
604 2124 696 2154 velle.
740 2123 889 2154 Similiter
913 2125 1062 2155 Horatius

334 2174 403 2205 sup.
423 2165 486 2195 Sat.
508 2164 540 2200 ii,
556 2166 587 2200 3,
608 2167 656 2200 11,
680 2171 789 2195 tectum
807 2167 951 2204 tepidum,
971 2171 1005 2196 ut
1021 2167 1064 2196 lo-

335 2216 408 2237 cum
424 2205 614 2237 carminibus
629 2206 800 2237 scribendis
816 2212 933 2247 aptum,
946 2207 1064 2238 laudat.

381 2249 516 2279 14—19.
540 2249 586 2279 Tu
607 2260 651 2279 me
665 2248 772 2289 fecisti
796 2250 967 2287 locupletem
992 2255 1066 2280 cett.

335 2294 370 2320 tu
394 2299 443 2320 me
466 2290 565 2320 beasti
587 2290 690 2326 donis,
714 2301 776 2320 non
798 2289 977 2326 levioribus,
1002 2301 1064 2321 non

336 2330 422 2372 piriS‚
438 2341 522 2372 quae,
539 2331 616 2362 nihil
633 2332 695 2362 sere
711 2331 801 2372 pretii
824 2332 982 2367 habentia,
1007 2333 1063 2362 ob-

338 2373 433 2403 trudit
457 2373 591 2404 rusticus
613 2383 645 2404 se
668 2372 867 2408 adeuntibus,
890 2384 951 2404 non
975 2374 1063 2404 donis

337 2424 409 2455 quae
428 2414 575 2455 prodigus
596 2420 626 2445 et
640 2415 767 2449 stultus,
783 2415 855 2456 quia
873 2415 948 2445 nihil
975 2415 1063 2457 pretii

336 2456 374 2486 iis
410 2457 529 2492 statuit,
566 2456 671 2497 largiri
705 2457 794 2492 solet,
838 2458 891 2487 sed
935 2458 1062 2492 talibus,

335 2498 443 2538 qualia
457 2498 502 2528 vir
518 2499 618 2528 bonus
633 2504 664 2529 et
685 2498 809 2539 sapiens
833 2498 882 2536 iis,
904 2508 982 2539 quos
1000 2499 1064 2530 illis

335 2541 445 2580 dignos
461 2545 578 2575 censet,
595 2539 668 2570 dare
690 2546 816 2582 paratus
831 2546 890 2572 est.
935 2541 1062 2572 Calaber

335 2584 443 2622 hospes,
458 2592 512 2623 pro
527 2582 635 2622 quovis
649 2582 774 2613 rustico.

381 2626 430 2655 15.
478 2624 594 2654 Vescere
621 2626 710 2655 sodes.
767 2623 884 2665 Lepide
914 2623 1062 2654 Horatius

335 2665 482 2697 rusticum
508 2665 664 2706 quendam
693 2665 732 2696 ad
761 2666 947 2696 rusticorum
976 2666 1063 2706 inge-

336 2707 423 2738 nium
446 2708 671 2749 colloquentem
697 2707 817 2738 inducit
841 2717 911 2737 cum
939 2707 1064 2738 homine

333 2750 388 2791 qui
422 2749 511 2780 illum
545 2750 713 2780 salutatum
747 2754 889 2780 venerat:
928 2749 1064 2780 rusticus

335 2791 447 2833 hospes
462 2791 549 2822 offert
563 2791 675 2832 hospiti
690 2791 767 2832 pira,
784 2802 896 2821 vescere
910 2792 998 2825 sodes,
1014 2791 1062 2821 in-

334 2834 468 2875 quieus3
498 2833 610 2875 hospes
636 2832 730 2863 sumit
755 2833 910 2874 quaedam,
934 2833 1061 2871 addens,

325 2879 396 2916 jam
417 2877 488 2906 satis
507 2882 571 2912 ειη,-
595 2880 627 2905 at
648 2885 735 2905 sume
758 2874 829 2910 tibi,
851 2874 894 2904 ait
915 2874 1059 2911 rusticus,

334 2922 486 2959 quotquot
496 2927 616 2949 sumere
627 2916 681 2947 tibi
696 2916 814 2958 placet:
838 2916 960 2957 hospes,
973 2916 1061 2958 plura

1105 1290 1172 1330 pira
1196 1300 1315 1322 sumere
1348 1291 1469 1327 nolens,
1494 1290 1671 1332 respondet,
1698 1291 1835 1332 benigne.

1107 1333 1244 1362 Utuntur
1260 1333 1318 1363 hac
1330 1343 1416 1368 voce,
1434 1332 1488 1373 qui
1508 1334 1626 1363 urbane
1646 1332 1764 1373 aliquid
1786 1343 1833 1364 re·

1106 1378 1227 1409 cusant,
1245 1374 1337 1415 plane
1352 1379 1388 1404 ut
1402 1385 1431 1405 v.
1445 1375 1498 1409 62,
1514 1373 1568 1404 ubi
1591 1373 1714 1405 additur
1734 1374 1834 1415 expli-

1103 1415 1195 1450 catio,
1229 1415 1327 1455 Neget
1355 1417 1407 1446 ille
1429 1417 1526 1446 mihi?
1550 1426 1618 1451 nos,
1644 1417 1712 1447 sehr
1727 1418 1833 1458 gutig,

1103 1458 1172 1486 aber
1194 1458 1242 1487 ich
1264 1458 1360 1488 danke
1383 1457 1483 1498 ‹Infit›-
1494 1468 1506 1495 ,·
1538 1457 1583 1488 sic
1610 1458 1720 1495 καλῶς
1751 1457 1835 1499 apud

1104 1498 1248 1529 Graecos.

1149 1541 1199 1570 18.
1226 1540 1295 1570 Tam
1312 1547 1411 1570 teneor
1425 1542 1511 1577 dono,
1531 1545 1606 1572 cett.
1650 1540 1780 1581 Egregie
1802 1539 1835 1572 in

1104 1580 1162 1611 hoc
1187 1591 1312 1622 quoque
1337 1592 1427 1612 versu
1450 1582 1588 1623 vulgaris
1611 1582 1773 1614 hominum
1801 1582 1836 1615 iu

1105 1622 1185 1653 dono
1201 1623 1306 1664 aliquo
1322 1624 1494 1654 recusando
1513 1634 1610 1656 sermo
1631 1623 1832 1666 exprimitur:

1104 1665 1218 1694 donum
1236 1671 1324 1695 tuum
1339 1675 1426 1706 aeque
1441 1665 1516 1695 mihi
1538 1671 1658 1705 gratum
1673 1671 1732 1701 est,
1755 1675 1792 1697 ac
1809 1666 1836 1698 si

1105 1706 1184 1736 illud
1209 1707 1415 1748 accepissem:
1440 1717 1508 1743 noS‚
1526 1708 1574 1738 ich
1598 1709 1700 1739 nehme
1722 1718 1751 1739 es
1763 1709 1835 1750 fiir

1105 1748 1282 1788 empfangen
1297 1761 1347 1779 an.

1152 1791 1200 1821 19.
1223 1791 1296 1821 Haec
1319 1792 1416 1830 porcis
1440 1791 1524 1822 hodie
1543 1792 1718 1822 comedenda
1738 1792 1834 1822 relin-

1107 1834 1182 1870 quis,
1218 1843 1257 1862 en
1294 1832 1445 1863 rusticum
1481 1833 1531 1864 vel
1564 1833 1721 1864 hominem
1748 1832 1835 1864 inur-

1107 1873 1241 1904 banum!

1149 1916 1203 1946 21.
1227 1916 1298 1946 Hoec
1313 1926 1400 1956 seges,
1424 1921 1501 1947 cett.
1546 1916 1711 1957 Ejusmodi
1731 1926 1838 1958 sparsa

1107 1966 1125 1986 a
1141 1957 1244 1988 stultis
1258 1963 1290 1987 et
1306 1957 1439 1998 prodigis
1453 1958 1536 1988 dona
1551 1968 1712 1999 uunquam
1735 1963 1837 1998 gratos

1107 1998 1205 2028 animi
1234 2009 1342 2030 sensus
1379 1999 1584 2040 protulerunt,
1613 2010 1670 2031 nec
1697 2010 1836 2041 unquam

1107 2041 1273 2081 proferent.

1149 2083 1202 2112 22.
1228 2083 1281 2113 Vir
1303 2083 1392 2113 bonus
1415 2089 1444 2114 et
1469 2085 1596 2122 sapiens,
1617 2082 1720 2124 qualis
1740 2088 1775 2114 tu
1789 2093 1835 2120 es,

1105 2124 1278 2160 Maecenas,
1295 2126 1394 2165 dignis
1409 2127 1453 2155 ait
1469 2128 1525 2156 esse
1539 2131 1664 2165 paratus
1683 2124 1719 2166 (ὁ
1734 2126 1837 2164 καλὸς

1109 2164 1256 2206 κᾴγαθὸς
1272 2168 1343 2203 τοῖς
1358 2165 1460 2204 ἀξίοις
1483 2168 1584 2208 φησὶν
1603 2168 1689 2199 εἶναι
1713 2166 1836 2208 πρόθυ-

1106 2206 1200 2247 μος),
1217 2208 1331 2238 Graeca
1354 2209 1543 2239 constructio
1565 2219 1632 2250 pro,
1646 2220 1680 2239 re·
1694 2215 1836 2248 paratum

1107 2259 1163 2278 esse
1181 2251 1294 2288 dignis,
1311 2250 1340 2280 h.
1358 2259 1386 2279 e.
1401 2249 1439 2279 iis
1454 2249 1508 2290 qui
1522 2250 1612 2280 donis
1627 2255 1659 2282 et
1679 2250 1837 2282 beneficiis

1106 2289 1192 2329 digni
1220 2289 1300 2320 sint:
1338 2290 1456 2321 Catull.
1483 2291 1524 2328 iv,
1549 2293 1580 2327 2.
1609 2292 1751 2323 Phaselus
1770 2293 1835 2328 ille,

1106 2343 1187 2370 quem
1211 2333 1328 2367 videtis,
1353 2333 1487 2372 hospites,
1512 2334 1566 2364 Ait
1583 2333 1685 2375 fuisse
1713 2335 1836 2365 navium

1105 2375 1287 2404 celerrimus.

1148 2416 1201 2445 23.
1227 2415 1290 2445 Nec
1303 2422 1412 2451 tamen,
1428 2420 1502 2446 cett.
1516 2415 1597 2446 idem
1616 2420 1720 2447 tamen
1741 2417 1836 2458 probe

1108 2456 1178 2492 scit,
1195 2455 1272 2498 quid
1289 2456 1409 2487 intersit
1423 2457 1502 2488 inter
1515 2467 1588 2489 vera
1601 2462 1631 2488 et
1647 2457 1735 2496 falsa,
1757 2459 1836 2491 inter

1107 2499 1202 2539 proba
1217 2504 1247 2528 et
1261 2499 1412 2539 improba,
1429 2498 1508 2530 inter
1522 2499 1640 2531 sincera
1655 2505 1687 2531 et
1703 2500 1834 2532 assimu-

1107 2540 1182 2575 lata,
1201 2540 1231 2571 h.
1247 2550 1274 2570 e.
1290 2540 1372 2570 idem
1390 2545 1490 2572 tamen
1507 2541 1602 2583 probe
1616 2541 1687 2577 scit,
1703 2541 1757 2583 qui
1778 2542 1834 2574 do-

1106 2581 1154 2612 nis
1167 2581 1264 2622 digni,
1280 2582 1372 2622 quive
1388 2582 1477 2613 donis
1487 2582 1606 2624 indigni
1620 2582 1694 2614 sint.
1738 2584 1834 2624 Lupi-

1105 2635 1172 2658 nus,
1183 2624 1348 2664 leguminis
1358 2634 1456 2664 genus
1467 2625 1617 2665 (Lupiae,
1629 2624 1813 2666 Feigbohne)
1826 2638 1835 2663 ,-

1108 2667 1223 2705 lupinos
1244 2672 1344 2696 autem
1367 2676 1430 2696 uon
1449 2671 1568 2697 tantum
1589 2666 1674 2708 pueri
1697 2666 1730 2697 in
1750 2667 1835 2699 ludis

1106 2707 1278 2749 puerilibus
1294 2718 1348 2749 pro
1363 2707 1508 2743 nummis,
1523 2707 1578 2739 sed
1592 2707 1686 2739 etiam
1708 2709 1832 2740 histrio-

1107 2760 1162 2780 nes
1178 2749 1210 2780 in
1226 2748 1387 2780 comoediis
1401 2759 1455 2791 pro
1471 2759 1546 2780 auro
1559 2759 1760 2782 annumerare
1784 2761 1833 2782 so-

1107 2791 1234 2828 lebant;
1256 2791 1329 2823 hinc
1353 2791 1434 2832 apud
1455 2791 1562 2822 Plaut.
1583 2791 1714 2823 Poenul.
1739 2792 1784 2829 iii,
1800 2794 1832 2830 2,

1106 2834 1158 2867 20,
1177 2834 1276 2873 lupini
1294 2838 1442 2864 vocantur
1456 2844 1566 2863 aurum
1588 2833 1748 2864 comicum.

1147 2876 1199 2906 24.
1215 2875 1352 2917 Dignum
1364 2875 1505 2914 proestabo
1519 2886 1562 2906 me
1572 2877 1663 2906 etiam
1672 2886 1730 2915 pro
1745 2876 1834 2906 laude

1104 2919 1260 2948 merentis:
1283 2927 1342 2957 ego
1356 2926 1480 2957 quoque
1495 2918 1566 2958 (pro
1577 2918 1667 2948 laude
1681 2919 1830 2954 merentis,
