1904 3314
323 185 412 227 326

865 183 1293 228 SATIRARUM

442 285 556 327 Tota
576 285 663 327 abit
682 285 813 327 hora:
843 285 941 327 mali
960 286 1114 328 culices
1135 302 1334 341 ranaeque
1355 287 1566 342 palustres

360 354 411 394 15
441 351 656 394 Avertunt
677 367 866 393 somnos:
899 353 1119 394 absentem
1138 360 1186 395 ut
1207 362 1348 396 cantat
1369 356 1544 396 amicam

441 419 584 460 Multa
601 418 799 472 prolutus
820 434 958 473 vappa
977 427 1122 468 nauta,
1145 427 1273 474 atque
1294 422 1431 462 viator

441 485 667 526 Certatim:
700 486 871 528 tandem
890 486 1027 526 fessus
1049 487 1232 528 dormire
1253 489 1388 528 viator

441 552 617 606 Incipit3
650 566 698 593 ac
718 553 856 593 missae
876 560 1044 606 pastum
1066 553 1296 594 retinacula
1317 554 1440 595 mulae

436 617 588 659 Nauta
607 619 729 673 piger
751 634 854 659 saxo
875 619 1039 673 religat,
1064 620 1289 674 stertitque
1313 621 1502 674 supinus.

354 685 410 725 20
438 684 621 738 Jamque
641 685 732 726 dies
754 685 917 733 aderat,
940 700 1034 726 cum
1054 686 1112 726 nil
1132 686 1365 740 procedere
1386 686 1553 727 lintrem

440 751 675 801 Sentimus3
708 751 845 792 donec
866 752 1119 792 cerebrosus
1139 751 1304 806 prosilit
1325 767 1448 801 unus,

438 816 505 859 Ac
524 818 662 865 mulae,
683 825 908 871 nautaeque
930 825 1073 872 caput,

1095 817 1347 872 lumbosque
1369 818 1531 872 saligno

429 878 573 926 'Fuste
594 883 733 925 dolat:
767 892 919 938 quarta
938 885 1006 924 vix
1029 886 1198 925 demum
1217 886 1469 939 exponimur
1487 885 1606 926 hora.

440 949 545 1000 Ora,
566 949 800 1004 manusque
822 958 895 991 tua
914 950 1104 1000 lavimus,
1126 951 1322 1000 Feronia,
1343 950 1529 1004 lympha.

353 1016 408 1056 25
439 1015 576 1057 Millia
595 1024 685 1058 turn
704 1017 848 1071 pransi
871 1017 952 1057 tria
972 1017 1173 1070 repimus,
1196 1023 1324 1069 atque
1347 1017 1536 1057 subimus

438 1082 687 1136 Impositum
710 1083 822 1122 saxis
843 1081 927 1122 late
949 1081 1231 1122 candentibus
1255 1081 1421 1120 Anxur.

439 1148 541 1189 Huc
562 1155 766 1189 venturus
787 1155 878 1188 erat
900 1147 1119 1188 Maecenas
1142 1147 1341 1200 optimus,
1363 1154 1490 1200 atque

325 1253 360 1289 ii,
383 1255 414 1291 5,
436 1255 487 1290 10,

324 1306 440 1336 ignavi.

369 1339 401 1368 6.
425 1339 485 1368 Pro
501 1339 599 1368 minus
621 1345 663 1369 est
681 1338 752 1368 dedi
771 1337 934 1368 lectionem
957 1347 974 1367 a
997 1337 1058 1367 Fea

326 1390 365 1410 ex
378 1379 503 1421 plurim.
518 1379 619 1411 Codd
632 1379 814 1411 auctoritate
832 1380 863 1409 in
876 1385 994 1409 textum
1010 1389 1055 1409 re-

325 1427 459 1468 ceptam,
481 1423 568 1451 nimis
590 1429 653 1458 est,
686 1421 773 1452 addit
793 1420 874 1452 enim
910 1421 1059 1451 Horatius

327 1463 489 1498 rationem,
500 1474 537 1494 ex
549 1473 612 1504 qua
623 1463 716 1494 unius
731 1463 790 1494 diei
808 1463 863 1493 iter
879 1462 911 1492 in
928 1463 1057 1493 duorum

326 1506 445 1536 dierum
469 1505 526 1536 iter
550 1505 721 1540 diviserint,
743 1505 885 1535 nimirum
910 1505 985 1545 quia
1009 1504 1057 1534 via

327 1547 434 1588 Appia
460 1549 547 1577 nimis
573 1550 676 1595 ἕναῌυὶε
706 1547 870 1599 (molesta)
898 1546 938 1576 sit
962 1549 1058 1577 tardis

327 1590 377 1620 vel
395 1591 535 1635 iguavis;
559 1599 606 1620 res
626 1589 720 1630 igitur
741 1589 808 1630 ipsa
832 1589 868 1619 τὸ
893 1591 989 1619 minus
1012 1599 1058 1619 re-

326 1630 447 1672 pudiat.

370 1673 599 1709 7.Teterrim11,
636 1671 782 1703 teterrimi
819 1672 949 1713 saporis,
985 1671 1061 1712 quia

326 1714 386 1745 fuit
405 1714 525 1752 foetida,
544 1721 578 1745 ut
596 1715 686 1746 docet
705 1714 883 1755 Cruquius3
907 1714 951 1744 sic
974 1725 1060 1754 sapor

327 1762 415 1792 teter,
441 1756 494 1798 qui
520 1767 669 1788 nauseam
694 1762 790 1791 creat,
821 1757 904 1798 apud
929 1757 1056 1787 Lucret.

327 1798 368 1833 vi,
400 1800 453 1829 21.
508 1799 738 1840 Significantior
767 1804 847 1829 certe
878 1804 924 1829 est
955 1804 1059 1829 nostra

325 1840 430 1876 lectio,
455 1851 548 1881 quam
573 1843 744 1876 deterrima,
774 1841 825 1871 cui
854 1841 933 1871 favet
961 1840 1057 1881 pluri-

326 1892 446 1914 morum
463 1882 563 1913 codd.
581 1883 747 1913 auctoritas
762 1883 844 1923 apud
861 1883 967 1913 Feam.

370 1925 400 1954 8.
430 1924 533 1957 Ventri
549 1926 656 1954 bellum
679 1926 797 1954 indico.-
821 1924 875 1964 qui
898 1923 996 1954 ventri
1015 1924 1057 1954 ci-

325 1965 400 1996 bum
426 1971 596 2007 potumque
621 1967 765 2006 denegat,
791 1965 944 1996 hostiliter
969 1966 1058 2006 quasi

325 2012 432 2038 contra
447 2013 585 2038 ventrem
601 2009 748 2048 exsurgit,
763 2018 896 2048 eumque
912 2008 1056 2039 infestum

325 2049 385 2079 sibi
396 2050 516 2088 reddit3
532 2049 606 2080 hinc
621 2049 864 2090 venterjejunus
879 2055 972 2090 atque
988 2061 1057 2081 esu-

325 2090 409 2122 riens
433 2091 567 2122 suaviter
590 2091 713 2128 dicitur,
740 2092 795 2121 inf.
823 2092 890 2121 Sat.
915 2091 947 2128 ii,
971 2093 1001 2129 8,
1025 2095 1056 2128 5,

327 2134 435 2164 iratus.
474 2134 568 2164 Hand
579 2136 676 2163 animo
686 2145 775 2174 aquo,
785 2133 950 2174 impatiens
964 2144 1057 2165 morae

326 2184 344 2205 a
359 2175 559 2206 coenantibus
575 2175 738 2206 comitibus
753 2175 954 2215 interpositae.

366 2219 399 2248 9.
421 2217 491 2247 Jum
516 2216 676 2251 nox,‘cett.
695 2226 801 2248 versus
822 2216 1056 2256 elegantissimi,

325 2263 360 2289 ut
375 2259 432 2289 inf.
445 2270 474 2296 v,
487 2260 539 2296 73,
554 2259 611 2290 74:
636 2259 678 2290 cf.
691 2269 762 2301 sup.
774 2258 812 2288 ad
828 2259 894 2288 Sat.
911 2260 939 2294 1,
952 2270 980 2289 v.
997 2261 1055 2289 113

324 2311 338 2330 s
364 2322 371 2330 .

340 2312 420 2374 q10.
444 2343 627 2385 Drffzmdere
655 2345 753 2384 signa,
784 2342 827 2373 sic
861 2344 925 2374 Nox
952 2344 1056 2373 coelum

326 2388 416 2416 astris
430 2396 570 2427 spargere
585 2385 699 2416 dicitur
715 2385 798 2426 apud
816 2385 907 2416 Ovid.
920 2386 1001 2416 Met.
1014 2385 1055 2421 xi,

372 2470 484 2504 11.12.
504 2469 578 2500 Tum
588 2471 686 2507 pueri,
698 2474 771 2500 cett.
782 2479 890 2500 sensus
899 2474 929 2499 et
941 2479 1052 2500 nexus:

326 2515 390 2543 tum
414 2510 491 2542 servi
515 2511 610 2541 nostri
633 2516 664 2541 et
683 2517 786 2542 nautae
809 2511 958 2542 conviciis
978 2511 1056 2541 invi-

324 2562 390 2583 cem
413 2563 445 2584 se
468 2558 571 2594 petere
592 2552 770 2594 incipiunt:
795 2563 878 2583 unus
900 2563 1055 2584 servorum

321 2594 448 2631 clamat,
483 2595 555 2625 Huc
589 2605 699 2625 navem
732 2596 875 2642 appelle3
906 2600 938 2626 et
969 2606 1054 2631 cum,

322 2646 402 2668 nave
410 2637 560 2684 appulsa,
584 2636 740 2677 ingentem
762 2637 922 2668 hominum
945 2647 1054 2668 nume-

322 2688 389 2709 rum
408 2689 440 2709 in
459 2689 527 2709 eam
548 2679 734 2709 descendere
749 2680 842 2714 videt,
862 2679 972 2709 iterum
989 2679 1053 2709 cla-

322 2726 398 2757 mat,
423 2721 513 2751 Ohe!
542 2720 650 2751 desine
677 2721 782 2762 plures
804 2721 957 2759 inserere;
989 2721 1054 2761 jam

322 2762 395 2793 satis
415 2763 479 2793 est!
529 2763 675 2798 Trecenti,
698 2768 732 2793 ut
751 2765 890 2798 sexcenti,
908 2773 1055 2794 numerus

321 2804 472 2836 rotundus
487 2805 525 2836 de
539 2815 653 2845 magna
668 2804 769 2846 copia.

365 2848 415 2877 13.
439 2848 504 2883 AEs,
521 2846 660 2888 intellige
683 2847 823 2877 naulum.
869 2847 951 2877 Dum
970 2850 1052 2878 mula

322 2890 451 2930 ligatur,
474 2890 548 2920 dum
573 2889 657 2920 mula
680 2888 711 2919 in
735 2889 802 2930 ripa
825 2889 894 2920 navi
919 2891 956 2919 ad
982 2900 1050 2920 eam

319 2941 373 2971 per
388 2930 476 2962 illum
492 2931 633 2963 canale-m
650 2931 830 2962 trahendam
846 2930 1003 2971 alligatur.

508 1255 659 1286 alticincti
680 1255 834 1289 atrienses,
854 1258 890 1284 ut
908 1254 1058 1290 discincti,

1146 1253 1280 1282 15—21.
1313 1253 1466 1282 Absentem
1496 1258 1531 1282 ut
1562 1256 1665 1282 cantat
1694 1252 1831 1286 amicam,

1101 1300 1174 1324 cett.
1191 1294 1266 1324 dum
1283 1292 1373 1323 simul
1389 1299 1419 1324 et
1438 1299 1531 1324 nauta
1554 1293 1584 1323 in
1607 1303 1684 1324 nave
1706 1298 1739 1325 et
1752 1295 1833 1332 <via-

1101 1335 1164 1374 tor)
1189 1336 1281 1365 mulae
1305 1335 1436 1375 agitator
1458 1335 1489 1365 in
1512 1335 1591 1376 ripa,
1611 1345 1683 1365 cum
1702 1340 1833 1375 uterque

1100 1377 1194 1416 largis
1217 1377 1280 1407 vini
1296 1377 1439 1419 corrupti
1462 1383 1493 1408 et
1521 1376 1647 1424 insipidi
1670 1377 1832 1407 haustibus

1101 1419 1292 1454 incaluisset,
1312 1421 1452 1449 cauendo
1477 1429 1567 1449 suum
1590 1418 1724 1466 quisque
1747 1428 1832 1449 amo-

1102 1471 1164 1491 rem
1181 1471 1253 1501 erga
1269 1462 1425 1492 absentem
1441 1460 1576 1502 puellam
1590 1460 1745 1501 exprimit.
1791 1460 1833 1490 Ut

1102 1513 1167 1544 pro,
1186 1503 1281 1540 dum;
1303 1503 1443 1544 exempla
1460 1502 1528 1532 vide
1543 1501 1625 1543 apud
1642 1501 1833 1533 Bentleium.

1105 1545 1261 1580 Pr,0lutus
1293 1545 1497 1580 madefactus,
1530 1543 1685 1579 madidus,
1720 1544 1834 1575 uvidus

1104 1586 1388 1628 (βεβρεγμένος).
1415 1587 1480 1616 Sat.
1501 1585 1535 1622 ii,
1552 1587 1582 1623 4,
1603 1586 1656 1621 26,
1671 1588 1831 1625 precordia

1105 1630 1164 1659 leni
1181 1631 1274 1659 mulso
1297 1630 1446 1668 proluere,
1463 1629 1493 1658 b.
1507 1638 1536 1659 e.
1555 1610 1689 1658 rriulsum
1706 1627 1832 1666 bibere;

1105 1671 1230 1701 Persius
1262 1671 1386 1711 Prolog.
1417 1670 1438 1705 i,
1463 1672 1546 1700 labra
1559 1670 1651 1711 fonte
1675 1670 1832 1701 caballino

1101 1714 1252 1752 proluere,
1268 1723 1285 1743 e
1301 1713 1384 1743 sonte
1407 1711 1573 1743 Caballino
1588 1712 1676 1742 labra
1694 1712 1832 1743 madefa-

1102 1765 1182 1790 cere,
1213 1755 1244 1785 h.
1273 1765 1303 1785 e.
1331 1755 1458 1793 bibere;
1490 1753 1581 1794 Virg.
1611 1755 1688 1784 AEn.
1710 1753 1733 1790 i,
1757 1755 1831 1789 739,

1101 1798 1187 1836 pleno
1209 1809 1283 1827 auro
1309 1807 1337 1827 se
1364 1798 1510 1836 proluere,
1533 1795 1678 1837 poculum
1703 1805 1832 1827 aureum

1102 1839 1167 1869 vini
1187 1838 1312 1880 plenum
1333 1838 1515 1876 exhaurire3
1539 1842 1571 1868 et
1587 1837 1632 1868 sic
1647 1837 1709 1868 sere
1724 1839 1832 1874 lavere,

1103 1891 1172 1923 sup.
1204 1881 1267 1912 Od.
1299 1880 1344 1918 iii,
1374 1882 1424 1919 12,
1463 1882 1492 1917 l,
1529 1881 1613 1910 dulci
1648 1881 1717 1911 vino
1752 1881 1832 1911 mala

1103 1924 1208 1954 lavere.

1144 1966 1196 1996 21.
1221 1966 1404 2000 cerebrosus,
1415 1964 1584 1995 fervidioris
1598 1962 1716 2004 ingenii
1726 1963 1831 1999 homo,

1102 2007 1156 2048 qui
1171 2007 1273 2038 subito
1289 2007 1334 2037 ira
1349 2006 1534 2042 exardescit,
1546 2005 1715 2036 irritabilis.
1742 2023 1745 2026 ⁴

1144 2051 1197 2079 22.
1222 2050 1399 2088 Nautaeque,
1419 2048 1473 2090 qui
1491 2048 1606 2090 pariter
1622 2058 1660 2079 ac
1677 2048 1775 2078 viator
1792 2047 1832 2077 ad

1102 2091 1315 2122 dormiendum
1333 2101 1364 2121 se
1379 2095 1603 2138 composuerat.

1143 2134 1197 2163 23.
1223 2133 1327 2167 Dolat,
1348 2142 1414 2174 p,ro
1433 2132 1577 2174 percutit,
1596 2131 1698 2163 caedit.
1742 2131 1834 2162 Fmte

1103 2175 1198 2204 lumbo
1193 2185 1213 2204 s
1242 2144 1368 2209 dolui-,Pe
1376 2174 1483 2220 jocosa
1514 2175 1596 2215 apud
1619 2174 1777 2204 Romanos
1800 2173 1833 2204 in

1102 2215 1165 2245 vita.
1189 2216 1347 2246 communi
1369 2215 1462 2246 fuisse
1486 2215 1606 2246 videtur
1632 2215 1760 2252 locutio,
1785 2215 1832 2246 uti

1100 2267 1154 2288 nos
1170 2258 1208 2287 ad
1226 2257 1302 2287 alias
1317 2257 1356 2287 ab
1371 2257 1441 2286 aliis
1462 2257 1605 2298 operibus
1623 2257 1760 2287 ductas
1753 2267 1830 2287 ima-

1102 2299 1189 2339 gines
1209 2300 1241 2329 in
1263 2299 1430 2330 vernacula
1452 2299 1554 2329 dicere
1575 2298 1722 2334 solemus,
1745 2300 1832 2328 einen

1100 2342 1348 2376 dur-chareschen,
1394 2342 1612 2382 durchgev‘berr..
1658 2342 1833 2382 ausgerben,

1100 2385 1280 2418 ausu-alken,
1310 2383 1485 2419 zerwatken,
1517 2387 1590 2414 cett.
1619 2393 1685 2424 pro,
1716 2384 1829 2414 durch-

1096 2428 1174 2466 prii,³
1147 2427 1240 2456 i.‹reln

1141 2469 1194 2498 24.
1220 2468 1361 2502 Feronia,
1392 2466 1493 2508 prisca
1524 2465 1606 2508 apud
1636 2466 1732 2497 Italos
1761 2465 1830 2503 dea,

1099 2519 1170 2550 quae
1193 2509 1284 2540 modo
1307 2509 1447 2548 Nympha
1469 2509 1528 2549 (ob
1542 2509 1668 2544 fontem,
1682 2508 1733 2540 cui
1749 2519 1830 2550 prze-

1100 2551 1251 2591 sidebat),
1298 2552 1389 2598 modo
1429 2550 1543 2592 conjux
1582 2550 1670 2581 Jovis
1706 2549 1830 2582 Anxuri

1099 2594 1208 2634 (Virg
1235 2594 1312 2624 AEn.
1333 2592 1385 2628 vii,
1411 2592 1491 2631 799)
1511 2592 1697 2634 appellatur.
1738 2593 1830 2623 Tem

1099 2635 1130 2676 pl
1134 2647 1183 2665 um
1202 2646 1269 2666 eam
1289 2635 1348 2666 tria
1365 2634 1463 2665 millia
1483 2645 1630 2676 passuum
1646 2635 1686 2664 ab
1701 2634 1830 2665 Anxure

1099 2677 1162 2708 sive
1178 2678 1348 2708 Tarracina
1367 2676 1521 2710 habuisse,
1541 2686 1579 2706 ex
1602 2676 1660 2706 hoe
1679 2676 1747 2707 loco
1764 2675 1828 2707 dis-

1099 2720 1211 2750 cimus.
1261 2720 1416 2753 Lavimus,
1454 2728 1473 2749 a
1506 2719 1614 2748 lavere.
1665 2718 1826 2758 Repimus:

1099 2762 1203 2793 Schol.
1222 2762 1350 2803 Porph.,
1369 2764 1438 2800 quia
1457 2761 1519 2790 inis
1539 2761 1715 2799 temporibus
1729 2761 1827 2790 adhuc

1098 2807 1167 2835 urbs
1189 2805 1416 2835 Tarraconensis
1433 2804 1462 2832 in
1479 2803 1621 2832 altissimo
1636 2807 1732 2832 monte
1746 2808 1825 2832 erat.

1138 2848 1190 2877 26.
1222 2847 1306 2876 Sazis
1331 2845 1536 2880 candentibus,
1553 2842 1733 2874 candidum
1763 2843 1827 2875 fere.

1096 2887 1225 2919 nitorem
1254 2899 1270 2918 e
1301 2885 1470 2927 longinquo
1499 2884 1753 2916 ostendentibus.
1778 2885 1823 2916 sic

1094 2930 1156 2961 lere
1173 2932 1236 2970 cy<
1240 2932 1322 2960 ladas
1336 2930 1461 2960 nitentes
1481 2938 1551 2969 sup.
1567 2927 1629 2959 Od.
1644 2925 1666 2963 i,
1691 2929 1740 2963 14,
1761 2928 1822 2965 195
