1884 3288
635 199 861 242 LIBER
898 198 933 249 1,
965 198 1035 240 27.
1556 200 1612 241 55

209 305 268 346 -10
297 303 473 346 Partem
494 301 700 344 Falerni?
732 301 850 343 dicat
873 301 1085 356 Opuntiae

353 371 509 414 Frater
528 369 740 425 Megillae,
763 385 850 425 quo
872 370 1030 411 beatus

409 437 620 493 Vulnere,
643 453 729 493 qua
749 444 902 493 pereat
924 437 1097 492 sagitta.

296 508 452 550 Cessat
471 506 703 549 voluntas?
736 522 823 548 non
845 505 929 548 alia
949 506 1098 547 bibam

297 576 524 618 Mercede.

214 645 268 686 15

588 575 703 622 Quae
724 581 767 616 te
789 589 962 629 cunque
985 573 1138 615 domat*
1155 573 1325 624 Venus,

355 643 462 686 Non
481 643 794 685 erubescendis
816 643 963 684 adurit·

413 712 611 768 Ignibus,
630 711 911 766 ingenuoque
931 725 1103 766 semper

297 780 462 823 Amore
484 795 656 836 peccas.

718 779 950 834 Quidquid
971 779 1126 830 habes,
1149 794 1247 835 age,

296 849 486 905 Depone
508 848 613 890 tutis
634 847 952 890 auribus—Ah
973 849 1103 890 miser

212 987 270 1030 20

356 917 536 965 Quanta
555 916 728 958 laboras
750 917 794 957 in
817 916 1068 971 Charybdi!

416 986 564 1042 Digne
587 1000 698 1041 puer
718 985 894 1027 meliore
915 985 1088 1026 flamma
1107 987 1117 1027 l

261 1084 267 1085 ff
302 1053 417 1102 Quae
440 1069 557 1110 saga,
581 1054 657 1109 qui
678 1061 721 1095 te
744 1052 911 1096 solvere
932 1053 1162 1095 Thessalis

301 1123 465 1179 Magus
488 1123 677 1173 venenis,
701 1122 799 1177 quis
821 1123 984 1177 poterit
1006 1122 1132 1164 Deus
1151 1124 1168 1164 ἲ

360 1191 451 1234 Vix
472 1190 683 1246 illigatum
706 1197 749 1232 te
771 1190 959 1232 triformi

418 1260 618 1316 Pegasus
640 1259 848 1315 expediet
871 1259 1104 1301 Chimaera.

67 1385 154 1426 tatis,
186 1389 222 1417 ut
250 1391 371 1429 partem
400 1385 467 1416 vini
499 1385 627 1417 Falerni
659 1385 823 1417 vobiscum

69 1429 199 1462 bibam'!
223 1429 358 1471 agedum
375 1429 504 1466 bibam3
528 1429 583 1460 sed
601 1429 695 1460 frater
708 1430 822 1471 Opun-

69 1472 124 1504 tiae
147 1472 292 1514 Megillae
314 1478 409 1504 antea
432 1483 547 1504 nomen
574 1472 704 1515 puellae,
727 1482 824 1520 quam

70 1521 168 1552 emat,
209 1515 288 1553 mihi
323 1515 495 1558 significet.
539 1516 654 1551 Severi,
696 1515 825 1553 austeri,

30 1586 35 1590 .
71 1559 195 1597 amnri;
219 1569 292 1590 nam
315 1565 406 1600 grata
428 1558 606 1590 amaritudo
628 1558 763 1601 pertinet
786 1541 826 1590 ad

21 1610 23 1614 ⁴
69 1601 218 1634 virtutem
229 1601 295 1633 viui
306 1601 431 1633 Falerni
445 1614 453 1641 ;
478 1602 552 1633 hinc
566 1602 717 1634 Catullus
730 1601 827 1639 xxvii,

23 1648 25 1650 ’
71 1645 101 1682 1,
118 1645 266 1677 Minister
280 1645 391 1682 vetuli,
407 1656 497 1685 puer,
515 1645 656 1681 Falerni,
675 1645 769 1686 Inger
785 1647 828 1675 mi

70 1689 180 1720 calices
191 1690 367 1719 amariores.
409 1688 553 1728 Opuntiae
564 1688 713 1730 Megitlae.
755 1687 824 1718 Me-

69 1733 154 1774 gillo
189 1731 306 1763 dicitur
344 1731 496 1771 Opuntia.
536 1732 577 1762 ab
616 1731 687 1772 ejus
723 1730 826 1772 patria

73 1775 216 1817 Opunte.
236 1773 379 1806 Locridis
398 1784 461 1817 opp
443 1773 536 1816 pido;
560 1773 620 1804 fuit
636 1780 740 1805 autem
757 1773 826 1804 haec

73 1818 183 1860 puella
201 1817 287 1850 haud
308 1817 405 1849 dubie
426 1817 669 1866 pulchritudine
686 1827 746 1847 sua
759 1821 823 1847 tam

73 1861 204 1899 nobilis,
227 1866 263 1892 ut
284 1860 432 1892 omnibus
455 1867 540 1892 esset
561 1859 738 1891 notissima.
786 1860 825 1890 ln

73 1905 191 1941 beatus,
205 1905 344 1940 vulnere,
360 1909 392 1935 et
404 1905 507 1944 perire
522 1904 688 1934 observent
710 1902 826 1934 tirones

74 1957 171 1980 suave
199 1957 394 1995 oxymoron;
425 1946 522 1977 simili
547 1946 704 1977 suavitate
734 1947 828 1976 Amor

75 1989 250 2039 Posidippo
267 1991 329 2032 Ep.
343 2001 387 2026 xi,
405 1990 437 2026 4,
453 1989 591 2021 Anthol.
609 1989 718 2020 Graec.
736 1989 775 2019 Τ
791 1988 826 2024 11,

75 2035 130 2070 49,
151 2033 269 2065 dicitur
289 2032 528 2075 γλυκύπικρος·
551 2038 582 2064 et
599 2032 684 2074 apud
708 2031 830 2063 Catuli.

75 2076 154 2113 lxiv,
172 2078 229 2116 95,
251 2076 362 2108 Sancte
381 2087 487 2117 puer,
493 2078 578 2107 curis
599 2076 754 2106 hominum
776 2077 829 2115 qui

72 2121 192 2168 gaudia
215 2121 329 2156 misces,
353 2119 408 2151 ubi
429 2119 474 2150 cf.
497 2129 569 2161 quae
592 2118 626 2149 iu
653 2118 735 2149 banc
762 2128 828 2149 rem

76 2161 269 2195 notavimus.

122 2206 263 2238 13-18.
285 2205 360 2236 Atia
382 2206 526 2242 mercede,
539 2204 572 2236 h.
588 2214 618 2236 e.
638 2204 701 2235 alio
722 2208 827 2247 pacto,

77 2247 140 2281 alia
167 2247 361 2281 conditione.
407 2248 482 2283 Quae
514 2254 543 2279 te
574 2259 694 2288 cunque
729 2249 830 2278 domat

23 2322 26 2325 Δ
49 2290 192 2330 χ17011115,
214 2297 292 2324 cett.
314 2301 517 2334 quaecunque
539 2296 570 2322 te
591 2297 720 2333 captum
745 2296 833 2322 tenet

102 2334 198 2374 uella,
221 2345 287 2366 non
311 2341 360 2366 est
380 2335 467 2376 quod
489 2335 560 2376 ejus
582 2334 698 2365 amoris
718 2340 749 2365 te
771 2344 830 2376 pu-

77 2345 165 2415 seat,
196 2387 270 2410 nam
297 2383 332 2410 tu
361 2387 486 2426 semper
514 2377 675 2419 ejusmodi
702 2377 834 2409 sectaris

11 2434 18 2463 g
78 2430 214 2459 amores,
230 2420 287 2463 qui
299 2420 412 2463 juveni
426 2421 566 2462 ingenuo
580 2420 666 2451 haud
683 2420 831 2452 dedecori

0 2833 28 2867 ᾖ,
34 2843 35 2847 ,

0 3094 46 3131 ἠ’

0 3121 61 3288 ᾖ

5 2865 36 2898 ‘232
87 2857 208 2884 nuntur
221 2851 280 2882 inf.

79 2469 168 2497 sunt.
205 2445 319 2496 ’Amore
360 2474 486 2504 peccare
529 2463 720 2506 simpliciter
762 2474 831 2505 pro,

80 2517 199 2546 emate,
219 2513 255 2540 ut
268 2506 335 2539 'inf-
355 2506 378 2542 i,
394 2508 449 2542 33
470 2508 502 2541 9,
519 2512 551 2538 et
570 2507 618 2538 sic
637 2517 722 2550 saepe
742 2506 832 2542 alibi,

79 2549 240 2594 precipue
253 2549 294 2582 de
308 2560 414 2582 amore
430 2549 515 2581 haud
531 2549 686 2591 legitimo.
730 2549 832 2584 Quid-

81 2595 158 2636 quid
185 2595 284 2631 habes,
318 2603 544 2635 quamcunque
578 2593 707 2624 demum
746 2603 834 2624 amas

0 2629 244 2680 v'‘'2'·113uellam
267 2636 413 2668 similiter
425 2634 574 2668 Catullus
590 2635 633 2672 vi,
658 2638 705 2674 15,
718 2635 834 2672 Quare,

0 2677 6 2730 ζ
35 2735 37 2737 Ι
81 2681 239 2755 ⁴q';⁴›i‹1‹11titi
266 2680 355 2712 babes
384 2681 454 2710 boni
469 2680 613 2720 malique,
650 2680 712 2710 Dic
741 2681 836 2711 nobis.

117 2733 209 2764 epona
229 2725 306 2754 tutis
325 2724 468 2762 auribus,
486 2722 649 2754 committe
670 2721 762 2758 mihi,
783 2722 836 2753 cui

40 2781 41 2784 ¹
83 2769 166 2799 tuto.
195 2771 227 2798 et
253 2766 324 2797 sine
353 2765 440 2796 omni
469 2771 555 2796 metu
587 2775 627 2796 ne
660 2765 836 2805 evulgetur,

30 2818 35 2834 τ
85 2808 281 2840 committere

331 2814 412 2840 ntes.
457 2808 600 2840 Auribus
628 2810 707 2839 tutis
738 2819 837 2850 oppo-

322 2857 365 2883 at.
376 2851 411 2889 ii,
427 2852 459 2888 6,
478 2853 520 2882 46
535 2861 627 2882 aures
642 2853 774 2882 rimosae.

866 1384 959 1421 leius,
977 1395 1049 1416 cum
1066 1395 1170 1427 neque
1186 1385 1272 1416 hunc
1289 1384 1462 1428 imperfecti
1479 1395 1570 1417 usum
1590 1385 1624 1416 in

867 1428 926 1460 hoc
952 1428 1022 1460 loco
1045 1439 1244 1470 concoquere
1269 1434 1386 1471 posset.
1413 1439 1517 1470 neque
1543 1440 1624 1471 prae-

867 1471 1054 1513 positionem
1070 1473 1101 1502 in
1118 1471 1158 1503 ad
1174 1472 1367 1504 locutionem
1378 1473 1518 1503 laborare
1530 1472 1626 1503 facile

868 1514 1041 1546 desiderari
1065 1525 1156 1556 posse
1184 1515 1378 1547 existimaret
1403 1514 1510 1558 (aliud
1536 1515 1624 1547 enim

869 1568 939 1589 esse
960 1558 1099 1588 laborare
1118 1559 1230 1594 morbo,
1245 1560 1386 1602 fiignre,
1409 1560 1526 1599 inopia,
1549 1564 1627 1590 cett.

871 1601 959 1632 aliud
977 1603 1116 1632 laborare
1132 1603 1166 1632 in
1183 1604 1305 1638 itinere,
1322 1605 1355 1632 in
1375 1603 1466 1637 silva,
1483 1603 1514 1632 iu
1532 1604 1625 1638 mari,

871 1645 904 1674 in
927 1645 1046 1685 puella,
1068 1650 1102 1675 ut
1119 1654 1190 1692 sup.
1212 1645 1234 1679 i.
1253 1647 1305 1681 17,
1328 1644 1399 1681 19),
1421 1645 1546 1686 egregie
1568 1655 1625 1687 pro

870 1688 1026 1718 laborabas
1043 1687 1083 1718 ad
1100 1687 1251 1718 orationis
1261 1687 1625 1730 simplicitatemjuvan·

869 1729 942 1760 darn
970 1729 1069 1766 dedit,
1096 1731 1223 1765 Quanta
1249 1732 1367 1761 ίιιὺωαε
1392 1733 1426 1761 in
1455 1731 1626 1772 Charybdi,

872 1772 906 1803 h.
941 1783 972 1804 e.
1011 1783 1107 1814 quam
1146 1773 1355 1821 periculosam
1391 1772 1446 1804 tibi
1486 1774 1627 1815 puellam

868 1816 974 1846 amas!
1011 1815 1091 1847 Visa
1117 1815 1214 1856 igitur
1244 1816 1321 1847 mihi
1346 1822 1395 1848 est
1421 1817 1488 1847 haec
1515 1816 1625 1854 lectio,

869 1869 965 1900 quam
996 1858 1029 1889 in
1060 1864 1180 1889 textum
1208 1859 1394 1901 reciperem,
1423 1859 1626 1900 dignissima.

870 1902 1016 1933 Suaviter
1032 1908 1137 1932 autem
1156 1902 1314 1938 meretrix,
1332 1904 1489 1945 rapaciter
1504 1908 1626 1934 amato-

872 1955 940 1975 rum
957 1945 1040 1975 bona
1052 1945 1238 1981 absorbens,
1252 1952 1335 1976 notae
1346 1945 1392 1976 1111
1407 1946 1490 1976 inter
1500 1945 1626 1977 ltaliam

872 1994 904 2019 et
916 1987 1059 2018 Siciliam
1076 1987 1218 2028 voragini
1231 1988 1395 2030 Charybdi
1405 1995 1626 2030 comparatur:

873 2031 918 2062 cf.
944 2031 999 2062 Cl.
1030 2030 1162 2062 Mitsch.
1189 2030 1245 2072 qui
1271 2032 1456 2062 Graecorum
1485 2031 1518 2061 in
1542 2032 1625 2064 hanc

873 2084 937 2105 rem
955 2074 1101 2116 exempla
1116 2073 1317 2116 suppeditat3
1343 2074 1417 2105 hinc
1434 2074 1546 2107 Sidon.
1566 2076 1625 2118 Ep.

872 2117 917 2152 ix,
942 2117 974 2152 6,
998 2117 1197 2148 meretricem
1221 2119 1414 2149 domesticam
1439 2119 1629 2160 Charybdim

872 2166 979 2191 vocat.

917 2204 1060 2234 21—24.
1086 2204 1234 2234 Thessalis
1252 2205 1386 2240 venenis,
1400 2203 1506 2235 herbis
1517 2210 1629 2246 poten-

874 2245 960 2278 tibus
982 2247 1223 2289 (φαρμιίκοις),
1246 2257 1379 2289 quarum
1405 2247 1438 2278 in
1461 2247 1539 2278 artis
1562 2259 1630 2280 rna-

874 2289 954 2331 gicae
999 2301 1092 2321 usum
1136 2290 1334 2321 feracissima
1374 2290 1470 2322 fuisse
1514 2291 1632 2323 dicitur

875 2333 1052 2364 Thessalia.
1108 2334 1185 2368 Quis
1214 2336 1326 2373 poterit
1359 2334 1464 2365 Deus?
1499 2333 1538 2366 de
1570 2336 1630 2367 hac

877 2376 1066 2418 proverbiali
1093 2375 1253 2408 locutione
1275 2377 1309 2407 in
1332 2377 1426 2408 rebus
1470 2378 1580 2410 erditis
1601 2383 1634 2409 et

874 2419 1052 2462 desperatis
1070 2419 1144 2451 vide
1164 2430 1236 2462 quae
1254 2419 1295 2451 ad
1315 2420 1348 2451 h.
1375 2419 1397 2451 l.
1417 2421 1471 2452 C
1493 2421 1632 2453 Mitsch.

875 2463 996 2494 attulit.
1045 2464 1101 2494 Vix
1116 2464 1274 2505 illigatum
1298 2470 1327 2494 te
1342 2464 1480 2511 triformi
1499 2465 1633 2506 Pegasus

875 2508 1012 2546 expediet
1028 2506 1191 2543 chimera,
1209 2517 1263 2555 pro
1284 2505 1423 2547 vulgari,
1440 2507 1548 2538 nullus
1565 2518 1631 2538 om-

877 2549 954 2580 nino
970 2549 1011 2580 ab
1028 2559 1145 2584 amore.
1161 2560 1225 2591 quo
1251 2549 1313 2580 ista
1332 2555 1362 2582 te
1378 2549 1520 2581 vinctum
1535 2556 1633 2587 tenet,

877 2592 1050 2624 dissolvere
1059 2592 1184 2634 poterit.
1219 2592 1370 2623 Meretrix
1381 2593 1449 2628 illa,
1460 2594 1634 2636 rapacitate

879 2635 1106 2677 suajuvenum
1123 2634 1215 2666 bonis
1234 2635 1450 2672 infestissima,
1470 2647 1635 2679 compara-

880 2684 930 2710 tur
956 2689 1029 2709 cum
1056 2678 1189 2709 triformi
1211 2678 1268 2709 illo
1298 2685 1450 2715 monstro.
1474 2681 1638 2712 Chimaera

881 2721 955 2774 (de
963 2732 1027 2763 quo
1056 2723 1187 2752 Homer.
1211 2721 1304 2753 Iliad.
1326 2721 1368 2758 vi,
1399 2724 1471 2759 181,
1505 2725 1638 2764 Πρόσθε

880 2761 978 2801 λέων,
983 2764 1144 2796 ὄπιθενδὲ
1154 2763 1303 2813 δράκων,
1311 2763 1455 2807 μέσσηδὲ
1465 2767 1640 2809 χίμαιρα),

882 2819 991 2850 quam,
1013 2808 1122 2850 Lyciae
1145 2807 1268 2847 regioni
1291 2807 1540 2846 infestissimam,
1560 2812 1638 2841 Bel-

885 2851 1049 2900 lerophon,
1068 2851 1192 2892 Pegasi.
1210 2861 1227 2881 a
1249 2851 1426 2882 Minerva
1418 2862 1451 2882 111
1470 2852 1553 2883 hanc
1574 2864 1639 2884 rem

133 2895 186 2927 19.
211 2894 338 2930 Quanta
364 2895 484 2926 laboras
507 2897 540 2926 in
567 2894 750 2935 Charybdi!
778 2894 843 2925 Pro
886 2894 916 2926 ei
940 2894 1059 2929 traditi,
1075 2905 1147 2936 ope,
1165 2894 1322 2926 occidisse
1337 2895 1477 2925 dicitur:
1507 2896 1639 2927 Hesiod-

90 2937 210 2971 laboras
231 2939 265 2969 in
283 2938 442 2979 Charybdi
463 2938 560 2978 vulgo
578 2936 705 2978 legitur,
722 2937 842 2968 labora-

0 2979 53 3027 J
89 2981 142 3012 beu
161 2980 334 3023 Charybdi,
354 2980 440 3022 quod
461 2991 523 3023 exp
525 2980 637 3015 licant.
659 2981 722 3011 huc
744 2990 845 3021 usque
889 2981 1009 3019 ἐσθλὸς
1039 2980 1331 3028 Βελλεροφόντης.
1376 2981 1540 3021 nugatam
1569 2983 1643 3012 Chi-

0 3029 39 3092 '3³³
91 3022 259 3056 laborabas
289 3030 322 3056 et
351 3023 456 3056 adhuc
481 2993 628 3063 lap;boras
660 3022 718 3056 sed
744 3024 844 3054 Bent-
888 3036 995 3060 moerae,
1027 3034 1188 3055 annexum
1219 3034 1313 3065 quasi
1342 3023 1524 3061 Chimaerrc,
1553 3024 1585 3055 11.
1610 3035 1641 3057 0.

886 2938 1009 2979 'lheog.
1027 2939 1104 2972 325,
1128 2938 1201 2976 Τὴν
1220 2938 1282 2978 μὲν
1304 2938 1472 2979 Πήγασος
1496 2938 1562 2969 εἷλε
1584 2951 1641 2970 και
