1904 3314
674 172 902 217 LIBER
932 172 993 224 11,
1023 173 1066 215 4.

1553 174 1638 216 399

135 279 194 324 45
224 281 426 325 Piscibus
448 288 579 338 atque
601 281 754 323 avibus
775 295 875 336 quae
894 287 1051 322 natura
1071 287 1117 323 et
1138 280 1251 324 foret
1271 287 1392 332 aetas,

222 349 342 392 Ante
362 365 505 392 meum
524 348 631 391 nulli
651 349 793 404 patuit
813 349 1000 404 quaesita
1018 348 1227 404 palatum.

220 417 348 468 Sunt,
371 432 555 473 quorum
574 417 794 472 ingenium
813 432 926 458 nova
947 423 1117 458 tantum
1137 417 1334 460 crustula
1354 418 1525 474 promit.

219 485 514 541 Nequaquam
534 485 638 525 satis
659 485 704 526 in
725 499 771 526 re
792 499 879 526 una
900 498 1156 527 consumere
1178 501 1352 528 curam:

221 552 287 594 Ut
307 553 344 594 si
364 551 460 606 quis
482 550 623 592 solum
643 551 742 602 hoc,
766 550 876 593 mala
896 566 950 594 ne
973 552 1059 593 sint
1078 553 1193 603 vina,
1213 553 1399 603 laboret,

68 617 77 631 ‘
133 619 191 661 50
221 619 354 668 Quali
373 618 609 674 perfundat
630 620 772 675 pisces
794 634 975 661 securus
998 618 1125 662 olivo.

218 686 411 729 Massica
433 687 469 728 si
489 686 602 729 coelo
622 702 845 743 supponas
866 688 966 728 vina
987 702 1155 738 sereno,

218 753 464 804 Nocturna,
487 755 523 796 si
543 755 650 810 quid
671 755 807 796 crassi
827 762 908 805 est,
932 756 1184 797 tenuabitur
1204 771 1324 807 aura,

221 821 284 864 Et
305 822 491 864 decedet
513 822 622 864 odor
642 823 784 864 nervis
805 822 1024 874 inimicus;
1057 829 1101 864 at
1121 822 1194 864 illa

218 889 443 947 Integrum
462 891 655 946 perdunt
674 890 762 932 lino
785 891 933 932 vitiata
954 906 1168 946 saporem.

129 957 187 1000 55
216 957 476 1000 Surrentina
494 958 615 1000 vafer
635 959 710 1013 qui
730 959 882 1000 miscet
903 957 1010 1000 faece
1031 958 1218 1001 Falerna
1245 980 1251 989 ι

220 1024 352 1076 Vina,
374 1025 623 1069 columbino
644 1025 791 1068 limum
812 1026 924 1068 bene
947 1026 1111 1082 colligit
1132 1042 1238 1078 ovo3

221 1093 453 1141 Quatenus
475 1094 559 1135 ima
578 1094 690 1149 petit
711 1093 887 1135 volvens
909 1093 1048 1136 aliena
1070 1094 1253 1136 vitellus

220 1160 372 1203 Tostis
393 1169 658 1204 marcentem
680 1161 846 1217 squillis
867 1163 1087 1204 recreabis
1109 1170 1152 1204 et
1174 1162 1287 1204 Afra

221 1228 429 1272 Potorem
450 1229 652 1281 cochlea;
687 1245 786 1271 nam
806 1229 976 1271 lactuca
996 1231 1163 1272 innatat
1183 1232 1272 1273 acri

132 1296 190 1339 60
219 1296 329 1339 Post
350 1298 495 1340 vinum
516 1297 740 1340 stomacho
757 1313 766 1338 z
799 1311 936 1352 perna
956 1299 1093 1353 magis
1111 1314 1160 1340 ac
1182 1290 1318 1354 magis
1337 1298 1451 1341 hillis

101 1431 210 1472 quibus
230 1432 303 1463 assis
325 1431 510 1474 Languidus
531 1434 563 1463 in
581 1433 718 1464 cubitum
731 1433 803 1472 jam
822 1442 850 1461 se

101 1475 228 1505 conviva
241 1481 377 1515 reponet,
392 1485 502 1506 versus
521 1474 796 1517 elegantissimus3
819 1479 851 1505 et

103 1525 244 1548 assotum
273 1517 408 1559 piscium
440 1518 594 1559 adspectu
624 1517 757 1549 conviva
782 1517 849 1559 jam

104 1557 168 1591 fere
186 1565 273 1591 satur
292 1559 332 1591 de
350 1559 472 1601 integro
490 1561 530 1591 ad
550 1560 708 1592 edendum
727 1559 850 1591 allicie-

103 1607 173 1633 tur:
197 1613 228 1634 sc
249 1613 392 1642 reponere
415 1605 448 1634 in
471 1605 621 1639 cubitum,
644 1603 724 1634 laevo
742 1602 850 1633 cubito

103 1643 137 1676 in
153 1644 312 1688 pulvinari
325 1645 426 1687 posito
442 1645 483 1676 ad
498 1645 657 1677 edendum
673 1655 706 1676 se
722 1655 849 1687 compo-

105 1697 179 1719 nere
193 1699 202 1726 3
228 1687 303 1719 hinc
318 1698 390 1731 sup.
406 1688 470 1720 Od.
486 1688 509 1725 i,
521 1689 574 1726 27,
588 1689 620 1724 8,
638 1688 678 1719 Et
691 1689 792 1719 cubito
803 1698 850 1718 re-

102 1737 221 1762 manete
234 1741 345 1771 presso.

148 1773 204 1805 ⁴0.
226 1773 332 1817 Iligna
356 1773 512 1817 (ilignea)
531 1775 658 1817 glande,
677 1772 762 1804 ilicis
782 1774 854 1814 (der

105 1816 309 1856 stecheiche).

148 1860 205 1891 41.
230 1859 358 1896 Cur-vet,
376 1859 513 1902 pondere
527 1865 634 1902 gravet
646 1864 678 1891 et
688 1857 855 1900 deprimat,

126 1911 172 1939 ro,
193 1902 336 1945 impleat.
385 1903 528 1938 Vitantis.
552 1903 619 1944 ejus
641 1902 695 1944 qui
721 1907 856 1932 recusat.

103 1912 252 1982 {ner-tem,
281 1945 464 1988 insipidam,
492 1945 572 1976 nihil
597 1945 684 1988 quod
710 1944 853 1986 palatum

106 1987 246 2019 suaviter
259 1988 374 2020 afficiat
388 1988 570 2020 habentem.

150 2031 206 2062 42.
232 2031 376 2073 Pinguis,
389 2030 565 2072 saginatus.

150 2074 206 2105 43.
242 2073 415 2110 Submittit,
444 2074 616 2116 capiendas
645 2072 748 2108 offert,
779 2081 853 2112 sug-

106 2117 196 2157 gerit.

151 2159 204 2190 44.
237 2158 375 2199 Sapiens,
405 2159 580 2190 subtilioris
615 2157 714 2201 palati
746 2157 851 2193 homo,

106 2200 184 2232 boni
209 2201 330 2244 saporis
355 2202 454 2244 probe
480 2211 609 2243 gnaruS.
668 2201 853 2236 Sectabitur,

106 2249 246 2286 appetet.
290 2246 416 2276 Armos:
441 2244 585 2285 intellige
607 2254 734 2276 carnem
757 2253 855 2285 quam

107 2285 200 2330 lepus
226 2286 301 2318 inde
327 2297 347 2318 a
370 2287 463 2319 dorso
489 2287 538 2319 vel
565 2287 658 2330 spina
685 2297 785 2328 usque
812 2285 853 2317 ad

107 2329 234 2361 lumbos
248 2329 355 2362 habet.

151 2373 206 2410 45,
235 2373 290 2404 46.
341 2373 478 2404 Piscibus
511 2379 602 2414 atque
632 2374 750 2410 avibus,
779 2377 856 2404 cett.

106 2415 213 2457 qualis
233 2420 316 2448 esset
337 2416 474 2458 piscium
497 2415 667 2457 aviumque
690 2421 803 2447 natura
825 2420 857 2446 et

106 2457 244 2495 bonitas,
259 2464 291 2490 et
301 2468 366 2501 qua
381 2464 474 2490 oetate
484 2458 535 2501 cuj
541 2469 640 2500 usque
650 2468 722 2490 caro
733 2458 852 2500 optime

106 2506 244 2543 saperet,
260 2501 291 2533 id
314 2501 435 2533 nullius
455 2507 529 2532 ante
546 2512 596 2533 me
614 2502 720 2543 palato
742 2500 852 2542 explo-

107 2549 212 2576 ratum
225 2549 285 2580 est,
304 2543 384 2583 sive,
401 2543 433 2575 id
457 2554 512 2586 pro
529 2545 626 2586 palati
648 2543 711 2575 mei
730 2542 855 2574 subtili-

107 2590 173 2618 me
190 2586 310 2629 primus
331 2586 440 2619 docui.
483 2587 564 2618 Ante
581 2598 678 2618 meum
695 2588 834 2626 palatum
846 2598 855 2615 .-

107 2627 214 2678 lepide
229 2639 297 2679 pro,
320 2636 394 2662 ante
409 2640 459 2661 me
479 2639 595 2661 novum
611 2639 756 2662 escarum
771 2629 852 2660 bene

107 2677 299 2715 sapientium
314 2672 512 2714 magistrum.

151 2715 208 2747 47.
253 2715 345 2752 Sunt,
376 2727 505 2756 quorum
538 2715 854 2755 ingenium-promit

102 2765 178 2799 ΡΝ,
195 2764 331 2801 promat,
351 2764 423 2801 post
438 2764 533 2790 sunt:
558 2757 620 2789 vid.
641 2756 762 2789 Heind.
783 2768 855 2801 sup.

105 2798 153 2831 ad
168 2801 235 2832 Sat.
249 2801 272 2838 i,
289 2803 320 2840 4,
335 2802 390 2832 24.

155 2844 211 2875 48.
237 2843 402 2876 Bentleius
425 2843 459 2875 in
481 2843 541 2875 hoc
566 2853 658 2875 versu
684 2852 793 2874 vocem
815 2850 857 2875 est

107 2885 267 2919 excidisse
281 2887 473 2930 suspicatur,
489 2885 565 2928 quia
584 2888 657 2917 satis
674 2885 859 2927 simpliciter

134 2937 180 2966 ro,
200 2929 328 2965 sufficit,
352 2939 508 2972 nusquam
530 2929 666 2960 dicatur.
711 2929 808 2966 Sane,
833 2928 858 2959 si

136 2979 183 3002 ec
197 2981 259 3004 vox
272 2972 400 3004 omnino
413 2982 493 3015 opus
507 2971 560 3008 sit,
573 2971 602 3004 ei
619 2971 668 3003 vel
685 2976 758 3002 ante
773 2974 858 3007 satis,

894 1430 944 1462 vel
962 1436 1033 1473 post
1054 1443 1129 1468 una,
1146 1432 1195 1464 vel
1215 1431 1249 1464 in
1263 1433 1324 1464 fine
1345 1443 1453 1465 versus
1475 1434 1566 1467 locus
1586 1436 1643 1467 ad-

895 1473 1014 1515 signari
1030 1480 1144 1517 potest.

939 1518 992 1548 50.
1016 1518 1159 1554 Securus,
1179 1518 1257 1550 nihil
1273 1518 1433 1550 laborans.

939 1561 995 1591 51.
1020 1560 1151 1592 Massica
1165 1564 1257 1592 vina.-
1282 1562 1325 1593 cf.
1338 1572 1409 1604 sup.
1428 1562 1492 1594 Od.
1506 1562 1528 1599 i,
1548 1566 1578 1600 1,
1594 1565 1646 1596 19.

938 1604 994 1633 54.
1024 1604 1152 1641 Vitiata,
1176 1604 1391 1645 significanter
1418 1615 1486 1652 pro,
1510 1605 1644 1648 liquata,

894 1644 1068 1682 destillata,
1094 1648 1266 1688 percolata,
1293 1647 1370 1688 quia
1397 1658 1482 1685 vina,
1508 1648 1584 1680 dum
1607 1649 1646 1680 li-

895 1693 1034 1729 quantur
1071 1699 1126 1730 per
1160 1689 1280 1721 lineum
1319 1690 1502 1730 sacculum,
1534 1693 1645 1723 vitium

895 1729 1037 1761 trahunt.

941 1774 996 1804 55.
1026 1774 1353 1812 Surrentina—Vina,
1387 1779 1459 1805 nata
1496 1776 1529 1806 in
1556 1775 1646 1818 jugis

898 1826 992 1857 prope
1015 1816 1166 1858 oppidum
1193 1817 1377 1847 Surrentum
1400 1817 1434 1848 iu
1456 1817 1646 1861 Campania.

900 1858 1009 1889 Schol.
1022 1859 1134 1901 Cruq.,
1147 1860 1333 1890 Surrentina
1351 1861 1464 1890 debilia
1479 1868 1564 1898 sunt,
1587 1863 1646 1893 Fa·

901 1903 987 1932 lerna
1013 1904 1099 1932 acria
1126 1909 1155 1934 et
1183 1903 1305 1932 robusta
1335 1902 1447 1942 (fortia
1477 1903 1582 1945 potius
1609 1911 1647 1936 ut

898 1956 927 1976 v.
945 1943 1019 1983 24),
1040 1947 1143 1986 itaque
1160 1955 1193 1975 ex
1206 1944 1289 1986 faece
1307 1945 1573 1985 (Weinsteinsatz,
1594 1949 1645 1980 vel

897 1987 1004 2029 potius
1040 1987 1260 2027 Weinmutter)
1297 1988 1424 2018 Falerni
1459 1989 1645 2022 Surrentina

886 2031 977 2071 fiunt
998 2032 1138 2071 gratiora
1159 2038 1187 2062 et
1206 2031 1323 2062 mollia.
1371 2030 1477 2072 Vafhr,
1494 2033 1646 2074 prudens,

898 2072 1060 2114 providus.

942 2116 997 2151 56,
1022 2117 1077 2147 57.
1107 2116 1284 2147 columbino
1312 2116 1430 2155 limum,
1461 2121 1556 2148 cett.:
1587 2127 1646 2150 ovo

899 2158 1084 2190 columbino
1106 2157 1223 2199 injecto
1243 2158 1388 2201 (limum)
1410 2159 1535 2191 sordem
1558 2159 1647 2192 faecis

900 2202 1009 2244 (bene)
1033 2201 1116 2232 bono
1137 2206 1252 2232 eventu
1273 2203 1392 2243 colligit
1413 2207 1446 2233 et
1468 2204 1647 2238 contrahit:

901 2245 1113 2286 (Quatenus),
1142 2244 1403 2285 quandoquidem
1440 2246 1564 2277 vitellus
1593 2246 1646 2277 ovi

897 2286 1074 2319 columbini
1090 2287 1228 2329 (volvens
1242 2288 1362 2323 aliena)
1379 2297 1428 2323 ea,
1445 2299 1519 2330 quae
1535 2288 1646 2320 vinum

898 2330 1060 2361 turbidum
1086 2328 1235 2366 reddunt,
1263 2340 1373 2362 secum
1399 2331 1538 2368 trahens,
1566 2333 1645 2374 (ima

897 2375 992 2414 petit)
1010 2372 1049 2404 ad
1066 2372 1130 2404 ima
1144 2372 1292 2404 defertur.

943 2417 998 2447 58.
1024 2416 1213 2446 Marcentem
1232 2424 1384 2456 potorem:
1408 2416 1483 2448 vino
1502 2416 1647 2458 cibisque

897 2459 1099 2497 confectum3
1124 2458 1201 2494 sive,
1219 2459 1423 2500 languentem
1445 2459 1563 2502 potoris
1584 2466 1648 2490 sto-

898 2502 1061 2533 machum.
1107 2502 1256 2542 Squillis:
1291 2501 1384 2533 exilis
1413 2502 1468 2533 sed
1498 2502 1649 2543 longioris

899 2544 1037 2586 corporis
1065 2543 1189 2575 cancris
1219 2544 1349 2575 marinis
1372 2545 1499 2587 (cancer
1523 2546 1648 2585 squilla,

902 2587 997 2618 Linn.
1013 2596 1080 2621 nos.
1098 2586 1260 2624 Gan-neele,
1277 2587 1325 2618 vel
1344 2586 1517 2628 Grauate).

939 2631 995 2661 59.
1032 2629 1144 2661 Oratio
1181 2629 1319 2661 cohaeret
1349 2631 1413 2661 sic:
1457 2629 1584 2672 squillis
1617 2635 1650 2661 et

898 2672 1037 2704 cochleis
1054 2672 1207 2703 recreabis
1224 2679 1419 2705 marcentem
1436 2673 1650 2708 stomachum,

899 2725 962 2746 non
983 2715 1132 2754 lactuca3
1155 2715 1280 2746 lactuca
1297 2715 1393 2756 igitur
1409 2715 1466 2747 tibi
1489 2715 1649 2747 abstinen-

899 2757 975 2788 dum
991 2757 1061 2793 erit,
1079 2769 1148 2788 nam
1160 2759 1280 2789 lactuca
1298 2759 1385 2800 (nos,
1401 2759 1546 2799 Lattich)
1558 2760 1648 2788 inna-

902 2807 948 2832 tat
981 2807 1046 2841 post
1083 2803 1189 2832 vinum
1223 2803 1291 2832 acri
1329 2802 1497 2833 stomacho.-
1537 2810 1650 2842 nempe

901 2844 1094 2881 stomachus,
1123 2843 1156 2874 in
1182 2854 1247 2885 quo
1274 2853 1350 2875 esca
1379 2850 1481 2879 mitat,
1510 2843 1591 2873 male
1617 2853 1651 2873 se

902 2886 1010 2922 habet,
1031 2891 1065 2918 at
1083 2887 1176 2922 bene,
1198 2887 1231 2917 in
1250 2897 1314 2927 quo
1334 2896 1407 2918 esca
1425 2887 1478 2928 (ut
1498 2885 1651 2916 Horatius

903 2929 1044 2971 loquitur
1064 2939 1134 2971 sup.
1151 2929 1219 2960 Sat.
1238 2928 1274 2965 ii,
1294 2930 1327 2965 2,
1345 2928 1405 2966 73)
1424 2930 1517 2959 sedet.
1564 2927 1650 2962 Acri,

904 2971 968 3004 viui
984 2972 1102 3004 fervore
1120 2971 1233 3004 acriter
1248 2971 1339 3012 quasi
1356 2971 1479 3002 affecto.
