1884 3288
17 2492 33 2516 'a

0 2518 13 2535 Α
19 2520 37 2541 -2
43 2536 46 2537 ⁷

681 185 1093 248 CARMENlffi

1572 195 1660 237 277

346 294 637 351 Intonsonsque
661 293 847 348 agitaret
864 290 1084 348 Apollinis
1106 307 1212 335 aura
1233 293 1426 349 capillos,

262 363 315 404 10
515 361 629 403 Fore
650 359 767 402 hunc
788 374 979 402 amorem
999 368 1214 402 mutuum.

348 431 391 473 O
411 429 600 473 dolitura
617 443 715 470 mea
734 428 916 470 multum
938 429 1098 471 virtute
1119 429 1282 471 Neaera
1299 431 1310 470 ἰ

514 497 645 548 Nam,
669 497 704 538 si
725 496 831 552 quid
853 497 897 538 in
918 495 1076 538 Flacco
1098 497 1178 538 viri
1197 505 1279 548 est,

342 566 447 608 Non
467 565 578 607 feret
598 564 796 606 assiduas
818 564 979 619 potiori
1001 571 1044 605 te
1066 564 1171 605 dare
1193 570 1359 613 noctes,

516 633 577 674 Et
598 639 765 687 quaeret
785 633 922 673 iratus
944 646 1092 687 parem
1109 649 1118 682 ;

263 701 316 744 15
345 700 443 743 Nec
465 700 597 742 semel
617 700 776 742 offensi
796 700 924 742 cedet
946 700 1190 741 constantia
1212 699 1378 751 formae,

515 769 563 810 Si
583 776 729 810 certus
750 768 922 810 intrarit
943 767 1081 810 dolor.

342 837 404 879 At
426 844 488 888 tu,
511 837 761 892 quicunque
783 851 830 878 es
852 835 1032 886 felicior,
1056 843 1188 891 atque
1209 851 1305 878 meo
1327 852 1442 879 nunc

517 904 748 960 Superbus
770 903 935 945 incedis
959 902 1085 954 malo,

343 972 414 1014 Sis
434 986 594 1028 pecore
616 980 660 1013 et
680 971 816 1014 multa
837 972 957 1014 dives
979 971 1136 1014 tellure
1157 971 1319 1023 licebit,

257 1041 316 1083 20
515 1040 708 1096 Tibique
731 1039 939 1083 Pactolus
960 1040 1082 1090 fluat,

341 1108 442 1151 Nec
462 1115 506 1150 te
528 1108 796 1164 Pythagorae
818 1107 970 1150 fallant
990 1123 1148 1151 arcana
1167 1110 1323 1160 renati,

515 1176 761 1232 Formaque
784 1177 928 1218 vincas
950 1175 1115 1218 Nirea:

344 1243 498 1286 Eheu!
532 1244 764 1286 translatos
787 1244 870 1286 alio
890 1245 1095 1286 moerebis
1117 1259 1285 1287 amores
1304 1261 1313 1286 ε

513 1311 600 1353 Ast
621 1327 703 1367 ego
725 1312 913 1354 vicissim
933 1312 1088 1354 risero.

111 1445 242 1480 ticulum
266 1458 380 1488 semper
402 1457 459 1490 per
480 1459 540 1484 res.
559 1458 632 1490 quae
658 1458 781 1491 semper
804 1458 862 1479 na-

113 1494 185 1522 tura
198 1501 265 1522 sua
273 1490 334 1522 sibi
355 1497 514 1529 constant,
530 1491 632 1527 tribus
646 1491 790 1523 versibus
807 1501 862 1523 ex-

135 1533 228 1565 ressit
235 1539 267 1566 et
278 1533 491 1577 amplificavit.
516 1535 623 1575 Lupus
630 1537 742 1575 pecori,
754 1545 801 1565 sc.
812 1533 862 1565 in-

124 1581 213 1608 estus
227 1582 324 1609 esset.
367 1577 483 1608 Nautis
504 1578 635 1619 infestus
660 1579 755 1609 Orion
781 1578 862 1608 Tur-

112 1620 199 1652 buret
221 1620 381 1651 hibernum
403 1631 505 1651 mare:
530 1620 571 1651 cf.
595 1631 666 1663 sup.
691 1619 714 1656 i,
734 1622 789 1656 28,
806 1621 861 1656 21,

112 1661 161 1699 iii,
177 1662 234 1700 27,
258 1664 311 1700 18,
326 1668 359 1694 et
374 1662 477 1705 Epod.
495 1663 547 1701 10,
570 1664 623 1694 10.
668 1663 863 1703 Intonsosque

110 1707 247 1749 agitaret
263 1707 416 1747 Apollinis
429 1718 509 1737 aura
524 1707 660 1746 capillos,
685 1717 739 1748 pro
760 1707 860 1742 tenui,

112 1754 146 1781 et
166 1749 286 1781 intonsi
301 1749 464 1791 Apollinis
482 1749 586 1781 crines
607 1755 734 1788 essent;
757 1749 861 1790 desig-

112 1797 207 1824 natur
227 1797 336 1824 autem
364 1797 483 1824 aeterna
506 1791 670 1834 Apollinis
696 1792 860 1834 juventas,

111 1834 240 1878 capillis
261 1834 397 1866 intonsis
419 1834 625 1878 spectabilis:
650 1834 772 1866 Tibull.
786 1835 810 1871 i,
830 1837 862 1871 4,

113 1878 170 1914 37,
185 1878 255 1910 Sola
278 1884 392 1910 κείω-πα
417 1885 459 1910 est
485 1879 596 1910 Phoebo
620 1879 795 1919 Bacchoque
803 1881 862 1919 ju-

112 1927 230 1960 ventas,
242 1920 324 1952 Nam
337 1923 419 1953 decet
435 1923 574 1953 intonsus
588 1923 683 1952 crinis
698 1928 864 1963 utrumque

114 1967 216 1996 deum.

158 2007 299 2039 11—16.
322 2007 350 2038 0
365 2008 503 2038 dolitura
519 2019 582 2039 mea
599 2008 730 2039 multum
746 2009 863 2038 virtute

114 2050 237 2087 Neaera,
256 2061 275 2082 ο
293 2051 420 2086 Neaera,
438 2060 501 2081 non
520 2049 588 2082 sine
607 2060 723 2091 magno
741 2050 860 2087 dolore,

113 2103 165 2126 me
179 2093 258 2126 forte
272 2093 395 2136 cepisse
409 2093 592 2130 consilium,
609 2093 860 2132 animadvertes3

111 2138 240 2172 virtute,
261 2136 329 2185 jam
355 2135 395 2168 de
418 2136 608 2172 constantia,
638 2147 702 2179 qua
725 2136 799 2178 quis
827 2136 861 2167 in

111 2185 207 2223 capto
229 2179 338 2222 aliquo
360 2178 496 2211 consilio
518 2179 677 2222 persistit3
709 2181 859 2216 dolitura,

112 2222 235 2256 catull.
249 2221 318 2259 viii,
338 2223 390 2259 14,
409 2223 450 2253 At
474 2229 509 2254 tu
531 2223 654 2257 dolebis,
679 2234 746 2254 cum
771 2234 858 2263 roga-

112 2267 191 2298 beri:
203 2266 306 2302 nulla,
322 2265 463 2302 Scelesta,
487 2273 591 2297 nocte:
615 2266 660 2297 cf.
679 2265 860 2297 Philodemi

112 2309 175 2352 Ep.
185 2319 240 2348 xx,
255 2307 391 2340 Anthol.
406 2308 512 2340 Graec.
525 2309 566 2340 T.
579 2307 611 2346 ii,
622 2320 655 2351 p.
665 2309 718 2339 75.
766 2309 859 2347 Nam,

112 2353 139 2384 si
150 2353 227 2394 quid
241 2353 275 2383 in
291 2351 404 2383 Flacco
414 2353 476 2384 uiri
489 2358 531 2383 est
544 2364 552 2382 .-
570 2352 697 2383 Terent.
709 2351 860 2384 Eunuch.

110 2394 134 2432 i,
153 2396 183 2432 l,
198 2395 254 2432 21,
268 2396 377 2426 sentiet
399 2394 550 2437 (Thais),
571 2396 623 2435 qui
641 2396 691 2425 vir·
708 2396 801 2432 siem,
830 2401 862 2426 et

110 2437 135 2475 i,
159 2439 192 2475 2,
217 2438 272 2474 ⁷4,
300 2437 350 2469 Eu
375 2438 498 2468 noster!
522 2440 625 2474 laudo,
648 2439 770 2469 tandem
789 2449 860 2478 per-

110 2482 232 2513 doluit.-
255 2482 305 2512 vir
319 2492 357 2512 es.
390 2480 531 2512 Pauori.-
556 2480 599 2512 cf.
615 2492 686 2524 sup.
703 2481 743 2512 ad
760 2480 807 2517 iii,
826 2482 859 2519 9,

108 2525 145 2557 2.
193 2525 316 2560 Parem,
347 2523 442 2555 aliam
473 2523 614 2566 puellam
645 2523 713 2565 pari
739 2523 799 2555 fide
826 2523 858 2554 in

105 2577 215 2602 ‚amore
237 2566 299 2598 sibi
320 2566 379 2599 uni
401 2566 580 2599 addictam:
611 2567 757 2609 Propert.
781 2566 804 2604 i,
831 2568 860 2603 l,

108 2611 165 2649 31,
191 2611 266 2642 Sitis
291 2616 320 2641 et
348 2612 382 2642 in
414 2617 480 2641 tuto
505 2621 618 2650 semper
639 2621 740 2641 amore
761 2621 860 2650 pares.

103 2652 179 2694 *Nec
193 2654 280 2685 semel
293 2653 400 2696 offensi
419 2655 602 2689 constantia,
623 2663 682 2684 nec
699 2663 769 2684 mea
785 2664 858 2684 con·

112 2696 250 2735 stantia,
265 2706 341 2728 cum
358 2697 455 2729 semel
481 2706 501 2728 a
523 2703 554 2728 te
571 2696 712 2729 offensus
732 2701 764 2728 et
789 2695 862 2728 aliis

907 1447 1100 1489 postpositus
1125 1446 1180 1484 fui,
1207 1449 1289 1479 cedet
1309 1447 1436 1490 forme,
1463 1448 1571 1482 sormae
1595 1455 1659 1482 tuae

907 1497 1074 1522 venustate
1096 1501 1129 1522 se
1152 1491 1238 1522 vinci
1259 1497 1292 1522 et
1313 1491 1475 1523 immutari
1496 1493 1657 1535 patietur;

907 1534 1012 1576 offensi
1045 1535 1134 1566 semel
1166 1537 1349 1572 constantia,
1380 1535 1469 1567 brevi
1498 1536 1660 1578 elegantia

907 1587 974 1619 pro,
996 1587 1078 1613 mea,
1096 1587 1162 1619 qua
1176 1577 1274 1610 semel
1289 1588 1307 1608 a
1324 1584 1354 1609 te
1370 1578 1508 1610 offensus
1526 1590 1576 1611 me
1599 1581 1658 1611 ob·

906 1619 1030 1656 duravi,
1053 1621 1233 1652 constantia
1247 1633 1258 1651 ;
1286 1621 1430 1653 similiter
1459 1633 1529 1664 sup.
1551 1622 1657 1665 Epod.

910 1663 962 1697 ll,
982 1664 1033 1698 13,
1052 1665 1180 1694 calentis
1195 1675 1323 1694 arcana.
1370 1664 1454 1695 Dedi
1472 1675 1585 1707 nempe
1601 1676 1658 1708 pro

907 1705 1030 1746 vulgari
1063 1706 1211 1742 lectione,
1236 1706 1366 1748 nffensae,
1390 1717 1461 1748 quae
1486 1707 1552 1738 sive
1575 1708 1657 1740 hanc

908 1758 1016 1779 vocem
1032 1748 1148 1786 active,
1167 1754 1187 1767 ⁸¹
1207 1749 1263 1780 ubi
1279 1759 1329 1780 me
1344 1750 1441 1781 semel
1457 1749 1658 1787 offendisti,”

907 1790 972 1822 sive
998 1791 1136 1833 passive,
1165 1797 1187 1810 ‘¹
1204 1792 1259 1822 ubi
1283 1791 1382 1823 semel
1408 1798 1438 1824 te
1460 1792 1659 1830 offendero,”

906 1834 1127 1876 explicaveris,
1144 1834 1237 1875 friget
1252 1841 1283 1866 et
1298 1835 1377 1866 dura
1387 1842 1447 1871 est,
1465 1845 1539 1866 cum
1557 1837 1659 1868 Bent-

908 1876 983 1913 leio,
1009 1877 1128 1920 offensi.
1174 1879 1206 1909 Si
1232 1884 1332 1909 certus
1354 1880 1485 1910 intrarit
1507 1880 1605 1916 dolor,
1632 1879 1661 1911 si

908 1926 1027 1951 certum
1053 1921 1254 1963 firmumque,
1279 1920 1365 1963 quod
1390 1921 1480 1953 dolor
1505 1922 1660 1960 subdidit,

907 1973 1021 2004 cepero
1038 1963 1221 1995 consilium.

953 2006 1094 2037 17-24.
1117 2008 1159 2037 At
1188 2014 1236 2044 tu,
1266 2008 1437 2049 quicunque
1459 2019 1488 2039 es
1505 2009 1656 2050 felicior:

906 2048 1027 2080 Tibull.
1050 2049 1072 2084 i,
1100 2051 1133 2085 5,
1161 2050 1214 2088 69,
1240 2051 1282 2082 At
1306 2057 1354 2086 tu,
1378 2052 1432 2091 qui
1453 2054 1552 2091 potior
1572 2063 1658 2084 nunc

906 2103 946 2129 es,
966 2103 1029 2123 mea
1041 2093 1141 2134 furta
1156 2095 1259 2124 timeto
1269 2105 1279 2131 3
1309 2093 1458 2124 Versatur
1473 2095 1564 2126 celeri
1582 2095 1658 2127 Fors

907 2136 978 2166 levis
989 2137 1057 2166 orbe
1068 2142 1151 2167 τοτα.
1196 2137 1265 2167 Meo
1279 2138 1426 2177 superbus
1439 2139 1553 2169 incedis
1566 2140 1658 2176 malo,

905 2179 1040 2220 superbe
1057 2189 1107 2210 me
1122 2178 1179 2210 tibi
1196 2190 1215 2210 a
1232 2180 1349 2211 Neaera
1366 2180 1484 2222 perfida
1500 2182 1657 2224 postposi-

905 2227 971 2252 tum
984 2222 1079 2253 rides.
1121 2222 1251 2258 Licebit,
1265 2233 1331 2265 pro,
1343 2224 1500 2265 quamvis,
1517 2224 1604 2261 licet,
1620 2232 1657 2256 ut

905 2263 962 2295 inf.
983 2265 1050 2295 Sat.
1068 2264 1101 2300 ii,
1118 2267 1151 2302 2,
1167 2267 1222 2304 59,
1245 2267 1347 2297 licebit
1364 2266 1424 2297 Ille
1437 2270 1565 2307 repotia,
1581 2274 1658 2300 cett.

903 2309 1042 2339 celebret.
1088 2309 1245 2345 Pactolus,
1265 2309 1376 2351 Lydiae
1398 2310 1526 2347 fluvius,
1551 2310 1656 2343 aureis

903 2351 1022 2388 arenis,
1047 2361 1128 2393 quas
1152 2353 1274 2383 vexisse
1297 2351 1428 2390 dicitur,
1452 2353 1530 2384 satis
1550 2359 1656 2387 notus.

903 2395 1041 2430 Arcana,
1065 2395 1229 2426 recondita
1254 2401 1413 2438 praecepta
1437 2401 1470 2427 et
1493 2397 1655 2438 dogmata.

907 2438 1090 2480 Pythagorae
1115 2440 1236 2470 renati.-
1260 2438 1302 2470 cf.
1324 2449 1396 2481 sup.
1418 2438 1458 2470 ad
1479 2438 1502 2475 i,
1524 2441 1579 2476 28.
1606 2442 1655 2472 ll.

905 2480 1021 2512 Nirea:
1046 2481 1088 2512 cf.
1106 2480 1151 2518 iii,
1165 2483 1220 2517 20,
1237 2482 1290 2513 15.
1328 2483 1384 2513 Ast
1395 2493 1448 2524 ego
1465 2484 1593 2515 vicissim
1609 2486 1655 2515 ri-

903 2534 987 2554 sero:
1013 2531 1198 2566 comparant
1215 2524 1406 2566 Asclepiad.
1431 2525 1518 2558 xviii.
1534 2527 1567 2562 3,
1583 2527 1654 2558 An-

905 2566 984 2597 thol.
1002 2567 1107 2598 Graec.
1128 2568 1167 2598 T.
1183 2567 1206 2604 i,
1224 2579 1256 2611 p.
1275 2568 1348 2599 147.
1393 2567 1494 2600 Plura
1514 2568 1547 2600 in
1570 2569 1654 2602 hanc

905 2609 1094 2642 sententiam
1111 2609 1174 2642 vid.
1191 2610 1278 2653 apud
1300 2611 1433 2643 Jacobs.
1455 2611 1495 2643 ad
1518 2613 1657 2644 Straton.

906 2653 968 2695 Ep.
998 2664 1093 2690 xxxv,
1123 2652 1155 2684 in
1183 2653 1357 2686 Animadv.
1389 2655 1452 2688 vol.
1485 2654 1520 2692 ii,
1552 2667 1583 2698 p.
1607 2655 1654 2693 iii,
