1884 3288
285 224 341 264 20

868 223 1266 275 CARMINUM

625 321 757 362 Nunc
778 314 821 363 et
838 321 1009 363 latentis
1031 322 1224 376 proditor
1244 323 1391 364 intimo

623 387 788 428 Gratus
809 387 962 442 puellae
982 389 1092 429 risus
1113 389 1167 429 ab
1189 388 1359 442 angulo,

681 453 930 508 Pignusque
952 454 1178 508 dereptum
1196 453 1381 505 lacertis,

737 519 830 561 Aut
851 521 984 575 digito
1005 520 1112 562 male
1132 522 1352 575 pertinaci.

861 740 1132 781 CARMEN
1164 741 1221 782 X.

806 879 877 909 AD

914 878 1271 910 MERCURIUM.

626 983 860 1033 Mmzcmu,
883 983 1066 1024 facunde
1087 997 1220 1037 nepos
1241 981 1442 1032 Atlantis,

623 1049 713 1096 Qui
734 1050 847 1092 feros
868 1049 1008 1091 cultus
1029 1049 1247 1090 hominum
1266 1055 1486 1090 recentum

624 1115 747 1158 Voce
767 1116 960 1158 formasti
979 1122 1116 1164 catus,
1137 1122 1180 1156 et
1200 1116 1369 1156 decorae

1023 1181 1151 1222 More
1171 1181 1407 1236 palaestrae:

283 1283 339 1314 inf.
355 1283 455 1325 Epist.
470 1284 503 1321 ii,
520 1286 552 1320 2,
578 1287 649 1319 150,
662 1285 790 1327 sugeres
806 1284 943 1327 (nolles)
963 1295 1014 1315 cu-

281 1327 395 1356 rav-ier.
447 1328 487 1357 In
514 1327 712 1362 sententiam,
741 1338 806 1368 qua
832 1327 949 1358 ridetur
977 1326 1016 1358 de

281 1367 409 1398 crastini
431 1368 492 1399 diei
515 1375 595 1400 sorte
618 1369 808 1406 sollicitudo,
831 1369 939 1399 laudat
963 1368 1015 1399 Cl.

282 1409 417 1440 Mitsch.
435 1411 525 1442 Grot.
541 1412 687 1452 Excerpt.
700 1422 731 1452 p.
745 1412 818 1447 875,
835 1410 888 1441 ubi
905 1410 1014 1441 Phile-

282 1457 378 1482 taerus
393 1452 486 1493 jubet
508 1453 591 1484 haud
614 1453 659 1490 εἰς
681 1453 798 1492 αὔριον
820 1453 1014 1494 φροντίζειν,

283 1493 315 1523 τί
331 1494 376 1524 ἂν
397 1494 499 1526 ἔσται.
543 1495 638 1531 Puer,
653 1495 752 1527 donec
767 1495 799 1525 in
816 1495 890 1525 flore
913 1494 1014 1525 aetatis

280 1535 472 1567 constitutus
487 1547 532 1568 es.

328 1578 464 1609 17-20.
489 1580 606 1610 Vir-enti
623 1578 849 1619 significantius
863 1589 930 1619 pro,
945 1578 1024 1608 tibi:

285 1619 414 1659 Campus
435 1627 463 1651 et
485 1632 561 1652 areae
581 1621 721 1660 intellige
739 1621 967 1651 ambulationes
981 1620 1014 1650 in

281 1670 393 1703 campo
411 1663 526 1693 Martio
539 1668 570 1693 et
583 1665 672 1698 areis,
690 1664 722 1693 h.
737 1673 765 1693 e.
783 1663 858 1693 locis
877 1661 961 1704 puris
980 1662 1012 1692 in

281 1704 369 1741 urbe,
383 1705 432 1735 vel
453 1705 623 1746 porticibus
642 1704 682 1735 ad
704 1705 831 1746 templa,
849 1704 903 1734 ubi
926 1704 1014 1745 pueri

280 1745 458 1787 puellaeque
473 1746 649 1787 frequenter
664 1746 776 1776 amoris
790 1755 883 1776 causa
898 1747 1013 1776 versari

281 1787 434 1818 solebant.
465 1789 559 1818 Lenes
570 1790 701 1823 sucum-i,
714 1787 837 1818 blandae
849 1794 879 1818 et
890 1787 1012 1818 furtivae

280 1830 451 1860 amantium
468 1830 738 1861 confabulationes
756 1831 939 1872 (ὀαρισμοὶ,
956 1830 1010 1870 ψι-

279 1870 497 1912 Θυρίσματα).
524 1874 699 1912 Composita,
710 1883 748 1903 ex
758 1872 927 1913 composito
938 1882 1010 1902 con·

277 1912 408 1951 stituta3
432 1923 500 1949 nOS,
530 1916 709 1945 veram-edet.
755 1915 954 1952 Repetantnr,
979 1914 1009 1944 h.

279 1964 308 1985 e.
323 1955 362 1986 de
376 1955 495 1994 integro
508 1956 557 1986 vel
572 1955 686 1997 saepius
702 1956 903 1986 misceantur.
949 1956 1010 1986 Ce-

279 2002 377 2027 terum
402 1998 434 2028 in
458 1997 657 2032 sententiam,
678 1998 774 2028 amori
795 2004 826 2028 et
843 1997 1011 2037 voluptati—

278 2038 348 2073 bus,
375 2046 543 2080 antequam
566 2039 648 2071 iners
674 2046 750 2070 aetas
771 2049 827 2069 nos
852 2040 1010 2080 subrepat,

277 2079 504 2121 indulgendum
525 2091 604 2116 esse,
624 2089 784 2123 comparat
807 2081 856 2111 Cl.
877 2081 1010 2112 Mitsch.

277 2122 454 2164 Antiphan.
476 2125 535 2165 Ep.
558 2125 589 2156 2.
609 2125 640 2158 3,
662 2124 760 2154 Anth.
786 2123 842 2153 Gr.
860 2124 899 2153 T.
924 2123 956 2158 ii,
976 2134 1008 2164 p.

282 2165 340 2197 188
357 2165 448 2206 (edit.
466 2166 556 2203 Jac.)
579 2171 610 2196 et
630 2166 738 2196 Rufin.
759 2166 820 2206 Ep.
838 2166 886 2201 10,
903 2167 922 2195 2
939 2176 1008 2206 sqq.

281 2206 378 2239 Anth.
394 2208 451 2238 Gr.
466 2209 503 2238 Τ.
519 2207 563 2242 iii,
580 2219 610 2249 p.
631 2209 700 2237 101.

319 2250 459 2280 21—24.
482 2250 574 2280 Nunc
584 2257 611 2279 et
625 2251 746 2279 latentis
758 2254 830 2280 cett.
847 2258 931 2278 nunc
944 2253 1007 2278 tam

276 2289 367 2326 risus,
389 2301 452 2332 quo
474 2291 578 2332 puella
596 2301 628 2322 se
646 2291 744 2332 ipsam
768 2291 799 2321 in
822 2290 930 2320 intimo
949 2295 1006 2320 an*-

275 2332 349 2371 gulo
362 2333 507 2364 latentem
516 2333 626 2374 prodit,
635 2343 727 2374 quam
740 2333 851 2374 pignus
861 2332 1006 2370 delectat,

274 2375 358 2414 quod
374 2374 442 2415 ejus
458 2374 581 2406 lacertis
596 2376 642 2405 vel
659 2375 756 2414 digito
768 2375 927 2415 dereptum
941 2380 1006 2413 est;

274 2415 351 2452 sive,
361 2416 912 2458 nuncjucundissimusestillelusus
921 2426 1006 2447 ama-

274 2458 383 2494 torius,
397 2469 461 2499 quo
472 2459 598 2500 puellae,
612 2469 683 2499 quae
697 2469 730 2488 se
741 2459 838 2499 ipsam
853 2458 885 2488 in
898 2458 1006 2489 intimo

274 2501 390 2540 angulo
406 2501 550 2531 latentem
574 2501 702 2532 ridendo
722 2500 868 2541 prodidit.
884 2501 931 2530 vel
955 2510 1003 2530 ar-

274 2542 361 2573 milla
375 2544 415 2574 de
429 2543 497 2584 ejus
512 2542 647 2577 lacertis,
662 2543 708 2573 vel
730 2543 867 2573 annulus
882 2542 920 2572 de
936 2542 1005 2582 ejus

273 2584 372 2625 digito
398 2591 547 2626 tanquam
575 2584 687 2626 pignus
711 2584 823 2614 amoris
845 2584 1006 2625 deripitur.

275 2627 382 2667 Digito
390 2629 466 2657 male
473 2629 636 2666 pertinaci:
650 2626 749 2657 facete
760 2627 798 2657 de
809 2626 925 2667 puella,
934 2637 1006 2666 quae

272 2678 335 2700 non
359 2668 495 2704 vincere,
520 2669 575 2700 sed
601 2669 682 2699 vinci
709 2668 741 2698 in
766 2669 836 2698 lusu
856 2667 1004 2698 amatorio

271 2710 376 2752 cupit;
389 2710 458 2751 ejus
467 2713 582 2752 digitus
591 2710 694 2751 igitur,
705 2709 787 2740 haud
797 2711 839 2740 ita
850 2720 1002 2751 compres-

271 2762 325 2783 sus
341 2758 375 2783 ut
393 2763 472 2794 aegre
487 2763 526 2784 ex
547 2763 583 2782 eo
603 2751 722 2783 detrahi
740 2751 837 2793 possit
855 2751 1001 2789 annulus,

270 2801 319 2826 est
342 2797 428 2831 male,
453 2794 482 2825 h.
504 2804 534 2824 e.
558 2794 673 2829 minus,
695 2797 843 2833 pertinax.
887 2794 1001 2824 Totum

271 2836 355 2868 hunc
370 2837 485 2874 locum,
503 2842 537 2867 ut
553 2836 633 2867 bene
647 2837 790 2866 observat
805 2836 855 2866 Cl.
871 2835 1000 2867 Mitsch.

269 2878 408 2909 imitatus
425 2884 472 2910 est
488 2878 605 2910 Auctor
622 2878 730 2918 Elegg.
744 2888 813 2919 quae
830 2878 888 2908 sub
903 2878 1000 2909 Corn.

270 2920 356 2952 Galli
381 2921 503 2952 nomine
524 2919 794 2953 circumferuntur.
819 2920 840 2954 i,
861 2920 901 2950 67
919 2931 925 2949 ε
960 2920 998 2950 Et

269 2975 351 2995 ‘nunc
376 2965 529 2994 subridens
557 2964 684 2994 latebras
703 2963 847 3003 fugitiva
871 2964 999 3002 petebat,

1061 1283 1130 1314 Non
1143 1290 1241 1315 tamen
1253 1284 1410 1326 effugiens,
1425 1289 1486 1314 tota
1497 1282 1551 1324 (ut
1563 1282 1642 1314 bene
1652 1292 1718 1325 pro,
1730 1284 1792 1314 tale

1058 1326 1204 1356 emendat
1226 1327 1277 1358 Cl.
1306 1324 1453 1365 Mitsch.)
1483 1327 1574 1356 latere
1600 1326 1710 1361 volem,
1731 1326 1790 1356 Sed

1058 1370 1151 1408 magis
1182 1379 1215 1398 ea·
1243 1369 1346 1408 aliqua
1375 1369 1511 1407 cupiebat
1543 1373 1632 1407 parte
1664 1369 1764 1398 videri
1774 1379 1788 1405 ,-

1057 1409 1170 1440 Laetior
1184 1411 1236 1440 hoc
1251 1411 1355 1446 multo,
1371 1412 1448 1450 quod
1461 1410 1538 1440 male
1552 1409 1735 1450 teetafimt.

1288 1493 1489 1525 CARMEN
1512 1493 1554 1523 X.

1100 1535 1182 1566 Cum
1197 1540 1294 1566 totum
1311 1536 1369 1566 hoc
1384 1545 1509 1566 carmen
1523 1533 1695 1566 secuudum
1711 1534 1788 1566 Por.

1058 1576 1218 1618 phyriouis
1228 1577 1381 1611 scholion,
1399 1577 1539 1618 Hymnus
1552 1578 1584 1606 in
1600 1576 1788 1608 Mercurium

1058 1620 1094 1648 ab
1108 1621 1204 1650 Alcaeo
1217 1621 1311 1660 lyrico
1324 1626 1419 1658 poeta.
1434 1629 1473 1650 ex
1485 1618 1596 1649 Alcaeo
1607 1628 1787 1666 expressum

1056 1660 1095 1690 sit
1109 1672 1116 1698 ;
1140 1667 1231 1702 poeta
1246 1661 1277 1691 in
1294 1661 1350 1691 illo
1364 1660 1578 1702 componendo
1595 1659 1672 1691 nihil
1687 1660 1786 1698 aliud,
1799 1679 1802 1685 ·

1056 1702 1117 1732 nisi
1133 1709 1168 1733 ut
1181 1713 1219 1734 ex
1236 1703 1348 1734 Graeco
1360 1713 1485 1734 carmen
1499 1702 1648 1733 Latinum
1660 1702 1785 1740 faceret,

1055 1751 1214 1785 spectasse
1235 1743 1378 1783 videtur;
1411 1743 1496 1786 quod
1517 1743 1652 1785 quidem,
1674 1754 1786 1786 quam-

1055 1796 1150 1826 quam
1174 1786 1271 1828 lyrico
1293 1797 1375 1817 mor-e
1404 1787 1537 1817 breviter
1553 1792 1675 1817 tantum
1697 1787 1786 1819 Mer-

1056 1828 1134 1858 curii
1150 1829 1258 1859 laudes
1269 1828 1406 1869 attingit,
1419 1829 1460 1859 ad
1470 1828 1652 1870 hymnorum
1668 1836 1786 1866 tamen,

1055 1870 1111 1910 qui
1130 1870 1162 1900 in
1180 1871 1307 1901 deorum
1326 1870 1454 1911 origine,
1475 1869 1666 1906 muneribus,
1686 1870 1784 1902 virtu-

1054 1913 1150 1949 tibus,
1167 1913 1295 1948 meritis,
1310 1919 1342 1944 et
1356 1911 1490 1944 inventis
1505 1911 1702 1943 celebrandis
1718 1923 1784 1944 ver-

1054 1959 1174 1990 santur,
1195 1965 1307 1994 genera
1329 1960 1410 1985 recte
1430 1954 1534 1985 referri
1556 1959 1667 1996 potest.
1710 1955 1784 1987 Jam

1054 2006 1124 2026 vero
1140 2007 1212 2026 cum
1229 1997 1386 2027 Mercurio
1399 1995 1552 2026 tribuatur
1571 1995 1714 2038 inprimis
1733 1995 1784 2028 in-

1053 2037 1179 2077 genium
1201 2038 1347 2079 prudens,
1365 2037 1484 2074 sollers,
1508 2043 1602 2079 atque
1623 2037 1783 2075 callidum,

1053 2079 1122 2109 laus
1149 2090 1274 2120 quoque
1310 2079 1379 2120 ejus
1410 2079 1444 2110 in
1478 2079 1571 2110 rebus
1605 2079 1784 2121 prudenter.

1053 2121 1203 2155 sollerter.
1218 2128 1248 2153 et
1260 2122 1373 2152 callide
1385 2121 1424 2152 ab
1436 2131 1472 2153 eo
1486 2121 1587 2158 factis,
1598 2122 1784 2155 continetur.

1052 2163 1164 2204 Itaque
1178 2163 1209 2195 in
1227 2164 1284 2194 hoc
1300 2163 1436 2195 carmine
1452 2163 1603 2194 Mercurii
1641 2164 1784 2196 radentia

1051 2212 1083 2236 et
1111 2205 1277 2246 sapientia,
1305 2216 1370 2247 qua
1401 2216 1463 2236 non
1492 2205 1592 2236 solum
1643 2205 1784 2238 ominum

1052 2247 1172 2278 animos
1194 2247 1318 2278 dicendi
1340 2253 1405 2278 aste
1428 2247 1577 2284 imbuere,
1600 2247 1655 2278 sed
1676 2258 1783 2280 eorum

1050 2299 1179 2331 corpora
1192 2300 1316 2330 quoque
1333 2289 1534 2331 gymnasticis
1552 2289 1782 2321 exercitationi·

1050 2331 1108 2361 bus
1123 2333 1320 2362 corroborare
1334 2331 1503 2368 studuerit3
1521 2330 1590 2372 ejus
1602 2331 1635 2362 in
1649 2331 1780 2374 explen-

1049 2373 1098 2403 dis
1124 2373 1226 2404 nuntii
1254 2374 1339 2415 apud
1366 2375 1477 2405 Jovem
1506 2379 1538 2404 et
1566 2378 1684 2404 ceteros
1706 2373 1782 2406 deos

1050 2415 1190 2456 partibus
1213 2415 1392 2450 dexteritas,
1417 2421 1459 2450 et.
1485 2424 1550 2456 qua
1572 2415 1670 2458 lyram
1693 2415 1779 2448 inve-

1051 2458 1141 2491 nerit,
1154 2457 1309 2496 sollertia3
1328 2458 1355 2499 ej
1362 2467 1398 2488 us
1414 2467 1514 2498 porro,
1527 2467 1590 2498 qua
1601 2463 1666 2488 tam
1677 2457 1778 2500 Apol-

1047 2499 1154 2534 linem.
1181 2500 1295 2540 sagitta
1319 2499 1364 2530 illi
1389 2499 1498 2540 jocoso
1522 2498 1604 2530 furto
1628 2506 1778 2542 surrepta,

1047 2541 1166 2576 luserit,
1181 2552 1276 2582 quam
1292 2541 1401 2582 vigiles
1413 2541 1445 2571 in
1461 2540 1570 2572 castris
1585 2541 1778 2579 Graecorum,

1048 2583 1208 2614 Priamum
1231 2594 1285 2626 per
1307 2593 1344 2614 ea
1373 2583 1411 2614 ad
1435 2582 1595 2614 Achillem
1622 2583 1776 2620 ducendo,

1049 2625 1201 2660 fefellerit,
1230 2625 1407 2663 calliditas3
1437 2624 1507 2665 ejus
1537 2623 1684 2665 denique,
1713 2636 1778 2667 quo

1047 2667 1168 2697 animas
1196 2667 1234 2698 ad
1264 2667 1383 2708 inferos,
1402 2666 1546 2703 deducat,
1571 2665 1777 2698 ministerium

1047 2709 1193 2739 laudatur
1207 2715 1300 2750 atque
1319 2709 1510 2739 celebratur:
1534 2707 1676 2745 breviter,
1692 2709 1775 2741 cele-

1046 2751 1152 2781 bratur
1166 2750 1343 2782 Mercurius
1357 2750 1390 2780 in
1403 2750 1462 2780 hoc
1475 2748 1612 2780 carmine
1626 2756 1776 2792 tanquam

1045 2793 1122 2823 deus
1133 2792 1260 2834 λόγιος,
1276 2793 1470 2834 ἐναγώνιος,
1484 2791 1630 2833 ἅγγελος
1645 2791 1774 2825 ἀθανά-

1047 2847 1126 2870 των,
1143 2835 1375 2877 αἰμυλόμητις.
1390 2833 1633 2885 ψυχοπομπός-ζ

1091 2878 1183 2907 1-4.
1197 2878 1338 2908 Fut-unde
1348 2877 1491 2918 (λογιε),
1503 2874 1682 2906 facundiam
1690 2876 1774 2907 enim

1044 2918 1184 2960 inprimis
1199 2919 1376 2958 postulabat
1392 2917 1484 2958 legati
1499 2917 1564 2948 sive
1578 2917 1679 2948 nuntii
1691 2919 1774 2960 apud

1044 2960 1116 2992 deos
1132 2970 1246 2992 munus
1258 2972 1267 3000 ;
1290 2959 1362 2991 hinc
1377 2959 1564 3002 eloquentiae
1584 2963 1670 3001 puter
1685 2959 1774 2991 habi-
