1884 3288
331 187 410 228 102

924 184 1320 226 CARMINUM

669 284 886 338 Spar-sisse
906 291 1114 326 nocturno
1136 299 1286 326 cruore

721 350 941 404 Hospitis3
972 351 1041 391 ille
1061 365 1223 392 venena
1243 349 1418 400 Colcha,

613 415 673 456 Et
694 416 903 469 quidquid
925 430 1105 469 usquam
1125 416 1362 469 concipitur
1381 414 1515 463 nefas,

529 482 580 521 10
609 481 852 522 Tractavit:
885 495 988 534 agro
1008 481 1083 535 qui
1104 481 1251 520 statuit
1272 494 1366 520 meo

665 546 748 595 Te,
770 547 891 586 triste
911 546 1087 599 lignum,
1109 552 1150 585 te
1171 545 1379 585 caducum

721 612 772 652 In
794 612 951 651 domini
972 617 1101 664 caput
1122 610 1380 650 inmerentis.

609 678 728 724 Quid
749 677 930 730 quisque
952 677 1069 725 vitet,
1091 689 1308 728 nunquam
1327 674 1487 714 homini
1510 674 1611 714 satis

610 743 792 783 Cautum
814 749 879 782 est
899 743 942 781 in
961 741 1105 781 horas.

666 808 828 848 Poenus
849 806 1154 860 perhorrescit,
1175 820 1314 858 neque
1335 804 1446 845 ultra

529 809 580 848 15

1166 740 1325 780 Navita
1346 739 1590 793 Bosporum

723 873 847 912 Caeea
869 873 988 912 timet
1008 871 1178 911 aliunde
1200 870 1307 920 fata3

608 937 736 978 Miles
759 939 934 992 sagittas
956 944 999 977 et
1019 936 1199 977 celerem
1220 936 1364 989 fugam

606 1004 781 1053 Parthi3
813 1011 986 1044 catenas
1009 1001 1196 1042 Parthus
1217 1008 1260 1041 et
1281 1000 1435 1041 Italum

662 1069 842 1110 Robur:
876 1068 952 1108 sed
973 1067 1200 1120 improvisa
1219 1066 1293 1106 leti

521 1135 576 1174 20

719 1134 799 1175 Vis
821 1134 962 1187 rapuit
983 1133 1206 1185 rapietque
1227 1137 1395 1184 gentes.

609 1199 750 1245 Quam
770 1213 894 1252 paene
914 1198 1048 1238 furvae
1068 1211 1201 1250 regna
1221 1196 1506 1250 Proserpinae‚

610 1265 670 1306 Et
685 1265 948 1319 judicantem
970 1263 1150 1303 vidimus
1171 1261 1379 1303 AEacum:

322 1386 462 1419 similiter
475 1389 580 1429 gulam
594 1388 696 1428 laqueo
708 1386 860 1428 frangere
882 1386 963 1417 dixit
982 1385 1051 1416 Sal-

322 1428 436 1460 lustius
452 1430 523 1460 Cat.
537 1440 565 1460 c.
581 1430 634 1460 35.
677 1429 834 1459 Nocturna
849 1438 966 1466 cruore,
978 1437 1052 1458 san-

322 1470 418 1511 guine
443 1476 579 1512 tempore
604 1470 705 1500 noctis
726 1470 850 1506 hausto,
874 1479 941 1511 pro,
968 1470 1054 1499 caede

322 1517 472 1543 nocturno
488 1518 624 1553 tempore
640 1511 787 1542 insidiose
804 1515 994 1552 perpetrata:
1015 1510 1054 1541 de

322 1553 461 1595 hospitii,
472 1555 523 1584 cui
537 1553 652 1584 tuendo
662 1553 784 1594 Jupiter
794 1551 900 1589 ξένιος
910 1557 1052 1593 praeerat,

322 1595 489 1626 sanctitate
503 1605 551 1626 res
567 1600 651 1626 nota.
687 1595 808 1629 Colcha,
824 1604 890 1635 pro,
908 1593 1052 1628 Colchia‚

322 1636 448 1667 Medeae
475 1636 634 1667 Colchicae
659 1635 801 1676 inprimis
827 1635 995 1669 veneficiis,
1018 1640 1054 1664 ut

321 1676 412 1718 longe
427 1677 655 1712 efficacissima,
675 1677 852 1707 nobilitata.
897 1677 1052 1706 caducum

321 1719 451 1759 lignum,
481 1720 617 1750 arborem
648 1719 822 1755 cadentem,
851 1717 901 1748 vel
931 1717 1050 1758 lignum

321 1770 479 1796 casurum,
504 1766 541 1790 ut
563 1760 619 1789 inf.
636 1759 680 1796 iii,
694 1761 726 1795 4,
743 1761 796 1794 44,
811 1759 936 1799 fulmen
958 1761 1051 1790 cadu-

320 1812 398 1837 cum,
420 1801 502 1842 quod
526 1801 654 1837 decidit,
678 1801 728 1832 vel
753 1801 909 1842 dejectum
933 1806 999 1840 est5
1021 1806 1053 1831 et

321 1842 367 1873 sic
384 1853 466 1884 saepe
483 1843 570 1874 alibi.

366 1885 503 1915 13—20.
527 1885 566 1914 In
585 1885 682 1921 horas,
696 1883 728 1914 in
751 1889 875 1924 tempus
898 1883 1048 1919 futurum,

321 1924 353 1956 h.
363 1935 392 1956 e.
405 1927 486 1967 quod
504 1926 616 1956 attinet
626 1926 665 1956 ad
680 1925 828 1966 pericula,
840 1925 951 1970 quavis
963 1924 1049 1960 hora,

320 1967 430 2014 quovis
444 1968 591 2009 temporis
604 1972 772 2001 momento,
785 1967 874 1996 nobis
883 1965 1049 1996 imminen-

320 2014 384 2046 t1a5
407 2011 452 2043 in,
477 2015 512 2040 ut
535 2020 605 2050 sup.
628 2008 662 2043 ii,
692 2010 742 2042 11,
770 2009 802 2043 4,
828 2008 963 2049 positum
988 2007 1050 2038 sere

320 2060 388 2121 pro,
404 2053 479 2090 quod
499 2053 609 2080 attinet
627 2052 678 2080 ad.
724 2050 834 2084 Horas,
860 2049 923 2079 sata
943 2048 1052 2089 quavis

342 2101 396 2123 ora
410 2092 498 2122 nobis
512 2091 675 2122 instantia.
699 2091 814 2120 Navita
833 2091 954 2124 Poenus,
970 2100 1049 2120 mer·

319 2138 406 2164 cator
435 2133 633 2164 Phoenicius.
679 2133 852 2171 Bosporum,
881 2130 1048 2162 Thracium

319 2184 443 2216 nempe,
463 2185 517 2216 per
533 2185 625 2216 quem
648 2174 832 2214 navigantes
855 2174 887 2202 in
911 2174 1048 2203 Pontum

319 2215 480 2247 Euxinum
503 2216 691 2247 deferuntur.
735 2215 948 2249 Perhorrescit,
971 2225 1048 2255 prae-

318 2256 408 2298 cipue
424 2258 463 2288 ob
479 2265 581 2299 petras
595 2258 750 2298 Cyaneas,
760 2266 779 2286 a
795 2255 935 2296 Bosp'oro
951 2257 1049 2286 Thra-

317 2298 366 2329 cio
382 2300 569 2330 exeuntibus
584 2309 698 2338 magna
709 2296 998 2338 circumspectione,
1013 2307 1050 2328 ue

318 2340 513 2381 naufragium
528 2341 571 2371 ibi
591 2340 759 2381 patiantur,
775 2339 948 2370 evitandas.
987 2339 1047 2368 Ne-

317 2393 372 2421 que
386 2385 472 2413 ultra
490 2384 573 2413 Caeca
600 2383 682 2412 limet
702 2382 827 2411 aliunde
840 2380 930 2420 fata,
947 2390 1049 2421 neque

317 2429 477 2470 praeterea,
501 2435 572 2465 quae
596 2423 627 2453 in
645 2423 714 2453 aliis
733 2421 812 2453 locis
836 2422 997 2462 (aliunde)
1019 2422 1049 2453 ei

317 2465 501 2496 immineant
512 2465 661 2507 pericula,
672 2465 771 2498 timet,
789 2463 864 2504 quia
878 2474 952 2494 caeca
963 2468 1046 2498 sunt,

315 2505 347 2537 h.
362 2517 391 2537 e.
406 2507 517 2542 latent,
535 2517 592 2537 nee
615 2505 776 2547 praevideri
790 2510 931 2547 possunt.
977 2505 1047 2536 Cic.

317 2547 396 2589 Agr.
421 2549 454 2585 ii,
479 2550 530 2583 14,
550 2559 605 2578 cur
629 2549 679 2578 hoc
701 2554 743 2577 est
766 2553 826 2577 tam
848 2548 1004 2577 obscurum
1019 2553 1046 2577 et

313 2601 433 2620 cecum.
479 2591 609 2620 Celerem
619 2590 735 2630 fugam
751 2588 883 2625 Parthi3
911 2587 1047 2619 Parthus

315 2631 399 2662 enim
432 2631 466 2662 in
501 2631 606 2666 celeri,
635 2641 730 2672 quam
757 2630 936 2663 simulabat,
958 2629 1044 2669 suga,

314 2683 386 2703 cum
401 2673 543 2710 telorum,
560 2682 640 2714 equo
655 2676 779 2713 repente
792 2681 877 2701 verso
893 2670 952 2711 (cf.
976 2681 1046 2711 sup.

314 2714 337 2750 i,
356 2715 406 2750 19,
430 2716 503 2752 ll),
529 2714 563 2745 in
589 2716 708 2744 hostem
728 2712 942 2754 jaciendorum
964 2718 1045 2743 esset

353 2755 528 2792 ritissimus,
556 2756 604 2787 vel
630 2754 764 2785 maxime
789 2754 946 2784 timendus
975 2753 1043 2784 fuit.

345 2799 430 2834 abur,
446 2797 586 2837 intellige
601 2797 703 2828 locum
718 2797 752 2826 in
766 2805 888 2826 carcere
903 2795 1041 2826 trabibus

312 2839 449 2871 roboreis
479 2845 670 2875 contextum,
702 2838 756 2869 ubi
786 2836 973 2879 supplicium
1002 2837 1041 2867 de

312 2880 446 2923 captivis
459 2881 509 2914 vel
527 2881 676 2912 maleficis
691 2879 771 2910 sumi
791 2880 934 2915 solebat;
958 2878 1041 2909 unde

1095 1390 1202 1427 postea
1217 1387 1327 1417 roboris
1338 1395 1451 1416 nomen
1469 1386 1584 1416 carceri
1597 1385 1729 1416 mansit:
1754 1385 1826 1417 Liv.

1095 1427 1223 1464 xxxviii,
1247 1429 1301 1463 59,
1327 1427 1368 1458 Ut
1383 1429 1414 1457 in
1430 1437 1546 1458 carcere
1560 1427 1739 1469 inter-sures
1754 1438 1822 1459 noc·
1871 1445 1879 1449 >=

1098 1475 1201 1499 tui-nos
1217 1475 1244 1499 el
1261 1470 1390 1499 latrones
1405 1470 1452 1499 vir
1465 1469 1649 1500 clarissimus
1666 1469 1764 1508 Scipio
1777 1470 1826 1499 in-

1097 1511 1250 1547 cludatur,
1269 1517 1297 1540 et
1313 1512 1345 1540 in
1359 1511 1458 1540 robore
1473 1515 1502 1540 et
1517 1511 1642 1541 tenebris
1655 1513 1794 1550 exspiret.

1140 1553 1279 1582 21—25.
1303 1551 1455 1592 Expende
1476 1555 1631 1588 ornatum,
1646 1562 1740 1592 quem
1753 1551 1828 1583 sim-

1096 1592 1172 1639 plici
1188 1593 1362 1639 sententiae,
1387 1597 1409 1610 “
1421 1602 1515 1664 (quam
1530 1602 1618 1634 poene
1631 1603 1689 1633 ego
1710 1593 1827 1624 arboris

1096 1639 1160 1664 ictu
1186 1635 1344 1675 periissem
1358 1645 1366 1670 ;
1396 1644 1434 1664 ve
1451 1656 1459 1669 ,

1096 1675 1161 1706 ictu
1185 1676 1307 1706 delatus
1329 1675 1456 1706 fuissem
1482 1675 1521 1706 ad
1542 1674 1689 1711 inferos.''
1707 1676 1828 1718 paravit

1093 1722 1192 1758 poetae
1208 1717 1378 1757 ingenium.
1423 1717 1542 1753 Furvae,
1565 1722 1600 1747 ut
1623 1718 1753 1752 luridus,
1777 1721 1824 1749 ni-

1092 1769 1158 1799 ger,
1179 1759 1326 1798 pallidus,
1345 1763 1419 1790 cett.
1435 1768 1537 1789 rerum
1556 1757 1744 1790 infernarum
1756 1759 1824 1802 epi-

1095 1801 1216 1831 theton.
1279 1801 1387 1840 Regna
1423 1799 1610 1839 Proserpinae
1643 1803 1754 1837 videre,
1789 1805 1827 1832 ut

1095 1843 1220 1882 nigrum
1235 1842 1399 1872 Tartarum
1415 1842 1525 1877 videre,
1538 1840 1622 1882 apud
1639 1841 1728 1883 Virg-
1745 1842 1826 1873 AEn.

1092 1882 1136 1918 vi,
1164 1884 1234 1919 134,
1257 1888 1289 1913 et
1309 1883 1393 1923 apud
1416 1883 1543 1913 Homer.
1565 1882 1658 1913 Iliad.
1673 1893 1727 1919 xv,
1748 1884 1824 1919 252,

1094 1923 1214 1961 νέκυας
1238 1925 1293 1954 καὶ
1317 1923 1393 1964 δῶμ’
1409 1922 1521 1955 Ἀΐδαο
1542 1923 1691 1965 ὄψεσθαι.
1731 1924 1824 1955 Judi-

1093 1973 1207 1996 cantem
1245 1967 1373 1996 vidimus
1405 1966 1545 1996 AEacum.
1604 1965 1655 1997 Cl.
1691 1965 1825 1997 Mitseh.

1093 2012 1254 2048 comparat
1269 2007 1376 2046 Antip.
1400 2007 1467 2036 Sid.
1484 2007 1505 2043 i,
1522 2008 1554 2042 4,
1570 2005 1702 2037 Anthol.
1717 2007 1825 2040 Groec.

1095 2049 1132 2078 Τ.
1157 2049 1190 2083 ii,
1221 2059 1252 2089 p.
1277 2049 1309 2084 5,
1335 2048 1431 2079 Μίνω
1463 2047 1592 2079 θᾶσσον
1621 2047 1824 2089 ἐποψόμεθα.

1095 2089 1237 2129 sedesque
1250 2091 1391 2120 discretas
1406 2091 1538 2129 piorum,
1548 2099 1677 2131 campos
1688 2090 1824 2130 Elysios.

1094 2131 1209 2170 Sappho
1234 2137 1402 2170 querentem
1426 2131 1537 2170 puellis
1556 2132 1592 2161 de
1613 2132 1823 2170 popularibus,

1092 2182 1218 2203 sensum
1235 2172 1360 2207 amoris,
1376 2182 1438 2213 quo
1454 2172 1575 2213 puellas
1590 2172 1756 2214 populares
1770 2173 1826 2205 de-

1092 2214 1194 2254 periit,
1221 2213 1413 2244 mollioribus
1437 2213 1627 2244 carminibus
1649 2213 1824 2266 exprimen-

1092 2260 1166 2290 tem,
1196 2255 1227 2285 h.
1255 2264 1286 2285 e.
1317 2254 1455 2285 carmina
1486 2255 1645 2292 amatoria,
1673 2266 1822 2297 ᾳσματα,

1092 2301 1256 2327 canentem
1268 2307 1276 2333 ;
1293 2296 1332 2327 ad
1347 2296 1414 2327 haec
1426 2297 1570 2338 Sapphus
1581 2295 1721 2327 earmina
1734 2307 1823 2338 spec-

1093 2342 1158 2368 tare
1172 2337 1293 2368 videtur
1309 2338 1435 2378 Fragm.
1451 2338 1534 2378 apud
1549 2337 1712 2378 Hephaest.
1723 2349 1756 2380 p.
1767 2339 1822 2376 24,

1092 2384 1124 2410 et
1151 2379 1236 2420 apud
1262 2378 1410 2410 Athenae.
1436 2379 1502 2416 xiii,
1529 2389 1562 2420 p.
1587 2379 1662 2410 571.
1705 2379 1752 2410 At
1766 2380 1822 2421 qui

1092 2421 1219 2462 Sappho
1236 2421 1305 2451 ideo
1320 2421 1358 2451 de
1382 2420 1496 2462 puellis
1522 2419 1724 2462 popularibus
1738 2431 1823 2452 nune

1116 2462 1180 2493 ueri
1202 2462 1406 2498 contendunt,
1430 2461 1513 2502 quod
1535 2461 1584 2492 hae
1606 2460 1767 2494 Phaonem
1781 2463 1822 2493 ab

1091 2503 1100 2533 i
1117 2504 1146 2534 la
1165 2504 1274 2535 misere
1290 2509 1428 2534 amatum
1443 2503 1476 2533 in
1490 2513 1624 2534 amorem
1643 2513 1734 2534 suum
1756 2504 1823 2545 pel-

1090 2545 1232 2581 lexerint,
1249 2546 1256 2575 i
1282 2545 1320 2580 si,
1337 2555 1431 2586 quam
1448 2549 1518 2586 apte
1531 2544 1590 2575 hoc
1605 2550 1822 2585 argumentum

1090 2597 1175 2618 nunc
1190 2556 1280 2629 apud³
1287 2586 1402 2617 inferos
1417 2585 1591 2617 tractaverit
1613 2585 1750 2627 Sappho,
1773 2587 1821 2617 vi-

1089 2628 1202 2659 derint.
1246 2629 1362 2662 AEoliis,
1379 2627 1411 2657 h.
1425 2637 1455 2659 e.
1469 2626 1602 2662 Lesbiis,
1614 2636 1687 2658 nam
1700 2627 1821 2659 Lesbus

1089 2675 1154 2700 tota
1177 2670 1239 2701 sere
1262 2669 1301 2700 ad
1319 2668 1458 2700 AEoliam
1482 2667 1625 2709 pertinet.
1671 2667 1822 2700 Similiter

1086 2711 1144 2742 inf.
1161 2711 1202 2746 iv,
1215 2712 1247 2746 9,
1266 2712 1316 2746 12,
1327 2709 1454 2751 Sappho
1464 2710 1569 2748 puella
1578 2709 1679 2740 AEolia
1694 2709 1821 2742 dieitur.

1088 2754 1233 2784 Ceterum
1248 2758 1284 2783 ut
1300 2751 1449 2782 Horatius
1463 2751 1599 2824 Sapgho,
1616 2750 1661 2781 ita
1682 2751 1819 2782 Simoni-

1085 2795 1141 2825 des
1158 2794 1234 2830 xlix,
1250 2795 1284 2829 9,
1305 2795 1354 2828 10.
1370 2792 1504 2824 Anthol.
1549 2802 1622 2823 raee.
1636 2791 1706 2828 T.i,
1717 2803 1750 2835 p.
1761 2793 1816 2829 69,

1084 2836 1316 2868 Anacreontem
1340 2834 1424 2876 apud
1450 2833 1563 2866 inferos
1586 2839 1750 2866 canentem
1770 2835 1818 2866 in-

1084 2878 1181 2909 ducit.

1483 1643 1576 1674 quam
1600 1644 1689 1675 paene
1711 1634 1826 1666 arboris
1880 1635 1881 1638 ’
