1904 3314
310 219 395 259 408

426 317 558 365 Quod
580 317 751 359 nimium
771 318 983 360 institerat
1004 320 1173 360 viventi.

846 218 1274 261 SATIRARUM

1233 317 1396 358 Cautus
1417 317 1534 358 adito
1546 334 1558 358 ε

424 384 527 426 Neu
547 385 660 426 desis
681 400 838 439 operae,
859 400 964 426 neve
984 385 1285 425 immoderatus
1307 384 1513 424 abundes.

341 452 397 492 90
426 451 654 492 Difficilem
674 461 716 492 et
736 467 947 493 morosum
970 451 1161 492 offendes
1183 450 1392 504 garrulus.

894 518 1044 558 Davus
1072 518 1129 557 sis
1153 519 1351 565 comicus,
1373 525 1500 568 atque

428 518 530 559 Non
551 520 676 559 etiam
698 519 833 559 sileas.

1455 449 1582 490 Ultro

430 584 526 625 Stes
549 586 686 638 capite
708 585 891 638 obstipo,
914 583 1091 624 multum
1113 583 1255 623 similis
1276 583 1494 622 metuenti.

429 651 652 704 Obsequio
673 666 890 705 grassare:
923 665 1058 699 mone,
1082 651 1116 689 si
1137 649 1348 690 increbuit
1369 663 1488 696 aura,

429 718 591 758 Cautus
613 718 674 757 uti
694 717 804 758 velet
825 731 966 757 carum
989 723 1140 770 caput:
1173 715 1353 756 extrahe
1374 716 1502 756 turba

342 783 399 824 95
429 784 652 838 Oppositis
672 784 881 824 humeris:
914 797 1059 823 aurem
1081 782 1323 834 substringe
1343 781 1524 835 loquaci.

428 850 703 904 Importunus
724 857 835 890 amat
854 849 1019 890 laudari
1037 851 1052 888 ?
1082 849 1230 896 donec,
1255 847 1354 887 Ohe
1369 847 1456 900 jam
1474 849 1482 887 Ξ

429 917 502 958 Ad
524 917 677 958 coelum
696 917 890 958 manibus
914 915 1104 964 sublatis,
1128 915 1297 963 dixerit,
1319 927 1438 967 urge,
1461 920 1504 953 et

430 983 702 1024 Crescentem
722 983 893 1023 tumidis
913 982 1013 1022 infla
1034 981 1297 1022 sermonibus
1318 987 1469 1019 utrem.

430 1050 573 1095 Quum
596 1058 638 1090 te
660 1050 830 1089 servitio
849 1049 979 1101 longo
1001 1061 1188 1099 curaque
1209 1046 1370 1093 levarit,

320 1116 400 1157 100
430 1115 490 1156 Et
510 1123 671 1156 certum
692 1115 883 1168 vigilans,
906 1114 1085 1160 Quartae
1106 1119 1199 1152 esto
1220 1112 1354 1165 partis
1377 1109 1570 1164 Ulysses,

429 1181 648 1230 Audieris,
669 1182 807 1222 haeres
825 1197 833 1221 :
866 1194 969 1233 ergo
991 1192 1101 1219 nunc
1125 1178 1263 1217 Dama
1284 1176 1440 1217 sodalis

431 1248 658 1301 Nusquam
679 1254 743 1287 est
761 1249 778 1287 ἲ
807 1247 920 1287 unde
942 1245 1043 1285 mihi
1062 1252 1146 1285 tam
1167 1244 1335 1292 fortem,
1358 1251 1527 1297 tamque
1547 1240 1747 1283 fidelem?

433 1314 597 1368 Sparge
620 1314 827 1354 subinde:
859 1319 916 1361 et,
939 1313 973 1352 si
994 1310 1167 1365 paulum
1189 1318 1310 1364 potes
1331 1309 1595 1350 illacrimare.

433 1380 606 1420 Gaudia
625 1380 879 1434 prodentem
899 1377 1061 1418 vultum
1083 1376 1233 1418 celare.

365 1533 417 1563 84.
439 1532 587 1571 Improba,
605 1542 667 1562 non
684 1532 723 1562 ad
739 1533 850 1563 vetulae
870 1542 980 1566 mores.
997 1529 1051 1562 sed

324 1573 363 1604 ad
386 1574 530 1604 festivum
548 1574 617 1615 ejus
634 1573 807 1614 ingenium,
830 1575 893 1604 sive
911 1573 949 1603 ad
964 1583 1051 1603 man-

323 1616 443 1651 datum,
459 1615 617 1656 ingeniose
635 1615 666 1645 in
686 1621 871 1646 testamento
889 1615 928 1644 ab
949 1626 986 1646 ea
1000 1625 1052 1644 ex-

324 1657 505 1696 cogitatum.
523 1657 734 1695 referendum3
757 1657 838 1698 apud
862 1667 916 1686 nos
931 1666 1054 1697 quoque

324 1709 386 1729 non
401 1709 491 1729 seusu
505 1699 638 1740 proprio,
649 1699 701 1729 sed
711 1698 817 1740 jocose
828 1708 1052 1739 nonnunquam

324 1740 440 1780 aliquis
455 1746 592 1774 vocatur,
606 1742 727 1782 gottlns.

367 1783 419 1812 87.
443 1782 560 1814 Scilicet
575 1785 599 1813 si
613 1789 716 1822 posset,
729 1793 764 1813 eo
774 1782 895 1812 scilicet
909 1781 1054 1818 consilio,

324 1834 398 1854 num
415 1824 491 1854 sorte
506 1830 622 1865 posset.

369 1867 420 1896 88.
447 1867 562 1897 Cautus
590 1868 682 1903 adito,
711 1865 794 1896 idern
824 1865 907 1906 quod
938 1875 968 1895 v.
1000 1866 1054 1900 48,

326 1909 432 1938 leniter
448 1909 567 1947 adrepe.

369 1950 422 1980 89.
464 1949 544 1980 Neve
582 1951 791 1979 immoderatus
828 1950 970 1984 abundes,
1009 1958 1056 1978 sc.

325 2001 429 2031 opera,
453 2001 529 2021 neve
552 1991 594 2021 sis
616 1990 647 2020 in
672 1991 730 2021 liae
753 2000 844 2030 opera
861 1990 986 2026 nimius,
1003 1991 1055 2030 (ut

325 2032 391 2067 ille,
405 2033 459 2073 qui
470 2033 584 2063 viventi
598 2033 708 2062 vetulae
722 2031 851 2062 nimium
862 2031 1033 2072 institerat)
1048 2043 1053 2061 :

327 2083 394 2108 nos,
410 2076 479 2105 aber
493 2076 658 2105 uber-treme
674 2085 701 2104 es
717 2075 810 2103 nicht.

368 2117 421 2146 90.
446 2116 620 2156 Difficilem,
636 2115 840 2146 fastidiosum.

369 2159 421 2188 91.
450 2158 538 2188 Ultro
561 2158 629 2188 Non
651 2159 738 2187 etium
757 2158 854 2190 sileas,
874 2166 931 2186 nec
952 2161 1055 2186 tamen

328 2198 421 2230 sileas
435 2200 508 2229 data
523 2209 623 2240 opera.
637 2198 702 2229 sive
715 2198 869 2228 consulto.
909 2198 1056 2233 Comicus,

329 2240 360 2271 in
378 2242 531 2272 comoedia
547 2241 760 2271 adumbratus.

371 2283 423 2313 92.
449 2284 553 2323 Capite
568 2286 687 2321 obstipo,
701 2282 739 2311 ad
757 2286 865 2311 terram
886 2279 1035 2310 inclinato
1049 2292 1057 2318 ;

327 2334 504 2366 expressum
514 2330 561 2355 est
576 2328 693 2365 σχῆμα
709 2322 842 2353 hominis
858 2322 961 2352 servili
973 2332 1056 2351 vere-

328 2366 442 2396 cundia
455 2366 618 2401 adstantis,
628 2372 669 2400 et,
679 2365 753 2406 quid
763 2364 920 2405 jubeatur,
929 2374 1057 2404 exspec-

328 2407 433 2438 tantis.
481 2409 615 2439 Multum
641 2409 796 2442 metuenti,
820 2406 949 2435 multam
972 2415 1057 2435 vere-

328 2450 475 2480 cundiam
501 2461 564 2491 prae
587 2460 619 2480 se
642 2448 771 2479 ferenti:
795 2454 922 2477 metuere
944 2446 1058 2488 passim

328 2501 394 2544 pro,
420 2492 525 2527 vereri,
549 2491 704 2533 praecipue
727 2490 765 2520 de
789 2489 895 2519 servis.
940 2489 1004 2519 Sic.
1021 2489 1058 2519 de

328 2535 453 2565 benect.
468 2544 496 2564 c.
516 2535 566 2570 11,
582 2534 749 2563 metuebant
768 2533 855 2568 servi,
878 2532 1057 2562 verebantur

330 2575 428 2610 liberi,
444 2587 547 2606 cuium
563 2586 658 2606 omues
674 2576 829 2604 habebant.

369 2618 423 2648 93.
449 2618 590 2658 Obsequio
603 2627 754 2658 grassare:
778 2616 853 2645 dum
871 2612 982 2655 quovis
1001 2614 1056 2644 ob-

329 2659 428 2700 sequii
451 2670 561 2699 genere
586 2660 709 2702 placere
734 2657 848 2690 studes,
872 2655 1002 2698 procede
1028 2662 1059 2686 et

326 2711 418 2743 perge
431 2702 469 2731 ad
485 2707 596 2731 metam
614 2700 813 2742 propositam,
829 2709 874 2729 sc.
889 2698 928 2728 ad
948 2697 1053 2728 divitis

327 2743 411 2775 senis
426 2742 563 2773 animum
579 2743 634 2773 tibi
651 2741 894 2772 conciliandum.

368 2787 421 2816 95.
443 2786 555 2815 Aurem
585 2786 752 2823 substringe
779 2784 894 2822 loquaci
907 2794 915 2810 :
953 2781 978 2811 si
1009 2787 1056 2812 est

326 2827 454 2868 loquax,
483 2829 668 2860 substrictas,
698 2825 730 2855 h.
756 2835 785 2855 e.
810 2829 943 2854 arrectas
967 2833 1056 2853 aures

1656 1307 1739 1348 Est

1295 1375 1563 1429 Sepulcrum,

1095 1540 1177 1560 more
1199 1539 1318 1560 sursum
1343 1528 1472 1564 trahere,
1495 1527 1527 1558 h.
1549 1537 1580 1558 e.
1600 1526 1742 1567 arrigere.
1765 1525 1826 1563 vel,

1095 1572 1179 1612 quod
1211 1582 1280 1612 sup.
1307 1570 1368 1601 Od.
1396 1570 1430 1607 ii,
1462 1570 1512 1605 19,
1544 1570 1575 1604 4,
1598 1567 1712 1600 dicitur
1739 1578 1828 1599 aum

1095 1624 1220 1643 acuere.-
1244 1622 1313 1647 nos,
1331 1613 1379 1642 die
1395 1611 1493 1642 Ohren
1510 1613 1632 1650 spitzen.

1139 1656 1280 1685 96—98.
1307 1655 1442 1684 Sensus:
1475 1652 1513 1688 si,
1538 1658 1573 1683 ut
1597 1652 1689 1684 homo
1711 1651 1826 1694 impor-

1096 1702 1192 1727 tunus
1217 1697 1383 1735 (molestus
1405 1694 1486 1725 enim
1509 1701 1540 1725 et
1558 1694 1682 1735 ineptus
1703 1699 1751 1725 est
1771 1693 1827 1735 qui

1096 1749 1232 1779 praesens
1242 1738 1350 1768 laudes
1359 1746 1431 1767 suas
1439 1735 1546 1767 audire
1555 1735 1672 1778 cupit),
1685 1745 1704 1766 a
1713 1742 1744 1767 te
1756 1736 1825 1766 lau·

1096 1780 1163 1810 dari
1183 1786 1263 1816 avet,
1284 1779 1409 1810 cumula
1429 1783 1460 1809 et
1481 1779 1575 1809 obrue
1594 1787 1665 1808 eum
1689 1783 1751 1808 tam
1770 1777 1825 1808 diu

1097 1821 1255 1857 laudibus,
1269 1822 1380 1856 donec,
1395 1819 1525 1851 sublatis
1541 1819 1574 1850 in
1591 1819 1706 1850 coelum
1725 1819 1827 1850 mani-

1099 1864 1170 1898 bus,
1196 1865 1332 1903 Ohejam
1346 1862 1419 1894 satis
1435 1867 1492 1898 est,
1507 1861 1640 1892 dixerit:
1664 1871 1770 1892 manus
1787 1863 1828 1893 ad

1099 1907 1202 1936 coelum
1227 1907 1330 1936 tollere
1356 1904 1503 1941 solemus,
1526 1913 1595 1934 cum
1617 1902 1748 1943 insignis
1769 1903 1828 1934 ali-

1098 1947 1190 1988 cujus
1208 1947 1248 1978 rei
1265 1946 1467 1978 admiratione
1481 1945 1689 1987 percellimur.
1731 1945 1830 1976 Dives

1099 1999 1192 2020 senex
1209 1989 1263 2030 qui
1278 1989 1444 2022 inducitur,
1459 1986 1612 2029 quamvis,
1628 1986 1702 2017 dum
1720 1986 1829 2018 laudes

1099 2041 1172 2061 suas
1191 2031 1288 2065 audit,
1312 2030 1456 2060 virtutum
1480 2039 1604 2059 suarum
1626 2026 1829 2060 admiratione

1099 2073 1142 2103 ita
1157 2072 1345 2114 percellitur,
1362 2077 1397 2102 ut
1412 2081 1525 2101 manus
1542 2070 1581 2101 ad
1597 2069 1712 2102 coelum
1729 2069 1829 2108 tollat,

1099 2120 1204 2145 tamen
1220 2115 1421 2150 laudatorem,
1434 2118 1581 2154 tanquam
1593 2111 1624 2142 in
1635 2111 1830 2143 celebrandis

1099 2156 1198 2196 ipsius
1209 2156 1355 2186 laudibus
1370 2154 1513 2190 nimium,
1530 2159 1631 2184 tacere
1640 2155 1720 2196 (nou
1736 2154 1828 2190 serio,

1101 2197 1155 2227 sed
1166 2196 1366 2235 simulanter)
1378 2197 1477 2238 jubet.
1523 2196 1572 2226 En
1585 2195 1707 2235 egregie
1717 2195 1826 2230 adum-

1100 2239 1220 2270 bratam
1236 2239 1387 2280 ejusmodi
1404 2237 1475 2267 v'ani
1490 2237 1625 2267 hominis
1639 2236 1804 2276 imaginem
1819 2237 1826 2267 !

1103 2281 1256 2320 Ohejam!
1279 2286 1313 2310 ut
1323 2290 1391 2320 sup.
1403 2280 1468 2308 Sat.
1480 2278 1500 2315 i,
1513 2280 1544 2314 6,
1563 2280 1612 2315 12,
1629 2275 1765 2318 Ohejm‘n
1779 2289 1827 2310 sa·

1102 2324 1138 2352 tis
1152 2330 1191 2352 est
1203 2323 1213 2351 !
1241 2322 1321 2362 Urge
1334 2327 1373 2356 et,
1384 2325 1456 2350 cett.
1468 2320 1624 2360 eleganter
1632 2329 1688 2361 pro
1698 2319 1828 2360 vulgari,

1101 2373 1281 2404 persequere
1297 2369 1328 2392 et
1340 2362 1434 2402 imple
1450 2371 1561 2392 vanum
1580 2361 1736 2392 hominem
1755 2371 1828 2392 ven·

1101 2406 1174 2435 tosis
1191 2405 1345 2435 laudibus.
1376 2403 1491 2444 Lepide
1501 2402 1654 2437 laudator,
1667 2402 1722 2444 qui
1732 2412 1828 2434 vanas

1101 2446 1207 2478 laudes
1226 2446 1343 2488 spargit
1361 2445 1408 2475 vel
1428 2445 1534 2480 adflat,
1551 2454 1621 2475 cum
1637 2451 1739 2482 vento,
1760 2445 1828 2476 lau-

1102 2488 1203 2525 datus,
1222 2488 1275 2529 qui
1296 2497 1390 2518 vanas
1412 2486 1520 2516 laudes
1539 2485 1649 2527 recipit
1669 2492 1700 2517 et
1721 2485 1758 2517 iis
1778 2485 1828 2517 in-

1101 2530 1254 2565 tumescit,
1271 2540 1342 2560 cum
1357 2535 1434 2566 utre,
1450 2527 1503 2559 cui
1515 2532 1625 2559 ventus
1639 2526 1827 2565 immittitur,

1100 2578 1306 2614 comparatur.

1142 2615 1302 2645 99—103.
1327 2614 1426 2647 Quum
1438 2612 1720 2643 teservitiolevnrit.
1749 2612 1828 2643 Sen-

1100 2666 1151 2686 sus
1165 2662 1195 2686 et
1211 2665 1309 2686 nexus
1324 2666 1331 2685 τ
1357 2653 1467 2696 quodsi
1488 2663 1559 2684 vero
1578 2662 1674 2684 senex
1689 2659 1829 2684 mortuus

1099 2698 1203 2733 fuerit,
1219 2704 1249 2728 et
1265 2703 1308 2733 tu,
1324 2707 1385 2727 non
1403 2694 1561 2727 somnians
1579 2695 1619 2725 de
1637 2694 1828 2733 haereditate,

1099 2739 1152 2770 sed
1170 2750 1201 2770 re
1222 2749 1293 2769 vera
1311 2737 1444 2778 vigilans
1460 2736 1594 2767 audieris
1610 2735 1690 2772 haec,
1710 2736 1827 2777 Ulyxe:

1098 2788 1212 2822 quartae
1226 2783 1322 2820 partis
1343 2781 1431 2811 haeres
1451 2786 1519 2815 esto,
1538 2783 1604 2808 tum
1623 2787 1733 2818 sparge
1751 2779 1824 2809 sub-

1099 2823 1171 2854 inde
1206 2821 1360 2864 ejusmodi
1392 2820 1533 2862 querelas
1548 2831 1555 2849 :
1596 2819 1678 2860 Ergo
1711 2819 1827 2850 sodalis

323 2869 447 2912 loquaci
480 2869 679 2906 accommoda
694 2879 700 2897 :
740 2877 826 2896 aures
851 2866 1051 2906 substringere
1094 2875 1181 2896 meus
1195 2865 1295 2895 Dama
1310 2873 1463 2904 nusquam
1478 2861 1511 2892 in
1527 2861 1584 2892 hac
1599 2866 1678 2891 terra
1689 2861 1824 2902 amplius

321 2922 387 2954 Jam
406 2916 462 2945 est.
487 2921 576 2942 aures
594 2910 632 2941 ad
653 2909 770 2951 aliquid
789 2906 965 2938 accuratius
982 2917 1049 2947 per·
1093 2907 1264 2948 reperitur}
1296 2906 1379 2936 unde
1403 2905 1500 2935 alium
1525 2900 1602 2933 mihi
1625 2908 1688 2933 tam
1714 2902 1822 2934 sortem

321 2953 500 2996 cipiendum
525 2963 638 2984 canum
660 2956 691 2983 et
713 2950 843 2982 aliorum
866 2949 1049 2980 animalium
1093 2955 1124 2980 et
1146 2949 1268 2980 fidelem
1289 2947 1429 2994 parabus}
1473 2946 1514 2977 Et
1536 2944 1562 2976 si
1584 2944 1712 2986 paulum
1736 2950 1825 2987 potes
