1884 3288
299 225 378 265 136

851 223 1248 266 CARMINUM

633 321 869 371 Vulcanus,
888 322 988 364 hinc
1007 329 1199 363 matrona
1218 321 1347 371 Juno,
1370 327 1428 370 et,

493 389 549 430 60

689 389 923 443 Nunquam
942 389 1130 430 humeris
1150 389 1369 443 positurus
1389 402 1548 438 arcum,

581 455 669 502 Qui
688 470 784 497 rore
804 470 912 509 puro
934 455 1132 497 Castaliae
1151 455 1254 496 lavit

581 520 734 562 Crines
756 520 929 571 solutos,
951 522 1024 575 qui
1046 521 1191 576 Lyciae
1212 529 1328 562 tenet

636 588 825 629 Dumeta
843 588 1109 642 natalemque
1131 587 1290 636 silvam,

690 654 844 696 Delius
863 663 906 696 et
927 655 1134 696 Patareus
1155 653 1328 708 Apollo.

493 722 548 762 65
578 721 657 762 Vis
679 721 829 762 consili
847 735 1002 775 expers
1023 721 1132 762 mole
1153 722 1239 762 ruit
1260 735 1362 761 sua:

580 788 679 829 Vim
701 794 978 841 temperatam
998 787 1060 828 Di
1079 801 1250 841 quoque
1271 785 1513 840 provehunt

636 855 686 895 In
707 856 856 909 majus,
877 855 991 896 idem
1011 855 1141 895 odere
1163 855 1271 895 vires

693 922 832 963 Omne
853 922 972 963 nefas
994 922 1132 962 animo
1151 927 1383 962 moventes..

579 988 725 1030 Testis
745 1003 932 1030 mearum
951 988 1213 1030 centimanus
1236 987 1386 1040 Gyges

481 1055 550 1095 270
580 1055 910 1104 Sententiarum,
930 1061 1057 1095 notus
1078 1061 1122 1094 et
1142 1054 1320 1107 integrae

635 1121 847 1162 Tentator
868 1121 1005 1162 Orion
1025 1120 1178 1161 Dianae

697 1189 904 1242 Virginea
924 1187 1108 1228 domitus
1130 1187 1300 1241 sagitta.

300 1329 448 1366 Junonis,
464 1335 495 1360 et
511 1329 670 1371 Apollinis
685 1329 837 1361 sustinere
877 1334 1032 1360 otuerunt.

301 1371 446 1411 Typhoens
473 1382 529 1402 seu
562 1372 686 1412 Typhon
716 1372 843 1413 (horren
869 1383 894 1402 ae
924 1372 1031 1412 figurae

298 1420 483 1449 monstrum,
522 1413 584 1444 vid.
627 1413 757 1444 Hesiod.
797 1414 916 1454 Theog.
958 1415 1033 1450 821,

298 1455 485 1496 Apollodor.
511 1455 532 1491 i,
558 1458 589 1492 6,
610 1455 660 1495 3),
682 1467 774 1497 quem
800 1456 853 1486 alii
879 1461 948 1497 post
975 1455 1032 1487 Gi-

299 1498 550 1536 gantomaehiam
566 1498 692 1529 demum
710 1499 748 1528 ab
760 1499 852 1533 Jove,
863 1508 954 1538 quem
970 1503 1033 1528 sto-

300 1539 363 1570 lide
379 1541 520 1581 petierat,
537 1540 694 1581 dejectum
709 1546 751 1576 et,
767 1540 875 1570 Sicilia
890 1539 919 1570 ei
933 1540 1032 1582 impo-

299 1580 371 1616 sita.
395 1582 603 1623 perdomitum
632 1592 699 1613 esse
724 1588 860 1618 narrant,
881 1582 959 1622 Jam,
987 1582 1034 1612 uti

301 1625 385 1664 apud
405 1625 499 1655 Pind.
517 1625 611 1666 Pyth.
627 1625 692 1660 viii,
708 1625 762 1659 20,
780 1625 861 1654 inter
881 1624 1035 1663 Gigantes

301 1672 442 1706 apparet.
486 1667 595 1697 Mimas
616 1665 695 1697 inter
715 1666 890 1697 Centauros
910 1665 1037 1707 quidem

301 1714 561 1739 commemoratur
584 1709 666 1749 apud
686 1708 816 1738 Hesiod.
834 1709 919 1738 Seut.
942 1709 1037 1739 Herc.

305 1761 336 1780 v.
360 1751 432 1785 186,
455 1750 511 1781 sed
534 1750 614 1781 idem
636 1749 716 1780 inter
737 1750 888 1790 Gigantes
911 1760 1038 1790 quoque

303 1793 440 1823 occurrit
481 1793 564 1834 apud
608 1792 715 1834 Eurip.
759 1793 828 1823 Ion.
872 1793 956 1822 215:
995 1792 1037 1824 cf.

307 1835 422 1865 Claud.
443 1835 539 1876 Rapt.
555 1835 698 1875 Proserp.
720 1834 766 1869 iii,
783 1836 858 1865 347.
904 1835 1038 1875 Porphy-

305 1879 386 1911 rion,
402 1877 513 1917 Gigas,
527 1876 657 1908 terribili
673 1877 769 1908 forma
780 1882 812 1906 et
826 1875 946 1907 saevitia
960 1876 1040 1907 inter

307 1925 424 1950 ceteros
448 1919 602 1961 princeps,
618 1918 702 1949 unde
725 1918 819 1948 Pind.
844 1918 865 1949 1.
891 1917 912 1949 l.
931 1929 960 1949 v.
983 1919 1037 1954 22,

306 1961 468 2001 βασιλεὺς
498 1961 673 2002 Γιγάντων
704 1961 899 2002 appellatur:
930 1962 1040 1991 minaci

305 2010 400 2039 statu,
414 2003 554 2039 terribili,
567 2013 628 2043 quo
644 2002 681 2032 ad
693 2013 828 2043 pugnam
844 2002 1042 2044 procedebat,

308 2046 425 2086 gradu3
447 2052 543 2076 status
565 2045 596 2074 in
618 2055 648 2075 re
668 2045 850 2084 gladiatoria
872 2044 910 2075 de
930 2046 1040 2085 gradu,

308 2088 357 2118 vel
378 2098 414 2118 eo
437 2087 531 2129 pedes
555 2087 685 2118 sistendi
709 2088 810 2123 modo,
833 2097 894 2127 quo
915 2087 986 2127 quis
1008 2087 1039 2117 in

307 2140 414 2171 pugna
433 2140 466 2160 se
481 2130 654 2160 adversario
668 2129 796 2170 opponit
810 2141 817 2167 ;
841 2130 950 2158 minaci
965 2129 1041 2160 refer

309 2173 349 2202 ad
371 2171 539 2203 terribilem
560 2171 737 2206 vastissimi,
758 2181 820 2212 quo
847 2170 1042 2212 Porphyrion

307 2214 502 2249 imminebat,
517 2213 653 2255 corporis
666 2213 860 2254 adspectum.
898 2213 1041 2243 Rhoetns:

309 2256 352 2287 cf.
376 2267 446 2298 sup.
469 2257 508 2286 ad
528 2256 560 2291 ii,
582 2257 631 2290 19,
647 2257 700 2286 23.
746 2255 925 2290 Enceladus,
940 2255 1040 2286 diver-

309 2309 364 2328 sus
379 2299 504 2340 quidem
521 2308 539 2328 a
554 2298 708 2339 Typhoeo,
724 2297 779 2328 sed
801 2296 852 2328 cui
868 2297 991 2338 pariter,
1006 2303 1041 2328 ut

309 2340 369 2376 illi,
400 2341 432 2371 in
461 2349 568 2382 pugna
600 2345 709 2371 contra
736 2340 811 2370 deos
841 2339 950 2370 Sicilia
977 2339 1042 2370 sive

312 2384 414 2414 AEtna
439 2382 649 2424 superinjecta
675 2392 744 2413 esse
773 2381 922 2421 fingitur:
954 2381 1043 2422 Virg.

314 2426 392 2456 AEn.
420 2425 466 2460 iii,
493 2426 568 2459 578,
595 2423 708 2461 Quint.
733 2424 846 2455 Calah.
875 2423 938 2460 xiv,
969 2425 1043 2455 582.

311 2468 396 2498 Laus
410 2477 483 2498 vero
501 2466 539 2497 de
559 2466 620 2496 hoc
637 2472 774 2497 monstro
793 2465 914 2497 devicto
932 2465 1041 2496 tribui-

311 2514 362 2540 tur
391 2509 563 2540 Minervae:
594 2508 656 2539 vid.
685 2508 868 2550 Apollodor.
899 2507 920 2542 i,
950 2509 980 2542 6,
1006 2509 1038 2544 2,

312 2552 422 2594 Eurip.
439 2552 530 2582 Herc.
548 2551 620 2582 Fur.
641 2552 716 2582 908.
763 2551 938 2590 Evulsisque
952 2557 1040 2580 trun-

309 2595 352 2624 cis
361 2595 521 2634 jaculator
537 2595 649 2628 audax,
667 2593 720 2624 Cl.
737 2592 870 2624 Mitsch.
891 2592 1040 2634 explicat,

311 2640 474 2667 “truncos
502 2636 646 2666 arborum
671 2634 819 2666 radicitus
849 2634 972 2665 evulsos
1003 2634 1043 2665 ad

311 2678 429 2710 coelum
459 2677 606 2709 audacter
630 2677 812 2718 jaculans,''
839 2677 923 2717 quod
949 2676 1043 2718 paulo

312 2720 420 2752 durius
434 2719 510 2751 mihi
524 2720 646 2751 videtur
660 2731 668 2756 ;
687 2719 795 2749 malim
810 2718 955 2760 equidem
968 2718 1043 2759 jun-

313 2773 385 2804 gere
398 2764 498 2794 audux
512 2763 620 2793 evulsis
634 2763 762 2796 truncis,
774 2761 805 2791 h.
821 2771 850 2791 e.
865 2762 949 2791 ferox
964 2771 1042 2791 novo

312 2805 442 2837 telorum
459 2815 583 2836 suorum
598 2814 720 2845 genere,
736 2803 851 2834 evulsis
866 2813 975 2844 nempe
994 2813 1042 2833 ar-

313 2848 423 2879 borum
452 2847 583 2878 truncis.
627 2847 786 2876 sonantem
812 2847 921 2886 oegida,
954 2845 984 2875 h.
1014 2855 1043 2876 e.

311 2890 468 2932 clypeum,
483 2889 576 2931 cujus
591 2887 659 2930 ipso
674 2889 777 2919 sonitu
792 2892 934 2918 terrorem
949 2887 1038 2918 incu-

312 2933 411 2964 tiebat
425 2932 579 2963 Minerva.
624 2931 756 2966 Possem,
771 2930 940 2965 efficerent,
956 2930 1039 2960 vale-

310 2981 391 3007 rent.
418 2975 546 3013 Avidus,
560 2983 606 3005 sc.
621 2983 755 3015 pugnae:
779 2973 901 3004 AEneas
915 2982 1041 3013 quoque

1075 1328 1160 1369 apud
1177 1328 1267 1368 Virg.
1284 1329 1361 1359 AEn.
1376 1327 1430 1362 xii,
1447 1327 1521 1363 430,
1538 1326 1699 1368 pugnandi
1718 1325 1808 1368 cupi·
1867 1318 1884 1343 ⁵*

1075 1370 1170 1401 ditate
1185 1371 1318 1410 flagrans
1332 1371 1438 1400 avidus
1451 1380 1561 1410 pugnae
1577 1369 1702 1400 dieitur.
1736 1369 1807 1399 Ma·
1874 1369 1880 1379 ’

1076 1418 1174 1450 trena,
1194 1413 1234 1443 ad
1253 1412 1388 1444 ,lunonis
1407 1411 1591 1452 dignitatem
1612 1411 1702 1443 refer.
1747 1412 1810 1446 Qui
1871 1427 1884 1438 τ’

1075 1465 1154 1490 rore,
1176 1460 1249 1485 cett.
1290 1455 1363 1486 Jam
1386 1453 1577 1496 Apollinem,
1591 1459 1628 1484 ut
1647 1453 1718 1495 ejus
1739 1454 1807 1485 lau-

1076 1496 1158 1532 dem,
1174 1496 1256 1527 sicut
1274 1496 1363 1527 Jovis
1385 1507 1415 1527 v.
1437 1497 1575 1533 45—48‚
1594 1495 1774 1542 amplificet,
1791 1507 1810 1528 a

1077 1538 1154 1568 locis
1169 1539 1282 1579 quibus
1303 1538 1356 1569 ille
1375 1542 1516 1580 praeerat,
1534 1537 1582 1568 vel
1597 1538 1652 1568 ubi
1672 1547 1810 1579 praesens

1078 1591 1192 1611 numen
1207 1590 1299 1611 suum
1311 1580 1501 1615 declarabat,
1511 1578 1651 1616 uberius,
1665 1585 1701 1610 ut
1711 1580 1813 1612 solent

1078 1629 1190 1669 poetae,
1204 1623 1357 1662 designat.
1393 1622 1551 1652 Castaliae.-
1578 1621 1810 1657 Castattu‚sons

1080 1674 1113 1694 in
1149 1664 1296 1695 Parnassi
1329 1665 1420 1706 jugo,
1452 1662 1596 1712 Apollini
1631 1673 1739 1703 δασεῖς
1775 1665 1811 1696 fit

1080 1712 1184 1737 autem
1210 1707 1306 1748 hujus
1329 1706 1434 1743 fontis,
1448 1706 1502 1736 ubi
1522 1711 1555 1736 ut
1574 1705 1704 1748 pulcher
1719 1706 1811 1748 juve·
1871 1732 1874 1739 .

1081 1749 1129 1779 nis
1151 1750 1318 1796 promissos
1339 1749 1441 1779 crines
1461 1747 1575 1779 lavisse
1596 1747 1723 1785 dicitur,
1742 1748 1811 1781 ideo

1079 1790 1222 1833 inprimis
1239 1790 1366 1827 mentio,
1384 1796 1419 1822 ut
1439 1790 1532 1821 simul
1549 1800 1622 1821 eum
1644 1791 1811 1822 Musarum
1868 1811 1879 1831 3

1081 1833 1243 1874 praesidem
1271 1834 1427 1871 celebret;
1451 1831 1592 1863 similiter
1614 1832 1732 1874 Apollo
1756 1833 1814 1866 inf.
1870 1838 1874 1842 '

1081 1875 1124 1911 iv,
1142 1877 1173 1913 6,
1189 1877 1242 1911 26,
1253 1886 1339 1905 amne
1353 1875 1478 1905 Xantho
1491 1876 1588 1905 crines
1602 1875 1706 1905 lavisse
1720 1875 1811 1916 fingi·
1872 1882 1873 1885 ’

1082 1922 1142 1948 tur.
1188 1918 1289 1958 Lyciae
1318 1919 1451 1952 dumeta,
1481 1915 1621 1957 intellige
1653 1916 1812 1955 Pataram,
1871 1953 1874 1955 Α

1082 1959 1229 2001 oppidum
1254 1960 1361 2000 Lyciae
1385 1959 1487 2002 (unde
1513 1958 1617 1990 statim
1638 1957 1692 1990 ille
1717 1959 1813 1991 Pata-

1083 2001 1182 2042 reus),
1199 2002 1251 2032 ubi
1267 2002 1394 2043 Apollo,
1411 2006 1444 2032 ut
1462 2001 1605 2032 observat
1626 2001 1753 2032 Servius
1773 2003 1813 2033 ad

1086 2043 1175 2084 Virg.
1190 2045 1268 2074 AEn.
1284 2045 1326 2079 iv,
1342 2045 1414 2078 144,
1431 2053 1485 2074 sex
1500 2042 1685 2074 hiemalibus
1698 2043 1813 2075 mensi-
1868 2039 1870 2043 ’

1084 2085 1142 2115 bus
1163 2085 1345 2117 commorari
1367 2085 1498 2121 solebat,
1515 2085 1559 2116 uti
1580 2095 1635 2116 sex
1655 2085 1815 2117 mensibus

1084 2127 1200 2158 aestivis
1225 2128 1257 2158 in
1285 2128 1388 2158 insula
1415 2127 1510 2163 Delo,
1533 2138 1606 2168 quae
1631 2137 1686 2168 per
1709 2129 1815 2159 silvam

1083 2171 1215 2200 natalem
1250 2169 1442 2210 designatur,
1473 2169 1558 2200 unde
1589 2169 1710 2200 Delius.
1753 2171 1816 2202 Per

1082 2213 1203 2242 dumeta
1219 2217 1323 2242 autem
1338 2211 1478 2251 intellige
1493 2211 1648 2252 regionem
1667 2211 1815 2249 dumetis,

1082 2254 1240 2326 vepribpls,
1254 2259 1295 2325 ¹et
1315 2253 1458 2326 virgulttis
1481 2253 1626 2284 obsitam.
1669 2253 1816 2328 {etigr-nan

1083 2305 1154 2326 cum
1216 2317 1223 2325 .
1267 2319 1275 2326 .
1309 2306 1405 2338 oppor
1421 2305 1481 2327 une
1514 2305 1681 2338 comparati
1749 2306 1782 2327 m
1806 2318 1816 2329 .

1085 2339 1110 2368 Ρ
1136 2338 1180 2368 th.
1196 2337 1218 2373 i,
1234 2339 1288 2368 74.

1113 2349 1265 2411 y65—--68.
1292 2379 1340 2411 Vis
1355 2380 1460 2410 consili
1475 2390 1574 2420 expers
1587 2380 1661 2411 mole
1671 2376 1738 2410 ruit
1749 2391 1816 2413 sua.

1085 2421 1277 2464 Comparant
1290 2421 1324 2452 in
1340 2423 1420 2453 hanc
1441 2421 1625 2453 sententiam
1641 2421 1749 2464 Eurip.
1764 2431 1817 2464 ap.

1086 2465 1175 2495 Stob.
1191 2464 1338 2505 Florileg.
1354 2464 1442 2496 Grot.
1458 2475 1488 2506 p.
1506 2465 1581 2498 207.
1594 2463 1706 2507 Ῥώμη
1727 2464 1814 2512 ἀμα-

1084 2507 1146 2545 θὴς
1173 2506 1339 2543 πολλάκις
1364 2507 1466 2538 τίκτει
1485 2505 1639 2547 βλάβην·
1665 2511 1698 2537 et
1721 2506 1816 2538 Pmd.

1084 2549 1178 2590 Pyth.
1205 2549 1268 2586 viii,
1292 2550 1346 2584 20,
1372 2549 1435 2580 Βία
1461 2547 1493 2580 δὲ
1516 2549 1573 2580 καὶ
1594 2548 1816 2590 μεγάλαυχον

1081 2590 1818 2664 {3535‘3152{Zit'ss'ztssmgf'ffl'sszffziffiz

1085 2681 1172 2717 parat
1190 2676 1299 2718 Eurip.
1323 2675 1396 2706 Hel.
1419 2657 1495 2712 909',
1513 2676 1603 2717 μισεῖ
1618 2675 1685 2717 γὰρ
1703 2674 1722 2706 ὁ
1743 2675 1818 2713 Θεὸς

1085 2719 1152 2756 τὴν
1165 2718 1249 2757 βίαν
1262 2730 1268 2748 :
1292 2717 1334 2749 cs.
1348 2717 1482 2749 eundem
1498 2718 1605 2748 otest.
1619 2717 1693 2748 705.
1723 2717 1816 2748 ιἶίϊεε

1087 2761 1179 2790 Omne
1192 2760 1277 2802 mgf'as
1295 2762 1394 2790 animo
1408 2765 1562 2799 moventes,
1577 2758 1612 2790 h.
1628 2769 1657 2790 e.
1680 2769 1745 2796 eoa,
1760 2758 1816 2800 qui

1085 2803 1164 2834 vires
1187 2802 1270 2833 haud
1290 2801 1420 2832 consilio
1434 2806 1618 2850 temperant,
1632 2800 1686 2832 sed
1701 2806 1817 2832 temere

1086 2845 1125 2875 iis
1139 2844 1247 2875 confisi
1262 2843 1397 2876 nefanda
1409 2853 1527 2884 quaevis
1540 2842 1720 2876 moliuntur.

1126 2887 1264 2918 69—72.
1295 2886 1431 2918 Sensus:
1453 2895 1526 2917 vera
1549 2895 1618 2917 esse
1639 2894 1712 2926 quae
1737 2884 1815 2921 dixi,

1084 2929 1216 2970 probant
1244 2928 1386 2970 exempla
1415 2937 1522 2959 eorum
1556 2926 1610 2968 qui
1638 2927 1706 2968 jam
1739 2925 1816 2958 olim

1083 2970 1205 3003 stolidae
1228 2969 1406 3004 temeritatis
1426 2975 1458 3003 et
1481 2969 1646 3012 impiorum
1669 2979 1815 3001 ausorum
