1884 3288
866 195 1261 239 CARMINUM

593 294 653 335 Et
675 294 823 349 spissae
844 309 1061 337 nemorum
1082 311 1228 344 comae,

649 361 833 416 Fingent
854 362 1000 404 AEolio
1021 364 1204 404 carmine
1226 362 1424 404 nobilem.

594 428 747 470 Romae
767 429 972 483 principis
995 431 1163 470 urbium

649 494 866 550 Dignatur
887 495 1056 536 soboles
1076 497 1187 537 inter
1207 495 1407 537 amabiles

514 562 565 602 15
595 561 753 603 Vatum
774 563 934 615 ponere
954 575 1020 602 me
1042 561 1195 602 choros
1214 577 1224 602 :
1348 559 1349 563 ¹

654 627 715 668 Et
729 628 817 681 jam
839 628 967 668 dente
989 628 1126 667 minus
1146 628 1345 668 mordeor
1364 627 1522 668 invido.

598 693 655 742 O,
677 693 905 734 testudinis
927 707 1068 734 aureae

655 759 838 800 Dulcem
860 774 956 812 quae
978 760 1214 813 strepitum,
1238 759 1367 808 Pieri,
1390 765 1603 814 temperas
1621 776 1631 808 ;

597 826 655 872 0,
677 827 803 883 mutis
825 840 996 880 quoque
1016 827 1209 880 piscibus

514 892 571 933 20

656 892 883 933 Donatura
903 893 1038 946 cycni,
1062 893 1096 933 si
1117 892 1262 942 libeat,
1286 895 1460 934 sonum!

598 959 759 1000 Totum
778 960 964 1014 muneris
984 959 1066 1000 hcc
1088 960 1151 1000 tui
1171 966 1251 1008 est,

653 1025 787 1071 Quod
808 1032 1020 1066 monstror
1041 1025 1176 1079 digito
1197 1026 1547 1079 praetereuntium

597 1091 803 1149 Romanae
824 1091 982 1133 fidicen
1000 1091 1128 1145 lyrae:
1546 1084 1547 1088 ¹

656 1157 789 1204 Quod
812 1158 927 1211 spiro
948 1165 990 1199 et
1010 1157 1173 1212 placeo,
1196 1157 1248 1211 (si
1268 1157 1449 1212 placeo,)
1470 1163 1590 1199 tuum
1611 1165 1690 1199 est.

317 1289 378 1314 ere,
404 1280 487 1322 apud
508 1278 579 1314 Livv.
605 1277 681 1315 xliv,
702 1278 757 1308 31.
804 1277 934 1318 Fingent
956 1277 1054 1307 AEolio

319 1323 452 1352 carmine
460 1322 604 1351 nobilem.-
622 1326 751 1350 venusta
761 1319 911 1350 brevitate
926 1319 958 1359 in
971 1319 1052 1349 hanc

319 1363 381 1394 fere
404 1363 586 1394 sententiam
603 1374 609 1391 ;
635 1367 697 1391 tam
718 1371 815 1392 suave
832 1361 1053 1402 etjucundum

319 1405 397 1434 mihi
427 1404 672 1446 suppeditabunt
699 1403 809 1437 otium,
839 1408 875 1433 ut
905 1402 936 1432 in
968 1402 1054 1444 poesi

319 1446 418 1487 lyrica
440 1447 483 1477 ibi
499 1457 548 1477 me
569 1455 716 1476 exercens
738 1450 828 1487 poeta
849 1444 978 1475 evadam
995 1454 1050 1474 no-

319 1487 503 1520 bilissimus.
546 1488 654 1523 AEoli0‚
671 1486 789 1528 lyrico:
813 1486 853 1517 cf.
876 1486 916 1517 ad
938 1485 982 1523 iii,
997 1487 1051 1522 30,

366 1573 501 1602 13—24.
523 1571 636 1602 soboles
649 1570 747 1601 Romae
762 1571 907 1609 principis
919 1571 1052 1605 urbium,

320 1624 397 1654 gens
415 1614 560 1643 Romana
574 1613 680 1644 urbem
699 1611 921 1643 nobilissimam
941 1611 973 1642 in
990 1616 1054 1642 toto

321 1661 468 1686 terrarum
490 1655 563 1685 orbe
584 1654 736 1688 incolens,
757 1663 811 1694 pro
829 1653 962 1694 vulgari,
986 1653 1053 1683 Ro-

320 1697 405 1727 mani
438 1696 486 1727 vel
519 1706 558 1737 po
582 1696 654 1726 ulus
691 1695 867 1726 Romanus.
912 1695 1057 1734 Princeps

321 1741 464 1769 urbium:
489 1737 558 1768 simi
573 1737 630 1768 iter
655 1737 710 1767 inf.
739 1737 782 1772 iv,
810 1738 859 1772 14,
884 1738 937 1771 44,
964 1737 1055 1766 Roma

320 1783 452 1816 domina,
477 1785 509 1811 et
531 1779 634 1821 Epist.
657 1779 681 1812 i.
706 1779 738 1814 7,
763 1780 817 1815 44,
842 1781 926 1820 regin
952 1779 1057 1809 Roma.

324 1823 375 1854 Cl.
391 1822 522 1854 Mitsch.
537 1822 646 1852 laudat
660 1819 800 1851 Martial.
817 1820 870 1857 xii,
887 1822 919 1857 8,
938 1821 966 1855 l,
986 1820 1056 1850 Ter-

321 1876 427 1895 rarum
454 1865 530 1900 Deo,
552 1865 758 1904 gentiumque,
785 1863 890 1897 Romo,
918 1863 976 1892 Cui
1000 1873 1057 1901 pur

323 1913 364 1936 est
379 1907 468 1941 nihil,
485 1912 513 1936 et
529 1906 607 1935 nihil
625 1906 798 1934 secundum.
844 1905 942 1935 Dente
961 1906 1059 1934 minus

323 1949 455 1978 mordeor
475 1949 588 1981 invido,
609 1946 828 1976 malevolorum
852 1946 979 1976 istorum
1001 1946 1055 1976 ho-

323 1990 455 2024 minum,
471 1988 525 2029 qui
542 1988 673 2030 primum
695 1988 888 2018 carminibus
904 1987 981 2018 meis
1000 1988 1055 2018 ob-

323 2029 586 2070 trectabant‚jam
601 2040 688 2071 paene
702 2029 760 2060 vici
777 2029 943 2066 invidiam;
963 2032 1057 2069 major

324 2084 409 2104 nunc
433 2082 522 2114 paene
546 2082 615 2102 sum
637 2074 690 2108 (ut
711 2081 780 2112 sup.
803 2071 836 2107 ii,
851 2073 904 2106 20,
924 2074 940 2101 4
962 2071 1056 2110 dicit)

322 2117 451 2147 invidia.
497 2112 686 2144 Hominibus
719 2112 843 2149 invidis,
875 2114 922 2144 vel
958 2114 1058 2143 Livori

325 2159 378 2199 (ut
405 2155 501 2187 Ovid.
533 2155 604 2185 Am.
631 2155 653 2189 i,
683 2155 733 2188 15,
761 2155 774 2183 l
801 2165 871 2185 eum
900 2155 1056 2196 appellat)

324 2200 420 2233 edaci,
436 2196 596 2228 notissima
608 2196 741 2236 imagine
757 2198 837 2230 dens,
851 2206 912 2237 quo
928 2197 1057 2228 infestos

325 2241 385 2272 sibi
409 2244 493 2281 petat
518 2243 550 2269 et
572 2239 722 2271 mordeat,
749 2237 913 2268 tribuitur:
939 2238 978 2268 cf.
1003 2238 1058 2269 inf.

326 2281 470 2325 Epod.6,
485 2282 523 2311 15
536 2292 544 2318 3
565 2279 667 2321 Epist.
681 2279 702 2314 i,
718 2281 766 2316 18,
780 2281 819 2310 82
833 2291 841 2317 ·,
863 2279 1059 2311 Ovidsrrist.

325 2325 368 2361 iv,
391 2325 441 2359 10,
467 2323 536 2359 123,
555 2322 629 2358 Nec,
649 2324 701 2362 qui
723 2323 868 2353 detrectat
891 2325 1059 2362 praesentia,

1098 1278 1191 1309 Livor
1214 1280 1316 1318 iniquo
1343 1279 1447 1309 Ullum
1471 1279 1507 1308 de
1529 1279 1636 1308 nostris
1659 1278 1744 1308 dente
1767 1287 1829 1306 mo-

1097 1322 1206 1351 mordit
1220 1331 1312 1359 opus.-
1336 1318 1376 1351 cf.
1394 1319 1526 1350 Mitsch.
1575 1320 1668 1354 Pieri,
1684 1329 1702 1349 o
1718 1319 1827 1354 Musa,

1097 1362 1310 1404 Melpomene.
1358 1363 1430 1396 Quae
1448 1363 1617 1400 strepitum,
1635 1362 1752 1392 dulcem
1770 1367 1827 1391 tes-

1098 1405 1213 1434 tudinis
1226 1415 1325 1435 aureae
1340 1410 1496 1442 temperas,
1509 1403 1542 1434 h.
1555 1413 1584 1434 e.
1598 1412 1668 1443 quae
1682 1412 1720 1433 ex
1736 1411 1830 1433 aurea

1095 1445 1262 1480 testudine.
1280 1457 1334 1487 pro
1351 1450 1414 1475 arte
1430 1455 1492 1486 qua
1511 1444 1599 1475 illam
1615 1443 1784 1476 moderaris
1797 1448 1831 1474 et

1095 1493 1222 1525 tractas,
1231 1488 1355 1518 dulcem
1369 1497 1511 1517 sonorum
1525 1491 1711 1517 concentum
1721 1485 1809 1516 elicis
1821 1496 1828 1514 z

1095 1529 1134 1560 de
1158 1530 1300 1570 elegante
1316 1539 1373 1559 usu
1388 1527 1483 1562 verbi,
1500 1535 1673 1567 temperare,
1690 1526 1831 1569 apposite

1097 1571 1151 1602 cl.
1178 1571 1309 1602 Mitsch.
1336 1569 1444 1600 laudat
1469 1570 1611 1611 Propert.
1633 1569 1668 1604 ii.
1695 1569 1750 1606 34,
1776 1570 1830 1604 30,

1099 1612 1170 1642 Tale
1187 1613 1273 1652 facis
1298 1622 1416 1643 carmen
1444 1614 1530 1642 docta
1561 1612 1720 1646 testudine,
1743 1611 1833 1652 quale

1100 1654 1248 1694 Cynthius
1262 1656 1404 1693 impositis
1419 1659 1560 1693 temperat
1574 1654 1724 1684 articulis.
1757 1653 1831 1683 Mu·

1100 1697 1137 1726 tis
1152 1707 1264 1736 quoque
1284 1697 1412 1735 piscibus
1429 1696 1588 1726 Donatum
1607 1697 1694 1736 cycni
1706 1695 1831 1725 sonum!

1101 1737 1281 1779 Aptissimae
1299 1737 1337 1768 ad
1354 1738 1458 1768 Musae
1475 1736 1644 1778 potentiam
1664 1735 1832 1777 designan-

1100 1780 1170 1810 dam
1187 1779 1358 1819 imagines!
1398 1779 1449 1810 De
1465 1777 1648 1820 proverbiali
1663 1777 1831 1814 locutione,

1101 1831 1164 1862 qua
1186 1821 1266 1862 quis,
1290 1820 1346 1862 qui
1372 1820 1450 1851 nihil
1477 1821 1508 1851 in
1538 1819 1671 1851 medium
1697 1819 1833 1862 proferre

1102 1869 1211 1904 potest,
1223 1863 1306 1904 apud
1322 1863 1451 1894 Graecos
1467 1861 1595 1903 ἰχθύων
1612 1861 1833 1904 ἀφωνότερος,

1101 1905 1284 1936 dulcissime
1299 1915 1414 1935 canens
1426 1910 1542 1941 autem,
1555 1903 1677 1936 κύκνου
1690 1902 1834 1936 &ceddre-

1100 1959 1157 1988 ρος
1171 1947 1218 1978 vel
1240 1945 1439 1987 ῴδικώτερος
1454 1946 1580 1983 dicitur,
1597 1946 1660 1976 vid.
1678 1946 1833 1987 Interpre-

1101 1995 1147 2019 tes
1163 1989 1201 2019 ad
1218 1988 1249 2020 h.
1266 1989 1288 2018 1.
1333 1989 1506 2023 Donatum,
1523 1997 1593 2029 quae
1607 1987 1724 2018 donare
1739 1987 1836 2019 vales.

1101 2031 1255 2061 RIonstror
1276 2032 1371 2071 digito
1388 2032 1652 2069 praetereuntium:
1675 2036 1768 2060 notus
1787 2035 1836 2061 est

1101 2072 1188 2103 locus
1208 2071 1308 2103 Persii
1330 2072 1350 2107 i,
1367 2073 1419 2107 28,
1438 2073 1477 2102 At
1499 2073 1660 2111 pulchrum
1677 2077 1719 2103 est
1737 2073 1834 2112 digito

1101 2116 1263 2145 monstrari
1281 2121 1309 2144 et
1327 2115 1431 2149 dicier,
1450 2115 1496 2144 hic
1515 2120 1569 2149 est,
1585 2112 1681 2151 οὗτος
1701 2113 1834 2151 ἐκεῖνος·

1101 2157 1144 2186 cf.
1161 2157 1211 2187 Cl.
1228 2155 1360 2186 Mitsch.
1377 2161 1408 2186 et
1423 2155 1559 2196 Boettig.
1604 2156 1744 2186 Romanae
1754 2155 1833 2196 fidi,-

1101 2209 1151 2228 cen
1166 2199 1250 2238 lyrae,
1262 2203 1297 2228 ut
1312 2197 1424 2227 nobilis
1439 2197 1492 2228 ille
1507 2197 1719 2228 Romanorum
1733 2202 1836 2238 poeta,

1101 2239 1154 2280 qui
1181 2239 1323 2281 princeps
1349 2238 1489 2269 AEolium
1517 2249 1639 2270 carmen
1666 2239 1707 2270 ad
1729 2239 1836 2270 modos

1101 2280 1200 2312 Italos
1214 2280 1406 2312 deduxerim.
1437 2281 1524 2315 Quod
1538 2283 1629 2322 spiro,
1645 2279 1730 2322 quod
1746 2280 1835 2322 lyrici

1102 2328 1201 2364 poetae
1218 2333 1265 2354 me
1279 2322 1342 2364 agit
1356 2321 1495 2364 spiritus.
