1904 3314
636 614 1560 676 SATIRARUM

890 802 1032 833 LIBER
1055 803 1308 834 SECUNDUS.

957 1157 1190 1200 SATIRA
1221 1157 1255 1198 Ι.

471 1284 619 1345 SUNT,
641 1295 795 1348 quibus
816 1295 859 1334 in
880 1293 1021 1334 Satira
1041 1293 1188 1333 videor
1207 1293 1328 1333 nimis
1351 1307 1461 1342 acer,
1483 1299 1527 1334 et
1547 1292 1658 1334 ultra

471 1367 634 1420 Legem
654 1365 830 1405 tendere
851 1378 960 1417 opus
978 1380 987 1404 :
1021 1363 1109 1403 sine
1130 1363 1268 1403 nervis
1288 1362 1433 1412 altera,
1455 1362 1665 1416 quidquid

472 1431 717 1486 Composui,
738 1445 838 1485 pars
860 1445 954 1480 esse
974 1436 1124 1483 putat3
1158 1429 1397 1483 similesque
1418 1443 1606 1470 meorum

472 1497 594 1539 Mille
616 1498 684 1538 die
705 1511 852 1537 versus
874 1496 1030 1537 deduci
1049 1510 1191 1550 posse.

416 1566 442 1605 5
473 1565 591 1612 Quid
613 1564 776 1612 faciam,
798 1563 1042 1617 praescribe.

475 1631 660 1672 Omnino
681 1631 856 1671 versus?
916 1628 1015 1669 Aio.

408 1806 556 1838 Horatius
571 1805 610 1836 de
625 1805 737 1839 satiris.
751 1815 831 1846 quas
843 1803 1016 1846 scripserat,
1032 1803 1094 1833 las-

363 1849 464 1880 civius
493 1849 533 1879 ab
562 1847 745 1878 adversariis
775 1847 901 1888 petitus,
929 1856 1000 1877 curn
1028 1845 1093 1886 jam

366 1891 450 1922 hunc
477 1890 649 1921 secundum
673 1890 834 1919 satirarum
856 1889 968 1919 librum
991 1888 1023 1918 in
1047 1888 1094 1917 lu-

364 1943 432 1964 cem
462 1932 632 1962 emissurus
657 1937 749 1965 esset,
778 1930 968 1964 Trebatium.
996 1930 1097 1960 virum

366 1974 574 2006 venerabilem
598 1979 629 2004 et
647 1973 916 2014 jurisconsultum,
937 1973 976 2002 de
997 1971 1098 2002 satiris

366 2017 400 2047 in
420 2022 577 2058 posterum
599 2022 654 2046 aut
675 2014 846 2045 scribendis
863 2021 920 2044 aut
939 2024 1001 2044 non
1024 2013 1098 2044 scri-

366 2058 478 2090 bendis
499 2058 634 2088 suaviter
655 2067 759 2087 secum
778 2057 987 2097 disputantem
1008 2055 1096 2089 indu-

367 2101 421 2132 cit.
476 2100 538 2130 Res
574 2099 652 2130 redit.
683 2109 739 2129 eo:
782 2098 929 2128 Horatius
963 2104 1025 2128 tam
1067 2097 1099 2127 in

367 2142 475 2177 laude,
495 2152 589 2184 quam
610 2142 714 2172 Caesar
735 2140 823 2171 bonis
839 2139 1030 2170 carminibus
1046 2139 1098 2168 tri-

367 2185 457 2219 buat.
480 2194 574 2226 quam
599 2183 629 2213 in
660 2181 859 2222 cogitatione,
887 2181 1028 2211 homines
1050 2191 1097 2211 re-

393 2227 574 2258 rehensione
602 2225 714 2265 dignos
741 2230 823 2255 recte
850 2222 1031 2265 reprehendi
1061 2222 1100 2253 ab

391 2269 494 2300 omine
507 2268 640 2308 integro,
652 2266 833 2307 acquiescit.

417 2312 510 2342 1—7.
532 2311 622 2344 Sunt,
647 2311 753 2348 quibus
781 2311 902 2338 videor.-
929 2307 962 2337 in
991 2306 1100 2349 paucis

370 2353 456 2384 librr.
479 2357 554 2383 vett.
580 2353 694 2386 videar,
723 2349 848 2392 plurimi
871 2349 992 2380 codices
1018 2348 1100 2390 apud

372 2397 466 2427 Feam
485 2400 611 2425 tuentur
631 2395 752 2429 videm-‚-
776 2391 931 2433 exempla,
956 2391 1009 2421 ubi
1031 2396 1100 2431 post

370 2444 453 2474 sunt,
469 2439 518 2477 qui
531 2436 656 2476 antique
668 2440 699 2464 et
712 2435 823 2466 Graece
839 2433 962 2476 ponitur
978 2432 1099 2463 indica-

372 2479 465 2516 tivus,
484 2479 572 2510 dabit
596 2476 759 2508 Heindorf.
781 2487 849 2518 sup.
871 2476 909 2506 ad
937 2476 1003 2506 Sat.
1028 2474 1049 2509 i,
1069 2476 1099 2510 4,

372 2523 426 2553 24.
470 2523 558 2558 Acer,
572 2519 681 2550 similis
697 2519 757 2549 sere
776 2519 839 2549 acri
858 2517 941 2554 cani,
957 2517 1011 2559 qui
1033 2527 1099 2547 om-

373 2574 428 2595 nes
447 2563 570 2594 allatrat
586 2561 753 2592 mordetve.
801 2561 890 2591 Ultra
912 2560 1021 2600 Legem
1037 2565 1101 2589 ten-

372 2608 442 2637 dere
455 2616 536 2644 opus,
558 2604 639 2635 ultra
659 2603 784 2634 modum
805 2601 970 2634 extendere
983 2601 1103 2639 satiras,

373 2648 422 2679 vel
452 2647 577 2678 modum
601 2646 632 2676 in
659 2645 828 2676 scribendis
855 2645 955 2675 satiris
978 2643 1042 2674 sive
1071 2643 1102 2673 in

373 2690 535 2732 carpendis
553 2687 711 2719 hominum
727 2687 808 2717 vitiis
821 2686 979 2717 excedere.
1026 2686 1100 2716 Ten-

372 2734 453 2770 dere,
469 2731 600 2773 simplex
624 2740 678 2772 pro
699 2729 882 2770 composito,
899 2729 947 2758 vel
963 2738 1029 2769 pro,
1053 2729 1101 2758 in-

1105 1562 1330 1608 Quiescas.

1077 1628 1254 1670 Peream
1277 1627 1396 1675 male,
1421 1628 1455 1668 si
1475 1641 1559 1667 non

1252 1495 1448 1541 Trebati,

1392 1560 1463 1601 Ne
1484 1559 1646 1610 faciam,
1667 1560 1821 1615 inquis,

1138 1759 1175 1790 ad
1189 1759 1256 1791 Pis.
1266 1761 1341 1790 320.
1366 1760 1484 1790 Deduci
1495 1771 1503 1788 .·
1521 1759 1561 1790 cf.
1571 1769 1605 1790 su
1633 1758 1688 1790 .ad
1698 1759 1765 1790 Sat.
1776 1758 1799 1795 i,
1813 1759 1864 1796 10,

1139 1804 1190 1832 44.
1238 1802 1376 1832 Trebati.-
1403 1801 1570 1837 Trebatius,
1590 1811 1607 1832 c
1622 1811 1694 1832 arus
1708 1800 1865 1843 juriscon-

1138 1845 1251 1881 sultus,
1266 1854 1285 1874 a
1301 1844 1450 1874 Cicerone
1466 1843 1575 1884 (cujus
1593 1843 1633 1874 ad
1655 1853 1724 1874 eum
1744 1842 1867 1884 scriptae

1138 1886 1278 1927 epistolae
1300 1891 1422 1916 exstant
1440 1885 1473 1916 iu
1493 1885 1595 1927 Epist.
1616 1884 1656 1916 ad
1679 1884 1791 1916 Famit.
1813 1885 1868 1916 tib.

1141 1928 1194 1963 vii,
1210 1927 1283 1959 inde
1300 1928 1340 1958 ab
1360 1927 1461 1969 Epist.
1484 1929 1503 1958 6
1526 1937 1626 1969 usque
1647 1926 1687 1958 nd
1701 1926 1774 1967 23),
1795 1927 1867 1958 Cae-

1140 1970 1211 2006 sari,
1234 1970 1406 2001 Galliarum
1429 1969 1618 2010 proconsuli.
1639 1969 1870 2000 commendatur

1142 2012 1189 2042 his
1204 2012 1316 2047 verbis,
1334 2012 1381 2042 De
1396 2023 1451 2052 quo
1466 2013 1520 2042 tibi
1537 2013 1651 2042 homine
1670 2012 1729 2042 haec
1745 2013 1870 2051 spondeo

1141 2071 1182 2077 —
1189 2056 1349 2093 probiorem
1385 2054 1538 2089 hominem,
1576 2055 1721 2085 meliorem
1757 2054 1870 2089 virum,

1140 2099 1364 2135 prudentiorem
1378 2107 1436 2126 esse
1449 2099 1603 2127 neminem.
1632 2096 1754 2126 Accedit
1769 2097 1870 2134 eliam,

1142 2139 1385 2179 quodsumiliam
1404 2139 1488 2168 ducit
1507 2141 1536 2168 in
1550 2140 1627 2178 jure
1647 2139 1743 2174 civili,
1763 2139 1868 2178 singu-

1143 2182 1218 2211 laris
1243 2182 1393 2217 memoria,
1421 2188 1534 2210 summu
1559 2181 1695 2211 scientia.
1751 2179 1872 2220 Nequeo

1142 2224 1290 2252 dormire.-
1313 2221 1569 2262 teinp01·isigitur
1591 2221 1668 2263 (hoc
1691 2220 1772 2252 enim
1795 2231 1869 2268 sup-

1143 2263 1311 2305 plendum)
1346 2262 1476 2293 fallendi
1506 2273 1604 2294 causa
1639 2272 1744 2293 versus
1780 2263 1872 2294 facio.

1144 2306 1205 2336 Sed
1228 2312 1311 2342 sunt,
1333 2304 1366 2334 in
1388 2305 1503 2345 quibus
1523 2310 1570 2336 est
1591 2304 1800 2340 Heindorflus,
1816 2304 1871 2346 qui

1143 2350 1272 2379 dormire
1290 2357 1357 2389 pro,
1377 2357 1508 2384 cessare,
1529 2347 1656 2378 inertem
1673 2356 1752 2383 esse.
1773 2347 1872 2388 expli-

1144 2396 1226 2424 cent,
1251 2395 1282 2421 et
1309 2389 1500 2424 Trebatium,
1530 2387 1588 2419 hac
1616 2388 1727 2429 jocosa
1755 2387 1872 2429 dilogia

1143 2432 1320 2473 deceptum,
1339 2431 1379 2461 ad
1393 2431 1430 2461 τὸ
1442 2432 1583 2465 dormire,
1598 2435 1748 2472 tanquam
1758 2429 1790 2460 in
1801 2440 1871 2472 pro-

1143 2475 1206 2516 pria
1245 2473 1471 2514 significatione
1508 2472 1654 2520 positum,
1689 2482 1736 2503 res
1759 2473 1873 2504 ondere

1144 2516 1319 2558 opinentur.
1362 2514 1446 2545 Mihi
1467 2514 1592 2556 quidem
1610 2513 1730 2545 e’usmo
1755 2514 1764 2544 i
1782 2514 1874 2556 jocus

1144 2558 1292 2598 indignus
1301 2557 1420 2587 videtur
1432 2556 1574 2588 Horatio.
1637 2558 1715 2587 neti:
1727 2566 1796 2599 sup.
1810 2556 1873 2588 Od.

1147 2600 1192 2635 iii,
1214 2602 1262 2635 12,
1279 2601 1310 2636 6,
1327 2600 1451 2638 Liparei
1463 2601 1545 2630 nitor
1557 2598 1651 2629 Helm·
1662 2599 1760 2629 Simul
1771 2605 1874 2630 unctos

1149 2643 1295 2674 Tiberinis
1320 2643 1454 2672 humeros
1477 2642 1551 2671 lavit
1574 2643 1605 2671 in
1628 2642 1728 2671 undis.
1773 2640 1872 2682 Gym-

1146 2685 1285 2719 nasticae,
1302 2689 1337 2714 ut
1352 2684 1515 2714 observant
1533 2682 1572 2712 ad
1593 2681 1623 2712 h.
1638 2681 1661 2712 l.
1681 2682 1873 2724 interpretes,

1145 2725 1392 2760 exercitationes,
1420 2735 1491 2766 quae
1518 2725 1551 2754 in
1580 2733 1690 2765 campo
1718 2725 1834 2755 Martio
1854 2735 1874 2755 a

374 2777 504 2809 tendere,
523 2773 640 2804 Statius
657 2771 763 2802 Achil.
778 2771 799 2806 i,
816 2772 890 2806 543,
916 2770 1012 2800 Tende
1034 2772 1101 2800 ‹mi-
1140 2769 1313 2810 juvenibus
1335 2768 1402 2798 oleo
1429 2766 1533 2797 unctis
1555 2765 1808 2804 instituebantur,
1833 2766 1873 2797 ad

373 2829 454 2848 mum
474 2817 608 2858 vigilem,

374 2902 445 2933 Sine
470 2902 578 2936 nervis,
591 2899 658 2930 sine
672 2898 700 2928 vi
718 2903 749 2929 et
763 2897 922 2938 gravitate,
946 2898 1008 2926 sine
1027 2907 1100 2936 pon-

631 2815 863 2856 focundumque
887 2815 969 2851 erige
989 2819 1101 2851 pectus,
1143 2821 1247 2842 eorum
1273 2819 1400 2851 corpora
1425 2807 1589 2839 recreanda
1613 2808 1771 2838 natatione
1793 2808 1875 2839 finiri

375 2859 423 2891 vel
447 2869 513 2902 pro,
533 2859 698 2894 extendere,
718 2861 754 2886 ut
771 2855 825 2885 inf.
849 2854 948 2896 Epist.
963 2854 984 2890 i,
1002 2855 1034 2889 5,
1055 2855 1102 2884 ll.
1143 2853 1295 2884 solebant.

1348 2851 1409 2882 Sed
1433 2851 1560 2881 fortasse
1583 2849 1682 2892 ipsius
1707 2849 1875 2881 natationis

1145 2906 1240 2926 causa
1260 2896 1313 2936 (ut
1332 2893 1364 2924 in
1385 2892 1455 2923 aliis
1475 2891 1645 2928 laboribus,
1665 2890 1779 2976 guibus
1795 2892 1875 2924 vires

373 2946 442 2975 clere
456 2949 483 2974 σε
497 2948 573 2979 orte,
592 2947 624 2972 ut
640 2939 778 2982 loquitur-
790 2940 914 2974 Noster,
929 2938 984 2969 inf.
1003 2938 1100 2980 Epist.
1141 2943 1173 2969 et
1189 2937 1273 2969 nervi
1284 2935 1417 2968 maxime
1433 2933 1670 2966 intendebantur
1694 2956 1700 2969 ,
1716 2934 1784 2966 oleo
1797 2934 1874 2975 ungi
