1904 3314
659 201 907 246 =LIBER
937 200 973 252 I,
1010 201 1047 243 1.

213 307 287 349 Sic
309 306 463 349 solitus
480 322 490 348 ε
523 302 722 360 Populus
743 317 811 344 me
834 299 994 351 sibilat,
1015 307 1060 342 at
1080 299 1186 341 mihi
1206 299 1370 355 plaudo

211 374 314 430 Ipse
335 375 464 425 domi,
488 371 666 415 simulac
686 385 883 412 nummos
905 366 1177 423 contemplor
1196 368 1240 409 in
1261 382 1376 409 arca.

211 441 426 491 Tantalus
447 456 473 483 a
486 439 620 482 labris
644 439 795 480 sitiens
818 437 1030 492 fugientia
1051 442 1201 491 captat

1556 201 1642 243 297

0 547 6 555 .,
212 509 436 551 Flumina:
469 507 576 563 quid
597 506 744 548 rides?
776 511 943 546 mutato
965 504 1136 546 nomine
1158 503 1214 545 de
1237 510 1280 545 te

0 578 9 631 ξ
125 575 183 618 70
211 575 380 619 Fabula
400 581 624 617 narratur:
660 573 879 628 congestis
901 571 1096 626 undique
1118 571 1255 612 saccis

212 641 427 684 Indormis
448 640 633 691 inhiam,
655 647 700 682 et
721 647 927 695 tanquam
947 653 1128 694 parcere
1151 638 1285 680 sacris

211 709 412 764 Cogeris,
433 715 508 750 aut
528 708 657 763 pictis
679 715 884 762 tanquam
904 707 1099 762 gaudere
1120 705 1310 748 tabellis.

159 786 165 791 '
210 777 387 827 Nescis,
408 791 496 831 quo
519 775 659 818 valeat
679 777 908 817 nummus?
940 789 1069 830 quem
1090 775 1287 830 praebeat
1307 776 1466 816 usum?

211 844 345 887 Panis
367 851 550 894 ematur,
574 843 684 894 olus,
703 844 789 885 vini
811 843 1054 885 sextarius:
1087 843 1216 894 adde,

124 912 183 955 75
213 911 352 960 Queis
373 911 561 954 humana
583 913 666 954 sibi
686 911 832 954 doleat
852 918 1009 952 natura
1029 911 1214 966 negatis.

209 979 284 1023 An
304 978 482 1036 vigilare
503 987 622 1022 metu
642 980 896 1029 exanimem,
921 986 1160 1033 noctesque
1181 978 1365 1034 diesque

215 1047 470 1090 Formidare
490 1047 626 1090 malos
649 1047 783 1098 fures,
806 1047 1023 1097 incendia,
1047 1061 1211 1094 servos,

213 1115 288 1158 Ne
309 1123 353 1159 te
374 1115 609 1171 compilent
629 1115 864 1171 fugienteS,
887 1115 971 1157 hoc
986 1115 1138 1170 juvat?
1171 1114 1328 1156 horum

214 1183 398 1239 Semper
418 1198 502 1239 ego
523 1184 710 1238 optarim
730 1183 1035 1238 pauperrimus
1058 1197 1156 1224 esse
1178 1183 1406 1224 bonorum.

0 1216 13 1267 ἒ
125 1251 184 1292 80
213 1251 276 1292 At
298 1251 333 1292 si
354 1250 580 1293 condoluit
601 1258 814 1293 tentatum
835 1250 997 1305 frigore
1020 1265 1198 1305 corpus,

213 1316 309 1360 Aut
329 1317 439 1360 alius
461 1333 588 1360 casus
609 1318 724 1360 lecto
746 1325 788 1360 te
810 1318 962 1368 affixit,
985 1317 1137 1367 habes,
1160 1318 1236 1372 qui

98 1643 188 1677 fonte
215 1654 280 1676 uon
309 1644 464 1682 contenti,
494 1655 533 1676 ex
562 1654 679 1686 magno
705 1642 850 1681 flumine,

122 1687 204 1719 italis
219 1693 270 1720 est
291 1687 442 1724 Aufidus,
461 1687 587 1718 haurire
610 1687 734 1723 malint,
757 1686 853 1729 hujus

99 1695 253 1765 auctibus
265 1730 388 1774 abrepti
408 1730 441 1762 in
460 1740 544 1772 aqua
563 1735 704 1773 pereant.
724 1729 756 1760 h.
772 1740 800 1762 e.
816 1734 853 1760 ut

98 1772 136 1809 ii,
158 1773 228 1823 qui,
251 1773 354 1816 parvis
375 1784 442 1805 non
464 1773 619 1809 contenti,
643 1771 797 1814 ampliora
821 1777 853 1803 et

99 1815 238 1858 largiora
252 1827 352 1859 usque
369 1822 535 1859 appetunt,
551 1816 647 1858 hujus
662 1814 853 1846 insatiabilis

101 1858 286 1902 cupiditatis
307 1869 420 1901 poenas
443 1859 545 1890 luant.
595 1860 698 1895 Ferat,
719 1858 853 1895 auferat,

101 1901 256 1950 abripiat:
281 1903 415 1944 Aufidus
434 1913 514 1939 noer,
532 1901 662 1944 rapidus
681 1901 713 1932 in
735 1901 855 1942 Apulia

102 1943 230 1982 fluvius,
245 1954 331 1976 nuuc
346 1945 462 1988 Osanto
475 1957 486 1982 ;
510 1955 579 1987 sup.
593 1944 656 1976 Od.
673 1943 721 1979 iii,
733 1945 788 1979 30,
804 1944 855 1981 10,

101 1985 221 2020 dieitur
242 1988 366 2025 violens,
390 1993 423 2020 et
445 1987 510 2020 od.
533 1987 578 2025 iv,
601 1989 654 2024 14,
675 1988 730 2025 25,
753 1989 854 2018 tauri-

118 2041 219 2063 ornm.
470 2048 476 2054 ·

92 2029 125 2072 s
146 2073 205 2107 62.
235 2074 319 2109 Quia
347 2075 442 2108 tanti,
471 2079 622 2115 quantum
649 2074 766 2110 habeas,
795 2074 853 2104 sis.-

102 2115 191 2158 quia,
224 2121 348 2158 quauta.
383 2116 442 2148 tibi
475 2116 657 2148 divitiarum
688 2115 855 2158 possessio,

34 2183 35 2186 η
103 2162 195 2191 tanta
209 2158 258 2191 tui
271 2159 314 2191 sit
327 2158 494 2192 aestimatio
507 2171 516 2198 ;
540 2170 568 2191 s.
585 2164 741 2201 quantum
755 2160 855 2190 bono-

40 2243 41 2247 *
101 2209 173 2232 rum
216 2201 409 2245 possideas„
426 2206 553 2234 'tantum
599 2201 657 2234 tibi
697 2208 855 2233 statuatur

126 2243 210 2277 retii.

44 2320 47 2322 ,
102 2253 127 2286 P
147 2287 202 2318 63.
225 2286 426 2330 Quidfacias
446 2287 518 2318 illi?
541 2288 699 2330 quomodo
716 2287 764 2319 illi
781 2298 853 2319 suc-

49 2332 55 2342 *
103 2331 237 2363 curras!
263 2340 333 2366 nos,
361 2341 422 2362 was
450 2331 542 2362 willst
569 2333 614 2362 dn
645 2331 720 2362 wohl
745 2333 800 2362 mit
826 2343 855 2362 so

101 2372 200 2405 ’Δίκας
214 2372 395 2416 ansangen?
417 2373 531 2405 Jubeas
545 2375 687 2405 miserum
697 2385 767 2410 esse,
781 2379 856 2406 cett.

67 2454 70 2455 ⁷
102 2423 187 2453 nne,
202 2425 326 2458 quasso,
345 2426 418 2447 eum
441 2415 591 2448 miserum
612 2427 691 2455 esse,
707 2417 858 2459 quoniam

55 2459 60 2464 “’
103 2465 180 2492 mn
201 2457 248 2491 ite
271 2468 366 2500 agere
391 2463 425 2491 et
453 2459 585 2501 proinde
613 2459 764 2492 miserum
789 2470 859 2492 esse

101 2497 206 2543 iniat.
228 2501 856 2545 Quatenus,quandoquidem,quoniam:

54 2575 64 2580 ,,
83 2567 89 2571 <=
102 2541 174 2581 ,m
186 2543 236 2582 iii,
251 2544 306 2580 24.
323 2545 378 2582 30,
398 2546 569 2582 Quatenus,
588 2547 645 2577 heu
663 2546 771 2589 nefas!
796 2549 859 2578 vir-

106 2591 204 2620 idem
216 2588 395 2619 ineolumem
410 2590 538 2620 odimus.

55 2634 75 2671 ,ᾖ
104 2654 109 2659 .
148 2628 206 2662 64.
229 2630 364 2666 Quidam
380 2638 565 2662 memoratur
584 2632 730 2662 Athenis:
755 2631 857 2663 homi-

59 2677 177 2714 ὠ,
203 2671 310 2715 qualis
330 2673 385 2705 hic
409 2673 548 2706 Athenis
577 2673 675 2705 fuisse
701 2680 857 2711 narratur,

55 2713 228 2763 ξῶίιιιιε
257 2715 399 2758 gentium
431 2717 644 2760 reperiuntur.
704 2717 862 2759 Respexit

60 2756 205 2833 mr
217 2757 347 2791 fortasse
361 2764 468 2807 poeta,
484 2765 519 2791 ut
534 2765 624 2802 putat
642 2759 857 2796 Heindorfius,

97 2831 126 2848 ,Γ

196 2809 294 2833 mum
334 2802 472 2844 aliquem
513 2802 711 2839 nobiliorem,
751 2813 859 2845 quem,

67 2876 98 2886 ⁴
213 2849 324 2876 notum
355 2845 516 2882 omnibus,
546 2845 677 2878 invidiae
703 2845 862 2877 evitanda

51 2886 209 2922 ffl-
221 2886 387 2919 nominare
401 2888 514 2920 noluit.

68 2951 87 2975 x:
106 2927 210 2963 ιον-,36-
242 2929 394 2962 Tantalus
420 2943 439 2962 a
465 2933 570 2968 labris,
592 2936 672 2972 pett.
718 2931 780 2966 Tu,
807 2930 863 2973 qui

60 2980 91 3005 ,⁵¹
103 2975 259 3005 ‘nmmos
272 2972 307 3004 in
322 2983 396 3005 arca
411 2978 536 3006 tantum
553 2973 788 3016 contemplaris,
803 2985 863 3006 nec

54 3043 69 3057 ,Δ
107 3018 209 3068 ιοϊιῃ
237 3014 311 3049 inde
341 3015 441 3061 capis,
467 3016 551 3050 idem
579 3017 643 3051 sere
670 3017 749 3049 sacis
779 3017 865 3059 quod

54 3096 82 3125 ε’·
96 3114 111 3134 .

212 1385 436 1437 Assideat,
458 1386 651 1429 fomenta
671 1393 813 1441 paret,
836 1385 1053 1427 medicum
1074 1392 1214 1438 roget,
1238 1392 1287 1426 ut
1308 1393 1352 1427 te

202 1454 411 1498 ‚Suscitet
431 1469 482 1496 ac
503 1455 661 1497 reddat
681 1454 793 1496 natis
815 1453 1015 1508 carisque
1035 1454 1328 1509 propinquis?

213 1521 320 1564 Non
343 1537 455 1564 uxor
477 1521 642 1564 salvum
665 1529 707 1564 te
727 1520 834 1573 vult,
857 1535 945 1562 non
965 1520 1099 1572 filius,
1124 1536 1273 1563 omnes

895 1644 981 1686 apud
1002 1643 1118 1675 inferos
1138 1644 1306 1680 Tantalus,
1325 1643 1381 1686 qui
1399 1644 1510 1677 sitiens
1530 1655 1646 1688 aquam

897 1696 913 1717 a
931 1686 1027 1717 labris
1042 1686 1249 1728 refugientem
1262 1692 1382 1735 captat.

940 1730 994 1760 69.
1020 1730 1103 1764 Quid
1119 1731 1222 1760 rides?
1246 1730 1335 1766 Qu1d
1350 1729 1508 1761 Tantalus
1527 1729 1566 1760 ad
1582 1739 1645 1767 me,

897 1771 1003 1802 ridens
1026 1772 1094 1802 ais!
1124 1772 1249 1803 Mutato
1271 1775 1401 1808 nomine,
1425 1778 1518 1803 cett.:
1543 1772 1646 1803 enim-

898 1825 970 1846 vero
986 1824 1025 1846 ea
1039 1825 1120 1856 quae,
1132 1815 1172 1846 de
1194 1815 1332 1846 Tantalo
1351 1815 1526 1856 finguntur,
1543 1814 1570 1845 si
1588 1825 1645 1846 no-

897 1867 969 1892 men
986 1864 1075 1888 tuum
1088 1868 1163 1890 cum
1179 1857 1308 1889 Tantali
1323 1858 1450 1889 nomine
1462 1858 1648 1895 mutaveris,

898 1900 1022 1941 egregie
1051 1901 1085 1931 in
1116 1905 1146 1932 te
1174 1900 1354 1942 quadrant5
1378 1901 1648 1943 quemadmodum

898 1943 983 1974 enim
999 1943 1054 1974 ille
1070 1942 1198 1974 videbat
1214 1943 1341 1984 quidem
1357 1949 1430 1974 ante
1445 1953 1500 1974 ora
1519 1953 1649 1985 aquam,

900 1996 958 2017 nec
975 1991 1081 2017 tamen
1096 1996 1168 2017 eam
1186 1986 1360 2022 hauriebat.
1376 1986 1420 2017 ita
1435 1991 1470 2017 tu
1490 1996 1649 2023 nummos,

899 2034 1052 2071 tanquam
1069 2028 1171 2071 pictas
1186 2028 1325 2065 tabulas,
1341 2029 1576 2071 contemplaris,
1591 2040 1651 2062 nec

899 2082 991 2102 usum
1014 2082 1053 2103 ex
1076 2071 1116 2103 iis
1138 2071 1238 2114 capis.
1283 2072 1414 2104 Inhiaus
1436 2072 1625 2115 (κεχηνώς)
1643 2085 1650 2103 :

899 2115 1020 2146 inhiare
1053 2114 1215 2152 dicuntur,
1245 2114 1300 2156 qui
1335 2115 1444 2146 hiante
1472 2115 1562 2157 quasi
1596 2126 1650 2147 ore

900 2157 950 2195 (h.
970 2168 998 2189 e.
1014 2168 1140 2189 summa
1159 2157 1353 2199 cupiditate)
1370 2157 1465 2190 alicui
1483 2158 1527 2190 rei
1543 2159 1648 2190 immi-

900 2206 989 2236 nent,
1006 2206 1072 2231 toto
1087 2201 1193 2232 animo
1206 2201 1238 2231 in
1257 2201 1363 2243 aliqua
1380 2212 1412 2232 re
1429 2201 1525 2232 defixi
1541 2208 1629 2234 sunt.

944 2245 996 2274 71.
1019 2244 1133 2279 Sacris,
1150 2244 1353 2287 ἀναθήμασι
1368 2250 1457 2286 puta.

944 2287 995 2318 73.
1033 2287 1149 2324 Nescis,
1183 2299 1241 2328 quo
1267 2289 1375 2319 -valeat
1407 2290 1570 2319 nummus?
1608 2299 1650 2320 an

900 2329 1017 2367 nescis,
1031 2340 1094 2371 quo
1110 2335 1229 2372 spectet
1246 2330 1367 2361 nummi
1383 2331 1430 2361 vis
1445 2336 1477 2363 et
1492 2331 1626 2373 pretium
1642 2334 1651 2363 ἶ

900 2373 933 2403 h.
948 2383 977 2403 e.
991 2373 1044 2404 cui
1055 2373 1098 2404 rei
1115 2373 1316 2404 adhibendus
1332 2373 1372 2405 sit
1388 2384 1538 2405 nummus
1551 2377 1563 2406 ’Ξ

949 2416 1001 2447 75.
1025 2417 1123 2454 Adde,
1142 2417 1235 2451 Queis
1254 2417 1387 2448 humana-
1403 2419 1460 2448 sibi
1478 2418 1579 2448 doleat
1594 2430 1651 2449 na-

905 2466 978 2490 tura
995 2461 1125 2500 negatis,
1142 2459 1223 2491 adde
1239 2460 1313 2493 alia.
1330 2460 1447 2502 quibus
1464 2466 1577 2492 natura
1593 2461 1652 2492 hu-

905 2512 1000 2533 mana
1024 2512 1108 2543 aegre
1127 2513 1186 2534 nec
1206 2502 1274 2534 sine
1292 2502 1399 2534 dolore
1419 2509 1538 2535 careat.
1583 2504 1651 2536 Re-

904 2545 998 2587 spicit
1020 2555 1059 2576 ea
1081 2555 1154 2586 quae
1178 2545 1217 2576 ad
1239 2546 1381 2588 corporis
1397 2547 1604 2589 voluptatem,
1624 2555 1656 2579 et

903 2589 943 2619 ad
967 2587 1031 2618 alia
1057 2598 1130 2629 quae
1154 2594 1267 2620 natura
1291 2589 1444 2631 postulat,
1473 2590 1652 2631 pertinent:

903 2637 1018 2662 namra
1033 2632 1178 2679 (trimano,
1195 2632 1354 2674 appetitus
1366 2632 1483 2674 cuique
1498 2632 1617 2664 homini
1636 2643 1654 2664 a

904 2679 1018 2705 natura
1034 2679 1160 2705 insstus.

948 2718 1002 2748 78.
1036 2716 1212 2759 Fugientes,
1257 2718 1339 2749 servi
1378 2717 1435 2760 qui
1473 2718 1655 2760 aufugiunt.

904 2760 1023 2791 Horum
1041 2761 1198 2796 bonorum,
1216 2760 1376 2802 ejusmodi
1394 2763 1559 2798 bonorum,
1582 2773 1654 2803 quae

905 2807 1010 2835 tantas
1026 2812 1120 2834 curas
1135 2802 1287 2845 injiciunt
1301 2803 1368 2835 suis
1384 2805 1629 2846 possessoribus.

949 2846 1003 2877 80.
1033 2847 1075 2876 At
1099 2848 1136 2883 si,
1164 2851 1240 2878 cett·
1265 2846 1385 2883 malim,
1410 2849 1472 2883 An,
1500 2849 1536 2883 si,
1565 2853 1601 2878 ut
1623 2857 1654 2878 v.

907 2889 961 2924 76,
978 2889 1027 2919 An
1043 2890 1188 2929 vigilare,
1205 2895 1280 2921 cett.
1317 2890 1481 2921 Tentatum
1496 2903 1504 2920 .·
1529 2900 1654 2931 cor-pus,

906 2931 995 2974 quod
1017 2931 1140 2964 invadit
1159 2937 1194 2963 et
1215 2938 1354 2975 occupat
1376 2933 1516 2968 morbus,
1543 2931 1656 2963 tentari

906 2974 1015 3006 morbo
1028 2974 1164 3006 dicitur:
1178 2974 1320 3018 frigore,
1336 2986 1400 3017 quo
1415 2975 1525 3017 agitari
1542 2980 1573 3006 et
1587 2984 1655 3006 cor-

908 3017 968 3060 ripi
984 3018 1088 3050 solent
1103 3018 1224 3060 aegroti,
1244 3019 1319 3051 li..e.
1334 3018 1425 3050 febri.
