1904 3314
300 199 384 239 350

846 203 1276 248 SATIRARUM

897 435 1130 478 SATIRA
1161 437 1218 479 X.

418 605 578 654 Lucili,
599 621 723 661 quam
742 608 803 648 sis
822 610 1056 659 mendosus,
1078 616 1184 652 teste
1209 611 1382 660 Catone,

420 671 662 726 Defensore
681 679 766 722 tuo,
779 676 1043 728 pervincam,
1065 677 1137 731 qui
1157 678 1265 718 male
1270 678 1424 732 factos

419 738 661 780 Emendare
675 747 809 793 parat
830 756 987 782 versus.

1048 742 1148 783 Hoc
1168 744 1301 784 lenius
1321 745 1406 793 ille,

418 805 504 844 Est
524 819 604 858 quo
624 805 690 845 vir
709 807 869 855 melior,
893 808 1017 862 longe
1036 809 1234 850 subtilior
1253 811 1342 859 illo,

360 869 387 909 5
421 869 506 915 Qui
526 871 691 911 multum
704 886 818 926 puer
838 879 879 914 et
900 874 1005 914 loris
1025 880 1066 914 et
1071 875 1254 928 funibus
1275 878 1370 917 udis

416 935 700 986 Exhortatus,
722 945 767 978 ut
787 946 911 988 esset,
932 955 1051 994 opem
1072 942 1278 996 quiferre-
1290 944 1437 997 poetis

414 1003 616 1056 Antiqm's
631 1011 779 1058 posset
798 1012 946 1047 contra
954 1007 1148 1060 fastidia
1168 1015 1329 1057 nostra,
1400 1014 1403 1017 ’

421 1068 805 1110 Grammaticorum
826 1073 1010 1126 equitum
1030 1074 1310 1115 doctissimus.

347 1229 510 1265 Horatius,
533 1230 607 1260 dum
630 1241 663 1261 se
685 1231 826 1262 defendit
851 1237 955 1263 contra
981 1243 1032 1263 eos

303 1269 358 1310 qui
374 1270 487 1312 ipsum,
500 1282 591 1312 supra
606 1272 638 1302 in
655 1274 720 1303 Sat.
734 1273 776 1308 iv,
789 1273 894 1314 inique
906 1280 938 1305 et
953 1274 1029 1305 invi-

302 1312 390 1342 diose
405 1313 443 1344 de
459 1314 571 1343 Lucilii
589 1314 697 1345 Satiris
708 1315 868 1356 judicasse
886 1316 1031 1346 crimina-

301 1354 428 1390 bantur,
439 1361 544 1386 manet
559 1355 590 1385 in
605 1356 668 1386 lata
683 1357 721 1387 de
739 1357 861 1388 Lucilio
870 1358 1030 1395 sententia,

301 1395 436 1436 ingenue
450 1396 541 1427 simul
563 1398 696 1428 laudans
714 1409 750 1429 ea
768 1409 838 1439 quae
850 1399 921 1440 jure
939 1400 1029 1430 meri-

302 1442 395 1478 toque
426 1438 458 1468 iu
488 1439 601 1470 Lucilii
635 1440 736 1470 satiris
766 1441 921 1471 laudanda
955 1441 1029 1472 siut.

302 1479 448 1510 Ceterum
464 1481 494 1510 in
510 1481 569 1511 hac
582 1481 675 1512 satira
694 1481 779 1520 vitia,
794 1483 884 1514 bonis
899 1483 1027 1524 scripto-

300 1520 388 1551 ribus
404 1522 540 1560 vitanda‚
556 1528 704 1564 tanquam
725 1524 757 1554 in
775 1525 902 1567 speculo
918 1535 1026 1566 reprae-

297 1568 469 1595 sentantur.

347 1606 376 1635 l.
399 1605 515 1640 Lucili,
529 1617 616 1646 quam
628 1609 666 1636 sis
682 1608 843 1643 mendosus,
858 1613 931 1638 cett.
947 1608 1028 1639 Octo

298 1657 417 1682 versus,
440 1647 512 1678 huic
538 1648 638 1678 satirae
664 1649 793 1689 praefixi,
817 1649 885 1679 ideo
907 1649 1028 1681 diversa

298 1687 471 1719 litterarum
491 1689 588 1719 forma
601 1690 709 1720 excusi
724 1687 807 1725 subt,
823 1691 908 1731 quia,
925 1698 1027 1722 utrum

249 1735 255 1739 ‘
299 1730 450 1761 Horatius
470 1741 575 1761 eorum
599 1737 706 1762 auctor
729 1732 820 1763 suerit
843 1743 951 1768 necne,
975 1733 1029 1764 ad-

301 1771 363 1802 huc
383 1773 441 1802 sub
457 1772 563 1813 judice
585 1773 622 1803 lis
642 1779 700 1805 est.
746 1774 942 1805 Exhibentur
962 1776 1031 1816 qui-

301 1813 372 1844 dem
390 1814 420 1844 hi
435 1825 539 1845 versus
559 1821 619 1845 tam
638 1815 671 1845 iu
686 1816 762 1847 edit.
781 1816 886 1848 Princ.
911 1817 1029 1848 Biblio-

301 1855 385 1885 thec.
410 1857 515 1887 Vatic.
536 1867 630 1897 quam
654 1858 685 1887 in
708 1858 778 1888 aliis
798 1859 924 1889 vetustis
944 1859 1030 1890 editt.

302 1896 477 1933 Laudinus‚
507 1899 595 1929 nulla
620 1905 695 1930 vett.
722 1899 812 1930 editt.
839 1901 1031 1931 auctoritatis

302 1939 422 1970 ratione
444 1940 561 1975 habita,
584 1940 700 1981 primus
717 1951 770 1972 eos
793 1941 825 1972 in
851 1943 926 1973 edit.
947 1943 1030 1974 Flor.

304 1981 398 2018 1482,
408 1991 426 2012 e
439 1986 525 2011 textu
540 1981 573 2011 in
584 1982 740 2023 subjectas
752 1983 1031 2015 animadversiones

300 2022 461 2062 relegavit.
506 2023 593 2053 Idem
633 2025 771 2055 fecerunt
814 2025 926 2056 deinde
967 2026 1030 2058 alii.

304 2063 414 2100 Quint
435 2065 518 2106 quod
534 2071 603 2095 octo
618 2065 663 2096 illi
679 2077 785 2098 versus
796 2077 813 2097 a
829 2068 1028 2108 quibusdam,

301 2112 337 2136 ut
359 2115 378 2136 a
402 2106 554 2143 Bentleio‚
575 2107 700 2138 silentio
722 2109 814 2149 plane
836 2109 1029 2150 praetermissi

298 2153 384 2179 sunt.
420 2148 466 2179 At
479 2154 548 2190 post
560 2149 735 2180 Bentleium
745 2151 849 2181 extitit
860 2152 1028 2187 Gesnerus,

300 2189 354 2230 qui
384 2199 491 2221 versus
516 2190 600 2225 illos,
627 2197 663 2221 ut
687 2191 799 2231 dignos
829 2193 970 2230 Horatio,
997 2194 1028 2224 iu

300 2231 416 2267 sedem,
436 2242 496 2273 qua
520 2232 600 2273 pulsi
623 2239 707 2268 sunt,
728 2234 918 2274 postliminio
942 2236 1028 2265 resti-

298 2274 431 2304 tuendos
447 2274 655 2309 arbitraretur,
672 2275 714 2305 ita
731 2281 845 2310 tamen,
862 2282 898 2306 ut
912 2276 1027 2307 littera-

298 2325 366 2345 rum
378 2316 474 2346 forma
483 2326 502 2346 a
512 2315 620 2347 ceteris
630 2316 903 2357 distinguerentur.
933 2319 1040 2350 Hunc-

300 2367 357 2397 ego
373 2364 499 2389 secutus
513 2357 636 2388 eosdem
654 2369 760 2389 versus
776 2359 894 2390 diversa
911 2359 1026 2391 littera-

297 2408 366 2429 rum
392 2400 487 2430 forma
514 2399 586 2430 huic
615 2400 717 2431 satirae
743 2402 946 2442 praeflgendos
971 2412 1026 2433 cu-

297 2441 374 2476 ravi,
390 2447 422 2472 et
436 2441 560 2482 quidem
583 2443 622 2472 ob
641 2442 697 2472 has
715 2450 848 2484 quatuor
869 2443 1001 2474 rationes
1017 2457 1022 2475 :

300 2483 329 2512 l.
349 2483 422 2524 quia
437 2483 483 2514 illi
502 2494 563 2514 non
580 2490 700 2514 tantum
718 2485 748 2515 in
764 2485 954 2516 editionibus
970 2496 1024 2516 an-

297 2524 490 2565 tiquissimis,
520 2525 574 2556 sed
604 2526 695 2556 etiam
727 2526 758 2556 in
789 2526 896 2557 multis
926 2528 1027 2559 Codd.

295 2567 378 2614 apud
397 2567 489 2598 Feam
505 2567 708 2599 exhibentur:
734 2571 763 2599 2.
777 2569 852 2609 quia
869 2570 907 2599 ab
928 2571 1027 2600 Hora-

295 2608 329 2638 tii
359 2609 513 2640 scribendi
541 2609 657 2640 ratione
685 2620 745 2640 non
771 2611 960 2642 abhorrent:
995 2613 1026 2642 3.

293 2650 368 2692 quia
384 2650 535 2682 sententia
552 2651 583 2681 in
600 2651 637 2681 iis
653 2662 795 2693 expressa
811 2652 959 2683 carminis
976 2663 1025 2684 ar-

293 2699 439 2734 gumento
459 2693 638 2734 respondet:
663 2695 693 2723 4.
715 2694 788 2734 quia
810 2695 907 2735 prima
932 2695 1025 2736 hujus

291 2735 392 2766 satirae
407 2745 463 2765 vox
477 2736 599 2774 Nempe,
615 2735 671 2766 nisi
686 2738 870 2766 sententiam
885 2736 1023 2778 aliquam

291 2777 493 2818 suppleveris,
517 2787 579 2818 quo
604 2778 749 2808 referatur
772 2788 833 2807 non
858 2778 967 2816 habet5
992 2785 1023 2810 at

290 2819 395 2856 habet,
410 2818 435 2849 si
451 2819 495 2850 illi
512 2829 618 2850 versus
636 2819 868 2860 praemittantur,
888 2820 944 2850 hoc
962 2820 1023 2852 fere

291 2870 393 2892 nexu:
419 2864 439 2879 “
452 2861 607 2891 Lucilium
625 2868 744 2902 poetam
763 2864 928 2892 mendosum
941 2873 1021 2900 esse,

288 2902 336 2934 vel
356 2902 428 2934 inde
446 2903 593 2944 probabo,
610 2903 693 2944 quod
718 2903 808 2938 Cato,
829 2903 943 2934 Lucilii
965 2904 1018 2935 (le-

286 2945 401 2981 sensor,
425 2945 522 2976 malos
544 2945 584 2976 ab
605 2955 642 2976 eo
665 2945 763 2976 factos
785 2955 890 2976 versus
911 2956 1015 2978 emen-

1380 1075 1436 1115 Ut
1456 1075 1625 1116 redeam
1645 1076 1760 1117 illuc.

1075 1192 1148 1222 dare
1169 1198 1275 1234 parat3
1299 1193 1354 1234 qui
1372 1193 1510 1235 quidem,
1525 1204 1589 1236 quo
1609 1193 1654 1225 vir
1670 1199 1719 1226 est
1737 1204 1802 1226 me-

1075 1233 1143 1270 lior,
1171 1245 1207 1266 eo
1230 1236 1330 1266 lenius
1355 1243 1386 1266 et
1410 1236 1624 1277 indulgentius
1646 1235 1685 1267 de
1710 1236 1803 1268 malis

1077 1276 1191 1306 Lucilii
1221 1278 1410 1308 carminibus
1439 1278 1584 1318 judicat;
1617 1283 1666 1309 est
1696 1285 1799 1310 autem

1076 1317 1156 1348 Cato
1170 1318 1268 1359 judex
1289 1319 1320 1349 in
1341 1320 1398 1350 hac
1418 1330 1449 1350 re
1469 1320 1567 1350 multo
1586 1319 1727 1350 subtilior
1744 1320 1800 1350 illo

1074 1359 1188 1400 equite,
1215 1361 1270 1401 qui
1300 1361 1371 1392 loris
1400 1366 1431 1392 et
1457 1361 1584 1392 funibus
1610 1361 1659 1403 (lt.
1688 1372 1718 1392 e.
1750 1361 1800 1402 vi)

1074 1401 1205 1432 adactus
1220 1407 1268 1432 est
1283 1402 1321 1432 ad
1342 1402 1491 1434 doctrinae
1511 1403 1660 1438 studium,
1675 1409 1712 1434 ut
1728 1414 1799 1435 eva-

1072 1442 1159 1474 deret
1184 1444 1415 1484 grammaficus,
1444 1444 1497 1485 qui
1525 1444 1670 1486 antiquos
1693 1451 1800 1487 poetas

1071 1491 1179 1516 contra
1201 1486 1433 1527 reprehensores
1455 1486 1642 1517 defenderet.
1686 1487 1747 1518 Sed
1765 1494 1802 1519 ut

1070 1530 1188 1557 redeam
1204 1529 1291 1565 illuc,
1306 1528 1427 1559 scilicet
1441 1529 1481 1559 ad
1496 1530 1662 1559 mendosum
1677 1534 1799 1571 poetam

1071 1568 1240 1604 Lucilium,

1189 1629 1300 1669 Nempe
1316 1631 1500 1670 incomposito
1514 1631 1579 1661 disi
1593 1629 1688 1662 cett.''

1073 1690 1140 1720 Has
1162 1689 1286 1730 quidem
1306 1689 1449 1727 rationes,
1468 1701 1507 1720 ex
1528 1690 1643 1732 quibus
1662 1695 1732 1722 octo
1753 1690 1801 1722 illi

1073 1741 1178 1762 versus
1194 1731 1322 1762 Horatio
1343 1731 1520 1763 vindicandi
1536 1742 1602 1763 esse
1622 1731 1698 1763 mibi
1713 1732 1800 1764 vide-

1075 1774 1199 1810 bantur,
1213 1773 1278 1814 jam
1297 1774 1440 1815 proposui
1455 1773 1488 1804 in
1507 1773 1672 1815 scriptione
1691 1774 1800 1816 aliqua

1072 1815 1198 1846 indictae
1213 1815 1402 1846 solemnitati
1421 1815 1615 1847 scholastice
1631 1816 1800 1858 praemissa,

1074 1857 1188 1888 Gothae
1223 1868 1426 1888 nrncccxxn.
1484 1858 1544 1889 Sed
1575 1868 1636 1889 non
1663 1859 1799 1900 probatae

1072 1899 1134 1930 illae
1157 1905 1230 1930 sunt
1251 1899 1325 1935 viro,
1347 1899 1439 1940 cujus
1458 1899 1622 1942 plurimum
1645 1901 1728 1941 apud
1749 1911 1800 1933 me

1074 1941 1548 1978 valetauctoritas,celeberrimo
1557 1941 1748 1979 Eichstadio‚
1766 1944 1799 1974 Is

1073 1985 1155 2014 enim
1173 1984 1204 2014 in
1220 1984 1378 2023 Program.
1395 1984 1496 2014 Acad.
1510 1984 1583 2015 Jen.
1600 1994 1799 2020 mucccxxn.

1072 2026 1205 2056 rationes
1225 2035 1243 2056 a
1263 2035 1311 2056 me
1330 2025 1501 2067 propositas
1521 2026 1710 2057 infirmatum
1731 2026 1799 2063 ivit,

1073 2068 1126 2098 scd
1149 2073 1235 2098 tanta
1260 2067 1464 2103 humanitate,
1489 2073 1574 2098 tanta
1599 2067 1744 2099 comitato
1769 2073 1800 2100 et

1072 2109 1279 2150 indulgentia,
1312 2116 1348 2140 ut
1382 2109 1476 2151 hujus
1515 2109 1570 2139 viri
1607 2109 1800 2142 dissensione

1072 2150 1150 2180 nihil
1166 2150 1240 2180 mihi
1257 2151 1396 2181 accidere
1410 2157 1510 2193 posset
1521 2151 1704 2192 jucundius.
1720 2152 1799 2183 nihil

1072 2191 1333 2222 honorificentius.
1371 2193 1499 2223 Utinam
1515 2203 1622 2224 omnes
1638 2192 1693 2223 viri
1703 2194 1798 2232 docti,

1070 2234 1124 2274 qui
1148 2233 1274 2264 meliora
1297 2235 1374 2264 alios
1396 2234 1516 2270 docere,
1535 2241 1566 2266 et
1583 2236 1623 2266 ab
1644 2235 1799 2267 erroribus

1071 2275 1102 2305 in
1131 2276 1210 2306 viam
1242 2275 1386 2306 reducere
1414 2276 1558 2317 cupiunt,
1586 2277 1631 2307 ita
1658 2285 1731 2307 cum
1760 2277 1798 2308 iis

1071 2323 1176 2358 agant,
1192 2323 1226 2347 ut
1241 2327 1361 2348 mecum
1377 2318 1439 2358 egit
1454 2317 1638 2349 venerabilis
1653 2318 1798 2350 Eichsta-

1070 2358 1151 2389 dius.
1198 2360 1265 2390 Nec
1294 2359 1340 2389 vir
1363 2359 1590 2390 eruditissimus
1614 2370 1694 2400 aegre
1712 2360 1798 2399 feret,

1070 2401 1095 2430 si
1112 2400 1248 2431 nondum
1265 2402 1304 2431 ab
1320 2401 1422 2432 animo
1438 2411 1506 2432 meo
1520 2402 1684 2449 impetrare
1699 2403 1798 2445 potui,

1070 2449 1104 2473 ut
1130 2442 1286 2479 omnibus,
1309 2453 1379 2483 quae
1410 2443 1462 2474 ille
1489 2443 1665 2475 acutissime
1690 2450 1799 2476 contra.

1069 2490 1140 2515 octo
1163 2485 1234 2515 illos
1259 2495 1363 2516 versus
1390 2495 1408 2515 a
1429 2495 1478 2516 me
1503 2485 1646 2516 defensos
1666 2487 1798 2524 monuit,

1069 2526 1260 2557 accederem.
1319 2527 1414 2562 Nam,
1445 2532 1480 2557 ut
1507 2527 1574 2569 ipse
1602 2529 1697 2569 probe
1726 2528 1797 2564 scit,

1068 2568 1193 2599 difficile
1211 2576 1268 2603 est,
1285 2568 1462 2610 opinionem
1476 2579 1513 2599 ex
1533 2569 1649 2605 animo.
1665 2569 1721 2601 ubi
1741 2570 1797 2602 illa.

1067 2611 1162 2641 semel
1192 2611 1325 2642 radicem
1351 2610 1590 2651 egit,⁴evellere.
1635 2612 1728 2649 Quod
1750 2613 1798 2643 vir

1069 2653 1268 2683 doctissimus
1296 2653 1449 2690 observat,
1475 2658 1611 2684 veterum
1642 2653 1795 2685 Codicum

1069 2694 1159 2725 fidem
1183 2705 1244 2725 non
1267 2705 1304 2725 ex
1326 2704 1429 2725 eorum
1453 2704 1591 2730 nurnero,
1608 2694 1660 2726 sed
1683 2705 1723 2726 ex
1740 2706 1797 2726 cu-

1064 2737 1180 2777 jusque
1195 2736 1312 2776 origine
1327 2741 1357 2767 et
1377 2735 1495 2766 familia
1509 2736 1696 2767 metiendam
1712 2738 1795 2768 aesti-

1067 2780 1274 2819 mandamque
1295 2788 1374 2814 esse,
1398 2777 1431 2807 in
1454 2777 1562 2825 hacOre
1584 2777 1675 2809 facile
1693 2779 1722 2810 ei
1745 2789 1794 2810 as·

1067 2820 1219 2851 sentimus
1231 2843 1240 2858 ‚
1262 2819 1356 2850 immo
1371 2829 1532 2861 ponamuS,
1548 2819 1581 2850 in
1595 2829 1659 2850 uno
1674 2825 1794 2852 tantum

1067 2862 1184 2893 Codice
1213 2867 1284 2892 octo
1311 2861 1380 2891 illos
1411 2871 1516 2892 versus
1541 2866 1676 2904 repertos
1703 2872 1792 2901 esse3

1060 2903 1127 2944 jam
1151 2903 1245 2934 unius
1264 2902 1390 2934 Codicis
1410 2902 1578 2934 auctoritas
1601 2904 1641 2934 ad
1681 2905 1793 2935 roban·

1061 2945 1147 2982 dam,
1163 2955 1257 2987 quam
1274 2945 1312 2976 de
1334 2954 1475 2976 versuum
1497 2944 1618 2976 illorum
1637 2946 1795 2988 αυθεντὶᾳ
