1884 3288
327 201 406 241 150

877 199 1274 242 CARMINUM

522 300 578 340 25
607 298 861 353 Negligens,
882 314 935 341 ne
956 315 1039 354 qua
1059 298 1244 354 populus
1265 298 1444 349 laboret,

606 366 742 407 Parce
763 367 953 421 privatus
976 368 1147 408 nimium
1167 381 1338 408 cavere:

609 433 737 474 Dona
757 435 980 488 praesentis
1001 448 1106 488 cape
1127 433 1249 474 laetus
1273 433 1405 482 horae,
1427 438 1470 473 et

1056 500 1224 554 Linque
1247 514 1405 541 severa.

884 757 1153 799 CARMEN
1187 757 1268 798 IX.

781 904 1006 934 CARMEN
1054 903 1370 934 AMOEBAEUM.

955 1025 1191 1052 HORATIUS.

601 1087 765 1128 DoNEc
786 1095 933 1142 gratus
955 1103 1068 1129 eram
1090 1089 1182 1137 tibi,

655 1154 752 1194 Nec
773 1155 998 1208 quisquam
1018 1155 1158 1208 potior
1180 1153 1353 1194 brachia
1374 1152 1567 1194 candidae

601 1221 767 1261 Cervici
781 1221 949 1275 juvenis
972 1222 1127 1261 dabat:

653 1288 883 1328 Persarum
903 1289 1018 1342 vigui
1038 1302 1139 1342 rege
1162 1288 1339 1328 beatior.

994 1422 1146 1449 LYDIA.

543 1488 570 1527 5
601 1487 754 1527 Donec
775 1502 859 1527 non
880 1485 961 1526 alia
981 1487 1115 1540 magis

653 1552 827 1601 Arsisfi,
851 1567 987 1606 neque
1009 1559 1100 1593 erat
1124 1552 1262 1606 Lydia
1282 1559 1380 1606 post
1402 1552 1591 1593 Chloen:

313 1676 458 1719 imperio,
483 1677 645 1711 Cantaber,
670 1675 833 1717 Hispaniae
860 1675 1045 1717 septentrio-

315 1720 396 1749 nalis
413 1729 488 1759 gens
508 1718 710 1754 ferocissima,
726 1724 794 1759 post
810 1717 922 1748 multas
944 1718 1048 1748 clades

313 1766 344 1791 et
366 1771 488 1802 pugnas
508 1762 547 1791 ab
561 1760 702 1801 Agrippa
723 1760 847 1790 demum
866 1759 1047 1800 perdomita,

314 1803 378 1833 vid.
392 1803 455 1834 Dio
471 1802 527 1838 liii,
538 1804 598 1839 25;
615 1802 687 1833 hinc
703 1813 766 1832 seru
782 1804 911 1832 clamitas
924 1809 1043 1837 catena,

314 1845 348 1876 h.
363 1856 391 1876 e.
407 1855 474 1876 sero
492 1846 707 1875 Romanorum
730 1843 843 1874 ditioni
865 1844 1043 1884 subjectus:

311 1887 352 1917 cf.
370 1898 441 1929 sup.
455 1886 495 1917 ad
511 1887 542 1924 ii,
557 1888 590 1922 6,
606 1888 637 1916 2.
680 1887 806 1926 Scythae,
820 1885 960 1926 intellige
976 1885 1047 1916 lstri

313 1929 449 1962 accolas.
465 1928 519 1970 qui
534 1939 602 1970 sup.
619 1928 652 1962 ii,
667 1929 698 1963 9,
723 1929 775 1963 22,
801 1928 908 1958 Geloni
932 1937 1044 1958 vocan-

312 1975 373 2001 tur.
418 1972 611 2001 Meditantur
635 1972 735 2000 cedere
762 1972 883 2008 cam-pis,
905 1979 989 2000 nunc
1013 1969 1044 1999 id

312 2019 420 2054 agunt,
443 2018 476 2043 ut
499 2022 516 2043 e
538 2011 651 2043 nostris
673 2011 787 2042 finibus
810 2011 840 2041 in
863 2021 936 2041 suos
960 2021 1043 2042 reee-

312 2055 410 2094 dant3
434 2056 499 2085 laxo
514 2066 602 2090 arcu,
619 2053 831 2094 significanter
846 2063 911 2094 pro,
928 2053 1044 2094 impetu

312 2107 415 2128 eorum
444 2096 595 2127 hostiliter
620 2106 676 2126 nos
703 2095 870 2126 infestandi
897 2105 1044 2136 represso,

313 2149 425 2181 nempe
445 2149 463 2169 a
484 2138 639 2176 Lentulo;
663 2140 734 2167 'nam
753 2138 807 2178 qui
829 2137 946 2167 hostem
970 2137 1044 2167 telo-

313 2192 380 2212 rum
399 2181 489 2222 jactu
507 2186 611 2222 petere
635 2179 793 2215 desinunt,
812 2189 917 2209 arcum
941 2180 1044 2209 Insunt

311 2223 361 2254 vel
373 2223 546 2255 remittunt.
584 2222 635 2253 Cl.
649 2222 781 2252 Mitsch.
793 2226 951 2262 comparat
963 2221 1045 2255 τόξα

310 2265 547 2307 κεχαλασμένα
564 2264 646 2305 apud
662 2263 772 2304 Antip.
788 2263 931 2294 Thessal.
946 2273 997 2297 xx,
1013 2264 1044 2299 3,

315 2308 445 2338 Anthol.
462 2308 567 2338 Graec.
585 2307 623 2337 Τ.
640 2306 673 2342 ii,
690 2317 719 2346 p.
738 2307 809 2336 100.
854 2305 942 2336 Idem
958 2315 1042 2335 corn-

310 2350 400 2381 mode
418 2349 525 2380 laudat
547 2350 660 2379 Senec.
684 2348 791 2389 OEdip.
816 2348 890 2382 469,
915 2348 1043 2377 Lanuvii

312 2395 402 2422 victos
430 2403 518 2422 arcus
549 2392 723 2430 Geticasque
758 2391 894 2430 sagittus,
932 2389 1044 2420 Lactea

316 2434 496 2474 Massagetes
510 2435 560 2474 qui
573 2434 679 2472 pocula
695 2434 843 2472 sanguine
859 2434 977 2462 miscet:
1002 2432 1044 2462 cf.

313 2475 407 2507 Ovid.
425 2477 508 2507 Fast.
525 2486 554 2510 ν,
571 2476 646 2510 593,
663 2474 758 2505 Trist.
774 2474 807 2511 ii,
821 2475 896 2504 227.

352 2519 491 2548 25—28.
510 2517 975 2558 Negligens-paree—nimium
993 2527 1042 2546 ca·

309 2571 394 2591 vere.-
414 2560 525 2601 junge,
541 2561 676 2598 privatus
691 2570 780 2598 parce
797 2558 896 2600 (noli)
917 2560 1042 2588 nimium

308 2613 422 2639 cavere,
450 2614 486 2633 ne
515 2614 572 2642 qua
601 2603 728 2640 popu-lus
756 2602 865 2631 laboret
898 2602 955 2641 (ne
980 2610 1044 2640 qua

308 2646 384 2676 forte
398 2643 473 2676 rein
487 2643 656 2674 discrimen
667 2648 794 2674 vocetur
806 2653 845 2683 po
870 2642 913 2672 uli
927 2641 1042 2682 salus),

309 2688 474 2729 negligens,
496 2695 604 2717 securo
625 2695 680 2716 nec
706 2685 766 2715 tale
785 2684 838 2725 qui
881 2694 963 2714 nunc
984 2695 1039 2714 cu-

308 2736 394 2760 rante
409 2728 531 2760 animo:
555 2730 692 2767 privatus
707 2727 774 2768 jam
789 2737 855 2768 pro,
877 2726 944 2756 urbi
962 2737 1037 2767 prae-

309 2772 428 2808 fectus;
444 2780 516 2800 nam
529 2770 551 2800 ii
563 2780 698 2811 quoque,
711 2768 767 2810 qui
780 2768 917 2810 publicis
929 2778 1039 2799 mune-

307 2813 390 2844 ribus
401 2812 447 2844 vel
463 2813 592 2843 summis
607 2810 838 2852 magistratibus
855 2810 1039 2850 funguntur,

306 2866 378 2886 cum
402 2854 594 2896 principibus
617 2854 664 2884 vel
687 2852 811 2891 regibus
829 2857 1039 2893 opponuntur,

302 2900 416 2937 privati
437 2896 603 2928 dicuntur:
628 2893 691 2926 vid.
712 2895 837 2925 Ernest.
861 2894 950 2925 Clav.
968 2893 1039 2924 Cic.

1090 1676 1185 1706 horas.-
1205 1675 1277 1706 laeto
1292 1674 1395 1705 animo
1413 1675 1532 1717 percipe
1546 1676 1642 1712 bona,
1657 1687 1725 1725 quae
1741 1687 1821 1719 prae-

1089 1727 1161 1748 sens
1177 1723 1299 1758 tempus
1316 1717 1364 1748 vel
1388 1717 1554 1749 hodiernus
1569 1718 1635 1750 dien
1651 1718 1706 1749 nbi
1722 1719 1822 1760 perci-

1091 1759 1204 1800 pienda
1226 1759 1332 1798 offert3
1358 1760 1416 1797 vel,
1432 1766 1468 1790 ut
1485 1760 1614 1791 eandem
1636 1761 1822 1792 sententiam

1088 1802 1211 1832 brevius
1238 1801 1387 1832 Horatius
1418 1811 1487 1843 sup.
1517 1802 1539 1838 i,
1572 1803 1622 1838 ll,
1653 1803 1672 1834 8
1696 1803 1821 1840 extulit,

1089 1855 1177 1883 carpe
1192 1846 1280 1874 diem·
1310 1844 1427 1884 Linque
1438 1855 1550 1879 severa,
1563 1854 1685 1876 omnem
1697 1844 1822 1876 omittas

1090 1895 1210 1917 curam.

1310 1969 1510 2000 CARMEN
1534 1970 1597 2001 IX.

1131 2010 1290 2052 Zelotypia
1298 2011 1361 2041 sive
1371 2011 1553 2042 obtrectatio
1564 2012 1644 2042 inter
1654 2011 1819 2044 Horatium

1087 2058 1118 2083 et
1134 2053 1263 2094 Lydiam
1281 2053 1411 2093 gliscere
1425 2058 1575 2094 coeperat.
1619 2054 1724 2085 Ambo
1744 2065 1819 2086 con-

1089 2095 1227 2125 veniunt.
1295 2096 1446 2125 Horatius
1485 2095 1616 2136 primum
1652 2106 1818 2133 summam,

1089 2147 1194 2177 quam,
1218 2137 1304 2167 nullo
1327 2137 1389 2167 alio
1411 2136 1514 2167 adhuc
1537 2137 1595 2167 sibi
1618 2136 1651 2167 in
1676 2147 1779 2169 amore
1800 2148 1820 2170 a

1091 2179 1190 2219 Lydia
1204 2179 1342 2221 prinlum,
1357 2179 1528 2220 perceperit
1536 2178 1726 2216 felicitatem,
1739 2180 1818 2211 mol-

1090 2220 1199 2251 lissimi
1237 2222 1352 2251 amoris
1387 2221 1500 2252 affectu
1536 2221 1662 2253 laudare
1695 2221 1820 2264 incipit.

1091 2262 1273 2304 Respondet
1303 2262 1414 2304 Lydia,
1446 2273 1502 2294 nec
1537 2263 1687 2294 minorem
1715 2274 1817 2300 suam,

1087 2304 1159 2335 dum
1171 2305 1239 2335 sola
1254 2306 1294 2335 ab
1310 2305 1439 2335 Horatio
1453 2310 1556 2336 amata
1569 2305 1671 2343 fuerit,
1684 2305 1819 2338 felicita.

1087 2352 1148 2377 tem
1165 2347 1271 2380 fuisse.
1289 2348 1421 2386 graviter
1433 2353 1464 2378 et
1477 2346 1652 2378 luculenter
1673 2347 1820 2380 ostendit,

1086 2391 1167 2419 Tum
1198 2389 1360 2424 Horatius,
1389 2395 1422 2419 ut
1452 2394 1521 2420 urat
1547 2386 1727 2431 pungatqu'e
1751 2390 1815 2432 Ly-

1086 2431 1181 2467 diam,
1204 2431 1275 2462 novi
1295 2431 1418 2467 amoris,
1440 2430 1490 2462 cui
1512 2441 1544 2462 se
1568 2441 1652 2463 nunc
1675 2431 1815 2463 deditum

1085 2484 1154 2504 esse
1173 2473 1310 2511 simulat,
1327 2474 1516 2504 mentionem
1537 2472 1624 2504 facit.
1669 2474 1732 2504 Par
1771 2474 1818 2506 ari

1085 2516 1176 2546 refert
1198 2515 1307 2556 Lydia.
1352 2515 1425 2547 Jam
1451 2513 1550 2546 mittat
1571 2515 1721 2547 rationem
1780 2527 1815 2547 o-

1085 2558 1181 2588 ratius
1209 2565 1240 2588 et
1271 2558 1356 2599 pacis
1380 2557 1573 2588 conditiones
1602 2558 1672 2588 fert.
1715 2558 1818 2599 Lydia

1085 2600 1188 2630 statim
1203 2609 1257 2630 eas
1272 2598 1397 2641 accipit,
1412 2605 1444 2630 et
1459 2599 1503 2630 sic
1521 2599 1555 2629 fit
1573 2599 1747 2630 mollissimi
1763 2600 1814 2631 fir-

1085 2641 1277 2682 missimique
1313 2641 1424 2672 amoris
1459 2641 1688 2682 redintegratio.
1734 2642 1815 2673 Cum

1085 2694 1190 2719 scena,
1222 2693 1284 2724 qua
1309 2683 1341 2713 in
1365 2683 1494 2723 gratiam
1519 2693 1591 2714 curn
1614 2683 1715 2724 Lydia
1737 2684 1816 2715 redit

1086 2725 1245 2761 Horatius,
1267 2726 1330 2756 fere
1345 2725 1385 2756 sit
1397 2724 1579 2761 dramatica,
1599 2725 1734 2756 suaviter
1748 2726 1813 2757 col-

1085 2768 1224 2809 loquium
1241 2767 1321 2798 inter
1334 2777 1367 2798 se
1380 2774 1409 2798 et
1427 2766 1557 2808 Lydiam
1573 2773 1674 2798 ortum
1690 2767 1729 2798 ad
1744 2778 1814 2799 car-

1084 2810 1177 2840 minis
1191 2809 1335 2840 amoebaei
1348 2809 1474 2839 formam
1485 2814 1517 2839 et
1526 2808 1611 2850 leges
1622 2810 1797 2851 composuit
1802 2822 1812 2850 ;

1084 2857 1115 2882 et
1132 2852 1188 2887 sic,
1203 2851 1287 2892 quod
1307 2851 1338 2882 in
1360 2851 1418 2881 hoc
1438 2851 1573 2882 carmine
1595 2850 1813 2882 dulcissimum

1083 2899 1140 2929 est,
1159 2894 1208 2928 iis,
1225 2904 1295 2934 quae
1312 2893 1476 2934 respondet
1491 2893 1603 2934 Lydia,
1623 2903 1655 2924 se
1675 2893 1813 2936 superari

304 2950 330 2973 s.
355 2950 383 2971 v·
403 2941 553 2980 privatus.
597 2938 684 2970 Dona
698 2937 850 2978 praesentis
865 2947 935 2976 cape
951 2937 1034 2968 latus
1080 2946 1192 2977 passus
1207 2941 1266 2967 est.
1311 2935 1456 2967 Ceterum
1478 2934 1611 2968 lectores
1633 2934 1692 2978 ipsi
1711 2935 1811 2978 perci·
