1904 3314
354 169 438 210 438

838 172 1365 216 EPISTOLARUM

386 269 441 309 85
471 269 728 312 Festinantis
750 272 866 324 heri3
899 274 967 314 cui
988 274 1023 314 si
1043 275 1194 315 vitiosa
1213 274 1347 315 libido

468 335 637 378 Fecerit
657 339 904 392 auspicium,
925 355 1018 381 cras
1040 341 1294 381 ferramenta
1314 341 1510 380 Teanum

469 402 663 453 Tolletis,
686 404 808 446 fabri.

869 406 1029 447 Lectus
1051 406 1227 460 genialis
1248 407 1291 446 in
1312 406 1408 446 aula
1428 413 1515 447 est:

470 469 545 510 Nil
567 471 624 511 ait
645 485 739 512 esse
759 473 892 525 prius,
914 473 1062 513 melius
1083 473 1141 513 nil
1162 471 1309 513 caelibe
1330 473 1437 522 vita3

473 535 520 576 Si
540 551 623 577 non
646 545 724 587 est,
740 538 859 592 jurat
878 539 987 579 bene
1010 539 1108 579 solis
1131 553 1226 579 esse
1247 539 1419 578 maritis.

387 601 443 642 90
474 602 575 649 Quo
597 611 760 644 teneam
781 605 922 645 vultus
942 612 1173 645 mutantem
1196 605 1355 645 Protea
1375 604 1522 645 nodo?

475 668 593 715 Quid
614 673 808 724 pauper?
841 671 932 712 ride
950 689 959 712 z
990 679 1124 711 mutat
1144 670 1374 719 coenacula,
1395 670 1544 718 lectos,

474 734 649 786 Balnea,
672 744 888 778 tonsores:
923 737 1134 778 conducto
1156 739 1322 791 navigio
1344 751 1465 790 aeque

469 800 666 843 Nauseat
686 817 734 843 ac
755 801 960 856 locuples,
982 817 1105 856 quem
1128 803 1246 850 ducit
1265 803 1385 857 priva
1405 802 1599 843 triremis.

473 867 519 907 Si
539 875 711 908 curatus
733 868 930 922 inaequali
951 875 1121 909 tonsore
1143 868 1316 922 capillos

386 932 444 972 95
474 932 684 983 Occurro,
706 935 843 975 rides:
878 935 912 974 si
931 934 1041 974 forte
1064 934 1272 975 subuculo
1293 949 1415 988 pexae

471 998 596 1039 Trita
617 1001 766 1041 subest
787 1002 956 1050 tunicae,
981 999 1045 1040 vel
1069 1001 1103 1040 si
1125 1007 1227 1054 toga
1248 1001 1428 1041 dissidet
1449 1001 1598 1054 impar,

357 1142 509 1183 patienter
554 1146 720 1187 transigere
756 1152 883 1188 possunt
924 1148 1089 1188 probantes

358 1185 464 1215 eadem
478 1187 490 1215 't

402 1228 539 1258 83—87.
588 1228 699 1260 Nullus
732 1232 763 1259 in
797 1233 862 1261 orbe
893 1232 986 1265 sinus,
1016 1236 1089 1261 cett.

361 1267 508 1299 Horatius
529 1269 594 1310 jam
617 1272 760 1313 exempla
784 1272 915 1303 levitatis
933 1278 964 1302 et
988 1279 1088 1302 muta-

358 1309 430 1340 bilis
447 1311 603 1342 hominum
627 1313 723 1343 animi
743 1315 840 1344 affert.
886 1315 1024 1344 Sensus:
1047 1314 1087 1343 si-

359 1352 462 1397 mulac
484 1354 573 1383 homo
596 1354 709 1395 aliquis
730 1355 814 1386 dives
833 1355 922 1390 dixit,
940 1356 1090 1386 “Nullus

360 1402 392 1422 ln
409 1400 471 1424 toto
489 1401 636 1426 terrarum
654 1399 725 1427 orbe
746 1398 832 1428 sinus
853 1397 941 1427 Baiis
960 1399 1090 1428 amoenis

361 1436 523 1476 pulchrius
538 1439 800 1478 exsplendescit,''
817 1440 919 1469 statim
936 1439 988 1470 ille
1005 1450 1089 1469 amo-

364 1487 437 1512 rem,
452 1489 514 1519 quo
534 1480 679 1510 Baiarum
703 1480 884 1511 amoenitate
904 1487 1011 1522 captus
1031 1487 1087 1516 est,

361 1519 497 1550 declarat
515 1521 721 1558 festinatione,
738 1533 797 1563 qua
812 1523 877 1563 jam
895 1522 1017 1564 (herus)
1034 1524 1088 1553 do-

361 1560 463 1591 minus
478 1567 508 1592 et
524 1563 641 1594 locator
656 1564 687 1593 in
703 1565 804 1595 littore
819 1566 945 1594 (lornum
961 1566 991 1594 in
1008 1575 1091 1595 mare

361 1610 589 1643 procurrentem
608 1605 737 1636 fundare
749 1612 779 1636 et
793 1613 948 1637 exstruere
963 1606 1091 1648 incipit;

361 1651 394 1674 at
413 1645 437 1674 si
458 1645 514 1676 hoc
531 1647 725 1687 repentinum
748 1648 914 1678 consilium
933 1654 1031 1678 ortum
1052 1649 1093 1678 sit

361 1696 399 1716 ex
414 1687 480 1717 sola
496 1688 635 1722 libidine,
651 1689 702 1719 cui
714 1689 976 1721 inconsideranter
987 1691 1090 1720 indul-

362 1729 466 1767 gebat,
493 1734 557 1759 tum
586 1736 704 1761 mutato
730 1732 861 1761 consilio
880 1732 945 1772 jam
970 1738 1093 1774 postero

362 1770 412 1800 die
426 1770 547 1801 fabrilia
565 1772 771 1803 instrumenta
788 1774 837 1811 (in
857 1774 951 1803 alium
970 1774 1091 1813 locum)

363 1813 504 1842 Teanum
530 1816 582 1850 <ut
606 1815 647 1845 ibi
671 1816 773 1856 potius
795 1812 921 1846 domum
945 1817 1093 1855 aedificet)

363 1855 560 1894 transportari
578 1856 716 1896 jubebit.
762 1859 834 1888 Huc
858 1858 989 1898 pertinet
1007 1859 1094 1888 locus

365 1905 434 1936 sup.
459 1896 519 1925 Od.
543 1897 577 1931 ii,
608 1900 654 1932 18,
682 1900 720 1929 19
742 1910 811 1940 sqq.
839 1899 1020 1930 Tu-slruis
1043 1902 1093 1930 do-

365 1948 434 1972 mos,
470 1938 623 1978 stIariSqne
659 1941 745 1970 Baiis
781 1944 970 1980 obstrepentis
1006 1953 1095 1981 urges

366 1979 540 2009 Submovere
562 1982 677 2016 littora,
709 1983 821 2012 Parum
844 1985 969 2022 locuples
997 1987 1091 2014 conti-

365 2028 454 2050 nente
479 2023 567 2060 ripa;
596 2028 627 2053 et
654 2025 716 2054 Od.
743 2024 789 2058 iii,
813 2025 834 2061 i,
858 2026 899 2054 34
921 2035 989 2066 sqq.
1016 2027 1092 2055 Con-

366 2069 463 2093 tracta
479 2065 569 2102 pisces
588 2076 701 2104 aequora
722 2069 868 2102 sentiunt,
884 2066 981 2096 lactis
998 2069 1029 2096 in
1046 2069 1092 2097 al-

367 2110 429 2134 tum
452 2107 595 2141 molibus;
627 2108 683 2136 huc
695 2107 843 2147 frequens
871 2109 1020 2138 Caementa
1043 2112 1093 2139 de-

366 2148 461 2176 mittit
494 2149 639 2178 redemtor·
669 2150 745 2178 Cum
767 2149 912 2190 famulis.
943 2152 1094 2181 dominus-

367 2199 421 2228 que
459 2195 546 2219 terra:
584 2190 775 2220 Fastidiosus.
839 2191 920 2220 Baiis
955 2193 1095 2229 proelucet

366 2232 496 2277 qmoenis,
513 2231 691 2262 amoenitate
709 2233 943 2274 anteponendus
959 2238 1006 2262 est
1032 2235 1094 2264 Ba-

364 2282 414 2303 us.

410 2316 462 2345 84.
487 2316 631 2350 Amorem,
651 2314 797 2356 injectam
820 2315 922 2346 subito
945 2316 1097 2357 cupidita-

369 2362 429 2388 tem
454 2357 633 2388 exstruendi
656 2357 788 2388 amoenis
813 2357 899 2388 Baiis
921 2359 1097 2390 aedificium.

370 2401 460 2429 Amor
483 2398 663 2440 simpliciter
689 2409 750 2430 non
778 2409 843 2429 raro
868 2409 948 2434 earn,
972 2401 1010 2431 de
1036 2412 1099 2441 qua

370 2450 469 2471 sermo
488 2445 544 2476 est,
561 2441 763 2482 cupiditatem
780 2441 924 2481 designat
939 2453 947 2480 3
969 2442 1013 2472 sic
1028 2454 1097 2484 sup.

371 2483 473 2524 Epod.
500 2484 532 2519 2,
561 2483 613 2518 37,
648 2484 722 2517 Quis
748 2494 807 2513 uon
835 2485 995 2518 malarum,
1025 2496 1097 2524 quas

367 2535 448 2554 amor
470 2535 558 2555 curas
580 2526 675 2559 habet,
698 2526 770 2555 Haec
792 2527 873 2555 inter
895 2526 1094 2557 obliviscitur:

367 2566 409 2597 cf.
427 2566 524 2608 Epist.
539 2577 584 2607 sq.
600 2567 652 2596 37.

412 2609 463 2639 86.
481 2609 623 2644 Teanum,
637 2608 822 2644 Sidicinum,
835 2608 983 2650 oppidum
1001 2610 1095 2640 Cam-

366 2649 481 2691 paniae,
506 2660 569 2680 non
597 2650 850 2682 confundendum
876 2661 947 2681 cum
977 2652 1094 2690 Teano,

367 2691 481 2734 oppido
497 2691 633 2734 Apuliae.

409 2734 462 2764 87.
479 2735 588 2765 Lectus
600 2734 731 2774 genialis
745 2735 774 2763 in
787 2735 859 2764 aula
875 2741 932 2765 est.-
955 2735 979 2764 si
995 2735 1093 2767 lectus

367 2775 544 2817 conjugalis
570 2776 741 2807 collocatus
768 2781 815 2806 est
847 2776 879 2806 in
910 2778 1007 2815 atrio3
1038 2788 1092 2819 pro

368 2818 499 2858 vulgari,
521 2819 547 2849 si
569 2818 638 2859 quis
660 2823 708 2847 est
728 2817 866 2848 maritus.
911 2819 1019 2850 Lectus
1040 2831 1090 2862 ge-

365 2861 458 2890 vialis
486 2859 644 2902 (Festus),
674 2862 725 2899 qui
752 2862 866 2899 nuptiis
889 2864 1036 2892 sternitur
1059 2865 1090 2893 in

366 2902 500 2934 honorem
518 2903 622 2938 Genii,
637 2905 717 2933 unde
726 2903 911 2942 appellatur.

1176 1148 1229 1177 89.
1252 1148 1284 1177 Si
1300 1157 1358 1176 non.
1374 1152 1428 1181 est,
1445 1146 1471 1176 si
1486 1146 1587 1177 lectus
1608 1145 1740 1187 genialis
1753 1145 1862 1176 nonin

1133 1189 1207 1218 aula
1222 1194 1268 1219 est
1282 1188 1411 1229 positus,
1425 1188 1451 1218 si
1464 1188 1493 1219 ei
1509 1199 1570 1219 non
1585 1194 1633 1219 est
1645 1197 1735 1219 uxor.

1175 1231 1228 1260 90.
1274 1232 1339 1264 Quo
1375 1236 1500 1266 teneam,
1534 1235 1608 1261 cett.
1640 1239 1703 1271 quo
1736 1229 1863 1260 vinculo

1133 1271 1270 1307 divitem,
1288 1272 1412 1307 formas,
1426 1282 1504 1313 quas
1519 1272 1631 1308 induit,
1648 1270 1752 1302 Protei
1766 1271 1864 1301 instar

1134 1318 1316 1348 mutantem,
1347 1314 1549 1344 constrictum
1584 1314 1727 1344 teneamt
1772 1313 1804 1343 h.
1835 1323 1864 1344 e.

1133 1355 1286 1396 quomodo
1318 1365 1509 1396 compescam
1547 1356 1731 1386 mutabilem
1760 1354 1864 1385 divitis

1135 1397 1295 1427 animumt
1319 1399 1396 1438 Sup.
1414 1398 1478 1427 Sat.
1493 1397 1527 1432 ii,
1543 1398 1574 1432 3,
1591 1398 1644 1432 71,
1658 1397 1759 1427 malus
1773 1397 1862 1427 debi-

1135 1445 1180 1468 tor
1195 1439 1252 1468 sub
1267 1438 1358 1468 variis
1375 1439 1491 1474 formis,
1507 1439 1538 1468 h.
1554 1449 1581 1469 e.
1597 1438 1720 1469 callidis
1735 1438 1863 1474 artibus,

1135 1480 1318 1511 creditorem
1340 1481 1481 1516 eludens,
1503 1481 1627 1510 Proteus
1651 1484 1790 1514 vocatur,
1809 1481 1864 1511 ubi

1133 1522 1195 1552 vid.
1214 1527 1321 1552 notata
1338 1533 1345 1551 z
1369 1522 1410 1552 cf.
1429 1532 1554 1563 quoque
1573 1522 1611 1552 de
1630 1521 1737 1552 fabula
1759 1522 1864 1553 Protei

1136 1564 1225 1603 Virg.
1250 1564 1330 1594 Geo.
1353 1563 1394 1600 iv,
1414 1564 1474 1594 :387
1500 1574 1570 1605 sqq.
1592 1569 1624 1594 et
1644 1574 1715 1604 quae
1736 1563 1780 1594 ibi
1801 1563 1865 1594 dis-

1135 1611 1224 1647 putat
1244 1605 1398 1646 Heynius.
1442 1606 1539 1647 Apud
1562 1606 1652 1645 Virg.
1669 1615 1701 1636 V.
1721 1606 1784 1636 396
1799 1606 1863 1646 Cy-

1135 1658 1207 1678 rene
1222 1647 1319 1678 filium
1335 1658 1426 1677 suum
1444 1647 1608 1678 Aristaeum
1623 1647 1792 1688 alloquitur
1806 1647 1863 1685 sic,

1136 1690 1197 1720 Hic
1215 1691 1283 1724 tibi,
1302 1697 1383 1724 nate,
1396 1691 1481 1729 prius
1500 1690 1607 1720 vinei-is
1623 1691 1784 1728 capiendus
1801 1691 1865 1729 (sc.

1136 1731 1297 1771 Proteus),
1320 1737 1350 1762 et
1374 1742 1401 1762 v.
1425 1732 1499 1766 405,
1528 1731 1646 1768 Verum,
1667 1732 1720 1761 nbi
1745 1742 1863 1771 correp-

1136 1780 1199 1803 tum
1222 1775 1356 1803 manibus
1375 1775 1536 1813 vinclisque
1552 1774 1678 1803 tenebis:
1702 1773 1781 1803 hanc
1803 1772 1864 1814 igi-

1138 1821 1187 1845 tur
1202 1815 1338 1845 fabulam
1354 1815 1392 1845 de
1408 1816 1529 1856 Cyrene
1544 1820 1575 1846 et
1590 1814 1735 1850 Aristaeo,
1750 1819 1786 1845 ut
1796 1814 1864 1856 jam

1137 1857 1311 1887 observavit
1344 1858 1513 1892 Gesnerus,
1544 1855 1712 1899 respexisse
1743 1857 1866 1888 videtur

1140 1899 1295 1930 Horatius

1180 1943 1233 1971 91.
1263 1942 1345 1975 Quid
1373 1943 1508 1980 pauper?
1542 1942 1626 1971 ride.-
1660 1946 1734 1971 cett.
1779 1942 1866 1978 Quo-

1136 1983 1226 2013 modo
1242 1989 1343 2013 autem
1360 1992 1392 2012 se
1407 1983 1486 2022 gerit
1498 1983 1635 2024 pauper?
1658 1982 1722 2013 ride
1733 1992 1866 2020 mecum,

1140 2025 1323 2062 Maecenas3
1353 2034 1470 2066 pauper
1497 2024 1579 2056 enim
1610 2023 1743 2055 ridiculo
1774 2025 1865 2055 modo

1138 2077 1228 2106 aeque
1262 2067 1439 2097 inconstans
1468 2072 1516 2097 est
1543 2076 1580 2097 ac
1612 2066 1723 2104 dives;
1767 2073 1867 2097 mutat

1137 2109 1219 2137 enim
1243 2110 1395 2138 caenacnla
1415 2113 1488 2138 cett.
1534 2109 1727 2139 Coenaculum
1746 2107 1865 2151 (ὑπερο

1139 2149 1236 2189 ῶον),
1259 2149 1397 2191 superior
1418 2149 1530 2180 aedium
1574 2159 1622 2180 ars
1645 2151 1745 2189 (ahere
1768 2150 1865 2191 Etage

1137 2193 1170 2220 in
1200 2194 1292 2222 einem
1316 2190 1448 2230 Haase),
1471 2193 1527 2222 ubi
1551 2160 1737 2222 liabitabant
1757 2201 1865 2223 coena-

1139 2233 1275 2273 bamque
1308 2232 1454 2272 inquilini
1489 2233 1553 2264 sive
1587 2243 1756 2275 pauperes:
1795 2234 1866 2264 Liv.

1138 2275 1244 2310 xxxix,
1266 2275 1317 2309 14,
1341 2275 1537 2304 Coenaculum
1553 2285 1641 2313 super
1659 2276 1733 2305 cedes
1749 2281 1790 2304 est
1811 2277 1867 2305 da-

1142 2322 1228 2352 tum,·
1254 2316 1365 2348 Cicero
1383 2315 1459 2356 Agr.
1475 2315 1508 2351 ii,
1524 2317 1577 2352 35,
1595 2316 1689 2346 Roma
1707 2319 1868 2348 coenuculis

1140 2369 1278 2397 suspensa
1299 2364 1386 2398 atque
1408 2359 1538 2388 sublata.
1582 2358 1740 2399 Pauper-es
1760 2358 1866 2398 igitur,

1141 2409 1228 2439 aeque
1248 2400 1414 2429 mutabiles
1435 2409 1471 2429 ac
1493 2399 1614 2435 divites,
1631 2406 1750 2430 mutant
1770 2411 1868 2431 coena-

1140 2444 1221 2477 cula,
1247 2441 1338 2472 modo
1361 2442 1417 2471 boc
1443 2441 1534 2472 modo
1559 2441 1639 2472 illud
1663 2441 1862 2473 conducunt:

1140 2483 1202 2513 vid.
1227 2485 1316 2514 Varr.
1344 2483 1383 2514 de
1409 2483 1447 2512 L.
1473 2484 1510 2514 L.
1535 2483 1578 2519 iv,
1602 2494 1634 2525 p.
1655 2485 1708 2515 65.
1751 2484 1865 2522 Lectos,

1138 2525 1252 2566 quibus
1266 2525 1483 2556 discumbitur.

1181 2568 1234 2601 92,
1257 2568 1309 2597 93.
1333 2567 1459 2604 Balnea,
1479 2566 1617 2608 intellige
1635 2566 1775 2608 publica,
1795 2567 1866 2608 qui-

1138 2610 1197 2639 bus
1219 2609 1387 2640 utebantur
1407 2618 1574 2650 panperes3
1601 2618 1673 2639 nam
1696 2608 1807 2640 divites
1831 2609 1864 2640 in

1136 2651 1201 2681 suis
1221 2651 1355 2692 quisque
1377 2650 1520 2681 domibus
1537 2655 1692 2681 exstructa
1708 2649 1866 2682 habebant

1137 2693 1260 2724 balnea.
1299 2694 1450 2723 Tonsores:
1473 2702 1545 2722 cum
1559 2692 1664 2733 plures
1677 2691 1711 2722 in
1727 2692 1792 2723 foro
1806 2703 1863 2734 pa-

1136 2741 1236 2766 terent
1245 2735 1405 2765 tonstrinae
1419 2733 1538 2766 tonderi
1548 2734 1757 2775 cupientibu&
1769 2734 1864 2765 aliam

1135 2787 1207 2807 cum
1229 2776 1290 2807 alia
1309 2776 1355 2806 illi
1378 2786 1432 2818 pro
1450 2775 1550 2807 lubitu
1571 2781 1690 2806 mutare
1708 2780 1861 2817 poterant.

1137 2819 1289 2850 conducto
1303 2820 1423 2860 navigio
1436 2828 1513 2858 teque
1531 2817 1664 2848 Nauseat
1676 2829 1711 2848 uc
1723 2819 1862 2857 locuples,

1134 2871 1249 2901 pauper
1271 2871 1359 2900 aeque
1382 2870 1418 2890 ac
1441 2858 1593 2900 locuples,
1610 2869 1723 2893 rerum,
1746 2859 1862 2900 quibus

1135 2903 1242 2940 utitur,
1267 2902 1410 2944 oppletur
1431 2901 1578 2940 fastidio;
1600 2901 1860 2942 quemadmodum
