1884 3288
803 217 1201 260 CARMINUM

535 319 612 361 Nil
631 319 757 374 pictis
778 320 951 361 timidus
971 320 1113 362 navita
1131 320 1350 375 puppibus

456 386 509 426 15
652 385 780 427 Fidit.

841 386 929 434 Tu,
950 386 1031 426 nisi
1052 386 1187 426 ventis

706 452 856 493 Debes
876 451 1120 500 ludibrium,
1143 465 1257 491 cave.

539 518 695 573 Nuper
715 517 940 559 sollicitum
961 532 1058 570 quae
1078 516 1180 556 mihi
1202 515 1389 564 taedium,

539 585 671 626 Nunc
692 585 964 634 desiderium,
988 597 1175 636 curaque
1197 596 1281 622 non
1301 581 1418 629 levis,

651 650 871 691 -Interfusa
891 650 1075 690 nitentes

459 717 516 758 20

714 717 839 758 Vites
860 730 1033 770 aequora
1055 693 1279 769 Cycladas.

813 884 1084 926 CARMEN
1116 883 1220 925 XV.

440 1025 612 1056 NEREI
654 1024 990 1056 VATICIN'IUM
1029 1024 1095 1055 DE
1134 1022 1362 1054 EXCIDIO
1399 1020 1592 1052 TROJAE.

493 1115 672 1156 PASTOR
693 1132 822 1170 quum
845 1117 1035 1159 traheret
1058 1133 1135 1172 per
1155 1118 1264 1159 freta
1285 1117 1463 1158 navibus

492 1181 619 1223 Idaeis
641 1182 838 1223 Helenen
858 1184 1051 1237 perfidus
1074 1184 1300 1238 hospitam,

314 1313 450 1343 14-16.
474 1311 530 1342 Nil
546 1314 632 1352 pictis
646 1318 720 1344 cett.
736 1323 835 1344 nexus
851 1314 1000 1344 sententi-

270 1364 356 1385 arum
380 1360 428 1385 est
451 1354 513 1384 fere
539 1355 610 1385 hic:
645 1355 724 1386 nihil
747 1355 830 1385 enim
854 1355 945 1396 juvat
970 1357 1002 1386 in

269 1401 453 1444 tempestate
473 1397 563 1427 navis
587 1397 744 1431 nobilitas,
761 1396 839 1427 nihil
858 1403 1002 1428 externus

272 1448 359 1469 navis
374 1437 529 1479 splendor,
545 1438 576 1468 iu
593 1449 654 1480 quo
671 1439 798 1469 timidus
814 1444 911 1469 nauta
933 1441 1002 1470 nul-

270 1479 333 1510 lam
362 1480 489 1510 omniuo
515 1480 603 1522 ponit
628 1481 785 1511 fiduciam.
834 1482 937 1517 Pictis,
964 1481 1002 1512 ad

270 1528 432 1553 externum
454 1522 536 1552 enim
555 1522 678 1553 navium
694 1523 888 1564 splendorem
910 1523 1004 1564 perti-

271 1565 389 1595 nebant
413 1563 551 1605 picturae,
580 1565 695 1606 quibus
717 1575 835 1607 puppes
865 1565 1005 1607 inprimis

271 1605 410 1637 decorari
424 1607 578 1637 solebant.
613 1607 756 1638 Laudant
772 1608 884 1638 Senec,
901 1607 1004 1648 Epist.

272 1648 368 1683 lxxvi,
386 1648 479 1678 Navis
494 1650 566 1678 bona
581 1650 707 1684 dicitur,
722 1661 780 1679 non
796 1660 858 1689 quae
872 1651 1006 1688 pretiosis

273 1691 418 1720 coloribus
429 1693 511 1729 picta
529 1697 681 1725 est,-—nec
700 1693 788 1730 cujus
808 1692 901 1721 tutela
923 1693 1005 1722 ebore

274 1734 485 1766 meltum—sed
501 1734 615 1762 stabilis
628 1739 656 1763 et
668 1734 776 1772 firma.
823 1733 891 1763 Nisi
913 1736 1006 1764 ventis

276 1774 369 1804 Debes
384 1775 560 1809 ludibrium,
579 1774 609 1805 h.
622 1785 650 1805 e.
668 1774 726 1804 nisi
739 1774 848 1810 ventis,
866 1782 900 1805 ut
911 1775 949 1805 iis
964 1775 1007 1806 sis

274 1815 422 1851 ludibrio,
438 1820 468 1846 te
480 1826 633 1858 exponere
646 1816 702 1846 vis.
746 1817 908 1857 Loquendi
919 1817 1008 1854 ratio,

277 1859 444 1888 ludim-ium
465 1859 559 1888 alicui
579 1860 692 1893 debere,
708 1858 740 1888 h.
755 1869 782 1890 e.
801 1859 938 1889 ludibrio
952 1860 1009 1890 ali-

275 1899 367 1940 cujus
379 1910 412 1930 se
426 1900 595 1930 obnoxium
612 1901 726 1934 facere,
739 1900 932 1931 conformata
942 1911 1010 1932 esse

276 1941 397 1972 videtur
422 1941 460 1971 ad
487 1942 665 1983 exemplum
690 1943 810 1973 Graecae
833 1943 1010 1979 locutionis,

274 1983 390 2025 ὄφλειν
405 1983 451 2013 vel
467 1983 680 2023 ὀφλισκάνειν
696 1983 824 2025 γέλωτα
841 1985 922 2026 apud
939 1985 1009 2016 Ari-

277 2026 380 2067 stoph.
410 2025 496 2056 Nub.
533 2027 626 2060 1031,
660 2026 765 2067 Eurip.
796 2027 885 2056 Med.
917 2028 1010 2058 1049.

279 2068 386 2098 Risum
403 2069 516 2102 debere,
533 2067 566 2098 h.
581 2078 611 2098 e.
625 2067 699 2098 risui
720 2078 753 2098 se
772 2068 941 2098 obnoxium
963 2070 1008 2100 os-

278 2108 367 2143 ferre,
383 2119 416 2140 se
430 2109 531 2151 ipsum
550 2109 753 2150 deridendum
770 2110 942 2152 propinare.

323 2152 460 2182 17—20.
486 2152 591 2191 Nuper
602 2153 763 2182 sollicitum
776 2164 838 2192 quae
849 2153 921 2182 mihi
936 2158 1009 2183 cett.

278 2203 408 2224 sensus:
437 2203 454 2223 o
477 2194 574 2230 navis,
597 2204 668 2234 quae
691 2204 788 2234 nuper
807 2194 839 2224 iu
859 2194 1011 2235 naufragii

278 2235 417 2277 periculo
438 2235 514 2265 mihi
533 2235 735 2266 sollicitudini
756 2246 824 2266 eras
844 2242 938 2277 atque
955 2242 1010 2267 tae-

279 2277 342 2312 dio.
361 2287 444 2308 nunc
460 2288 541 2312 vero,
559 2282 679 2308 servata
694 2288 803 2319 nempe
821 2279 860 2308 ab
875 2278 1010 2316 interitu,

279 2320 431 2361 voluptati
456 2325 486 2349 et
511 2329 631 2359 magnae
657 2330 752 2353 eurae,
777 2320 865 2355 vites,
892 2330 1011 2361 quaeso,

281 2361 373 2392 maris
388 2361 458 2392 loca
474 2361 663 2401 navigationi
678 2361 889 2393 infestissima.
933 2364 1011 2394 Haec

278 2409 415 2435 extrema
446 2404 599 2433 sententia
624 2404 719 2444 paulo
747 2404 883 2445 apertius
912 2404 1014 2445 prodit

279 2446 418 2476 animum
431 2451 542 2487 poetae,
556 2445 622 2476 haec
636 2445 696 2475 sere
707 2446 880 2487 expressuri
893 2459 899 2476 :
918 2457 935 2476 o
949 2457 1012 2478 res—

280 2487 420 2529 publica,
435 2498 506 2528 quae
525 2498 635 2528 nuper,
652 2487 743 2518 bellis
763 2488 906 2519 civilibus
921 2489 1012 2519 saevi-

279 2529 417 2566 entibus,
431 2530 559 2560 creabas
575 2529 650 2559 mihi
664 2529 906 2561 sollicitudinem
919 2537 1012 2571 atque

280 2572 422 2608 taedium,
443 2582 527 2602 nunc
542 2582 625 2607 vero,
643 2571 771 2602 reducto
793 2572 866 2608 otio,
886 2578 918 2603 et
931 2573 1012 2604 desi-

281 2613 367 2644 derio
383 2613 427 2644 tui
443 2619 598 2648 renovato,
618 2614 664 2644 vel
681 2614 814 2645 maxime
835 2614 910 2645 mihi
928 2625 1011 2647 curae

281 2656 431 2696 cordique
455 2667 510 2692 es;
538 2665 624 2690 cave,
649 2666 698 2693 ne,
721 2656 813 2686 motis
835 2658 872 2687 de
895 2656 1014 2697 integro

282 2697 373 2730 bellis
401 2698 556 2734 civilibus,
586 2708 724 2739 praeceps
750 2708 824 2728 ruas
850 2699 882 2728 in
911 2699 1014 2740 perni-

281 2740 371 2771 ciem.
417 2741 547 2780 AEquora
571 2741 719 2781 interfusa
747 2741 905 2780 Cycladas,
932 2741 961 2771 h.
987 2751 1015 2772 e.

282 2782 364 2818 fusa,
395 2782 544 2818 labentia,
571 2781 650 2812 inter
679 2782 848 2823 Cycladas.
908 2784 1015 2813 Niten*

283 2831 336 2860 tes,
358 2824 399 2854 ob
423 2823 584 2855 marmoris
608 2823 651 2854 ibi
679 2824 837 2855 nascentis
862 2825 1014 2856 nitorem:
1035 2840 1038 2842 ·

283 2866 426 2897 similiter
451 2866 507 2897 inf,
538 2866 585 2902 iii,
616 2867 669 2902 28,
705 2867 754 2903 14,
781 2866 941 2908 fulgentes
968 2867 1015 2898 di-

283 2914 410 2939 cuntur.

1263 1314 1459 1346 CARMEN
1483 1314 1560 1346 XV.

1089 1356 1223 1391 Nereus,
1236 1357 1313 1387 deus
1327 1357 1477 1392 marinus,
1490 1355 1635 1388 Paridem
1650 1353 1683 1384 in
1698 1352 1777 1384 mari

1045 1407 1117 1428 cum
1134 1404 1221 1439 rapta
1239 1399 1362 1430 Helena
1382 1409 1508 1429 cursum
1526 1398 1559 1428 in
1577 1397 1706 1439 patriam
1723 1405 1775 1426 ac·

1045 1440 1231 1471 celerantem
1256 1440 1467 1482 conspicatus,
1483 1449 1657 1482 compresso
1671 1438 1777 1469 statim

1046 1481 1084 1512 ad
1114 1482 1304 1513 audientiam
1331 1483 1391 1513 sibi
1415 1482 1589 1513 faciendam
1614 1486 1777 1512 ventorum

1046 1533 1214 1562 murmure,
1242 1525 1341 1560 triste,
1369 1535 1432 1566 quo
1457 1524 1570 1564 ingens
1596 1523 1777 1555 Graecorum

1047 1567 1203 1597 exercitus
1217 1572 1313 1608 raptae
1334 1567 1465 1597 Helenae
1488 1565 1662 1607 repetendas
1682 1573 1779 1596 causa

1048 1607 1171 1648 Trojam
1189 1614 1426 1649 oppugnaturus
1442 1613 1536 1648 atque
1552 1617 1716 1639 eversurus
1731 1616 1780 1637 es-

1048 1654 1105 1685 set,
1115 1650 1228 1680 bellum
1236 1649 1531 1691 cecinissefingitur.
1548 1649 1777 1680 PoetarnGrae-

1047 1700 1118 1720 cum
1130 1692 1162 1722 in
1180 1692 1237 1722 hoc
1250 1692 1388 1723 carmine
1402 1690 1589 1734 expressisse
1603 1690 1781 1726 Horatium,

1048 1743 1119 1763 cum
1145 1744 1183 1764 ex
1206 1733 1274 1775 ipso
1296 1734 1365 1776 ejus
1391 1739 1586 1775 argumento,
1605 1733 1782 1774 frequenter

1049 1784 1067 1804 a
1081 1775 1181 1816 poetis
1197 1776 1317 1807 Graecis
1331 1781 1474 1813 tractato,
1492 1781 1556 1806 tum
1576 1785 1614 1806 ex
1637 1774 1780 1816 Porphy-

1052 1816 1147 1847 rionis
1166 1817 1319 1848 evincitur
1333 1817 1529 1855 testimoni03
1551 1817 1618 1859 qui,
1636 1817 1705 1848 Hac
1717 1819 1783 1853 ode,

1051 1858 1164 1900 inquit,
1182 1860 1392 1901 Bacchylidem
1411 1862 1571 1897 imitatum·
1595 1870 1662 1890 nam
1679 1865 1714 1890 ut
1730 1859 1783 1889 ille

1054 1903 1250 1932 Cassandram
1271 1903 1358 1944 jecit
1383 1903 1548 1933 vaticinari
1566 1902 1685 1943 sutura
1710 1901 1783 1932 belli

1055 1942 1192 1983 Trqjani,
1207 1947 1249 1974 ita
1263 1945 1311 1974 hic
1326 1945 1478 1975 Proteum.
1516 1942 1675 1985 (Scribere
1686 1942 1785 1974 voluit

1054 1984 1213 2024 Nee-eum.)
1258 1987 1330 2017 Jam
1347 1997 1418 2018 vero
1432 1995 1504 2016 cum
1518 1985 1701 2016 vaticinium
1717 1985 1784 2016 edi-

1054 2026 1113 2056 turi
1144 2027 1253 2058 altiore
1282 2028 1392 2070 spiritu
1421 2037 1596 2068 exsurgere,
1626 2033 1658 2058 et
1684 2037 1783 2058 rerum

1053 2068 1225 2099 futurarum
1265 2070 1431 2110 imaginem
1472 2069 1652 2100 sublimiore
1693 2069 1784 2111 quasi

1054 2110 1158 2141 animo
1172 2112 1336 2153 concipere
1350 2112 1468 2142 soleant
1482 2123 1491 2150 3
1514 2111 1618 2146 facile,
1634 2121 1689 2142 cur
1711 2121 1785 2152 poe-

1053 2158 1104 2188 tae,
1136 2152 1175 2182 ad
1208 2154 1431 2185 sublimitatem
1469 2153 1676 2195 adspirantes,
1705 2153 1786 2184 vatis

1053 2204 1135 2235 saepe
1157 2205 1318 2236 personam
1339 2195 1508 2230 induerint,
1526 2195 1660 2236 intelligi
1675 2200 1788 2237 potest.

1056 2237 1128 2272 Quo
1150 2237 1248 2278 magis
1271 2243 1374 2268 autem
1397 2238 1454 2268 hoc
1474 2237 1514 2268 de
1539 2237 1660 2268 excidio
1681 2237 1786 2284 Trojae

1053 2278 1235 2309 vaticinium
1262 2279 1530 2311 accommodatum
1556 2285 1638 2311 esset
1657 2278 1788 2310 carmini

1057 2320 1164 2360 lyrico,
1187 2331 1223 2351 eo
1246 2321 1390 2363 cupidius
1411 2321 1489 2352 illud
1512 2321 1571 2352 sibi
1589 2322 1786 2352 tractandum

1056 2363 1166 2393 sumsit
1185 2364 1351 2403 Horatius3
1375 2374 1467 2404 quem
1491 2364 1617 2405 quidem
1634 2373 1683 2398 eo.
1703 2363 1788 2404 quod

1058 2405 1161 2435 Nereo
1176 2405 1328 2447 inprimiS,
1345 2406 1450 2437 sedem
1467 2416 1556 2436 suam
1575 2405 1608 2436 in
1628 2405 1706 2436 mari
1725 2407 1787 2436 AE-

1056 2457 1136 2486 gam,
1153 2449 1236 2488 quod
1258 2448 1363 2478 Paridi
1385 2448 1611 2479 transeundum
1629 2453 1707 2484 erat,
1733 2447 1787 2478 ba-

1057 2489 1153 2525 benti,
1168 2490 1369 2520 vaticinantis
1379 2497 1481 2532 partes
1492 2489 1691 2530 delegaverit.
1702 2499 1788 2530 egre-

1054 2531 1103 2570 gie
1130 2537 1311 2570 argumento
1339 2543 1397 2563 suo
1426 2532 1631 2568 consuluisse,
1656 2531 1790 2573 quilibet

1054 2573 1288 2605 animadvertet.
1312 2574 1478 2616 Compara,
1491 2574 1545 2615 qui
1558 2574 1706 2605 Nostrum
1718 2573 1788 2605 imi-

1055 2620 1138 2644 tatus
1153 2622 1211 2652 est,
1227 2618 1306 2646 Stat.
1327 2617 1442 2648 Achill.
1456 2616 1478 2652 i,
1493 2618 1535 2647 20
1548 2625 1617 2657 sqq.

1103 2659 1195 2688 1—4.
1221 2659 1338 2695 Pastor,
1358 2659 1458 2693 Paris,
1468 2658 1534 2699 'qui
1553 2657 1585 2688 iu
1604 2663 1710 2689 monte
1730 2658 1789 2689 Ida

1056 2704 1086 2729 et
1107 2699 1258 2731 educatus
1281 2706 1329 2731 est
1343 2711 1362 2731 a
1377 2700 1564 2742 pastoribus,
1579 2705 1610 2731 et
1628 2699 1695 2742 ipse
1715 2711 1791 2742 puer

1057 2742 1158 2772 adhuc
1175 2743 1268 2773 vitam
1291 2742 1480 2784 pastor-itiam
1503 2741 1548 2772 ibi
1565 2741 1670 2783 degit:
1692 2749 1793 2782 pastor

1063 2784 1214 2824 Phrygius
1228 2784 1342 2816 dicitur
1354 2784 1438 2826 apud
1453 2783 1542 2824 Virg.
1559 2784 1636 2815 ,Em
1646 2784 1699 2819 vii,
1713 2785 1789 2820 363,

1059 2830 1196 2865 etpasmr
1213 2827 1380 2858 Dardanus
1395 2827 1475 2857 Stat.
1490 2825 1612 2856 Achill.
1626 2825 1648 2863 i,
1665 2827 1724 2858 20:
1747 2827 1792 2858 cf.

1059 2867 1242 2908 Apollodor.
1271 2868 1317 2904 iii,
1354 2869 1402 2903 12,
1427 2870 1459 2904 5.
1475 2868 1605 2916 sHygin.
1632 2868 1710 2899 Fab.
1737 2869 1792 2900 91.

1062 2909 1216 2944 Traheret,
1227 2911 1258 2941 h.
1271 2921 1301 2942 e.
1314 2915 1348 2940 ut
1359 2915 1477 2952 raptam
1492 2919 1597 2941 seeum
1611 2909 1791 2942 abduceret.

1060 2952 1208 2992 Sequitur
1216 2953 1364 2984 Horatius
1370 2962 1423 2983 eos
1433 2951 1488 2994 qui
1499 2952 1651 2984 Helenam
1662 2951 1791 2983 invitam
