1904 3314
340 180 424 224 731«

341 288 396 320 per
422 277 568 310 honestas
593 278 636 309 ire
667 278 775 309 domos
798 278 858 318 Ep.
879 277 915 313 ii,
941 280 971 313 1,
997 280 1071 310 149.

342 330 453 351 cursus
470 331 524 362 per
542 331 627 352 mare
645 320 708 351 Od.
729 320 750 355 i,
771 320 802 354 6,
824 321 854 350 7.
897 330 993 361 quum
1011 326 1071 351 tra-

342 361 429 393 heret
457 373 511 404 per
538 362 614 393 freta
643 362 774 392 navibus
799 361 940 392 Helenen
965 363 1027 393 Od.
1050 362 1071 398 i,

345 404 395 440 15,
413 405 443 435 1.
489 405 603 434 fluctus
618 403 661 434 ire
680 414 732 444 per
749 404 858 443 longos
876 403 936 434 Od.
950 403 1000 438 -iii,
1018 405 1071 439 27,

342 446 395 476 43.
441 455 478 477 ne
493 446 685 486 Tyrrhenum
700 455 754 487 per
769 455 872 485 aequor
887 446 954 476 vela
967 445 1071 476 darem

343 487 406 518 Od.
435 487 476 522 iv,
508 489 559 521 15,
588 488 620 517 3.
677 497 864 527 quocunque
891 497 944 528 per
973 487 1071 518 undas

343 529 448 560 Notus
467 528 589 560 vocavit
611 530 712 570 Epod.
735 530 786 563 16,
810 530 864 558 21.
907 539 960 570 per
980 539 1070 560 omne

343 570 480 602 audaces
493 580 578 601 mare
599 572 653 612 qui
675 576 805 602 currunt
827 571 893 600 Sat.
917 571 938 605 i,
966 572 994 607 1,
1018 573 1070 602 29.

343 622 399 654 per
425 622 509 643 mare
533 613 711 654 pauperiem
741 611 873 652 fugiens,
904 623 957 654 per
985 623 1071 647 saxa,

342 664 396 695 per
411 654 496 695 ignes
514 655 571 696 Ep.
590 655 612 690 i,
631 656 660 689 1,
678 655 730 685 46.
772 654 870 684 latum
894 665 946 695 per
968 665 1073 695 aequor

342 695 417 726 dum
434 696 493 727 sibi
508 696 636 727 reditum
654 702 741 738 parat
759 696 818 737 Ep.
839 695 861 731 i,
877 697 909 731 2,
925 698 977 726 ⁶20.
1021 706 1074 738 per

345 738 477 778 AEgaeos
494 738 648 769 tumultus
672 747 744 768 aura
770 738 844 767 feret
866 737 928 767 Od.
951 737 997 771 iii,
1020 740 1072 774 29,

342 780 397 810 63.
441 779 505 811 sive
534 790 586 821 per
615 780 720 820 Syrtes
749 779 816 812 iter,
846 779 910 809 sive
939 779 1075 810 facturus

344 831 399 862 per
429 823 606 854 Caucasum
637 821 699 851 Od.
728 821 749 856 i,
778 822 831 856 22,
859 822 912 851 56.
957 821 1075 851 incedis

344 873 400 904 per
419 863 503 903 ignes
524 863 586 894 Od.
605 862 639 897 ii,
658 864 687 898 1,
705 863 735 893 7.
778 863 864 902 ignes
884 873 936 902 per
959 862 1075 893 medios

344 904 519 946 fluviosque
545 914 636 935 ruens
659 906 723 935 Sat.
750 903 783 939 ii,
805 905 836 938 3,
859 906 914 934 57.
958 904 1075 935 medios

345 956 400 988 per
418 946 506 987 ignes
525 947 645 977 mittere
665 956 779 987 equum
803 945 864 976 Od.
887 946 927 982 iv,
946 947 996 980 14,
1021 947 1074 978 24.

344 998 400 1029 per
415 999 500 1019 meos
513 988 589 1018 fines
603 994 632 1018 et
647 989 750 1030 aprica
765 998 837 1017 rura
857 987 934 1017 lenis
949 987 1075 1018 incedas

346 1029 411 1060 Od.
447 1030 495 1065 iii,
533 1032 579 1065 18,
612 1031 645 1059 2.
689 1029 888 1060 celeberrima
925 1039 977 1070 per
1007 1029 1076 1060 loca

348 1072 440 1102 vadet
459 1073 518 1113 Ep.
538 1071 559 1107 i,
583 1073 634 1106 17,
656 1072 709 1101 28.
753 1081 806 1112 per
827 1081 934 1100 nemus
952 1071 1076 1101 arbutos

345 1119 492 1154 quaerunt
513 1113 576 1143 Od.
600 1112 622 1148 i,
645 1114 695 1148 17,
717 1115 747 1143 5.
791 1122 888 1142 errare
912 1123 965 1153 per
988 1112 1075 1143 lucos

347 1155 411 1186 Od.
436 1155 480 1192 iii,
501 1157 531 1190 4,
553 1155 583 1186 7.
627 1165 681 1196 per
702 1154 811 1184 urbem
834 1155 940 1183 fabula
959 1160 1077 1194 quanta

347 1197 412 1227 fui!
438 1197 538 1238 Epod.
555 1198 607 1232 11,
625 1198 655 1227 7.
699 1206 811 1236 sequor
822 1200 850 1226 te
864 1205 916 1235 ρετ
928 1195 1078 1234 gramina,

347 1244 377 1269 te
407 1248 460 1280 per
484 1248 583 1279 aquas
614 1238 676 1269 Od.
707 1237 748 1272 iv,
781 1238 810 1272 1,
840 1237 893 1272 39,
923 1238 974 1267 40.
1026 1248 1079 1279 ρετ

348 1280 507 1311 ardentem
521 1280 646 1321 Trojam
659 1278 792 1310 munivit
806 1279 862 1309 iter
877 1279 981 1310 Carm.
999 1280 1078 1310 Saec.

349 1324 401 1353 41.
447 1329 553 1353 manat
571 1333 626 1364 per
646 1321 782 1362 compita
799 1331 900 1350 rumor
915 1322 980 1350 Sat.
996 1321 1029 1358 ii,
1045 1323 1076 1355 6,

349 1365 403 1395 50.
447 1374 566 1395 currere
591 1374 644 1406 per
667 1369 763 1394 totum
787 1362 935 1392 conclave
958 1364 1022 1392 Sat.
1043 1363 1076 1398 ii,

348 1407 379 1440 6.
398 1406 470 1436 113.
514 1416 563 1436 me
578 1416 631 1447 per
644 1405 746 1436 hostes
761 1405 935 1435 Mercurius
956 1405 1081 1435 sustulit

349 1447 414 1478 Od.
441 1447 475 1484 ii,
504 1449 535 1484 7,
571 1449 615 1478 13.
663 1457 717 1488 ρετ
746 1447 901 1476 obstantes
926 1446 1077 1486 juvenum

350 1495 489 1522 catervas
505 1489 563 1520 ibit
578 1489 639 1520 Od.
654 1488 699 1524 iii,
721 1490 766 1525 10,
781 1491 812 1519 5.
855 1498 909 1529 per
923 1488 1079 1518 obstantes

350 1538 490 1563 catervas
517 1530 667 1573 explicuit
693 1540 776 1560 arma
808 1530 868 1560 Od.
900 1530 941 1563 iv,
970 1531 1003 1567 9,
1026 1531 1079 1560 43.

350 1584 405 1616 per
435 1573 552 1604 medios
574 1573 618 1604 ire
642 1573 790 1602 satellites
819 1571 882 1602 od.
907 1571 952 1606 iii,
978 1573 1028 1607 16,
1050 1574 1079 1602 9.

351 1617 431 1646 ferar
455 1625 508 1657 per
529 1615 682 1656 liquidum
706 1614 820 1644 aethera
840 1613 900 1643 Od.
920 1613 953 1647 ii,
972 1615 1025 1648 20,
1048 1615 1079 1644 2.

350 1667 405 1730 ἔθ’
419 1667 530 1740 ξῖἶῖἑῗ
547 1657 883 1740 ζ’..ἳῗῖἓῐξίἶὲῖῖἶῖἓ
903 1655 1078 1737 (ἐῗὲξιςιῗῗ.

350 1741 514 1772 scanderet
529 1741 590 1771 Od.
606 1739 639 1775 ii,
658 1741 707 1775 19,
723 1741 776 1770 21.
820 1749 908 1779 agam
928 1749 981 1780 per
1001 1739 1079 1769 altas

352 1783 437 1814 nives
452 1783 552 1824 Epod.
575 1784 605 1816 6,
622 1783 654 1812 7.
697 1782 757 1812 ruit
777 1791 830 1822 per
848 1780 975 1811 vetitum
995 1781 1081 1811 nefas

353 1826 414 1856 Od.
446 1825 467 1860 i,
495 1826 527 1860 3,
553 1826 607 1855 26.
651 1834 704 1865 per
727 1824 811 1853 mala
832 1833 967 1864 praeceps
989 1823 1083 1854 fertur

354 1868 419 1897 Sat.
434 1867 455 1904 i,
470 1868 502 1902 4,
517 1868 570 1898 30.
613 1876 703 1906 quem
727 1876 780 1907 per
801 1864 918 1895 medias
939 1865 1018 1905 rapit
1037 1864 1083 1896 ira

353 1909 455 1939 caedes
471 1908 532 1940 Od.
551 1908 596 1943 iii,
611 1909 644 1942 2,
662 1909 713 1938 12.
759 1907 855 1938 libera
872 1917 926 1948 per
945 1916 1081 1937 vacuum

353 1950 482 1990 vestigia
521 1951 580 1991 Ep.
608 1949 629 1986 i,
663 1951 712 1985 19,
749 1950 802 1979 21.
858 1959 913 1989 per
942 1955 1080 1989 apertum

353 1991 507 2032 fugientes
531 1992 595 2022 Od.
615 1991 660 2027 iii,
689 1993 738 2026 12,
762 1993 794 2022 8.
837 2000 890 2032 ρετ
920 1991 1081 2031 obliquum

355 2035 417 2065 Od.
433 2033 480 2069 iii,
505 2035 557 2070 27,
578 2035 608 2064 6.
651 2044 713 2074 quo
734 2043 772 2063 ne
793 2043 847 2074 per
864 2042 995 2063 vacuum
1015 2033 1082 2062 Ro-

354 2086 448 2106 mano
475 2075 644 2106 incurreret
680 2074 775 2105 hostis
805 2075 871 2104 Sat.
904 2073 939 2110 ii,
973 2076 1002 2110 1,
1030 2075 1083 2105 37.

354 2128 426 2158 quae
454 2116 568 2159 (aqua)
597 2127 650 2158 per
674 2127 802 2158 pronum
826 2115 958 2156 trepidat
983 2117 1081 2147 rivum

354 2161 416 2202 Ep.
448 2159 470 2194 i,
504 2160 555 2196 10,
581 2161 635 2189 21.
690 2157 881 2199 properantis
911 2167 1000 2198 aquae
1030 2169 1084 2199 per

354 2211 497 2233 amoenos
524 2201 658 2231 ambitus
682 2210 770 2240 agros
800 2200 858 2239 Ep.
880 2199 918 2229 ad
943 2199 1008 2228 Pis.
1037 2201 1083 2230 17.

355 2254 410 2285 ρετ
430 2243 565 2274 audaces
586 2252 665 2273 nova
683 2241 896 2283 dithyrambos
916 2241 1007 2270 verba
1029 2241 1079 2271 de-

355 2285 450 2317 volvit
480 2284 542 2316 Od.
572 2285 613 2320 iv,
643 2285 675 2321 2,
708 2284 760 2314 10.
803 2283 948 2320 metaph:
983 2282 1084 2312 aliena

355 2327 480 2368 negotia
495 2333 621 2358 centum
646 2336 700 2367 per
720 2330 815 2366 caput
832 2324 948 2355 saliunt
965 2325 1032 2354 Sat.
1049 2324 1082 2359 ii,

355 2371 388 2404 6,
405 2371 455 2400 34.
499 2375 602 2399 trans.-
627 2368 722 2398 ducta
737 2378 790 2408 per
805 2366 870 2396 vias
882 2376 984 2406 regum
1001 2365 1083 2396 colla

356 2411 419 2442 Od.
434 2410 467 2448 ii,
489 2412 538 2445 12,
562 2411 614 2442 11.
657 2410 773 2439 viribus
794 2409 889 2439 uteris
913 2418 967 2449 per
987 2407 1084 2438 clivos

355 2454 414 2495 Ep.
429 2453 450 2489 i,
469 2454 519 2487 13,
540 2453 588 2482 10.
631 2456 661 2482 te
677 2461 730 2492 per
743 2450 868 2491 Alpium
882 2449 958 2490 juga
970 2459 1081 2491 seque-

356 2506 425 2526 mur
456 2494 555 2536 Epod.
587 2495 616 2529 l,
649 2495 697 2523 11.
753 2492 854 2523 trahet
885 2492 1000 2522 feroces
1031 2502 1084 2533 per

355 2547 476 2568 sacrum
502 2535 617 2567 clivum
641 2536 704 2566 Od.
732 2534 775 2570 iv,
800 2535 833 2569 2,
857 2535 909 2564 35.
952 2533 1006 2564 ille
1030 2544 1084 2574 per

354 2583 513 2611 extentum
541 2577 645 2608 funem
675 2577 751 2607 mihi
779 2586 868 2618 posse
895 2575 1016 2606 videtur
1041 2576 1083 2606 ire

357 2622 418 2663 Ep.
438 2619 470 2656 ii,
494 2621 523 2655 1,
538 2621 612 2649 210.
655 2619 747 2650 traxit
769 2628 866 2659 vagus
887 2627 941 2659 per
963 2617 1084 2659 pulpita

355 2668 467 2694 vestem
483 2662 543 2703 Ep.
561 2661 598 2692 ad
622 2661 684 2692 Pis.
698 2662 774 2691 215.
817 2659 959 2690 confecta
977 2659 1084 2690 duella

357 2715 412 2747 per
425 2704 527 2735 orbem
544 2704 603 2744 Ep.
625 2702 658 2738 ii,
680 2705 707 2738 l,
727 2704 802 2733 254.
849 2706 1017 2732 nascuntur
1031 2712 1084 2742 per

355 2746 470 2788 digitos
483 2745 688 2785 humerosque
705 2745 819 2785 plumae
836 2743 896 2774 Od.
913 2743 946 2778 ii,
961 2744 1014 2778 20,
1034 2745 1083 2773 12.

355 2799 410 2820 cur
426 2794 532 2819 manat
553 2796 619 2817 rara
640 2796 723 2817 meas
745 2786 872 2816 lacrima
892 2795 946 2826 per
965 2786 1082 2824 genas?

356 2831 418 2862 Od.
450 2830 490 2865 iv,
525 2830 552 2864 1,
582 2829 635 2859 34.
679 2837 835 2858 sermones
865 2833 1004 2867 repentes
1031 2837 1083 2867 per

354 2874 484 2904 humum
502 2873 562 2913 Ep.
579 2870 613 2905 ii,
630 2871 657 2905 1,
673 2871 746 2900 251.
790 2868 905 2900 nitidus
921 2878 983 2909 qua
997 2869 1083 2909 quis-

354 2926 414 2958 que
431 2925 483 2956 per
498 2923 551 2945 ora
564 2913 683 2945 cederet
703 2913 768 2943 Sat.
782 2911 816 2946 ii,
836 2912 864 2948 1,
880 2911 933 2942 64.
965 2910 1083 2941 externi

878 195 1020 223 INDEX
1043 196 1298 224 VERBORUM.

1115 289 1154 310 ne
1169 279 1244 320 quid
1260 279 1362 310 valeat
1377 289 1430 320 per
1453 278 1520 308 leve
1535 276 1644 308 morari
1668 277 1731 308 Sat.
1753 275 1787 312 ii,
1811 276 1842 311 7,

1115 322 1167 352 87.
1208 324 1239 357 2,
1256 324 1291 352 de
1304 329 1448 360 tempore:
1473 330 1527 361 per
1541 319 1607 350 dies
1619 319 1712 349 festos
1726 317 1790 350 Od.
1805 317 1841 352 ii,

1115 364 1146 398 3,
1179 365 1210 394 6.
1255 373 1375 394 menses
1403 372 1457 403 per
1485 371 1591 391 omnes
1613 360 1678 391 Od.
1701 359 1734 396 ii,
1754 361 1787 394 9.
1809 360 1842 390 6.

1114 415 1167 445 per
1181 410 1363 436 auctumnos
1382 413 1498 435 nocens
1522 403 1636 434 Auster
1655 401 1718 432 Od.
1738 400 1772 436 ii,
1791 402 1841 436 14.

1118 447 1167 476 15.
1209 457 1262 488 ρετ
1289 452 1413 477 exactos
1444 455 1543 475 annos
1573 443 1636 475 Od.
1661 443 1706 480 iii,
1730 443 1785 477 22,
1809 443 1842 473 6.

1114 498 1168 529 per
1189 499 1279 519 omne
1305 494 1427 529 tempus
1452 488 1516 518 od.
1533 486 1576 520 iv,
1595 488 1627 522 4,
1647 486 1698 516 19.
1740 490 1843 516 certus

1115 530 1254 560 undenos
1272 530 1376 560 decies
1395 539 1448 570 per
1462 538 1560 559 annos
1579 525 1662 557 orbis
1682 532 1718 557 ut
1734 532 1844 556 cantus

1113 572 1283 612 referatque
1313 572 1402 602 ludos
1432 571 1537 602 Carm.
1565 571 1647 600 Saec.
1675 569 1730 600 21.
1791 578 1845 609 per

1115 618 1210 643 totum
1228 614 1284 644 hoc
1301 619 1422 655 tempus
1438 614 1503 643 Sat.
1521 611 1556 645 ii,
1572 612 1604 646 6,
1621 611 1673 641 47.
1717 619 1843 650 operum

1116 665 1214 685 vacuo
1230 661 1333 695 gratus
1351 655 1482 686 conviva
1501 663 1556 695 per
1576 652 1704 683 imbrem
1723 651 1844 682 vicinus

1117 696 1182 727 Sat.
1206 697 1237 730 ii.
1261 699 1292 731 2.
1317 698 1387 728 119.
1430 707 1483 738 per
1502 697 1641 726 brumam
1665 694 1724 735 Ep.
1746 692 1768 728 i,
1789 694 1844 729 11,

1120 739 1170 768 19.
1213 738 1338 769 libertas
1358 744 1548 769 recurrentes
1569 741 1698 777 accepta
1716 745 1770 776 per
1790 745 1846 765 an-

1118 789 1174 810 nos
1202 781 1263 821 Ep.
1290 780 1323 815 ii,
1358 781 1386 814 1,
1422 781 1492 810 147.
1537 780 1568 816 3,
1593 779 1629 808 de
1655 788 1686 807 eo
1707 778 1759 817 qui
1781 788 1844 808 rem

1117 822 1220 861 efficit,
1258 824 1398 862 peragit:
1437 821 1462 851 si
1498 830 1553 862 ρετ
1590 819 1723 849 invisum
1760 817 1865 848 mora'

1113 863 1277 904 janitorem
1295 864 1347 894 fiet
1367 863 1430 894 Od.
1451 862 1496 897 iii,
1521 863 1571 896 14,
1595 861 1648 891 23.
1691 870 1747 902 per
1769 870 1847 901 quos

1118 905 1255 936 cecidere
1271 905 1360 946 justa
1380 911 1476 935 morte
1496 903 1644 935 Centauri
1665 902 1727 933 Od.
1751 901 1793 936 iv,
1812 903 1845 936 2,

1119 948 1171 977 14.
1215 957 1268 987 per
1282 957 1374 987 quern
1394 952 1440 977 tot
1458 946 1592 986 juvenes
1609 944 1707 986 patrio
1722 953 1846 974 caruere

1118 989 1340 1060 {2P13520537‘·
1354 989 1622 1070 ”3351336131131’13‘
1637 991 1671 1058 ἕξ
1687 985 1772 1058 ῗῖΞὲ
1788 986 1848 1068 ξὲἑ

1119 1082 1231 1113 pueros
1262 1071 1389 1101 refertur
1413 1071 1470 1111 Ep.
1492 1071 1515 1106 i,
1542 1071 1591 1103 18.
1610 1070 1663 1099 62.
1707 1079 1760 1110 ρετ
1774 1079 1844 1110 quae

1119 1113 1238 1152 (incisa
1263 1113 1343 1142 notis
1366 1122 1518 1142 marmora
1542 1110 1695 1152 publicis)
1721 1110 1846 1152 spiritus

1119 1161 1150 1185 et
1173 1155 1234 1186 vita
1257 1154 1334 1185 redit
1360 1154 1450 1185 bonis
1471 1159 1538 1195 post
1563 1151 1691 1183 inertem
1715 1151 1847 1182 ducibus

1121 1197 1182 1227 Od.
1213 1197 1254 1232 iv,
1281 1198 1312 1232 8,
1340 1198 1391 1226 14.
1437 1206 1495 1226 non
1526 1200 1598 1225 ante
1628 1194 1768 1234 vulgatas
1794 1204 1848 1236 per

1120 1245 1200 1269 artes
1216 1239 1308 1269 verba
1330 1238 1439 1279 loquor
1459 1237 1522 1268 Od.
1542 1236 1584 1272 iv,
1601 1238 1632 1272 9,
1646 1237 1680 1266 3.
1720 1234 1848 1266 virtutes

1121 1280 1152 1310 in
1182 1291 1280 1311 aevum
1306 1290 1360 1321 per
1386 1279 1492 1310 titulos
1521 1287 1730 1319 memoresque
1751 1277 1849 1308 fastus

1121 1328 1246 1353 aeternet
1261 1323 1324 1353 Od.
1347 1321 1389 1357 iv,
1414 1322 1465 1356 14,
1489 1321 1520 1351 4.
1563 1330 1617 1362 per
1632 1329 1711 1360 quas
1731 1318 1846 1360 (artes)

1122 1364 1267 1394 Latinum
1285 1374 1395 1394 nomen
1410 1368 1441 1394 et
1456 1363 1546 1393 ltalae
1561 1371 1682 1392 crevere
1692 1361 1770 1392 vires
1787 1361 1848 1392 Od.

1122 1405 1165 1441 iv,
1188 1407 1237 1442 15,
1258 1406 1306 1436 13.
1350 1410 1494 1446 nepotum
1518 1414 1571 1445 ρετ
1590 1413 1738 1434 memores
1751 1413 1849 1443 genus

1120 1457 1211 1478 omne
1225 1448 1322 1478 fastus
1335 1453 1460 1478 auctore
1477 1447 1516 1477 ab
1531 1445 1585 1476 illo
1599 1444 1687 1475 ducit
1699 1444 1848 1484 originem

1122 1490 1184 1520 Od.
1201 1490 1245 1527 iii,
1267 1491 1314 1524 17,
1330 1490 1359 1519 4.
1403 1491 1472 1519 inde
1487 1491 1522 1519 de
1535 1497 1645 1518 causa.-
1677 1496 1778 1528 neque
1815 1496 1848 1517 er

1122 1537 1260 1562 nostrum
1275 1531 1377 1562 scelus
1390 1530 1525 1572 patimur
1539 1530 1558 1560 J
1563 1539 1650 1559 ovem
1663 1537 1773 1570 ponere
1800 1529 1848 1559 ul-

1122 1573 1207 1604 mina
1224 1573 1285 1604 Od.
1308 1573 1331 1606 i,
1353 1574 1386 1607 3,
1407 1573 1459 1603 39.
1501 1573 1537 1601 de
1554 1573 1672 1602 rationo
1693 1572 1849 1610 modoque.-

1122 1616 1214 1646 boves
1243 1626 1297 1657 per
1321 1614 1428 1645 dolum
1453 1618 1566 1644 amotae
1588 1613 1651 1643 Od.
1675 1611 1697 1647 i,
1722 1613 1772 1646 10.
1798 1613 1849 1643 10.

1121 1657 1198 1687 mori
1217 1667 1270 1698 per
1284 1657 1344 1687 vim
1368 1656 1430 1686 Od.
1445 1655 1491 1690 iii,
1510 1656 1559 1692 14,
1578 1656 1628 1685 15.
1673 1663 1782 1695 poenas
1796 1665 1850 1696 per

1122 1699 1184 1729 vim
1216 1698 1341 1730 festinat
1364 1699 1426 1740 Ep.
1451 1697 1474 1734 i,
1498 1699 1531 1732 2,
1556 1698 1610 1728 61.
1652 1695 1775 1726 demtus
1797 1706 1851 1738 per

1122 1741 1183 1771 vim
1214 1741 1326 1771 mentis
1354 1739 1547 1780 gratissimus
1567 1748 1648 1770 error
1678 1738 1738 1810 Ep.
1760 1737 1794 1772 ii,
1817 1739 1849 1774 2,

1126 1784 1198 1814 140.
1224 1793 1351 1824 carpens
1362 1782 1465 1823 thyma
1477 1791 1530 1822 per
1538 1781 1674 1811 laborem
1685 1790 1704 1821 p
1719 1779 1851 1810 urimum

1125 1825 1188 1855 Od.
1219 1825 1260 1862 iv,
1289 1827 1321 1858 2,
1351 1825 1404 1855 29.
1458 1833 1511 1865 per
1539 1833 1609 1864 quae
1637 1831 1774 1852 crescere
1803 1831 1852 1852 res

1146 1873 1228 1898 osset
1255 1867 1312 1908 Ep.
1341 1866 1374 1902 ii,
1400 1867 1427 1901 l,
1463 1866 1534 1895 106.
1579 1862 1772 1894 Fescennina
1799 1874 1854 1905 per

1123 1877 1206 1940 iiunc
1231 1909 1356 1940 invecta
1378 1907 1505 1938 licentia
1529 1916 1646 1936 morem
1675 1905 1734 1946 Ep.
1759 1905 1792 1939 ii.
1820 1907 1849 1941 1,

1127 1952 1198 1982 145.
1255 1961 1312 1981 nec
1351 1949 1449 1990 magis
1485 1947 1623 1990 expressi
1656 1947 1763 1978 vultus
1798 1957 1853 1989 per

1125 1992 1240 2024 ahenea
1258 1992 1358 2032 signa,
1374 2002 1467 2033 quam
1483 2001 1537 2032 per
1551 1990 1631 2020 vatis
1644 1999 1723 2030 opus
1738 1989 1799 2032 Ep.
1815 1988 1850 2024 ii,

1132 2037 1157 2068 1.
1180 2037 1254 2072 248,
1279 2035 1356 2066 249.
1398 2033 1489 2064 dictae
1520 2042 1572 2074 per
1594 2031 1732 2062 carmina
1754 2037 1852 2062 sortes

1126 2077 1187 2118 Ep.
1202 2077 1241 2107 ad
1258 2077 1323 2108 Pis.
1339 2077 1412 2106 403.
1465 2077 1496 2111 5,
1512 2075 1773 2114 injnrqjurando:
1797 2083 1851 2115 per

1125 2129 1232 2149 omnes
1262 2125 1291 2149 te
1322 2118 1408 2149 Deos
1437 2127 1490 2147 oro
1517 2116 1580 2146 Od.
1608 2115 1630 2150 i,
1661 2115 1691 2150 8,
1725 2115 1754 2145 1.
1797 2125 1852 2156 ρει·

1126 2170 1256 2201 magnos
1282 2161 1368 2191 Deos
1393 2165 1423 2190 te
1446 2169 1498 2189 oro
1521 2159 1584 2188 Sat.
1606 2157 1628 2192 i,
1651 2157 1682 2191 7,
1703 2157 1756 2187 33.
1801 2167 1854 2198 ρετ

1127 2202 1229 2232 Divos
1249 2208 1354 2232 oratus
1372 2206 1502 2241 uterque
1525 2201 1658 2230 Penates
1679 2199 1743 2229 Sat.
1763 2197 1797 2234 ii,
1820 2199 1853 2232 3,

1129 2244 1201 2274 176.
1245 2254 1298 2285 ρετ
1321 2243 1434 2274 liberos
1459 2248 1500 2279 te,
1518 2251 1571 2283 per
1594 2241 1652 2272 hoc
1669 2240 1761 2271 inane
1779 2250 1852 2282 pur-

1127 2295 1212 2325 purae
1246 2286 1340 2315 decus
1376 2294 1493 2325 precor,
1525 2293 1580 2325 per
1609 2282 1852 2324 improbaturum

1126 2326 1193 2357 haec
1205 2328 1315 2358 Jovem
1337 2327 1435 2367 Epod.
1457 2327 1489 2360 5,
1509 2327 1541 2360 5,
1560 2325 1591 2358 7,
1614 2326 1644 2354 8.
1687 2333 1740 2354 oro
1757 2333 1854 2364 regna

1127 2378 1181 2409 per
1204 2368 1410 2409 Proserpinae,
1432 2378 1486 2408 per
1513 2373 1544 2397 et
1571 2365 1685 2396 Dianae
1713 2365 1853 2400 numina,

1126 2420 1180 2451 per
1195 2417 1289 2451 atque
1303 2410 1399 2440 libros
1410 2409 1582 2440 carminum
1598 2407 1700 2449 Epod.
1717 2408 1809 2442 17,2.
1821 2409 1854 2442 3,

1127 2453 1157 2482 4.
1202 2453 1227 2482 si
1251 2457 1368 2494 peteret
1388 2461 1443 2492 per
1460 2450 1626 2481 amicitiam
1647 2448 1744 2490 patris
1759 2454 1853 2490 atque

1126 2504 1213 2524 suam
1228 2495 1293 2524 Sat.
1304 2494 1327 2529 i,
1339 2495 1370 2528 3,
1385 2495 1416 2524 5.
1453 2503 1507 2534 per
1515 2491 1680 2522 amicitiam
1692 2490 1854 2532 Divosque

1127 2542 1248 2576 rogatus
1278 2537 1343 2566 Sat.
1367 2535 1400 2569 ii.
1425 2535 1455 2569 4.
1477 2535 1531 2565 88.
1575 2539 1605 2564 te
1626 2543 1681 2574 per
1702 2532 1853 2568 Genium,

1126 2577 1338 2618 dextramque,
1350 2577 1497 2618 Deosque
1510 2576 1646 2606 Penates
1655 2574 1784 2606 obsecro
1794 2575 1853 2616 Ep.

1126 2619 1148 2654 i,
1186 2621 1217 2653 7.
1251 2622 1304 2651 94.
1354 2629 1408 2661 per
1442 2624 1585 2649 sanctum
1613 2616 1736 2658 juratus
1769 2615 1854 2647 dicat

1127 2661 1242 2692 Osirim
1259 2663 1319 2703 Ep.
1334 2660 1356 2697 i,
1372 2662 1422 2695 17,
1437 2661 1489 2691 60.
1530 2659 1745 2701 jurandasque
1763 2664 1851 2688 tuum

1126 2713 1180 2744 per
1195 2714 1308 2734 nomen
1323 2702 1469 2744 ponimus
1483 2711 1552 2732 aras
1569 2701 1627 2742 Ep.
1643 2699 1675 2736 ii,
1694 2701 1723 2736 1,
1741 2700 1790 2731 16.

1128 2743 1550 2818 01⁶'32g2rf4<‘'3.3¹⁵²'g⁶1333.·.
1573 2742 1709 2825 {2222ss
1721 2740 1854 2825 ³323&

1128 2829 1192 2859 sata
1208 2830 1311 2860 Carm.
1329 2829 1408 2859 Saec.
1425 2828 1478 2858 27.
1520 2836 1619 2857 aevum
1634 2835 1768 2856 remeare
1784 2835 1852 2866 per-

1127 2877 1230 2901 actum
1260 2871 1326 2901 Sat.
1354 2869 1376 2905 i,
1406 2870 1437 2904 6,
1467 2871 1520 2900 94.
1579 2867 1768 2910 propositum
1796 2867 1854 2898 iter

1127 2917 1280 2954 peragunt
1300 2913 1364 2943 Sat.
1386 2910 1419 2947 ii,
1435 2911 1465 2949 6,
1480 2911 1532 2942 99.
1575 2909 1713 2941 salubres
1732 2914 1855 2940 estates
