1884 3288
286 198 344 239 94·

838 200 1238 244 CARMINUM

569 298 641 340 Tu
663 314 830 355 semper
850 315 978 355 urges
999 301 1214 343 flebilibus
1236 302 1372 343 modis

490 365 542 405 10
571 365 747 420 Mysten
767 367 979 408 ademtum
996 384 1005 417 ;
1037 382 1115 408 nec
1136 368 1214 408 tibi
1235 368 1434 422 Vespero

626 432 838 487 Surgente
859 435 1076 475 decedunt
1099 449 1278 483 amores,

681 499 778 540 Nec
800 501 996 553 rapidum
1017 499 1207 553 fugiente
1229 499 1384 540 Solem.

570 563 633 605 At
653 579 738 606 non
759 572 823 606 ter
844 580 934 606 aevo
955 565 1127 605 functus
1150 565 1372 605 amabilem

569 630 757 672 Ploravit
778 645 922 672 omnes
945 630 1223 671 Antilochum
1246 645 1377 671 senex

489 697 538 736 15

625 695 799 746 Annos;
831 711 909 738 nec
930 698 1144 751 impubem
1165 703 1365 750 parentes

681 762 874 812 Troilon,
896 770 970 803 aut
992 763 1192 817 Phrygiae
1215 777 1383 804 sorores

570 827 748 869 Flevere
769 843 949 882 semper.

1011 829 1176 870 Desine
1196 828 1383 869 mollium

567 895 763 935 Tandem
783 894 1073 948 querelarum:
1108 901 1151 935 et
1171 895 1314 949 potius
1336 909 1445 935 nova

625 961 855 1001 Cantemus
877 959 1067 1014 Augusti
1087 967 1250 1015 tropaea

482 1027 538 1068 20

679 1026 877 1075 Caesaris,
900 1033 943 1067 et
963 1027 1148 1080 rigidum
1167 1026 1409 1080 Niphaten,

568 1092 835 1146 RIedumque
855 1092 1025 1141 flumen,
1047 1093 1247 1146 gentibus
1269 1093 1463 1133 additum

571 1159 726 1208 Victis,
747 1159 930 1199 minores
952 1157 1120 1200 volvere
1141 1159 1323 1200 vortices
1340 1175 1350 1208 ;

330 1305 450 1336 9-12.
476 1303 570 1343 Urges
586 1302 709 1343 gravius
724 1313 780 1344 pro
795 1302 926 1343 vulgari,
943 1313 1019 1374 tpro-

290 1347 448 1388 sequeris·,
478 1345 617 1375 similiter
647 1346 778 1375 lacrimis
807 1355 915 1385 urgere
966 1345 1022 1375 ixit

291 1390 431 1430 Propert.
446 1388 488 1422 iv,
513 1388 563 1422 11,
587 1388 616 1423 1,
642 1387 760 1423 Desine,
783 1387 904 1421 Paulle,
926 1397 1022 1416 meum

290 1432 423 1462 lacrimis
435 1440 543 1470 urgere
557 1429 736 1467 sepulcrum.
782 1429 810 1458 F
811 1429 947 1458 leonibus
961 1439 1020 1458 mo-

290 1475 347 1508 dis,
365 1473 396 1503 h.
412 1482 442 1502 e.
463 1471 675 1502 miserabilibus
691 1470 818 1511 (quales
840 1480 910 1511 sup.
926 1469 948 1504 i,
966 1471 1020 1505 33,

289 1517 310 1546 2
346 1513 493 1545 Tibullus
527 1513 710 1543 decantasse
743 1511 875 1550 dicitur)
906 1513 1019 1551 elegis,-

290 1556 347 1588 fuit
363 1555 456 1596 igitur
469 1554 602 1595 Valgius
614 1564 676 1584 non
687 1553 789 1584 solum
801 1558 892 1595 poeta
901 1554 1020 1595 epicus,

290 1598 344 1630 sed
371 1598 465 1629 etiam
487 1597 657 1636 elegiacos
705 1596 825 1634 Vespero
840 1602 1022 1636 surgente—

291 1641 427 1682 fugiente
442 1639 547 1673 Solem,
569 1637 701 1669 Veneris
716 1638 808 1668 stella
824 1638 882 1668 sub
898 1648 1022 1678 vespere

291 1686 450 1722 surgente,
462 1680 535 1710 solis
545 1684 612 1709 ortu
626 1678 799 1714 occidente,
815 1679 845 1709 h.
858 1689 886 1709 e.
899 1689 1023 1720 vespere

290 1730 322 1756 et
337 1733 439 1758 mane,
450 1727 543 1752 noctu
555 1721 684 1762 dieque;
702 1731 774 1751 nam
786 1723 868 1751 sidus
882 1721 1023 1757 Veneris,

291 1766 375 1808 quod
391 1774 515 1806 vespere
529 1764 687 1803 Hesperus,
704 1762 785 1793 idem
802 1773 891 1794 mane
906 1769 1024 1794 mutato

292 1807 417 1839 nomine
436 1805 561 1847 Lucifer
577 1811 723 1835 vocatur:
747 1805 812 1835 vid.
832 1805 1025 1837 Wernsdorf.

293 1850 333 1880 ad
348 1850 451 1880 Poett.
468 1848 585 1878 Minor.
600 1848 639 1877 Τ.
652 1846 696 1882 iii,
716 1847 845 1878 Excurs.
859 1857 888 1881 v,
903 1858 933 1888 p.
949 1849 1023 1882 508,

289 1893 325 1922 9.
371 1891 535 1929 Rapidum,
550 1889 589 1918 ad
602 1889 734 1919 celerem
749 1894 781 1919 et
796 1888 936 1930 rapidum
950 1889 1024 1920 solis

292 1943 417 1964 cursum
430 1930 634 1961 referendum.
679 1930 835 1960 Dec-edunt
848 1941 968 1966 amores,
985 1941 1024 1961 ex

292 1974 396 2005 animo
427 1974 556 2014 Mysten
585 1978 688 2007 tuum,
718 1982 809 2012 quern
841 1971 871 2002 in
902 1972 1024 2003 deliciis

293 2017 442 2051 habebas,
464 2013 615 2050 dimittis;
641 2025 752 2043 amores
774 2014 888 2054 passim
911 2014 943 2044 in
967 2015 1022 2044 ho-

285 2058 430 2090 :nestiore
452 2066 545 2088 sensu
561 2055 600 2086 de
621 2055 658 2085 iis
673 2065 751 2096 quos
767 2055 816 2097 pie
839 2065 980 2086 amamus
994 2062 1026 2087 et

295 2101 327 2131 in
351 2099 472 2131 deliciis
493 2098 662 2128 habemus:
691 2096 777 2137 Virg.
801 2097 872 2128 Ecl.
897 2097 950 2133 vii,
971 2100 1024 2134 21,

296 2143 454 2182 Nymphae,
470 2146 567 2170 noster
581 2150 673 2174 amor,
693 2139 888 2173 Libethrides,
904 2145 978 2170 cett.
993 2140 1024 2171 h.

283 2194 324 2216 .e.
338 2193 418 2225 quas
434 2182 484 2224 pie
498 2182 650 2212 colimus:
675 2181 715 2211 cf.
730 2181 769 2211 ad
786 2181 904 2212 catull.
923 2193 954 2216 x,
971 2183 1002 2212 5.

341 2226 477 2256 13-16.
494 2225 583 2254 Senex
598 2229 643 2253 ter
654 2234 712 2253 aevo
726 2223 773 2264 (h.
788 2232 816 2253 e.
829 2223 926 2253 tribus
939 2223 1023 2259 aevis,

296 2266 594 2310 ytvsa'ig)functuS,
604 2265 659 2306 qui
675 2271 736 2295 tres
748 2265 904 2296 hominum
919 2270 1025 2296 aetates

285 2310 384 2345 >vixit,
401 2318 512 2350 nempe
528 2309 661 2338 Nestor:
682 2318 787 2340 aevum.
803 2308 913 2347 γενεὰ,
926 2307 1024 2338 homi-

286 2363 371 2383 mum
387 2357 474 2385 aetaS,
497 2349 622 2390 triginta
638 2348 732 2380 ferme
751 2358 902 2379 annorum
923 2350 1024 2390 spatio

287 2391 509 2425 circumscribi
537 2391 616 2422 solet
630 2403 638 2429 ;
667 2391 830 2432 scriptores
859 2397 963 2422 tamen
993 2391 1025 2421 in

295 2435 511 2467 constituendo
532 2443 693 2468 annorum,
715 2432 829 2473 quibus
851 2434 950 2474 γενεὰ
970 2434 1024 2463 ab-

294 2478 442 2512 solvatur,
457 2485 586 2506 nurnero
601 2474 680 2505 inter
692 2483 725 2505 se
744 2474 919 2516 discrepant
933 2487 938 2504 :
963 2475 1024 2506 vid.

295 2529 373 2562 quos
390 2518 496 2550 laudat
521 2516 643 2548 Alberti
669 2516 706 2546 ad
731 2517 871 2556 Hesych.
894 2517 931 2547 T.
952 2516 974 2551 i,
990 2527 1023 2558 p.

296 2563 370 2598 814,
386 2571 418 2593 n.
438 2562 474 2591 18
489 2571 497 2596 ;
522 2559 667 2590 Larcher.
682 2557 714 2588 in
731 2559 820 2589 Nott.
843 2558 882 2588 ad
905 2559 1023 2590 Herod.

294 2604 352 2635 lib.
374 2602 416 2633 ii:
440 2602 479 2633 de
500 2602 634 2632 Nestore
658 2599 719 2630 vid.
742 2601 869 2630 Homer.
892 2599 985 2631 Iliad.
1003 2601 1023 2637 i,

292 2647 369 2677 250.
425 2644 630 2678 Antilochum,
671 2642 766 2672 filium
806 2640 960 2678 Nestoris,
990 2644 1022 2673 in

1064 1301 1162 1331 natim
1183 1301 1294 1338 Quint.
1318 1301 1428 1333 Calah.
1449 1301 1482 1339 ii,
1503 1302 1566 1332 243
1586 1311 1656 1342 sqq.
1699 1301 1792 1331 Ama·

1064 1344 1160 1378 bilem,
1173 1343 1256 1374 filius
1267 1343 1363 1378 enim,
1377 1343 1426 1374 cui
1442 1349 1528 1386 pater
1542 1343 1614 1374 vitae
1629 1353 1695 1373 suae
1707 1342 1792 1374 salu-

1065 1390 1125 1415 tem
1141 1391 1302 1426 acceptam
1318 1386 1421 1422 refert,
1456 1385 1571 1416 rosecto
1587 1385 1722 1416 amabitis
1734 1389 1794 1416 est.

1066 1427 1220 1462 Parentes,
1234 1427 1376 1458 Priamus
1387 1433 1419 1458 et
1467 1428 1580 1458 ecuba.
1614 1427 1746 1461 Troilon,
1761 1426 1794 1457 in

1065 1469 1178 1509 pugnis
1196 1469 1259 1499 illis
1277 1469 1432 1510 'l‘rojanis,
1453 1479 1532 1510 quas
1549 1469 1582 1499 in
1601 1467 1719 1499 tabulis
1739 1467 1794 1500 de-

1065 1510 1165 1551 pictas
1187 1521 1250 1541 non
1272 1510 1339 1541 sine
1362 1521 1476 1551 magna
1497 1509 1699 1541 admiratione
1717 1510 1796 1542 Car-

1065 1552 1192 1593 thagine
1202 1552 1443 1594 deprehendisse
1459 1553 1578 1583 AEneas
1587 1551 1701 1583 dicitur
1711 1552 1795 1594 apud

1067 1594 1247 1634 Virgilium,
1262 1599 1480 1641 repraesentata
1491 1603 1614 1635 quoque
1626 1593 1796 1625 suitcaedes

1065 1636 1174 1671 Troili,
1189 1636 1305 1667 infelici
1322 1642 1438 1667 conatu
1452 1636 1534 1667 etim
1559 1635 1663 1667 aribus
1676 1635 1795 1667 viribus

1066 1687 1136 1708 cum
1155 1678 1280 1709 Achille
1294 1677 1451 1719 congressi
1465 1689 1472 1707 :
1499 1677 1527 1708 vi
1553 1699 1560 1708 .
1575 1677 1665 1718 Virg.
1681 1678 1758 1709 AEn.
1774 1677 1795 1716 i,

1067 1721 1129 1750 474
1151 1730 1219 1761 sqq.
1243 1720 1298 1751 ubi
1320 1720 1387 1761 lege
1408 1730 1480 1761 quae
1496 1719 1660 1750 Illustriss.
1684 1719 1796 1761 Heyne

1066 1760 1099 1791 in
1115 1763 1246 1793 Excurs.
1270 1762 1332 1792 xvii
1346 1763 1463 1793 erudite
1482 1762 1521 1792 de
1544 1762 1643 1792 Troilo
1663 1761 1796 1792 disserit.

1069 1804 1212 1844 Phrygiae
1232 1815 1351 1840 sorores,
1370 1803 1558 1840 Cassandra,
1579 1803 1707 1841 Creusa,
1731 1804 1794 1834 Po-

1068 1845 1076 1875 l
1101 1855 1192 1876 xena.

1079 1856 1098 1886 y
1113 1888 1249 1918 17—24.
1285 1887 1395 1918 Desine
1428 1889 1627 1928 querelarum.
1685 1887 1796 1920 Graece

1068 1930 1168 1970 (λῆγε
1181 1929 1281 1971 γόων,
1294 1929 1460 1971 ὀδυρμῶν,
1474 1929 1535 1959 vid.
1548 1927 1714 1969 Lambin.)
1728 1939 1795 1970 pro,

1065 1971 1172 2002 desine
1195 1971 1295 2011 queri,
1310 1971 1370 2006 vel,
1395 1975 1447 2011 (ut
1468 1970 1562 2002 Ovid.
1582 1972 1662 2002 Met.
1675 1970 1717 2005 vi.
1731 1972 1796 2002 215

1066 2012 1162 2051 dixit)
1180 2015 1277 2043 desine
1291 2014 1436 2052 querelas.
1481 2014 1633 2048 Mallium,
1648 2013 1797 2044 mollioris

1067 2054 1164 2084 animi
1183 2055 1319 2085 dolorem
1342 2055 1590 2097 exprimentium.
1636 2055 1677 2085 Et
1689 2057 1797 2095 potius,

1067 2096 1248 2137 particulam
1279 2103 1306 2127 et
1335 2097 1442 2137 putide
1472 2097 1503 2127 h.
1531 2097 1554 2127 l.
1585 2096 1796 2128 abundantem

1065 2138 1207 2179 equidem
1223 2138 1399 2169 deleverim.
1445 2139 1530 2169 Nova
1546 2138 1678 2180 Augusti
1697 2139 1794 2170 Coesa-

1066 2183 1108 2211 ris
1123 2186 1242 2219 tropaea,
1258 2187 1286 2210 et
1300 2182 1434 2222 rigidum
1462 2181 1624 2220 Niphaten,
1648 2185 1723 2212 cett.
1740 2191 1793 2212 no-

1067 2232 1133 2256 vas,
1149 2232 1228 2263 quas
1243 2223 1408 2263 Augustus
1424 2223 1463 2253 ab
1478 2222 1644 2258 Armeniis,
1656 2221 1795 2260 Parthis,

1067 2269 1100 2295 et
1115 2264 1247 2295 Gelonis
1262 2264 1439 2306 reportavit,
1455 2263 1610 2296 victorias.
1652 2265 1746 2299 Rem,
1762 2270 1797 2296 ut

1091 2311 1170 2341 oeta,
1198 2312 1302 2347 auget.
1345 2307 1438 2337 Justo
1461 2306 1543 2347 bello
1567 2305 1650 2337 enirn
1674 2306 1796 2337 nullum

1069 2317 1177 2378 liorum
1199 2347 1382 2389 populorum
1399 2348 1520 2390 proprie
1535 2347 1710 2390 perdomuit
1724 2349 1796 2379 Au-

1069 2394 1180 2431 gustus
1191 2402 1199 2428 ;
1215 2389 1270 2420 sed
1283 2391 1442 2426 Armeniis,
1454 2389 1508 2431 qui
1520 2399 1575 2432 per
1588 2391 1722 2432 rigidum
1739 2390 1798 2422 Ni-

1067 2433 1178 2471 phaten
1214 2431 1429 2470 designantur,
1467 2432 1510 2463 U.
1547 2432 1586 2463 C.
1619 2442 1796 2463 Dccxxxrv

1068 2476 1163 2504 misso
1179 2475 1210 2504 in
1225 2484 1331 2504 eorum
1347 2479 1456 2504 terram
1471 2473 1594 2504 Tiberio
1609 2473 1688 2504 duce
1709 2483 1798 2505 exer.

1067 2516 1145 2551 citu,
1166 2526 1268 2556 regem
1290 2520 1411 2546 tantum
1428 2515 1604 2556 Tigranem,
1624 2515 1718 2558 pulso
1737 2515 1797 2546 Ar-

1069 2558 1163 2590 taxia.
1176 2557 1359 2599 praeposult:
1384 2557 1447 2588 vid.
1460 2557 1523 2588 Dio
1537 2557 1590 2592 liv.
1604 2558 1645 2595 95
1667 2557 1797 2589 Sueten.

1067 2600 1140 2630 Tib.
1150 2610 1218 2642 cap.
1231 2601 1270 2638 9;
1296 2599 1412 2631 Vellei.
1427 2599 1460 2634 ii,
1471 2600 1534 2636 943
1557 2598 1659 2630 Tacit.
1675 2599 1797 2632 Annal.

1066 2641 1099 2677 ii,
1124 2643 1164 2679 3;
1195 2652 1212 2672 a
1240 2642 1420 2672 Parthorum
1442 2642 1513 2683 (pro
1535 2640 1649 2682 quibus
1672 2640 1795 2673 Medum

293 2696 400 2730 pugna
420 2686 460 2717 ad
481 2686 506 2716 T
509 2685 617 2726 rojam,
640 2683 715 2714 dum
739 2689 855 2725 patrem
879 2684 1023 2725 praesenti
1056 2685 1176 2724 flumen
1194 2683 1328 2725 positum
1343 2683 1408 2722 est)
1424 2692 1498 2730 rege
1515 2687 1630 2718 autern,
1645 2682 1795 2730 Iffhraute.

293 2730 365 2762 vitae
387 2727 523 2770 periculo
542 2731 680 2768 ereptum
704 2731 841 2760 venerat,
865 2726 1000 2756 occisum
1015 2738 1023 2765 ;
1066 2725 1172 2757 eodem
1188 2735 1270 2756 anno
1281 2725 1379 2766 signa,
1395 2725 1500 2756 Crassi
1509 2724 1598 2755 clade
1610 2733 1736 2760 amissa,
1747 2735 1797 2756 re-

295 2772 392 2819 cujus
408 2770 534 2802 caedem·
547 2769 678 2799 breviter
696 2768 830 2826 llomero
846 2767 1024 2840 (gdfyysshiii,

293 2811 951 2899 {lima,¹{}·.2‘}‚‘1¹>¹”5;3².‘{3?.‘?.¹2§tamti
965 2820 1020 2899 {²155

293 2899 392 2940 plura,
422 2897 461 2927 ad
489 2895 607 2926 bellum
635 2895 808 2941 Trojanurn
837 2898 1019 2941 spectantia,

291 2940 384 2972 latius
399 2943 468 2980 post
484 2938 653 2969 Homerum
668 2941 807 2967 exsecuti
820 2940 904 2973 sunt,
920 2946 1018 2966 nomi-

1067 2769 1160 2809 cepit,
1173 2767 1307 2798 vid.Dio
1316 2767 1368 2802 liv,
1382 2769 1412 2798 8.
1429 2767 1554 2797 Gelonos
1566 2765 1713 2807 denique,
1739 2776 1794 2798 eu-

1064 2814 1124 2840 tem
1139 2809 1351 2844 Sarmaticam,
1365 2819 1436 2839 cum
1450 2808 1482 2838 in
1496 2808 1720 2838 Romanorum.»
1741 2818 1797 2843 nes

1063 2857 1147 2882 trans
1163 2852 1278 2882 Istrum
1299 2850 1507 2882 incursionem
1525 2849 1683 2885 fecissent,
1701 2851 1797 2881 misso

1063 2894 1210 2928 Lentulo,
1231 2899 1314 2923 trans
1333 2893 1447 2923 flumen
1466 2891 1598 2933 repulit:
1622 2891 1686 2922 vid.
1707 2891 1793 2923 Flor.

1063 2935 1104 2966 iv.
1123 2937 1174 2966 12.
1221 2935 1384 2974 Niphaten,
1404 2938 1540 2965 montem
1555 2932 1722 2970 Armeniae,
1739 2933 1795 2975 qui
