1884 3288
250 195 306 234 58
804 194 1204 238 CARMINUM

418 295 560 337 Mixta
581 310 726 337 senum
747 311 797 338 ac
812 298 1018 351 juvenum
1038 299 1274 340 densentur
1295 299 1471 350 funera3
1502 298 1664 340 nullum

333 363 389 402 20
476 362 600 403 Saeva
620 371 749 417 caput
770 363 1030 418 Proserpina
1050 365 1175 419 fugit.

419 429 495 469 Me
516 444 687 483 quoque
709 430 864 470 devexi
884 431 1060 484 rapidus
1082 446 1222 472 comes
1245 431 1421 472 Orionis

475 495 655 549 Illyricis
676 496 820 536 Notus
842 497 983 537 obruit
1005 497 1144 538 undis.

418 561 479 603 At
502 569 561 611 tu,
581 570 724 612 nauta,
746 577 865 617 vagae
886 577 938 603 ne
959 577 1087 616 parce
1107 563 1316 617 malignus
1338 579 1479 605 arenae
1534 595 1541 601 ,

476 628 662 669 Ossibus
683 636 726 669 et
748 629 874 683 capiti
896 628 1113 669 inhumato

333 697 387 736 25
419 694 675 736 Pau-ticulum
697 695 822 736 dare:
857 696 930 744 sie,
952 696 1240 749 quodcunque
1262 696 1490 737 minabitur
1511 696 1660 736 Eurus

473 761 696 803 Fluctibus
721 755 961 816 Hesperiis,
984 761 1219 802 Venusinae

420 827 670 869 Plectantur
691 828 819 876 silvae,
842 835 883 868 te
906 828 1081 881 sospite,
1103 828 1320 882 multaque
1343 843 1523 876 merces,

478 895 608 936 Unde
628 902 786 949 potest,
810 895 887 935 tibi
907 894 1069 935 defluat
1091 910 1214 948 aequo

418 959 492 1002 Ab
513 961 637 1010 Jove,
659 961 956 1015 Neptunoque
979 961 1087 1001 sacri
1108 961 1287 1001 custode
1304 960 1499 1001 Tarenti.

338 1028 394 1068 30
479 1026 679 1081 Negligis
700 1028 918 1068 immeritis
939 1027 1176 1068 nocituram

251 1139 383 1176 quamvis
397 1135 558 1177 depravari
580 1135 727 1177 potueri-t.
771 1135 881 1165 Judice
898 1140 936 1170 te,
955 1139 990 1164 ut

253 1185 287 1209 tu
311 1179 377 1220 ipse
396 1178 580 1219 judicabis3
603 1188 676 1207 nam
697 1187 769 1208 cum
792 1177 824 1207 in
846 1176 989 1207 inferiore

243 1220 362 1255 ⁴Italia,
393 1220 476 1250 haud
506 1219 600 1250 dubie
629 1219 724 1260 hujus
755 1224 869 1253 nautae.
897 1218 929 1248 h.
958 1229 989 1249 e.

256 1263 446 1296 mercatoris,
457 1262 567 1304 patria.
583 1262 769 1303 Pythagorae
781 1271 894 1291 nomen
907 1260 995 1291 cele«

256 1304 467 1335 bratissimum
489 1310 581 1339 esset,
603 1314 679 1335 sane
698 1305 736 1334 de
753 1302 886 1344 judicio,
906 1301 990 1343 quod

256 1345 311 1377 ille
338 1347 378 1377 de
409 1346 587 1387 Pythagora
617 1346 737 1376 laturus
766 1350 860 1379 esset,
889 1350 991 1374 certus

257 1398 326 1419 esse
342 1387 443 1430 potuit
458 1389 631 1428 Archytas;
654 1387 760 1429 itaque
776 1387 867 1418 lectio
881 1387 991 1417 ‚Indice

257 1441 313 1467 me,
328 1441 421 1471 quam
433 1441 471 1460 ex
484 1430 662 1471 conjectura
676 1430 806 1460 aliorum
821 1428 854 1458 in
869 1434 991 1459 textum

257 1472 375 1514 recepit
404 1472 492 1508 Jani,
523 1471 706 1513 neutiquam
744 1470 903 1513 probanda
931 1475 989 1504 est.

257 1515 414 1556 praecipue
447 1525 518 1545 cum
549 1514 733 1555 Pythagora}
767 1523 932 1543 commune
963 1517 994 1542 et

258 1556 421 1597 publicum
441 1556 480 1587 de
501 1566 538 1587 eo
557 1555 714 1597 judicium
735 1555 828 1595 longe
847 1554 991 1586 honorili-

257 1598 379 1628 centius
394 1598 434 1628 sit
445 1598 578 1640 privato.
622 1597 751 1628 Erudite
768 1603 799 1627 et
814 1597 939 1637 copiose
954 1597 994 1627 de

258 1639 316 1670 hoc
333 1641 402 1671 loco
417 1640 556 1681 disputat
572 1639 790 1671 celeberrimus
807 1638 947 1669 Wolfius.
958 1639 991 1668 in

259 1682 433 1723 Opusculis
455 1682 531 1716 sive,
555 1682 733 1712 Vemnischte
755 1680 909 1721 Schriften
929 1682 993 1710 und

258 1722 648 1763 Aul'siltze(Hall.1802).
659 1734 690 1764 p.
701 1723 884 1754 431—452.
923 1722 993 1752 Non

257 1768 405 1802 sordidus,
433 1766 518 1796 haud
541 1765 801 1802 contemnendus,
825 1775 878 1806 per
904 1765 992 1796 λιτό-

258 1820 346 1847 τητα
362 1819 427 1850 pro,
444 1817 590 1848 magnus.
608 1807 730 1846 gravis:
754 1814 860 1837 auctor
873 1813 992 1837 natura:

258 1853 389 1891 verique,
408 1850 516 1881 doctor
535 1860 643 1880 eorum
664 1860 734 1890 quae
757 1849 789 1879 in
811 1859 912 1879 rerum
936 1858 991 1878 na-

259 1897 327 1922 tura
350 1893 460 1927 latent,
483 1898 514 1922 et
534 1901 606 1932 quae
630 1901 699 1922 vera
720 1897 775 1921 aut
795 1891 874 1921 falsa
896 1896 991 1928 sunt;

258 1934 320 1970 vel,
343 1934 397 1975 qui
416 1933 449 1963 in
471 1943 574 1964 rerum
600 1939 742 1963 naturam
767 1939 939 1974 penetrare.
962 1938 995 1963 et

258 1985 333 2006 vera
349 1986 367 2006 a
381 1975 466 2006 falsis
486 1975 660 2005 discernere
682 1975 783 2009 docet,
799 1974 831 2004 h.
845 1985 875 2005 e.
892 1974 991 2016 philo-

258 2017 390 2059 sophus.
428 2017 480 2048 Sic
492 2023 598 2047 auctor
609 2016 723 2058 pariter
737 2016 775 2046 de
786 2015 992 2058 philosophia»,

259 2060 384 2091 doctore
396 2059 479 2100 apud
495 2058 565 2090 Cic.
579 2058 644 2089 Off.
657 2058 690 2094 ii,
706 2060 738 2093 2,
757 2059 944 2098 Quamquam
961 2060 992 2088 in

258 2099 466 2142 aniiquissima
479 2101 676 2140 philosophia,
695 2101 839 2140 Cratippo
860 2107 992 2137 auctore,

259 2146 399 2175 versaris.
445 2143 502 2173 Sed
517 2154 613 2173 omnes
634 2154 698 2173 una
718 2149 817 2172 munet
838 2154 904 2177 nox,
919 2148 993 2173 cett.

259 2185 302 2217 cf.
325 2186 356 2216 in
375 2185 455 2216 hanc
475 2185 660 2215 sententiam
676 2195 746 2226 sup.
761 2184 782 2220 i,
806 2185 836 2220 4,
853 2186 915 2220 19;
937 2184 995 2216 inf.

1034 1133 1264 1175 Proserpinam,
1292 1133 1327 1164 h.
1352 1143 1380 1164 e.
1404 1133 1510 1164 nullus
1530 1132 1632 1164 adbuc
1655 1132 1768 1176 capitis

1032 1175 1127 1205 crinis
1143 1186 1235 1206 saevae
1261 1176 1452 1216 Proserpinae
1474 1174 1619 1206 manibus
1638 1185 1670 1206 se
1690 1175 1765 1206 sub-

1033 1216 1146 1248 ducere
1162 1216 1273 1259 potuit.
1318 1219 1436 1248 Datum
1455 1217 1600 1248 nimirum
1618 1222 1667 1248 est
1690 1217 1766 1248 Pro-

1033 1259 1167 1301 serpinae
1197 1259 1229 1290 id
1259 1259 1386 1300 negotii,
1422 1265 1458 1290 ut
1493 1258 1571 1289 mori
1603 1258 1768 1290 destinatis

1033 1301 1150 1332 crinem
1166 1302 1205 1332 de
1220 1301 1334 1332 vertice
1349 1301 1558 1332 abscinderet.
1588 1301 1678 1342 Virg.
1689 1301 1769 1332 AEn.

1032 1343 1074 1379 iv,
1104 1345 1179 1380 698,
1204 1344 1343 1374 Nondum
1374 1345 1423 1374 illi
1441 1345 1562 1384 flavum
1587 1344 1768 1383 Proserpina

1033 1387 1142 1416 vertice
1165 1387 1276 1416 crinem
1291 1387 1478 1419 Abstulerat,
1494 1386 1654 1427 Stygioque
1676 1392 1768 1424 caput

1033 1429 1229 1458 damnaverat
1261 1428 1347 1459 Orco.
1398 1427 1528 1458 Scilicet
1558 1433 1592 1458 ut
1620 1427 1767 1463 victimae,

1035 1469 1107 1510 pilis
1122 1470 1152 1500 in
1170 1470 1270 1500 fronte
1284 1469 1400 1500 evulsis
1414 1475 1446 1500 et
1465 1470 1498 1499 in
1516 1469 1620 1510 ignem
1641 1468 1768 1510 conjec-

1035 1511 1074 1541 tis
1090 1512 1150 1551 (cf.
1167 1511 1255 1550 Virg.
1277 1513 1354 1542 AEn.
1378 1511 1420 1549 vi,
1442 1512 1518 1545 245.
1539 1511 1624 1552 quod
1646 1510 1769 1553 proprie

1035 1553 1261 1595 κατάρχεσθαι
1279 1552 1472 1593 dicebatur),
1494 1553 1556 1583 diis
1572 1554 1704 1595 superis.
1718 1553 1770 1584 'ita

1036 1597 1126 1627 morti
1151 1595 1308 1630 destinati,
1331 1595 1417 1627 crine
1444 1595 1593 1631 abscisso,
1619 1602 1769 1637 tanquam

1034 1637 1182 1673 victimae,
1203 1637 1262 1667 diis
1283 1637 1389 1668 inferis
1407 1638 1681 1668 consecrabantur.
1725 1638 1772 1668 E-

1035 1679 1146 1710 andem
1170 1679 1354 1710 sententiam
1375 1680 1490 1710 Noster
1510 1679 1567 1710 inf.
1589 1680 1655 1710 Sat.
1678 1678 1713 1714 ii,
1735 1680 1768 1716 6,

1035 1722 1076 1751 94
1100 1721 1143 1751 ita
1159 1721 1307 1752 variavit:
1331 1732 1424 1762 neque
1438 1722 1506 1752 una
1521 1727 1563 1752 est
1586 1723 1649 1752 Aut
1661 1733 1771 1763 magno

1035 1769 1089 1793 aut
1103 1774 1196 1802 parvo
1211 1763 1366 1805 letisuga.

1079 1806 1132 1839 21,
1147 1806 1200 1838 22.
1223 1806 1275 1836 Me
1295 1807 1418 1846 quoque.
1441 1810 1517 1836 cett.
1538 1815 1612 1846 ergo
1633 1815 1691 1847 ego
1706 1815 1770 1847 quo

1036 1857 1097 1888 que
1124 1848 1213 1889 perii,
1237 1854 1270 1878 et
1291 1848 1416 1888 quidem
1438 1847 1615 1888 naufragio.
1660 1848 1772 1884 Notus,

1036 1891 1162 1927 rapidus
1187 1901 1278 1921 comes
1300 1891 1401 1920 devexi
1427 1890 1558 1924 Orionis,
1584 1895 1691 1921 ornate
1715 1901 1772 1932 pro

1037 1931 1168 1971 vulgari,
1203 1937 1382 1973 tempestas.
1446 1932 1530 1962 Nam
1563 1931 1771 1973 subfloccasu

1037 1973 1164 2004 Orionis
1185 1973 1294 2014 (Virg.
1318 1975 1398 2004 AEn.
1422 1973 1477 2010 vii,
1499 1974 1575 2008 719,
1597 1974 1699 2005 Saevus
1719 1975 1771 2005 ubi

1035 2015 1167 2046 hibernis
1192 2016 1286 2046 Orion
1311 2017 1454 2046 conditur
1476 2015 1584 2054 undis)
1612 2015 1711 2047 furere
1739 2022 1773 2048 et

1035 2062 1251 2098 tempestatem
1274 2057 1354 2088 ciere
1380 2057 1483 2088 solent
1506 2057 1591 2088 venti
1620 2057 1772 2096 (Hesiod.

1029 2097 1126 2140 Ἐργ.
1138 2100 1214 2134 621,
1226 2100 1274 2137 Δή
1288 2099 1363 2130 τότε
1379 2099 1555 2131 παντοίων
1566 2098 1701 2141 ἀνέμων
1713 2100 1770 2132 θύ-

1035 2152 1131 2172 ουσιν
1146 2140 1280 2181 ἀῆται).
1326 2141 1411 2172 Hinc
1434 2141 1536 2172 Notus
1558 2142 1632 2184 (quo
1645 2153 1705 2173 rum
1719 2154 1771 2173 ar-

1036 2184 1113 2213 biter
1129 2183 1254 2214 Hadriae
1271 2184 1385 2224 Major,
1401 2184 1505 2214 tollere
1517 2194 1568 2214 seu.
1582 2195 1691 2224 ponere
1703 2185 1772 2216 vult

260 2227 296 2263 ii,
313 2229 346 2263 3,
366 2228 420 2262 21,
439 2232 471 2258 et
496 2228 546 2262 14,
571 2228 606 2257 11
623 2238 630 2265 ;
656 2228 795 2268 Propert.
811 2226 924 2261 iii,20‚
939 2227 993 2261 21,
1025 2225 1128 2265 freta,
1145 2236 1216 2267 sup.
1233 2225 1254 2262 i,
1270 2227 1302 2262 3,
1321 2227 1378 2263 15)
1400 2225 1517 2256 dicitur
1537 2237 1627 2257 comes
1652 2227 1773 2258 Orionis

262 2271 319 2301 Sed
341 2276 438 2300 tamen
462 2269 521 2299 huc
544 2279 651 2303 omnes,
667 2270 724 2299 huc
748 2270 862 2308 primus
876 2275 904 2299 et
919 2269 994 2298 utei-

260 2323 326 2342 mus
339 2313 422 2348 ordo,
438 2311 492 2342 Est
507 2312 598 2346 mala,
610 2313 659 2341 sed
673 2313 789 2341 cunctis
802 2312 858 2340 ista
874 2312 996 2341 terenda

261 2366 324 2385 vm.

306 2396 442 2426 17—20.
469 2394 601 2425 Diversa
629 2394 736 2425 mortis
759 2404 872 2435 genera
901 2394 995 2425 latius

261 2437 442 2479 exsequitur
464 2437 543 2468 Stat.
567 2437 644 2467 Silv.
670 2437 703 2472 ii.
732 2438 760 2472 1,
785 2438 850 2467 210
875 2447 944 2477 sqq.
964 2442 996 2467 et

261 2480 327 2515 alii,
356 2490 435 2521 quos
457 2479 496 2509 ad
519 2479 551 2509 h.
578 2479 599 2509 l.
624 2478 764 2509 laudavit
789 2479 841 2510 Cl.
862 2478 996 2509 Mitsch„

264 2522 330 2559 Qui
350 2522 383 2552 in
406 2521 490 2552 bello
504 2526 643 2562 pereunt,
661 2520 840 2552 sublimiore
862 2520 996 2561 imagine

263 2574 281 2595 a
304 2564 405 2594 Furiis
429 2564 527 2593 Marti
551 2564 716 2602 spectaculo
737 2564 807 2593 dari
829 2562 995 2600 dicuntur3

262 2606 385 2637 scilicet
402 2606 515 2640 Furiae,
534 2615 606 2646 quae
620 2605 653 2635 in
673 2605 792 2646 proeliis
808 2604 923 2635 adsunt
938 2606 998 2644 (cf.

263 2648 355 2688 Virg.
371 2648 450 2678 AEn.
466 2647 519 2682 vii,
542 2649 604 2678 324
623 2647 727 2688 sqq.),
746 2647 898 2686 instigant
912 2652 944 2677 et
963 2646 997 2677 in

263 2691 395 2721 furorem
423 2689 597 2731 conjiciunt
620 2694 806 2730 pugnantes.
830 2698 909 2729 quos
938 2688 996 2718 im-

264 2732 363 2767 mitis,
378 2731 432 2772 qui
450 2736 482 2762 et
499 2731 566 2773 ipse
588 2731 686 2764 adest,
710 2732 799 2761 Mars
821 2740 902 2761 saevo
924 2740 997 2760 cum

261 2775 335 2816 joco
354 2772 433 2804 caedi
456 2773 552 2804 videt.
597 2775 740 2808 Avidum,
761 2772 868 2802 omnia
891 2772 996 2803 absor-

264 2819 342 2848 bens
363 2821 395 2847 et
419 2814 608 2856 deglutiens.
659 2815 842 2848 Densentnr,
873 2824 997 2845 coacer-

263 2864 386 2894 vantur,
400 2867 419 2887 a
430 2859 561 2895 densere,
571 2857 662 2887 verbo
674 2857 876 2887 Lucretiano.
915 2856 997 2886 Nul-

266 2903 328 2932 lum
344 2900 426 2930 Saeva
447 2906 537 2940 caput
563 2899 741 2938 Proserpina
751 2898 857 2939 fugit,
876 2897 998 2928 inversa

265 2940 456 2975 constructio
466 2953 532 2984 pro,
547 2941 670 2973 nullum
683 2946 778 2982 caput
791 2940 867 2980 sugit
882 2950 996 2971 saevam

1037 2269 1150 2303 devexi,
1173 2267 1205 2298 h.
1228 2277 1256 2298 e.
1280 2267 1427 2306 occidui;
1451 2267 1593 2299 similiter
1613 2268 1710 2299 orion
1731 2268 1772 2300 ad

1038 2319 1186 2340 occasum
1209 2319 1243 2340 se
1266 2320 1394 2351 vergens
1415 2309 1474 2340 inf.
1497 2309 1560 2341 Od.
1583 2309 1630 2346 iii,
1645 2311 1702 2346 27.
1720 2313 1771 2347 18,

1038 2357 1166 2382 vocatur
1190 2363 1312 2391 pronus.
1359 2351 1490 2383 Obruit.-
1514 2351 1606 2393 Virg.
1629 2353 1708 2384 AEn.
1726 2353 1772 2389 vi.

1038 2395 1113 2430 336,
1132 2394 1242 2424 Obruit
1257 2396 1378 2431 Auster,
1392 2405 1469 2435 aqua
1483 2395 1634 2425 involvens
1648 2405 1770 2426 navem·

1037 2447 1093 2476 que
1119 2438 1263 2476 virosque.
1323 2436 1420 2467 Undis
1447 2436 1596 2476 Illyricis,
1626 2435 1773 2468 fluctibus

1039 2478 1133 2508 maris
1148 2477 1282 2519 Illyrici,
1298 2477 1330 2508 h.
1344 2487 1374 2508 e.
1392 2477 1560 2509 Adriatici.

1081 2521 1221 2551 23—29.
1246 2520 1276 2550 N
1277 2531 1291 2550 e
1305 2531 1394 2560 parce
1407 2523 1558 2562 maligma
1571 2530 1680 2555 arene,
1696 2524 1773 2551 cett.

1039 2561 1116 2596 noli,
1131 2572 1251 2603 quaeso,
1267 2567 1330 2592 tam
1345 2561 1482 2603 maligno
1500 2567 1532 2593 et
1551 2561 1723 2592 inhumano
1738 2562 1772 2592 in

1040 2614 1089 2635 me
1105 2614 1172 2635 esse
1189 2604 1305 2640 animo,
1326 2610 1361 2634 ut
1378 2614 1480 2652 operae
1498 2613 1621 2644 parcas,
1635 2603 1685 2634 vel
1702 2614 1772 2644 gra-

1039 2646 1131 2680 veris.
1147 2645 1332 2688 particulam
1349 2646 1425 2676 levis
1442 2646 1578 2693 pulveris
1612 2645 1772 2687 ψαμάθου

1037 2688 1156 2730 μόριον
1169 2688 1285 2730 βραχὺ
1308 2688 1340 2718 in
1362 2687 1458 2718 simili
1480 2698 1511 2719 re
1534 2697 1596 2729 apu
1643 2687 1774 2719 Diodor.

1041 2731 1116 2761 Zon.
1135 2731 1196 2771 Ep.
1222 2730 1266 2765 ix,
1291 2731 1322 2766 7,
1339 2729 1471 2760 Anthol.
1495 2729 1600 2760 Graec.
1622 2730 1661 2760 T.
1682 2729 1717 2766 ii.
1738 2740 1773 2771 p.

1040 2771 1099 2809 70)
1118 2772 1280 2802 inhumato
1301 2781 1368 2802 meo
1390 2771 1511 2813 corpori
1529 2770 1677 2812 injicere;
1700 2781 1770 2802 nam

1039 2823 1110 2844 cum
1130 2820 1248 2844 veteres
1267 2819 1386 2844 teneret
1401 2813 1518 2854 opinio.
1535 2813 1671 2844 animam
1688 2813 1772 2844 inse-

1040 2856 1122 2896 pulti
1142 2854 1278 2897 corporis
1302 2865 1364 2885 non
1387 2865 1476 2896 posse
1497 2854 1595 2896 quieti
1616 2854 1695 2892 dari,
1717 2855 1773 2886 sed

1040 2904 1166 2928 centum
1198 2907 1297 2928 annos
1330 2897 1414 2928 circa
1448 2898 1574 2938 Stygem
1605 2897 1657 2928 vel
1689 2897 1774 2928 circa

1040 2949 1151 2981 corpus
1184 2949 1296 2976 errare,
1333 2938 1412 2970 nihil
1446 2938 1601 2970 inhumati
1638 2939 1774 2981 corporis

1876 874 1884 884 ,

1868 889 1884 913 ι.

1867 913 1884 955 i

1867 957 1884 996 *ι

1869 1015 1881 1045 θ’,
