1884 3288
661 186 970 231 CARMEN
1003 189 1044 229 5.

1538 191 1624 233 259

316 296 438 345 Quid
459 295 648 338 accidit?
678 307 758 335 cur
778 293 872 334 dira
893 293 1093 334 barbarae
1114 292 1258 334 minus

484 362 669 406 Venena
689 360 867 402 Medeae
887 359 1046 410 valent,

315 431 489 479 Quibus
509 429 742 484 superbam
762 427 875 483 fugit
896 427 988 469 ulta
1008 427 1220 483 pellicem,

484 495 638 551 Magni
660 494 862 537 Creontis
883 494 1030 543 filiam,

225 567 284 608 65
313 565 460 613 Quum
479 562 610 619 palla,
632 563 736 604 tabo
757 578 912 604 munus
935 563 1162 613 imbutum,
1186 577 1339 604 novam

484 631 694 673 Incendio
712 637 897 686 >nu—ptam
917 629 1128 672 abstulit?

310 699 451 755 Atqui
470 713 550 741 nec
571 698 724 748 herba,
749 713 829 740 nec
850 697 991 740 latens
1012 699 1056 740 in
1077 699 1243 754 asperis

483 766 631 808 Radix
654 765 807 808 fefellit
829 781 895 808 me
915 765 1036 808 locis.

311 834 523 877 Indormit
544 834 686 875 unctis
709 834 899 876 omnium
920 834 1138 876 cubilibus

225 904 283 945 70

484 901 717 943 Oblivione
738 900 1018 955 pellicum.—

310 969 413 1013 Ah!
445 969 528 1012 ah!
563 969 731 1011 solutus
754 969 948 1011 ambulat
969 970 1174 1012 veneficae

485 1036 738 1078 Scientioris
760 1037 962 1078 carmine.

313 1103 419 1146 Non
439 1104 627 1154 usitatis,
650 1104 786 1154 Vare,
807 1105 1076 1160 potionibus,

488 1171 531 1213 O
553 1171 688 1213 multa
707 1171 912 1213 fleturum
933 1181 1066 1228 caput
1085 1177 1095 1216 !

229 1240 286 1282 75
315 1238 388 1282 Ad
404 1254 478 1281 me
501 1254 726 1290 recurres3
760 1254 840 1282 nec
862 1248 1014 1282 vocata
1033 1257 1153 1284 mens
1177 1251 1252 1292 tua

487 1306 649 1348 Marsis
671 1308 834 1349 redibit
854 1309 1050 1350 vocibus.

315 1373 464 1430 Majus
486 1375 666 1429 parabo,
689 1374 828 1429 majus
850 1374 1077 1418 infundam
1099 1377 1178 1418 tibi

484 1441 747 1490 ›Fastidienti
763 1440 984 1502 poculum.

78 1571 258 1609 *perunctus
284 1565 500 1599 meretricibus
527 1566 632 1610 placet
657 1567 774 1604 Varus,
802 1565 831 1597 ei

80 1609 328 1653 suppeditatum
343 1610 464 1641 fuisset.

131 1653 271 1684 61—70.
298 1653 382 1688 Quid
396 1653 531 1684 accidit?
550 1664 619 1688 cur,
634 1658 710 1683 cett.
756 1652 833 1682 Non

86 1705 152 1727 uno
165 1700 273 1727 tenore
295 1695 364 1726 haec
386 1695 493 1726 omnia
517 1695 752 1737 pronunciasse,
775 1693 831 1724 sed

87 1737 261 1770 orationem
279 1737 451 1771 interdum.
467 1745 503 1769 ut
517 1748 566 1769 res
582 1738 710 1775 ferebat,
733 1736 832 1768 Cani-

82 1780 174 1813 diam
190 1781 367 1812 inhibuisse
384 1786 471 1822 puta.
519 1781 602 1812 Cum
618 1780 725 1821 igitur,
747 1789 833 1811 com-

82 1833 196 1866 ,poeoea
226 1823 299 1865 -jam
333 1823 562 1865 aliquantisper
592 1834 668 1854 voce
704 1823 839 1858 Varum,

88 1875 186 1939 aem
208 1865 250 1898 ad
281 1876 315 1897 se
342 1866 514 1897 rediturum
541 1876 610 1897 esse
647 1871 838 1908 sperauerat,

140 1913 204 1940 stru
237 1914 448 1951 exspectasset
480 1908 637 1946 Canidia;
681 1916 748 1939 tum
783 1907 840 1938 illa

91 1949 384 1994 momimpatiens,
399 1957 432 1983 et
453 1951 672 1992 indignatione
694 1950 734 1981 de
756 1960 839 1981 vano

90 1993 316 2026 incantationis
343 2004 412 2026 suae
437 1994 551 2026 effectu
576 1994 683 2036 plena,
711 1992 744 2024 iu
769 1993 836 2024 haec

91 2035 158 2068 fem
171 2037 270 2069 verba
283 2036 420 2080 erumpit
433 2049 441 2068 ε
464 2040 486 2056 ⁸⁸
499 2036 585 2074 Quid
600 2037 727 2068 tandem
751 2035 838 2066 acci-

90 2077 151 2115 dit,
174 2089 231 2113 cur
253 2079 358 2112 miuus
385 2090 468 2111 nunc
493 2079 557 2111 vim
579 2089 670 2110 suam
692 2084 840 2110 exserunt

92 2131 216 2154 venena
241 2121 321 2154 aliu
345 2121 596 2158 efficacissima!
641 2121 744 2164 Atqui
779 2131 839 2162 ego

91 2164 235 2198 omnium
249 2164 416 2197 herbarum
432 2171 659 2196 venenatarum
683 2175 753 2196 sum
776 2163 839 2195 sci-

89 2207 270 2243 entissima!
318 2207 535 2239 Nihilominus
561 2208 664 2238 Varus
691 2207 841 2238 indormit

94 2259 182 2282 nuuc
203 2249 344 2282 omnium
366 2250 520 2294 pellicum
544 2249 717 2287 cubilibus,
740 2249 838 2281 medi-

86 2292 218 2327 camine
240 2293 332 2335 quasi
358 2293 478 2335 aliquo,
504 2293 589 2334 quod
608 2293 678 2324 mei
704 2293 838 2324 oblivio-

85 2345 167 2370 ἠοω
183 2334 327 2368 inducat.
343 2335 469 2367 infectis
480 2334 514 2366 !’'
562 2335 659 2378 Apud
673 2335 840 2377 Virgilium

35 2386 38 2390 ’
85 2388 221 2423 εηποφιε,
255 2378 328 2412 Bel.
362 2378 430 2414 viii,
459 2379 598 2410 venefica
636 2379 682 2410 ita
713 2389 842 2410 carmen

94 2430 188 2453 mum
209 2420 369 2460 decantat,
390 2427 426 2453 ut
446 2426 593 2453 eventum
616 2421 843 2452 incantationis

33 2489 36 2492 >
90 2465 311 2513 ,exspectando
334 2464 368 2496 in
396 2463 501 2496 media
523 2465 664 2496 oratione
696 2464 844 2506 aliquan-

35 2663 37 2665 ·
94 2642 151 2677 Ψ

91 2510 194 2551 ’,Ἄψον
207 2506 376 2543 subsistat:
401 2507 447 2538 sic
462 2506 548 2538 enim
565 2507 621 2537 illa
636 2518 666 2538 v.
682 2507 756 2543 101,
785 2507 843 2538 Fer

90 2549 223 2586 animm,
250 2551 416 2592 Amarylli,
443 2548 549 2590 forus,
578 2553 703 2590 rivoque
722 2550 844 2591 fluenti

92 2590 254 2634 stumque
276 2599 370 2634 eaput
387 2595 473 2633 juce.
498 2602 553 2623 uec
578 2595 764 2632 respuerim
800 2593 845 2624 his

174 2635 322 2676 Daphnin
355 2636 552 2676 Adgrediar5
589 2634 656 2682 jam
683 2641 846 2683 exspectat

93 2665 281 2710 filieitatem
308 2678 349 2709 ab
377 2678 454 2709 urbe
481 2676 648 2719 Daphnin,
670 2688 739 2724 *qui
772 2688 843 2708 cum

55 2739 61 2742 -
98 2717 284 2763 interposita
301 2720 410 2762 aliqua
426 2729 514 2751 mora
529 2730 591 2751 non
607 2726 756 2758 venisset,
779 2727 846 2751 tum

54 2783 55 2786 =
95 2760 229 2795 denum
243 2761 343 2799 addit,
358 2764 440 2795 nihil
459 2763 513 2795 ille
534 2765 612 2798 deos,
640 2764 687 2793 nil
709 2765 847 2794 carmina

45 2823 49 2827 ν
98 2811 201 2841 συσὶ.
225 2805 302 2839 βω·
315 2807 387 2839 dira
403 2817 516 2838 venena
528 2805 661 2837 Medeae:
685 2815 759 2836 cum
773 2806 847 2837 Me-

44 3268 60 3288 s
31 3139 58 3226 ussaw
50 3111 51 3114 „

95 2845 165 2883 ,ᾐι
178 2856 218 2880 ω
241 2853 407 2891 comparat
429 2847 579 2883 Canidia,
596 2854 629 2879 et
650 2858 747 2890 quam
763 2847 850 2880 illius

100 2895 224 2925 m
254 2889 321 2922 vim
355 2890 503 2923 habuisse
532 2891 688 2926 feruntur,
715 2890 849 2922 eandem

102 2930 173 2966 tui}
195 2942 240 2975 qn
282 2944 322 2965 ue
349 2934 478 2965 venenis
504 2932 657 2969 vindicat,
685 2933 731 2963 uti
756 2944 848 2965 vene-

102 2973 166 3010 flt·
191 2982 263 3018 ..pu
323 2975 483 3012 Theocrit.
520 2976 554 3013 ii,
595 2977 646 3014 15,
683 2975 850 3019 Φάρμακα

877 1565 974 1598 ταῦθ’
995 1566 1129 1610 ἕρδοισα
1156 1566 1238 1611 μὴτε
1264 1580 1295 1599 τι
1324 1567 1452 1610 Κίρκης
1476 1566 1571 1607 Μήτε
1597 1579 1627 1599 τι

879 1609 1032 1648 Μηδείας
1046 1611 1131 1652 μήτε
1149 1611 1283 1648 ξανθᾶς
1300 1610 1506 1653 Περιμὴδας.
1547 1611 1630 1641 Bar-

879 1653 967 1690 harae,
1015 1653 1187 1684 Colchicae.
1263 1654 1430 1694 Superbam
1475 1654 1628 1693 pellicem,

877 1694 1045 1730 Creusam,
1074 1706 1102 1726 s·
1127 1696 1287 1733 Glaucen,
1314 1697 1354 1726 ob
1377 1695 1538 1733 honorem,
1563 1706 1628 1737 quo

878 1737 918 1766 ab
934 1738 1054 1769 Jasone
1074 1738 1200 1769 Medeae
1218 1739 1352 1780 praelata
1369 1738 1483 1773 suerat,
1507 1738 1630 1779 magni-

878 1779 936 1810 fice
952 1790 984 1811 se
999 1790 1086 1812 nunc
1101 1781 1305 1812 extollentem
1319 1792 1328 1820 ;
1353 1780 1514 1811 simillime
1524 1786 1629 1812 autem

883 1831 953 1864 sup.
970 1823 1071 1865 Epod.
1087 1825 1119 1859 3,
1140 1825 1190 1861 13,
1205 1823 1245 1855 de
1263 1824 1393 1857 Medea.
1421 1823 1487 1854 Hoc
1509 1824 1629 1854 delibu-

884 1868 923 1895 tis
953 1867 1018 1896 ulra
1051 1868 1138 1897 donis
1173 1868 1323 1907 pellicem,
1363 1867 1507 1904 Serpente
1533 1866 1631 1908 fugit

882 1909 967 1945 alite,
984 1908 1037 1939 uhi
1055 1909 1094 1939 de
1110 1909 1168 1939 hac
1185 1919 1216 1940 re
1240 1909 1283 1940 cf.
1305 1913 1370 1939 not.
1417 1908 1497 1939 Tabo
1519 1920 1631 1940 munus

883 1951 1046 1987 imbutum,
1063 1951 1193 1993 pallam,
1217 1961 1312 1993 quam
1337 1961 1460 1982 veneno
1482 1950 1631 1982 infectam

883 1998 918 2023 ut
935 2003 1049 2024 munus
1061 1993 1206 2036 nuptiale
1231 1995 1361 2026 Creusae
1389 1993 1528 2024 miserat.
1573 1994 1631 2024 fe-

872 2036 966 2077 fellit
985 2047 1041 2070 me.
1065 2036 1146 2077 fugit
1170 2047 1270 2068 meam
1294 2036 1372 2067 artis
1394 2036 1527 2077 magicae
1550 2036 1633 2078 peri-

884 2078 973 2109 tiam.
1020 2080 1180 2110 Cuhilibus
1197 2082 1299 2110 unctis
1320 2080 1480 2116 oblivione,
1496 2079 1631 2116 cubilia.

884 2121 940 2152 ubi
964 2132 1051 2153 nunc
1075 2122 1194 2153 latebat
1218 2123 1250 2153 .V
1254 2133 1340 2160 arus,
1364 2121 1510 2153 Canidiae
1537 2122 1633 2164 plane

884 2163 1058 2200 immemor,
1097 2165 1192 2207 paulo
1227 2164 1396 2196 sublimius
1424 2171 1518 2196 uncta
1555 2166 1632 2196 obli·

884 2209 970 2238 tione
985 2206 1146 2244 dicuntur,
1172 2207 1204 2238 h.
1221 2218 1250 2239 e.
1264 2206 1421 2250 ejusmodi
1444 2207 1536 2249 quasi
1561 2208 1631 2240 her-

884 2249 934 2280 bis
948 2250 1070 2281 imbuta
1085 2261 1158 2292 quae
1174 2250 1365 2282 oblivionem
1381 2249 1590 2282 offunderent.

928 2294 1071 2324 71-8-2.
1097 2294 1167 2324 Ah!
1189 2294 1249 2324 ah!
1279 2294 1396 2325 solutus
1421 2294 1558 2324 ambulat
1583 2305 1631 2324 ve-

884 2337 985 2377 neficae
1001 2336 1179 2367 scientioris
1193 2338 1340 2367 carmine.
1364 2336 1546 2378 Antequam
1565 2337 1633 2368 haec

885 2378 1066 2420 loqueretur
1081 2379 1230 2414 Canidia,
1244 2389 1314 2410 eam
1332 2379 1496 2421 paulisper
1511 2379 1543 2411 in
1567 2390 1634 2411 me-

885 2421 1039 2453 ditatione
1063 2421 1199 2453 defixam
1226 2422 1396 2460 adstitisse,
1417 2427 1449 2453 et
1471 2422 1511 2453 de
1537 2432 1636 2454 causa

886 2463 965 2495 irriti
987 2464 1036 2495 sui
1059 2471 1193 2495 conatus
1211 2464 1368 2506 cogitasse
1391 2464 1549 2500 existima,
1573 2476 1636 2507 qua

887 2505 1028 2544 inventa,
1053 2510 1074 2525 “
1091 2507 1163 2538 Ah!
1182 2507 1221 2538 ali
1236 2507 1270 2537 !'’
1286 2507 1404 2549 inquit,
1422 2511 1445 2524 “
1459 2519 1544 2540 nunc
1557 2509 1636 2545 scio,

887 2559 944 2580 cur
966 2550 1074 2581 Varus
1096 2560 1159 2581 non
1183 2549 1326 2586 venerit;
1351 2550 1405 2581 ille
1429 2550 1551 2582 scilicet
1573 2551 1636 2582 sci-

887 2591 1017 2623 entioris
1037 2592 1204 2635 cujusdam
1230 2593 1378 2624 veneficae
1401 2594 1543 2626 carmine
1566 2604 1586 2624 a
1609 2594 1639 2624 vi

890 2634 1211 2667 incantationis-mea!
1227 2636 1351 2667 solutus
1375 2635 1454 2667 nihil
1478 2646 1548 2668 mea
1571 2647 1640 2668 car·

889 2677 975 2708 mina
992 2683 1101 2715 ,ct-«rat,
1118 2678 1180 2709 sed
1205 2689 1316 2710 secure
1335 2684 1366 2710 et
1383 2678 1481 2710 libere
1501 2679 1638 2710 circum-

890 2720 1059 2761 vagatur.''
1105 2722 1269 2752 Amlulat:
1293 2722 1451 2752 ambulare
1464 2721 1530 2763 jam
1546 2722 1585 2754 de
1601 2722 1640 2752 iis

891 2763 946 2836 gui
963 2763 1066 2795 securi
1085 2770 1115 2795 et
1135 2763 1195 2795 tuti
1217 2764 1257 2795 ab
1278 2763 1364 2795 omni
1388 2764 1531 2806 periculo
1552 2765 1642 2797 ince-

915 2811 991 2837 unt:
1008 2816 1089 2847 sup.
1115 2806 1159 2842 vi,
1191 2808 1224 2844 5,
1255 2807 1308 2843 17,
1335 2807 1433 2837 Tutus
1459 2808 1506 2838 bos
1530 2810 1641 2839 etenim

887 2856 969 2880 irurn
984 2851 1190 2889 perambulat.
1240 2850 1310 2881 Non
1326 2851 1461 2885 usitatis,
1481 2850 1571 2887 Vare,
1591 2862 1643 2890 po-

894 2893 1038 2927 tionibus.
1068 2892 1095 2922 Ο
1118 2893 1216 2923 mulia
1235 2893 1390 2935 fleturum
1417 2894 1535 2933 capnt!
1569 2898 1645 2923 cett.

894 2944 982 2975 ergo,
999 2945 1018 2965 o
1035 2935 1132 2970 vare,
1148 2946 1237 2967 novae
1253 2941 1284 2966 et
1303 2934 1452 2970 insolitae,
1468 2945 1563 2976 quarn
1589 2935 1645 2965 tibi

895 2977 1049 3012 miscebo,
1075 2978 1212 3020 potionis
1236 2977 1265 3008 vi
1291 2988 1352 3008 non
1377 2978 1444 3007 sine
1463 2977 1573 3008 multis
1597 2978 1643 3008 la-

852 3021 903 3052 s‘l
