1884 3288
325 226 380 266 52

880 224 1272 266 CARMINUM

609 326 798 368 Thracio
819 326 1053 368 bacchante
1074 327 1207 380 magis
1229 326 1309 366 sub
1330 325 1459 365 inter-

1116 393 1232 433 lunia
1251 398 1375 432 vento
1393 407 1401 431 ε

564 459 570 463 “
609 461 754 508 Quum
776 460 852 500 tibi
871 459 1056 514 flagrans
1079 473 1208 506 amor,
1229 465 1271 499 et
1291 457 1439 507 libido,

609 527 720 574 Quae
742 526 849 568 solet
870 533 1023 566 matres
1044 525 1202 565 furiare
1223 538 1442 578 equorum,

529 595 577 634 15
608 594 762 634 Saeviet
784 593 895 634 circa
909 592 1033 646 jecur
1055 590 1318 639 ulcerosum3

1116 657 1216 697 Non
1238 657 1326 696 sine
1348 662 1517 710 questu,

608 726 730 766 Laeta
748 725 865 779 quod
887 725 1023 779 pubes
1043 723 1206 764 hedera
1222 723 1374 762 virenti

606 793 808 833 Gaudeat
829 790 944 846 pulla
963 791 1095 844 magis
1117 797 1243 844 atque
1268 795 1428 843 myrta:

606 857 763 900 Aridas
786 857 958 899 frondes
980 856 1144 898 Hiemis
1167 855 1303 896 sodali

521 926 577 966 20

1115 923 1301 964 Dedicet
1323 922 1456 963 Euro.

835 1085 1104 1128 CARMEN
1139 1084 1312 1126 XXVI.

794 1224 871 1255 DE
912 1223 1081 1254 AELIO
1122 1222 1348 1253 LAMIA.

604 1318 747 1359 Musls
769 1318 926 1358 amicus
949 1317 1161 1358 tristitiam
1181 1324 1224 1358 et
1245 1323 1380 1357 metus

601 1386 791 1427 Tradam
812 1385 1024 1440 protervis
1044 1385 1086 1425 in
1109 1398 1222 1425 mare
1244 1383 1459 1424 Creticum

316 1498 368 1529 ego
384 1498 427 1518 me
442 1489 474 1518 in
488 1489 585 1527 pedes,
598 1493 743 1527 quantum
757 1497 839 1526 queo,
855 1488 886 1516 in
902 1487 1045 1526 angipor-

315 1536 381 1560 tum
402 1531 548 1570 quoddam
574 1531 746 1565 desertum‚·
776 1533 915 1570 prostare
942 1533 1045 1558 autem

315 1571 358 1602 ibi
370 1573 512 1603 solebant
526 1579 638 1608 scorta,
653 1578 688 1602 ut
699 1582 770 1602 cum
783 1570 912 1602 Catullo
925 1569 1047 1610 loquar,

314 1616 480 1644 semitaria.

360 1657 412 1690 11,
432 1657 483 1687 12.
507 1656 634 1686 Thracio
650 1661 745 1688 vento,
761 1654 794 1685 h.
810 1664 838 1684 e.
855 1654 952 1683 Borea
967 1664 975 1691 ;
999 1652 1043 1683 sic

314 1696 372 1727 inf.
384 1698 483 1740 Epod.
497 1699 547 1732 13,
561 1699 592 1732 3,
606 1698 760 1727 Threicius
774 1697 882 1736 Aquilo
895 1707 904 1732 ,-
923 1694 1046 1726 Graecis

313 1738 396 1770 enim
413 1750 452 1770 ex
475 1739 620 1776 Thracia,
637 1744 798 1770 ventorum
822 1737 933 1779 patria,
951 1737 1046 1767 flabat

314 1781 441 1813 Boreas.
486 1783 658 1812 Bacchante
682 1783 794 1822 magis.-
829 1781 866 1811 τὸ
891 1782 983 1821 magis
1006 1779 1046 1809 ad

313 1823 473 1854 bacchante
488 1825 680 1855 referendum
700 1833 767 1854 esse
783 1828 868 1864 puto,
886 1833 957 1852 cum
974 1832 1043 1852 vere

313 1865 397 1896 venti
418 1868 470 1896 sub
485 1868 668 1901 interlunia,
684 1865 715 1896 h.
730 1876 758 1896 e.
771 1875 808 1895 eo
825 1865 970 1906 temporis
992 1863 1040 1893 in-

310 1908 442 1938 tervallo
454 1908 507 1939 ubi
524 1919 581 1939 nec
596 1914 686 1938 vetus
700 1917 757 1938 nec
774 1917 853 1936 nova
876 1907 950 1936 luna
965 1916 1038 1936 con-

311 1949 452 1990 spicitur¹
466 1949 693 1984 vehementius,
708 1955 743 1979 ut
759 1949 852 1979 tradit
874 1949 983 1989 Veget.
999 1948 1039 1986 iv,

313 1993 365 2029 40,
381 1993 487 2023 saevire
511 1992 642 2022 soleant.
687 1991 737 2022 Cl.
762 1990 893 2021 Mitseh.
918 1991 1042 2021 sublata

311 2040 382 2076 post
409 2041 495 2065 vento
521 2033 782 2076 interpunctione,
811 2034 849 2064 τὸ
878 2035 973 2073 magis
1002 2033 1041 2063 ad

311 2078 408 2107 saeviet
425 2076 456 2107 in
471 2087 501 2107 v.
522 2078 560 2108 15
574 2076 679 2111 trahit,
694 2081 726 2106 et
741 2075 834 2106 verba
855 2075 895 2104 ita
915 2074 994 2106 inter
1008 2085 1041 2106 se

311 2119 478 2150 conciliat:
505 2119 605 2155 Quum
629 2120 684 2148 tibi
705 2129 787 2147 amor
809 2126 834 2148 ez
855 2118 944 2147 libido
959 2119 1040 2148 circa

300 2162 395 2199 jecur
408 2163 504 2192 saeviet
525 2163 619 2202 magis
641 2172 729 2200 quam
754 2160 900 2190 Thracius
923 2166 1038 2194 ventus,

310 2204 362 2243 qui
371 2205 424 2234 sub
435 2204 602 2234 interlunia
613 2203 786 2233 bacchatur.
803 2200 876 2235 Sed,
886 2206 920 2231 ut
933 2202 1039 2238 fatear,

309 2244 378 2276 haec
393 2246 470 2276 ratio
482 2245 574 2276 nimis
589 2245 668 2276 dura
683 2243 758 2274 mihi
773 2243 906 2274 videtur.

355 2289 491 2319 13—15.
513 2288 610 2323 Quum
627 2287 841 2328 tibiflagrans,
856 2291 929 2316 cett.
944 2294 1039 2326 quam

308 2329 460 2370 graviter!
494 2340 548 2372 pro
569 2329 702 2370 vulgari,
726 2339 798 2359 cum
822 2327 963 2358 libidinis
985 2337 1038 2357 ex·

306 2371 431 2414 plendae
445 2372 506 2404 eris
526 2371 738 2413 cupidissima.
783 2371 899 2401 Matres
911 2370 1040 2411 furiare

306 2426 460 2454 equorum,
476 2415 658 2445 Graecorum
682 2412 901 2455 ἱππομανεῖν.
948 2413 1038 2442 Circa

296 2459 401 2497 jecur,
415 2463 450 2488 ut
461 2457 514 2487 irae
524 2461 555 2487 et
568 2456 788 2498 cupiditatum,
799 2455 842 2485 ita
854 2460 883 2485 et
896 2453 1036 2485 libidinis

307 2498 432 2530 sedem:
456 2499 499 2530 cf.
521 2508 590 2540 sup.
606 2497 628 2533 i,
654 2499 705 2533 13,
729 2500 759 2528 4.
806 2496 957 2538 Apposite
982 2497 1034 2527 Cl.

306 2540 438 2572 Mitsch.
468 2540 577 2571 laudat
602 2539 758 2571 Theocrit.
789 2540 832 2574 xi,
866 2540 915 2576 16,
946 2538 1035 2580 ἔχων

305 2582 510 2624 ὑποκάρδιον
525 2581 619 2620 ἕλκος
635 2581 805 2624 Κύπριδος
823 2582 857 2612 ἐκ
871 2580 1033 2624 μεγάλας,

306 2625 344 2658 τό
360 2625 390 2657 οἱ
407 2625 513 2664 ἥπατι
537 2626 621 2660 nate
643 2624 823 2666 βέλεμνον·
846 2629 878 2654 et
899 2623 965 2659 xiii,
980 2624 1033 2659 71,

303 2669 458 2709 χαλεπὸς
484 2668 549 2710 γὰρ
574 2667 637 2698 ἔσω
658 2668 731 2704 θεὸς
755 2665 850 2708 ἧπαρ
873 2667 1035 2708 «invocent.

305 2710 389 2742 Hinc
415 2709 587 2741 Macedon.
610 2710 669 2751 Ep.
689 2708 755 2745 viii,
772 2708 904 2740 Anthol.
927 2708 1034 2739 Graec.

305 2753 343 2784 T.
359 2751 404 2790 iii,
419 2763 450 2795 p.
466 2754 520 2787 83,
535 2752 646 2790 Λῆξον
654 2751 764 2793 Ἐρως
779 2750 918 2791 κραδίης
933 2762 964 2781 τε
981 2750 1036 2781 καὶ

303 2794 456 2834 ἥπατος-ε
487 2793 541 2825 ubi
568 2793 609 2824 cs.
636 2794 766 2826 Jacobs.
791 2793 824 2823 in
853 2793 1032 2824 Comment.

308 2837 491 2872 Ulcerosum,
521 2835 706 2867 libidinibus
735 2834 820 2866 foede
850 2835 1032 2870 laceratum,

303 2879 429 2921 gravius
454 2889 509 2921 pro
535 2877 683 2920 simplici,
714 2877 933 2908 libidinosum:
978 2876 1034 2908 inf.

304 2922 406 2964 Epist.
422 2921 445 2958 i,
466 2923 514 2957 18,
531 2922 583 2957 72,
608 2920 675 2951 Non
700 2921 816 2951 ancilla
841 2926 926 2950 tuum
940 2921 1034 2958 Jecur

301 2965 415 2996 ulceret
431 2965 506 3000 uela,
521 2973 644 3004 puerve.

1134 1485 1269 1515 17-20.
1292 1484 1376 1514 Laeta
1401 1484 1477 1524 quod
1501 1483 1603 1524 pubes,
1631 1487 1706 1514 cett.
1735 1483 1820 1525 quod

1090 1525 1162 1556 laeta
1186 1526 1337 1567 juventus
1367 1525 1467 1566 magis
1501 1525 1674 1557 delectetur
1701 1525 1820 1559 virente

1090 1569 1202 1599 hedera
1219 1574 1312 1610 atque
1335 1568 1424 1609 pulla
1439 1572 1550 1609 myrto,
1565 1573 1598 1598 at
1612 1567 1735 1599 frondes
1756 1569 1817 1599 ari-

1090 1610 1147 1640 das
1162 1611 1262 1641 ventis
1277 1609 1474 1651 dissipandas
1490 1610 1610 1648 tradam
1633 1610 1818 1642 suavissima

1088 1652 1233 1693 allegoria
1248 1653 1254 1682 !
1282 1663 1346 1692 pro,
1362 1651 1446 1693 quod
1457 1651 1590 1694 juvenes
1600 1652 1698 1694 magis
1712 1652 1818 1684 delec-

1089 1700 1190 1725 tentur
1211 1694 1324 1735 puellis
1338 1699 1430 1726 aetate
1444 1694 1637 1732 florentibus,
1651 1700 1682 1726 at
1698 1694 1819 1726 vetulas

1089 1737 1239 1768 facessere
1260 1737 1406 1778 jubeant.
1452 1737 1572 1767 Hedera
1597 1738 1719 1775 virenti,
1744 1746 1816 1768 cum

1090 1779 1203 1810 hedera
1227 1779 1341 1820 passim
1359 1779 1472 1820 puellae
1496 1784 1610 1810 tenerae
1632 1788 1817 1821 comparan-

1087 1826 1156 1851 tur:
1181 1823 1224 1852 cf.
1250 1821 1306 1851 inf.
1332 1821 1354 1858 i,
1380 1821 1433 1856 36,
1454 1821 1507 1859 20,
1531 1826 1562 1852 et
1586 1821 1686 1863 Epod.
1714 1823 1763 1856 15,
1783 1824 1816 1855 5.

1087 1864 1193 1900 Pulla,
1208 1875 1278 1894 nam
1297 1863 1387 1903 myrti
1403 1863 1536 1895 frondes.
1547 1868 1658 1894 tenerae
1675 1863 1817 1905 inprimis

1083 1911 1115 1936 et
1129 1916 1236 1936 recens
1261 1907 1498 1943 efflorescentes,
1518 1905 1665 1946 subnigri*
1681 1911 1713 1937 et
1734 1906 1816 1938 susci

1084 1947 1146 1979 fere
1183 1948 1297 1978 coloris
1333 1953 1424 1978 sunt:
1470 1958 1542 1978 cum
1568 1955 1665 1988 myrto
1699 1948 1816 1979 Manlii

1086 2000 1240 2031 sponsam,
1267 1989 1398 2025 Juliam‚
1421 1995 1581 2031 comparat
1604 1989 1726 2022 Catuli.
1757 1991 1813 2027 lxi,

1085 2033 1139 2067 21,
1174 2032 1304 2063 Floridis
1334 2033 1416 2063 velut
1444 2033 1558 2063 enitens
1587 2032 1712 2072 Myrtus
1741 2034 1815 2064 Asia

1083 2075 1221 2105 ramulis.
1264 2074 1528 2116 Aridasftvmles:
1545 2073 1815 2107 similitervetulas

1084 2127 1138 2164 per
1158 2128 1282 2157 quercus
1301 2118 1403 2147 aridas
1418 2116 1563 2157 designat
1583 2116 1740 2154 Horatius,
1756 2117 1815 2150 inf.

1083 2169 1125 2195 w,
1145 2160 1194 2196 13,
1209 2160 1240 2190 9.
1286 2158 1335 2190 Cl.
1352 2158 1482 2189 Mitseh.
1497 2164 1656 2200 comparat
1677 2159 1710 2190 iu
1732 2159 1813 2191 hanc

1083 2211 1147 2232 rem
1165 2201 1276 2232 AEsch.
1296 2201 1407 2242 Agam.
1421 2202 1473 2235 79,
1492 2207 1523 2238 et
1543 2200 1725 2233 Macedonii
1749 2203 1812 2243 Ep.

1084 2244 1145 2279 xvi,
1172 2245 1203 2278 7,
1230 2245 1262 2277 8.
1287 2243 1418 2274 Anthol.
1444 2243 1549 2274 Graec.
1573 2244 1611 2274 T.
1637 2243 1680 2279 iv,
1703 2255 1735 2286 p.
1759 2245 1813 2276 85.

1084 2286 1200 2316 Hiemis
1211 2287 1307 2316 sodali
1319 2285 1418 2316 Euro.-
1435 2285 1577 2316 similiter
1592 2285 1649 2318 inf.
1660 2286 1701 2323 ἰν,
1714 2287 1764 2325 12,
1777 2287 1810 2324 2,

1083 2327 1215 2370 Zephyri
1230 2330 1306 2359 veris
1319 2330 1436 2359 comites
1450 2327 1608 2360 dicuntur.

1273 2411 1473 2443 CARMEN
1496 2412 1627 2445 XXVI.

1122 2453 1238 2489 Musis,
1255 2454 1368 2495 quibus
1382 2465 1416 2486 se
1439 2454 1523 2484 cordi
1547 2465 1615 2486 esse
1638 2453 1693 2490 ait,
1717 2464 1810 2486 vaca.-

1079 2501 1178 2531 turus,
1194 2501 1226 2526 et
1241 2507 1365 2527 carmen
1385 2497 1418 2528 in
1443 2496 1584 2528 Lamiam
1607 2507 1700 2528 suum
1723 2507 1809 2528 com-

1078 2538 1248 2580 posituruS,
1264 2538 1431 2574 tristitiam,
1455 2544 1581 2576 metum.
1602 2547 1632 2571 et
1655 2538 1810 2581 quidquid

1078 2590 1223 2611 curarum
1239 2581 1434 2622 publicarum
1451 2581 1579 2614 aliorum
1591 2580 1711 2612 animos
1725 2581 1809 2613 lace-

1077 2628 1134 2657 ret,
1155 2623 1264 2664 procul
1286 2633 1305 2653 a
1328 2634 1360 2655 se
1383 2624 1492 2654 abesse
1511 2622 1614 2665 jubet.
1657 2622 1720 2654 Sed
1734 2623 1809 2654 dum

1077 2664 1227 2696 canendis
1244 2665 1362 2696 Lamiae
1379 2665 1522 2696 laudibus
1533 2674 1567 2697 se
1582 2666 1730 2708 imparem
1742 2675 1811 2698 esse

1079 2706 1184 2741 sentit,
1199 2717 1270 2737 eum
1289 2708 1452 2739 Musarum
1468 2706 1535 2742 uui,
1550 2717 1645 2749 quam
1659 2707 1809 2750 appellat,

1078 2748 1297 2780 celebrandum
1313 2749 1528 2788 commendat;
1549 2759 1614 2791 qua
1627 2749 1754 2791 quidem
1769 2750 1810 2781 ad

1077 2792 1205 2822 Musam
1230 2790 1428 2823 conversione
1457 2797 1579 2834 poetam
1612 2791 1730 2824 Lamiae
1751 2802 1808 2823 suo

1077 2833 1148 2875 plus
1174 2833 1335 2874 dignitatis
1359 2839 1391 2864 et
1417 2832 1551 2868 honoris.
1579 2833 1807 2876 quam,longis

1076 2875 1238 2907 verborum
1261 2875 1424 2917 laudisque
1443 2875 1587 2918 strophiS,
1608 2875 1807 2913 conciliasse.

1076 2928 1151 2949 suus
1172 2928 1328 2959 quemque
1350 2927 1459 2949 sensus
1481 2917 1614 2951 docebit.
1659 2918 1733 2950 Fuit
1751 2929 1807 2950 au-

1076 2966 1136 2991 tem
1172 2965 1269 3001 poetae
1300 2959 1394 2990 nostri
1425 2959 1545 2991 amicus
1582 2960 1624 2998 Q.
1655 2961 1806 2992 AEmilius
