1904 3314
356 193 440 234 522

841 191 1369 233 EPISTOLARUM

377 287 432 327 35
462 283 624 328 Nescio
645 287 763 340 quod
783 288 974 341 cupienS,
995 289 1158 330 hortari
1181 290 1313 344 coepit
1336 289 1522 331 eundem'

461 352 620 393 Verbis
641 368 737 406 quae
758 354 904 395 timido
924 369 1095 409 quoque
1117 362 1292 410 possent
1313 356 1473 396 addere
1494 361 1702 398 mentem:

461 421 489 439 ‘⁶
505 417 540 466 Ι,
562 418 688 467 bone,
710 434 795 472 quo
815 421 949 461 virtus
971 428 1043 461 tua
1065 429 1107 462 te
1128 430 1273 472 vocat3
1305 423 1319 462 i
1338 423 1450 476 pede
1471 421 1630 472 fausto,

460 483 654 524 Grandia
674 484 836 526 laturus
858 487 1103 528 meritorum
1121 489 1320 542 praemia!

1382 489 1501 534 Quid
1523 489 1669 530 stas‘3’'

461 550 569 591 Post
588 550 682 592 haec
702 550 770 592 ille
791 559 925 601 catuS,
947 555 1215 606 quantumvis
1237 555 1437 603 rusticus,
1461 558 1488 576 “
1505 554 1605 603 Ibit,

379 616 436 656 4ιο
466 615 551 657 Ibit
571 631 637 666 eo,
659 631 744 670 quo
765 619 842 666 vis,
865 618 938 671 qui
959 633 1106 659 zonam
1126 620 1352 672 perdidit‚’'
1372 620 1524 674 inquit.

461 682 613 723 Romae
633 683 787 724 nutriri
807 683 909 724 mihi
927 685 1117 738 contigit,
1139 692 1266 739 atque
1288 686 1452 736 doceri,

459 747 600 789 Iratus
622 749 766 789 Graiis
789 757 993 803 quantum
1013 751 1230 791 nocuisset
1249 750 1458 792 Achilles.

460 813 675 868 Adjecere
695 816 818 856 bonae
839 815 966 869 paulo
986 816 1082 870 plus
1104 817 1205 857 artis
1226 815 1428 867 Athenae,

461 879 631 921 Scilicet
651 887 698 921 ut
717 896 888 934 possem
910 896 1040 922 curvo
1061 883 1313 935 dignoscere
1333 890 1511 932 rectum,

376 945 432 985 4⁴5
462 943 608 999 Atque
629 947 739 987 inter
760 946 884 986 silvas
906 945 1114 987 Academi
1134 962 1326 1000 quaerere
1347 962 1506 988 verum.

458 1010 582 1051 Dura
603 1012 679 1052 sed
700 1026 894 1052 emovere
913 1012 1006 1052 loco
1028 1026 1092 1052 me
1114 1019 1306 1065 tempora
1326 1019 1464 1066 grato,

459 1075 690 1130 Civilisque
710 1077 860 1118 rudem
879 1077 980 1118 belli
1002 1077 1096 1118 tulit
1117 1085 1245 1118 aestus
1266 1079 1308 1118 in
1329 1093 1458 1128 arma,

460 1141 643 1182 Caesaris
665 1141 854 1197 Augusti
874 1158 960 1184 non
979 1157 1240 1197 responsura
1259 1143 1444 1186 lacertis.

389 1239 441 1269 32.
466 1239 561 1269 Donis
578 1240 713 1275 honestis,
729 1239 916 1274 honorificis,
937 1239 1074 1281 splendi-

346 1280 416 1318 dis;
440 1281 479 1310 ad
501 1291 536 1311 ea
556 1281 632 1312 refer
654 1291 781 1312 coronas
797 1282 942 1318 murales,
960 1282 1076 1313 obsidi-

347 1323 466 1357 onales,
483 1322 624 1358 vallares,
640 1323 767 1358 civicas,
785 1329 857 1353 cett.

389 1365 444 1394 33.
467 1364 575 1403 Super,
591 1365 728 1406 insuper,
745 1370 903 1405 praeterea.

389 1406 441 1435 34.
467 1406 594 1442 Praetor,
612 1407 675 1436 dux
700 1406 865 1441 exercitus,
883 1405 966 1435 unde
987 1404 1077 1435 ducis

347 1447 583 1477 tabernaculum
610 1447 772 1478 dicebatur
797 1449 988 1486 praetorium:
1012 1446 1076 1478 vid.

348 1488 490 1519 Perizon.
508 1489 596 1519 Diss.
610 1490 649 1519 de
667 1488 825 1523 Praetorio.
839 1501 870 1530 p.
887 1490 918 1519 8.

389 1531 441 1561 36.
466 1531 580 1560 Timido
593 1542 716 1570 quoque,
731 1531 781 1561 vel
798 1530 916 1561 timido.
1052 1570 1058 1576 .

389 1573 442 1603 39.
477 1573 580 1608 Catus,
610 1578 721 1603 acutus
751 1577 782 1602 et
810 1576 964 1603 emunctae
994 1581 1077 1602 narls

349 1613 454 1644 homo.

389 1656 442 1685 40.
471 1655 532 1688 Qui
555 1665 653 1685 zonam
678 1657 824 1693 perdidit,
848 1659 884 1685 ut
907 1664 964 1694 ego
990 1653 1076 1689 olim.

347 1706 419 1726 cum
441 1706 548 1726 zonam
570 1695 782 1737 perdidissem,
802 1697 841 1726 ad
864 1706 944 1727 nova
963 1695 1076 1727 viatica

346 1737 524 1778 colligenda
546 1737 650 1776 ibam3
674 1744 706 1768 at
729 1749 825 1773 nunc,
849 1749 919 1769 cum
945 1737 1074 1768 habeam

346 1780 430 1810 unde
443 1779 556 1814 vivam,
569 1780 690 1810 labores
704 1786 734 1811 et
750 1780 888 1827 pericula
902 1780 941 1810 de
956 1780 1075 1820 integro

346 1821 450 1852 subire
471 1821 556 1851 nolo.
603 1823 672 1852 Hoc
694 1822 801 1852 militis
824 1821 952 1853 Luculli
968 1831 1072 1852 exem-

346 1863 433 1904 plum
454 1863 567 1893 imitari
588 1863 686 1893 voluit
711 1864 869 1895 Horatius.
913 1864 1073 1900 Quemad-

346 1904 471 1935 modum
484 1905 567 1935 enim
582 1911 671 1935 catus
682 1905 734 1936 ille
750 1906 877 1936 Luculli
890 1905 989 1940 miles,
1002 1915 1073 1936 cum

344 1945 383 1976 de
410 1946 529 1986 integro
556 1953 764 1988 comparasset
791 1947 849 1978 sibi
874 1947 956 1977 unde
980 1946 1072 1977 vitam

344 1993 541 2023 sustentaret,
562 1998 623 2018 non
648 1989 779 2030 amplius
802 1989 922 2019 militiae
946 1988 1073 2030 plenum

343 2029 525 2071 periculosae
547 2029 622 2060 aleae
637 2040 716 2071 opus
731 2036 862 2061 tractare
875 2043 884 2068 ;
907 2031 949 2061 ita
972 2031 1072 2061 Hora-

343 2071 415 2108 tius,
438 2080 508 2101 cum
532 2081 637 2101 curam
661 2071 700 2102 de
721 2072 792 2102 vitae
816 2071 995 2103 necessariis
1019 2072 1069 2103 de-

344 2122 457 2154 ponere
501 2118 613 2153 posset,
654 2123 716 2143 non
760 2113 893 2154 amplius
934 2113 1072 2144 versibus

345 2153 518 2185 scribendis
532 2164 654 2196 operam
672 2154 744 2185 dare
761 2156 839 2184 vult.

386 2197 425 2226 41
451 2206 519 2237 sqq.
555 2197 627 2227 Jam
652 2195 800 2226 Horatius
824 2195 998 2236 disciplinae
1023 2207 1070 2227 ra-

343 2237 471 2273 tionem,
500 2247 563 2279 qua
593 2236 745 2268 educatus
774 2243 805 2268 et
833 2237 994 2268 institutus
1026 2239 1072 2268 vir

343 2280 455 2310 doctus
474 2285 506 2310 et
524 2284 614 2320 poeta
632 2279 771 2314 evaserit,
786 2279 917 2310 breviter
939 2285 1070 2310 enarrat.

345 2321 581 2362 comparandus
609 2326 654 2351 est
679 2320 729 2351 hic
755 2321 840 2351 locus
869 2331 939 2351 cum
970 2321 1071 2351 Satira

345 2369 432 2394 sexta
443 2362 513 2393 libri
524 2362 623 2404 primi,
635 2362 688 2392 ubi
701 2363 859 2397 Horatius,
869 2362 940 2393 inde
952 2373 970 2392 a
981 2374 1008 2394 v.
1017 2364 1069 2398 71,

345 2414 496 2434 summam
521 2414 638 2438 curam,
660 2414 754 2444 quam
776 2410 862 2444 pater
886 2404 917 2434 in
941 2415 971 2435 se
993 2405 1068 2436 edu-

342 2446 442 2476 cando
456 2452 550 2487 atque
563 2445 731 2476 erudiendo
746 2446 891 2487 posuerit,
906 2446 957 2488 pio
969 2452 1070 2486 grato-

365 2498 404 2519 ue
431 2494 554 2529 pectore
581 2494 800 2518 commemorat
824 2494 915 2528 atque
939 2488 1071 2519 extollit.

342 2498 442 2560 {omae
452 2531 565 2560 nutriri
576 2531 648 2559 mihi
659 2532 803 2569 contigit:
826 2540 893 2570 sup.
907 2530 928 2560 l.
943 2530 1003 2560 l.v.
1015 2531 1067 2566 76,

342 2573 399 2602 Sed
411 2582 537 2611 puerum
554 2578 596 2601 est
616 2583 706 2602 ausus
721 2573 842 2613 (pater)
860 2572 981 2602 Romam
999 2583 1068 2611 por-

341 2620 405 2644 tare
432 2615 594 2643 docendum
623 2615 721 2650 Artes,
745 2625 816 2654 quas
846 2615 948 2644 doceat
975 2616 1069 2654 quivis

341 2666 424 2696 eques
434 2662 522 2695 atque
537 2662 653 2685 senator
669 2656 761 2685 Semet
775 2663 947 2696 prognatos.
971 2657 1068 2695 Atque

339 2699 450 2732 doceri,
480 2697 585 2727 Iratus
615 2697 719 2726 Graiis
747 2705 892 2737 quantum
923 2699 1066 2729 nocuisset

340 2740 482 2773 Achilles,
500 2749 555 2780 pro
573 2738 704 2779 vulgari,
723 2744 818 2779 atque
841 2739 974 2770 lectione
999 2740 1065 2770 Ho-

338 2781 414 2812 meri
428 2780 545 2817 imbui;
568 2790 638 2810 nam
655 2790 709 2821 per
726 2780 862 2811 Achillis
880 2780 956 2811 iram
973 2782 1065 2822 (M1‘5-

1118 1238 1239 1277 simam,
1256 1240 1308 1271 cui
1330 1239 1426 1271 animi
1450 1240 1572 1272 cultum
1596 1240 1627 1272 in
1646 1239 1850 1283 philosophiae

1119 1282 1222 1312 studio
1247 1282 1392 1317 debebat,
1414 1282 1594 1314 mollissimo
1613 1282 1852 1325 gratissimoque

1121 1323 1216 1352 animi
1241 1334 1332 1354 sensu
1355 1323 1536 1364 simpliciter
1557 1330 1590 1356 et
1614 1335 1668 1366 per
1687 1325 1850 1363 λιτότητα

1121 1365 1224 1394 bonam
1238 1370 1338 1395 vocat.
1373 1366 1480 1396 Artis.-
1505 1365 1642 1407 intellige
1656 1366 1849 1408 philosophi-

1120 1415 1182 1440 am,
1195 1406 1285 1447 cujus
1300 1417 1348 1436 ars
1361 1406 1424 1437 sive
1439 1407 1568 1439 scientia
1583 1407 1616 1439 iu
1627 1407 1850 1448 distinguendo

1120 1457 1191 1478 vero
1211 1458 1229 1477 a
1250 1448 1327 1478 falso
1342 1454 1492 1483 versatur,
1508 1449 1592 1496 quod
1613 1449 1736 1480 duobus
1754 1449 1850 1480 versi-

1119 1488 1179 1518 bus
1214 1489 1414 1530 sequentibus
1444 1490 1636 1531 exprimitur,
1666 1491 1785 1523 Scilicet
1812 1498 1848 1523 ut

1116 1541 1224 1569 possem
1240 1542 1330 1561 curvo
1343 1533 1514 1572 dignoscere
1526 1539 1640 1563 rectum
1653 1544 1663 1570 ,·
1687 1542 1750 1563 non
1764 1532 1849 1564 enim

1120 1572 1269 1602 Horatius
1300 1582 1353 1613 per
1382 1584 1507 1604 curvum
1531 1579 1562 1604 et
1585 1573 1698 1605 rectum
1723 1583 1847 1614 geome—

1119 1613 1220 1650 triam,
1236 1614 1328 1654 cujus
1343 1614 1498 1646 elementa
1510 1615 1576 1646 sine
1591 1615 1686 1646 dubio
1697 1615 1764 1656 jam
1780 1616 1848 1647 Ro-

1121 1665 1178 1685 mae
1202 1655 1376 1693 imbiberat,
1391 1655 1572 1698 respexisse,
1588 1657 1643 1688 sed
1661 1657 1808 1689 translate
1829 1667 1849 1689 a

1118 1698 1296 1736 geometria,
1310 1698 1392 1738 quod
1408 1699 1447 1729 ad
1464 1698 1586 1729 virtutis
1598 1705 1753 1740 praeeepta
1767 1705 1850 1731 recte

1117 1738 1162 1773 fit,
1179 1747 1292 1770 rectum
1317 1739 1468 1781 (ὀρθὸν),
1485 1741 1568 1781 quod
1589 1751 1609 1771 a
1626 1739 1746 1771 virtutis
1767 1751 1847 1782 prae-

1118 1781 1216 1821 ceptis
1247 1782 1374 1816 recedit,
1411 1793 1536 1812 curvum
1572 1781 1686 1813 dixisse
1716 1781 1848 1814 videtur.

1119 1822 1183 1858 Qui
1201 1823 1343 1854 virtutem
1368 1828 1552 1864 sequuntur,
1569 1830 1664 1860 recta,
1680 1823 1735 1864 qui
1752 1824 1847 1856 virtu-

1117 1869 1177 1894 tem
1194 1865 1350 1901 deserunt,
1365 1876 1458 1896 curva
1473 1865 1523 1896 via
1538 1865 1698 1896 incedunt.

1160 1908 1212 1936 45.
1258 1907 1344 1938 Inter·
1377 1908 1466 1938 silvas
1495 1908 1645 1938 Academi.
1686 1908 1847 1938 Academia

1116 1948 1197 1978 enim
1211 1953 1221 1984 (
1229 1948 1311 1978 dicta
1325 1949 1368 1979 ita
1383 1949 1423 1979 ab
1435 1949 1526 1979 heroe
1540 1949 1674 1989 quodam
1687 1949 1846 1986 Acadama,

1119 1995 1153 2019 ut
1177 1990 1270 2020 tradit
1292 1991 1395 2021 Laert.
1419 1990 1464 2026 iii,
1483 1989 1534 2029 7),
1551 1990 1615 2021 sive
1636 1991 1846 2031 Gymnasium.

1116 2030 1147 2060 in
1164 2041 1227 2071 quo
1241 2032 1364 2062 scholas
1379 2031 1490 2062 habuit
1506 2032 1608 2068 Plato,
1623 2031 1684 2064 fuit
1697 2031 1730 2062 in
1746 2041 1846 2064 amoe-

1116 2082 1156 2102 no
1172 2083 1294 2104 nemore
1310 2074 1378 2104 urbi
1393 2073 1507 2105 vicino.
1762 2104 1766 2106 ,

1159 2116 1211 2145 46.
1236 2116 1326 2145 Dura
1341 2117 1403 2151 sed,
1419 2121 1494 2147 cett.
1535 2114 1596 2146 Sed
1610 2115 1749 2146 infausta
1763 2119 1842 2146 tem-

1115 2166 1188 2196 pora
1219 2167 1268 2187 me
1297 2159 1411 2195 (locum
1437 2157 1580 2198 gratum)
1606 2156 1761 2193 Athenas,
1788 2156 1845 2188 ubi

1115 2197 1250 2228 suaviter
1275 2198 1507 2235 delitescebam,
1535 2198 1705 2239 relinquere
1733 2208 1844 2239 coege-

1113 2244 1198 2269 runt.
1241 2240 1280 2270 In
1309 2241 1401 2270 verbo
1431 2251 1557 2270 emor-ere
1586 2239 1770 2281 exprimitur
1797 2241 1844 2271 vis

1113 2289 1174 2319 qua
1185 2281 1256 2321 quis
1271 2292 1289 2311 e
1304 2281 1372 2312 loco
1385 2281 1489 2322 aliquo
1502 2282 1534 2311 in
1548 2281 1642 2313 alium
1655 2281 1842 2322 depellitur:

1115 2321 1184 2352 Liv.
1200 2322 1240 2357 vi,
1258 2323 1310 2357 38,
1329 2330 1390 2352 tum
1410 2325 1541 2362 percitus
1559 2326 1608 2353 ira
1625 2323 1771 2354 Camillus
1785 2324 1843 2354 iic—

1114 2369 1197 2397 tores,
1213 2366 1264 2404 qui
1280 2366 1316 2394 cle
1332 2366 1425 2395 medio
1439 2366 1548 2403 plebem
1562 2370 1735 2401 emouerent,
1751 2366 1846 2397 misit.

1115 2405 1272 2445 Frequens
1293 2406 1387 2447 hujus
1403 2406 1485 2436 verbi
1500 2416 1576 2437 usus
1597 2405 1681 2448 apud
1695 2405 1820 2437 Livium
1833 2418 1842 2446 ;

1114 2447 1255 2488 exempla
1284 2447 1412 2488 collegit
1439 2448 1601 2479 Drakenb.
1627 2448 1668 2478 ad
1688 2447 1745 2480 lib.
1773 2447 1840 2485 xlii,

1154 2531 1292 2561 47—49.
1318 2531 1477 2570 Civilisque
1488 2533 1604 2566 melem,
1614 2536 1688 2562 cett.
1703 2537 1734 2562 et
1747 2531 1839 2571 (civi-

1112 2573 1147 2601 lis
1169 2571 1273 2611 aestus)
1289 2572 1404 2603 civium
1425 2572 1508 2603 furor
1521 2579 1552 2603 et
1570 2573 1704 2614 impetus
1716 2574 1841 2615 (rudem

1110 2614 1198 2652 betti)
1214 2624 1274 2650 me,
1289 2614 1363 2644 artis
1379 2614 1501 2646 bellicae
1523 2614 1626 2645 adhue
1649 2613 1838 2656 imperitum,

1111 2656 1220 2697 (tulit)
1237 2655 1366 2686 abstulit
1383 2661 1415 2688 et
1435 2656 1583 2697 protrusit
1597 2656 1629 2687 in
1647 2666 1743 2692 arma,
1760 2658 1838 2698 (non

1109 2696 1304 2737 responsura)
1321 2708 1382 2728 non
1396 2697 1483 2740 paria
1498 2697 1603 2728 futura
1618 2698 1752 2729 Coesarts
1767 2699 1836 2730 Au·

1110 2740 1191 2779 gusti
1207 2740 1365 2779 (lacertis)
1380 2739 1480 2770 robori
1498 2745 1530 2770 et
1546 2739 1675 2771 viribus.
1711 2741 1835 2772 AEcms:

1109 2781 1204 2811 maris
1218 2781 1370 2812 tumultus
1382 2786 1414 2812 et
1430 2781 1529 2812 servor
1549 2781 1664 2822 saepius
1683 2781 1724 2812 ad
1739 2781 1836 2813 animi

339 2821 636 2860 νιν-Πηληῖαὸέω
651 2821 829 2862 Ἀχιλῆος)
844 2822 954 2852 Iliadis
971 2832 1063 2862 argu·
1105 2823 1252 2854 fervorem
1275 2828 1306 2854 et
1327 2822 1506 2859 tumultum,
1520 2828 1552 2854 et
1572 2822 1701 2865 proinde
1722 2823 1762 2854 ad
1784 2823 1834 2855 su-

338 2870 476 2896 mentum
491 2863 681 2904 designatur.
725 2864 813 2894 Bonae
829 2865 969 2894 Athenae:
993 2875 1062 2905 per-
1104 2875 1200 2896 rorem
1228 2875 1353 2906 quoque
1381 2875 1444 2906 quo
1471 2864 1554 2896 bella
1583 2864 1691 2896 civilia
1718 2865 1834 2896 moveri

337 2906 407 2949 cipe
427 2906 489 2938 vim
505 2916 568 2948 qua
590 2905 739 2937 Horatius
756 2906 862 2937 urbem
885 2905 1062 2938 celebratis.
1103 2906 1263 2944 dicuntur,
1283 2905 1475 2938 transfertur.
1499 2935 1506 2943 ,
1521 2907 1560 2938 In
1581 2917 1678 2944 arma,
1698 2917 1718 2938 a
1735 2907 1834 2940 Bruto
