1884 3288
586 225 820 265 HORATII
850 224 1063 263 METRA.
1488 224 1595 263 xxvii

58 328 121 367 19.
153 327 298 366 Versus
318 323 586 366 Archilochius
605 322 737 373 major.

380 387 458 400 -υυ
634 385 683 398 νυ

228 389 310 403 “““
755 383 835 397 ”““
868 383 888 439 ll
918 383 969 396 ‘⁹
998 382 1047 396 ‘⁹
1079 385 1085 438 Ι
1117 381 1165 395 ““

214 502 391 540 Solvitur
410 500 515 538 acris
533 499 667 550 hyems
682 503 802 549 yrata
821 496 902 534 vice
921 496 1021 534 veris
1039 500 1077 532 et
1096 494 1262 534 Favoni.
1319 496 1346 541 i,
1365 495 1404 541 4,
1426 496 1461 533 1.

160 566 221 603 Ex
239 565 388 604 duobus
406 563 638 614 compositus
656 568 715 600 est
734 560 917 598 membris
935 560 1014 598 sive
1033 562 1162 603 κώλοις,
1182 559 1364 596 nimirum

211 642 247 673 a,
267 640 315 666 ex
333 639 447 664 versu
468 624 676 663 Alcmanio
695 627 818 672 (num.
842 621 924 668 16),

209 691 247 736 b,
267 703 314 729 ex
334 703 449 728 versu
465 686 725 739 Ithyphallico
745 689 868 735 (num.
890 684 948 732 4).

160 752 288 791 Graeci
311 751 470 802 quidem
496 751 564 788 hos
586 750 641 788 ita
660 751 850 801 jungunt,
870 755 915 786 ut
934 747 1073 786 ultima
1098 747 1245 798 syllaba
1263 746 1426 786 membri
1444 747 1594 799 prioris,

158 814 318 867 perinde
335 814 445 865 quasi
463 814 659 863 integrum
679 811 833 850 claudat
859 823 1028 857 versum,
1047 818 1088 849 et
1106 810 1232 849 brevis
1251 817 1291 849 et
1314 810 1428 861 longa
1451 824 1534 849 esse
1556 818 1595 849 et

155 878 305 916 hiatum
325 889 477 927 quoque
497 875 646 914 efficere
665 881 794 924 queat.
850 873 995 911 Contra
1022 872 1209 911 Horatius
1227 886 1299 911 nee
1323 873 1460 923 pedem
1480 874 1596 911 creti-

157 953 244 980 cum
260 939 337 954 ‘⁹‘
357 952 484 990 neque
503 937 714 990 spondeum
740 937 781 974 in
809 943 945 987 quarto
964 935 1045 973 loco
1063 935 1191 987 posuit
1216 948 1343 986 neque
1367 935 1476 973 hiatu
1502 949 1596 974 usus

157 1012 239 1050 est;
278 1006 443 1057 ideoque
474 1006 545 1043 hoc
573 1010 741 1042 metrum
774 1003 1034 1040 Horatianum
1072 1015 1094 1039 a
1129 1001 1380 1052 subsequenti
1415 1014 1597 1039 versuum

158 1081 300 1119 genere
330 1074 649 1119 asynarietorum,
682 1067 784 1104 inter
816 1079 911 1116 quos
940 1064 1135 1103 numerari
1167 1064 1278 1109 solet,
1311 1064 1597 1103 excludendum

158 1131 328 1170 videtur.

157 1193 235 1233 Est
253 1195 295 1232 in
314 1198 436 1232 metro
454 1193 520 1231 xii.

580 1316 609 1353 f.
650 1317 788 1354 Versus
805 1317 1036 1366 asynartetz'.

153 1399 302 1440 Versus
320 1402 532 1453 asynarteti
558 1402 823 1453 (ἀσυνάρτητοι)
836 1416 867 1440 s.
888 1402 1092 1440 inconnexi
1103 1401 1353 1440 nominantur
1365 1399 1432 1452 qui
1451 1399 1599 1438 duobus

47 1470 116 1503 aut
134 1464 311 1515 pluribus
329 1465 512 1503 membris
530 1472 720 1510 constant,
739 1479 826 1516 quae
843 1472 975 1503 tamen
998 1465 1101 1503 inter
1120 1478 1160 1503 se
1184 1478 1262 1502 non
1289 1465 1410 1514 magis
1428 1476 1599 1502 connexa

47 1533 140 1566 sunt
156 1540 271 1578 quam
291 1540 424 1566 versus
443 1541 530 1566 cum
556 1541 682 1567 versu.
740 1528 944 1580 Cujusque
962 1528 1084 1579 igitur
1105 1528 1267 1566 membri
1292 1527 1431 1565 ultima
1451 1526 1598 1578 syllaba

45 1588 180 1628 eodem
194 1589 297 1640 jure,
316 1602 360 1627 ac
379 1590 412 1627 si
430 1595 531 1628 esset
556 1590 698 1628 ultima
716 1604 863 1635 versus,
882 1597 922 1628 et
940 1590 1054 1640 longa
1072 1597 1112 1629 et
1131 1590 1258 1629 brevis
1284 1604 1366 1629 esse
1385 1596 1511 1642 potest
1530 1603 1599 1628 ne-

47 1664 126 1703 que
155 1651 325 1690 eliditur.
383 1651 468 1690 Hoc
495 1666 680 1691 versuum
705 1666 829 1703 genus
852 1653 1045 1691 invenisse
1066 1653 1321 1691 Archilochus
1347 1653 1502 1691 dicitur.
1558 1651 1599 1689 A

46 1713 183 1752 multis
212 1713 369 1752 Horatii
393 1713 608 1753 editoribus
631 1715 774 1766 singuli
803 1728 934 1754 versus
962 1716 1003 1753 in
1030 1715 1138 1754 binos
1165 1716 1394 1754 dividuntur
1418 1715 1517 1760 illos,
1543 1727 1591 1753 ex

45 1776 186 1828 quibus
211 1777 410 1828 compositi
436 1784 542 1816 sunt.
598 1777 655 1815 Et
677 1790 782 1824 sane,
802 1785 847 1815 ut
871 1778 1067 1816 Gesnerus
1086 1779 1275 1825 observat,
1291 1777 1593 1817 commodissima

45 1845 148 1877 esset
179 1837 326 1877 divisio.
384 1838 463 1876 Sed
494 1839 634 1878 acriter
666 1853 733 1890 pro
766 1853 896 1878 versus
932 1840 1158 1890 integritate
1190 1847 1340 1891 pugnat
1374 1839 1591 1885 Bentleius,

47 1901 331 1952 Hephaestionis
349 1900 588 1952 aliorumque
604 1902 954 1940 Grammaticorum
973 1903 1202 1941 auctoritate
1220 1903 1359 1942 fretus.
1399 1903 1461 1941 Cf.
1482 1916 1590 1940 num.

43 1963 286 2002 antecedens.
340 1963 410 2000 Ex
431 1964 596 2003 Horatio
615 1965 691 2003 huc
709 1964 909 2015 pertinent
927 1978 935 2003 :

44 2025 109 2064 20.
137 2025 287 2065 Versus
312 2025 560 2077 elegiambus,
590 2028 820 2078 compositus
849 2041 989 2079 nempe
1018 2041 1067 2066 ex
1094 2028 1253 2079 elegiaci
1275 2042 1405 2068 versus
1433 2028 1593 2067 dimidio

148 2102 181 2128 s.
213 2089 508 2140 penthemimeri
539 2089 727 2140 dactylica
759 2095 884 2139 (num.
918 2089 985 2138 14)
1017 2097 1057 2129 et
1092 2104 1205 2129 versu
1234 2090 1397 2130 iambico
1428 2091 1592 2130 dimetro

147 2151 356 2190 acatalecto
374 2153 501 2201 (num.
523 2151 581 2198 2).

161 2213 241 2228 -υν
312 2214 392 2228 -νυ

464 2219 482 2225 -
568 2214 698 2228 υ-υ-
770 2217 819 2230 υ·
848 2216 896 2229 U-

464 2271 483 2285 υ
568 2276 617 2283 -..
772 2278 821 2284 ..-

149 2327 316 2366 Desinet
332 2328 546 2378 imparibus
564 2334 714 2367 certare
736 2331 931 2369 submotus
944 2333 1085 2381 pudor.
1143 2331 1267 2383 Epod.
1288 2331 1351 2379 11,
1373 2331 1436 2370 18.

148 2391 293 2429 Libera
313 2391 476 2430 consilia
497 2405 566 2430 nec
585 2394 826 2432 contumelio:
846 2408 1005 2446 graves.
1064 2394 1187 2446 Epod.
1210 2394 1273 2442 11,
1293 2394 1357 2432 26.

149 2453 320 2491 Inachia
328 2455 474 2503 furere
493 2455 604 2492 silvis
626 2456 806 2494 honorem
829 2457 993 2495 decutit.
1051 2457 1179 2508 Epod.
1203 2458 1265 2503 11,
1286 2458 1324 2497 6.

147 2515 371 2555 Fervidiore
389 2530 490 2555 mero
508 2531 659 2556 arcana
672 2526 877 2568 promorat
898 2521 980 2559 loco
1000 2518 1110 2568 (cum
1129 2521 1273 2568 hiatu).

1241 2583 1366 2635 Epod.
1388 2584 1451 2632 11,
1475 2585 1536 2624 14.

148 2642 221 2681 Est
238 2643 281 2681 in
301 2650 426 2682 metro
443 2643 498 2681 xi.

38 2703 110 2743 21.
139 2704 288 2744 Versus
318 2705 555 2757 iambelegus
589 2707 825 2758 praecedenti
854 2708 1005 2754 similis,
1038 2709 1113 2747 nisi
1146 2709 1248 2760 quod
1276 2710 1427 2749 inverso
1458 2711 1591 2750 ordine

146 2769 363 2807 membrum
380 2768 589 2807 iambicum
609 2770 791 2820 praecedit
812 2778 852 2810 et
872 2772 1087 2823 elegiacum
1107 2773 1367 2824 subsequitur.

99 2830 150 2844 υ·
197 2830 247 2844 υ-
317 2830 366 2844 νι-
412 2831 461 2845 υ-
547 2833 624 2847 -uu
656 2832 662 2884 Ι
694 2834 775 2848 -uu
807 2831 813 2885 ί
846 2840 864 2845 -

103 2945 162 2982 Tu
183 2944 275 2983 vina
301 2945 499 2996 Torquato
518 2961 626 2986 move
649 2949 803 2987 consule
821 2962 960 2999 pressa
979 2963 1071 2989 meo.
1128 2950 1255 3002 Epod.
1281 2951 1342 2997 13,
1365 2952 1425 2990 16.

319 2892 366 2899 -·-
414 2888 434 2902 υ

2 2926 15 2947 K
