1884 3288
645 217 878 261 LIBER
907 217 969 267 II,
1001 218 1041 259 4.

1558 218 1615 260 83

358 325 432 367 De
452 330 597 379 gente,
619 322 704 364 sub
724 321 826 362 divo
845 320 1042 369 moreris,

413 390 603 433 Victima
621 387 682 430 nil
702 388 945 430 miserantis
968 387 1090 428 Orci.

212 459 270 502 25
299 459 464 501 Omnes
485 457 639 499 eodem
660 456 881 511 cogimur:
914 455 1104 496 omnium

297 526 515 570 Versatur
535 539 645 567 urna
666 524 804 566 serius
826 523 947 566 ocius

348 593 459 636 'Sors
478 593 665 643 exitura,
688 599 732 633 et
751 606 831 633 nos
852 591 897 632 in
916 597 1129 632 aeternum

410 660 627 703 Exsilium
646 659 903 715 impositura
923 658 1104 714 cymbae.

633 829 913 874 CARMEN
951 830 1034 874 IV.

375 946 399 963 O

456 974 529 1006 AD
570 973 875 1006 XANTHIAM
921 973 1213 1005 PHOCEUM.

352 1068 429 1111 NE
452 1069 508 1111 sit
527 1067 692 1111 ancillae
714 1068 794 1110 tibi
814 1083 935 1110 amor
955 1070 1130 1125 pudori,

353 1136 551 1179 Xanthia
570 1137 752 1178 Phoceu
769 1139 779 1179 Ξ

842 1137 972 1179 Prius
994 1137 1253 1180 insolentem

354 1204 490 1247 Serva
510 1204 678 1246 Briseis
698 1204 824 1247 niveo
846 1204 991 1247 colore

814 1271 959 1314 Movit
979 1271 1221 1315 Achillem:

290 1341 323 1382 5
352 1337 496 1382 Movit
514 1339 698 1396 Ajacem
717 1339 957 1382 Telamone
978 1348 1128 1382 natum

17 1489 24 1498 ·>
68 1473 200 1506 Victima
229 1471 408 1515 conjungit,
439 1477 477 1504 ut
503 1472 558 1508 sit,
593 1471 674 1504 vivis
705 1477 814 1504 tamen

59 1514 194 1549 vit-tima
207 1515 255 1554 nil
268 1514 447 1547 miserantis
462 1515 551 1547 Orci.

50 1571 51 1574 ¹
107 1559 252 1591 25-28.
270 1558 423 1601 Expende
432 1563 579 1590 ornatum
591 1557 729 1599 vulgaris
741 1567 813 1588 sen-

65 1601 188 1638 tentiae,
225 1600 424 1633 moriendum
451 1606 502 1632 est
533 1601 603 1632 sine
632 1601 815 1632 discrimine

31 1666 34 1667 ν
65 1644 215 1677 mnibus
235 1643 431 1676 hominibus.
484 1645 592 1674 Omnes
613 1645 714 1674 eodem
735 1645 816 1684 cogi-

63 1695 150 1724 mur,
170 1696 268 1720 aurea
290 1686 508 1735 nempe-virga
527 1686 684 1718 Mercurii
704 1686 816 1728 ψυχο-

66 1729 817 1815 “⁰0...”’f.2';'.;„513‚2.¹3¹;;.1;,¹3123313‡<3533ss

65 1817 103 1851 in
115 1828 199 1850 urna
208 1827 220 1855 ‚·
244 1816 352 1858 cogita
364 1816 405 1848 de
421 1826 502 1847 urna
522 1814 580 1846 illa
601 1814 702 1853 fatali,
719 1825 817 1858 quam

69 1859 239 1893 Noe-snitu
259 1858 444 1902 (Ἀνάγκη,
466 1857 600 1901 Μοῖρα)
624 1869 662 1890 eo
683 1857 817 1889 consilio

66 1902 102 1935 in
118 1903 205 1936 Orco
217 1912 344 1934 versare
367 1907 463 1944 atque
482 1907 653 1933 concutere
675 1901 816 1943 fingitur,

66 1950 114 1985 ut,
127 1945 351 1988 cujuscunque
363 1943 500 1976 hominis
510 1955 576 1976 sors
587 1944 662 1976 inde
673 1944 814 1980 exsiliat,

66 1988 99 2022 ei
113 1988 312 2020 moriendum
329 1987 390 2019 sit:
413 1987 478 2019 vid.
493 1988 637 2020 Gronov.
653 1987 693 2019 ad
713 1988 814 2019 Herc.

69 2032 149 2065 Fur.
165 2032 242 2064 191.
287 2030 341 2063 Sic
355 2030 414 2063 inf.
430 2029 476 2067 iii,
495 2031 524 2067 l,
544 2031 582 2061 14
598 2040 668 2072 sqq.
714 2031 816 2072 AEqna

10 2093 41 2110 (Δ
68 2076 135 2118 leg!
158 2074 325 2107 Necessitas
350 2073 489 2111 Sortitur
510 2075 646 2115 insignes
666 2080 696 2105 et
719 2075 791 2104 imos
804 2086 814 2111 ,-

10 2115 36 2135 ἴ
67 2118 168 2152 Onne
194 2128 291 2159 oopus:
317 2123 414 2148 movet
439 2128 524 2148 urna
548 2127 668 2148 nomen.
713 2117 817 2148 Serius

19 2171 21 2189 2
67 2163 165 2198 ocius,
181 2160 326 2192 similiter
341 2160 485 2202 Propert.
501 2158 535 2196 ii,
552 2161 606 2195 28,
623 2161 678 2194 58,
697 2160 819 2202 longius

34 2204 37 2206 ’
62 2208 125 2241 m
145 2205 284 2245 propius.
329 2202 482 2235 Exitum.-
511 2205 594 2234 exire
615 2202 817 2245 (ἐξορούειν,

64 2244 238 2290 &vopei-v)
257 2247 380 2291 proprie
399 2245 440 2277 de
460 2245 611 2281 sortibus,
633 2256 706 2288 quae
728 2245 816 2278 exci-

20 2285 161 2328 v'flfiffl,
190 2289 242 2322 vel
271 2288 436 2322 exsiliunt.
481 2289 668 2330 Impositum
691 2290 813 2330 cymbae,

27 2338 34 2346 ‘
44 2331 309 2370 *sse-emmiu,
319 2334 355 2364 in
367 2339 514 2364 eternum
527 2334 678 2367 exsilium,
693 2337 729 2362 ut
741 2341 815 2363 ave-

58 2368 184 2415 ’Μὴ
195 2376 288 2412 illuc,
301 2377 387 2406 unde
401 2375 542 2418 (Catuli.
561 2375 608 2412 iii,
626 2373 686 2415 12)
702 2381 817 2417 negant

57 2419 171 2458 &Mn
193 2428 392 2461 quemthm,·
415 2418 478 2454 vel,
500 2425 538 2450 ut
560 2418 653 2459 Virg.
671 2419 753 2450 AEn.
771 2418 815 2455 vi,

62 2475 76 2495 τι
86 2481 110 2503 .'.‘
120 2472 132 2490 s
144 2461 301 2506 loquitur,
315 2461 349 2495 in
362 2463 464 2503 ripam
479 2462 679 2493 irremeabilis
691 2463 795 2492 undet.

293 2546 500 2580 CARMEN
523 2547 591 2579 IV.

86 2614 93 2629 r
151 2605 166 2618 .·
189 2606 203 2618 ,
235 2589 367 2627 di=nem‚
385 2600 483 2632 quam
506 2589 695 2621 ancillarum
710 2600 818 2622 amore

92 2664 95 2668 ,
121 2653 122 2656 =
191 2650 193 2652 >
211 2649 217 2661 ι
244 2650 251 2661 -.
269 2632 331 2665 sibi
343 2632 430 2676 apud
445 2633 608 2664 Romanos
624 2633 820 2675 putabantur

94 2683 217 2710 {21⁸oe
234 2676 380 2719 ingenui,
394 2675 519 2709 elevare
540 2676 648 2707 studet
666 2676 819 2708 Horatius

201 2719 354 2753 carmine.
397 2719 539 2750 Tantum
561 2718 646 2750 enim
666 2719 768 2754 abest,
779 2724 821 2751 -ut

210 2786 220 2802 ,
230 2773 295 2806 qno
303 2761 479 2794 Xanthiam
491 2761 654 2794 Phoceum
667 2761 818 2794 ancillam

7 2837 9 2843 ,
84 2805 152 2849 ζ”Μ
177 2805 361 2849 Phyllidem
382 2804 496 2837 sectari
515 2804 725 2841 inaudiverat,
751 2810 817 2836 tur-

110 2871 136 2887 J„
162 2852 199 2883 et
213 2848 400 2892 pudendum
423 2848 552 2884 habeat,
573 2852 610 2879 ut
627 2848 733 2890 potius
748 2848 818 2880 lau·

71 2908 72 2911 ¹
98 2892 101 2895 '
124 2891 154 2929 ’,
185 2900 383 2924 summorum
412 2891 561 2927 virorum,
593 2890 650 2933 qui
685 2890 820 2923 ancillas

144 2952 150 2968 :v
173 2948 185 2959 -=
198 2933 258 2973 'nt‚
271 2932 428 2977 exemplis
449 2933 598 2967 Xanthiae
618 2944 755 2966 amorem
772 2934 822 2966 vel

131 2976 158 3013 ῄῖ
180 3000 182 3002 -
200 3000 205 3003 -
226 2977 356 3020 probem
374 2978 535 3021 precipue
550 2988 623 3009 cum
641 2977 823 3025 Phyllidem

98 3036 109 3061 y
135 3016 175 3058 ,ἱ
198 3018 272 3052 loeo
301 3025 407 3052 natam
434 3031 518 3058 esse,
541 3025 607 3052 tam
630 3020 731 3052 ex.1is
753 3030 825 3062 quae

857 1470 924 1513 ipse
946 1472 1142 1515 profiteatur,
1162 1483 1260 1515 quam
1279 1484 1320 1505 ex
1337 1473 1408 1515 ejus
1430 1473 1559 1515 ingenio
1577 1480 1611 1506 et

856 1514 1010 1553 moribus,
1025 1516 1188 1548 liberalem
1204 1516 1429 1548 educationem
1449 1517 1609 1559 prodenti-

857 1557 930 1594 bus,
945 1559 1021 1590 satis
1036 1559 1144 1600 colligi
1158 1560 1269 1601 possit.
1314 1560 1466 1602 Denique
1478 1570 1518 1592 ne
1530 1561 1610 1592 forte

858 1600 942 1638 laus,
965 1612 1060 1643 quam
1084 1602 1230 1644 Phyllidi
1248 1603 1370 1639 tribuit,
1393 1602 1609 1646 suspicionem

861 1642 1003 1686 aliquam
1023 1645 1107 1687 apud
1131 1645 1306 1676 Xanthiam
1328 1651 1466 1681 moveat,
1486 1656 1520 1676 se
1539 1646 1608 1687 jam

861 1686 895 1717 in
917 1696 956 1718 ea
976 1693 1071 1719 aetatn
1085 1687 1295 1719 constitutum
1315 1699 1384 1720 esse
1405 1688 1461 1724 ait,
1480 1688 1537 1719 ubi
1554 1689 1609 1730 ju-

862 1729 977 1760 venilis
986 1730 1042 1761 ille
1051 1731 1083 1761 in
1094 1741 1201 1762 amore
1211 1737 1308 1762 aestus
1320 1730 1522 1762 deferbuerit.
1560 1732 1610 1762 Si-

861 1771 978 1803 militer
988 1772 1050 1804 fere
1062 1773 1333 1804 ancillariolorum
1343 1783 1474 1805 causam
1486 1779 1611 1817 perorat

863 1814 999 1846 Ovidius
1012 1815 1088 1847 Am.
1104 1816 1137 1847 ii.
1152 1818 1183 1854 8,
1198 1817 1219 1847 9
1234 1826 1304 1858 sqq.

908 1860 1002 1890 1—4.
1029 1860 1171 1895 Ancillae,
1198 1869 1308 1895 servae,
1337 1859 1425 1890 haud
1454 1858 1552 1892 dubie
1575 1859 1608 1892 iu

860 1901 946 1932 bello
967 1908 1083 1944 captae,
1106 1907 1142 1933 ut
1163 1902 1319 1944 suspicari
1339 1902 1416 1933 licet
1437 1911 1476 1933 ex
1500 1914 1530 1933 v.
1555 1905 1609 1936 15.

861 1945 1004 1975 Xanthia
1022 1946 1141 1976 Phoceu
1156 1957 1164 1975 .·
1189 1945 1348 1976 hominem
1368 1945 1518 1976 Graecum
1536 1945 1610 1988 ejus

858 1997 974 2019 nomen
989 1987 1106 2030 prodit.
1147 1988 1240 2019 Prius
1254 1989 1441 2022 insolentem.
1453 1993 1529 2019 cett.
1538 1989 1608 2031 jam

857 2029 935 2061 olim
958 2036 991 2062 et
1014 2030 1193 2073 antiquitus
1215 2031 1350 2062 ferocem
1375 2030 1514 2062 Achillis
1538 2032 1608 2063 ani-

857 2083 947 2104 mum
963 2073 1048 2116 cepit
1067 2079 1100 2105 et
1117 2073 1192 2105 vicit
1209 2084 1306 2105 servae
1323 2073 1478 2105 Briseidis
1491 2084 1608 2106 venus-

859 2121 926 2147 tas:
951 2116 1007 2148 alii
1022 2118 1062 2149 τὸ
1083 2118 1171 2156 prius
1191 2116 1232 2148 ad
1255 2118 1430 2149 insolentem
1448 2117 1609 2150 trahentes

861 2159 1036 2202 explicant,
1059 2159 1215 2192 invictum
1237 2165 1269 2191 et
1290 2160 1480 2191 indomitum
1504 2161 1609 2193 adhuc

861 2212 984 2241 amore;
1014 2203 1071 2235 sed
1103 2203 1148 2235 sic
1178 2203 1288 2234 nullus
1314 2203 1413 2245 hujus
1443 2204 1610 2236 sententiae

860 2255 934 2276 cum
949 2245 1147 2288 praecedente
1161 2251 1208 2277 est
1225 2256 1340 2277 nexus,
1386 2246 1539 2278 Horatius
1553 2257 1609 2278 vo·

861 2288 922 2319 luit
938 2288 1062 2321 dicere:
1089 2299 1151 2320 non
1167 2294 1227 2325 est,
1240 2289 1327 2331 quod
1344 2288 1472 2320 ancillae
1494 2290 1610 2321 amoris

861 2336 892 2363 te
906 2332 1045 2374 pudeat3
1069 2331 1155 2363 haud
1170 2343 1264 2363 novus
1276 2334 1358 2364 euim
1373 2333 1426 2363 ille
1441 2338 1496 2368 est,
1511 2332 1609 2364 immo

859 2376 1064 2416 antiquissimi
1095 2375 1204 2407 heroes
1229 2375 1299 2417 jam
1330 2375 1359 2407 ei
1395 2374 1610 2408 indulserunt.

866 2418 998 2449 Insolens
1010 2418 1093 2450 bene
1107 2417 1255 2459 designat
1268 2417 1422 2449 immitem
1439 2428 1497 2450 nec
1517 2419 1611 2452 facile

860 2460 1111 2503 pervincendum
1129 2461 1268 2493 Achillis
1283 2461 1438 2493 animum.
1485 2462 1611 2498 Briseis,

860 2514 934 2546 quae
965 2510 1061 2547 capta
1089 2504 1122 2536 in
1153 2504 1267 2548 praedae
1292 2504 1457 2537 sortitione
1487 2505 1612 2537 Achilli

860 2546 1060 2590 contigerat3
1092 2557 1142 2579 res
1170 2547 1356 2579 notissima:
1387 2548 1453 2579 vid.
1481 2549 1613 2580 Homer.

861 2590 956 2622 Iliad.
972 2590 1005 2627 ii,
1024 2591 1100 2622 690.
1148 2591 1243 2622 Niven
1257 2592 1365 2626 colore,
1382 2591 1531 2634 pulchra,
1548 2592 1611 2623 for-

854 2643 972 2671 vmosa;
997 2636 1100 2670 movit,
1117 2633 1162 2665 ita
1176 2633 1295 2670 affecit,
1309 2639 1346 2665 ut
1359 2634 1455 2665 amori
1469 2635 1613 2667 resistere

864 2686 927 2708 non
947 2682 1067 2719 posset.
1111 2677 1239 2708 Terent.
1262 2677 1414 2708 Eunuch.
1434 2677 1481 2712 iii,
1505 2680 1538 2713 5,
1561 2679 1613 2714 19,

862 2721 898 2750 in
918 2721 973 2758 hap
991 2726 1152 2751 commotus
1166 2730 1232 2751 sum
1248 2729 1316 2763 pro,
1332 2719 1404 2762 ejus
1418 2719 1519 2752 forma
1534 2731 1612 2764 cap-

861 2768 914 2794 tus
927 2773 1011 2794 sum.

905 2807 1026 2837 5—12.
1050 2806 1216 2843 Tecmessoe,
1229 2805 1430 2838 Teleutantis
1444 2805 1510 2838 sive
1526 2806 1612 2838 Teu-

862 2848 1010 2886 thrantis,
1034 2849 1117 2890 regis
1137 2848 1281 2891 Phrygii,
1300 2849 1387 2885 filiae,
1404 2849 1444 2880 ab
1462 2849 1566 2890 Ajace
1582 2849 1615 2880 in

862 2891 1062 2934 expeditione
1076 2892 1215 2934 quadam
1233 2898 1347 2934 captae.
1380 2893 1483 2923 Arsit.-
1507 2895 1615 2923 ardere

866 2936 972 2976 aliqua
985 2946 1052 2977 pro,
1069 2934 1177 2967 ardere
1190 2935 1232 2966 ob
1246 2935 1386 2976 aliquam
1401 2934 1531 2976 saepius:
1555 2934 1614 2966 inf.

868 2977 914 3014 iii,
930 2978 965 3014 9,
982 2979 1026 3015 ὃς
1049 2978 1092 3016 iv,
1110 2979 1163 3013 ll,
1180 2979 1245 3016 33;
1268 2984 1301 3010 et
1321 2977 1367 3008 sic
1388 2988 1458 3019 sup.
1471 2976 1492 3011 i,
1511 2979 1542 3013 4,
1562 2978 1613 3012 19,

869 3022 968 3052 catere
984 3022 1096 3061 aliquo.
1135 3020 1518 3061 Atrides,Agamemnon.
1547 3020 1615 3049 Me-

804 3065 873 3095 -o2
