1884 3288
323 203 379 245 '74

316 1223 370 1264 qui
394 1233 461 1253 vero
486 1222 664 1264 opponitur,
684 1222 836 1264 expressit
860 1223 975 1253 Noster
998 1231 1051 1263 per

315 1272 438 1295 mentem
469 1266 650 1306 lymphatam
678 1266 852 1295 Mareotico.
898 1264 1049 1304 Lympha-

881 206 1277 251 CARMINUM

602 303 758 346 Molles
779 305 1010 356 columbas,
1031 314 1104 348 aut
1125 307 1313 362 leporem
1335 309 1443 350 citus

656 371 851 412 Venator
870 372 914 412 in
934 374 1092 427 campis
1113 375 1260 415 nivalis

515 437 572 476 520
713 436 948 479 Haemoniae
966 455 975 479 t
990 431 993 435 ’
1008 440 1131 480 daret
1151 447 1199 480 ut
1219 442 1380 482 catenis

599 502 747 543 Fatale
766 511 1024 554 monstrum,
1056 519 1152 558 quae
1173 507 1421 559 generosius

601 568 749 611 Perire
770 583 982 623 quaerens,
1003 585 1081 612 nec
1101 571 1365 613 muliebriter

659 636 847 690 Expavit
867 651 1025 686 ensem,
1047 652 1126 678 nec
1146 637 1328 679 latentes

712 701 859 743 Classe
880 703 963 743 cita
982 704 1196 757 reparavit
1216 719 1337 754 oras;

514 770 569 809 25
599 766 720 808 Ausa
739 776 782 808 et
795 769 1009 822 jacentem
1029 770 1166 810 visere
1188 771 1348 824 regiam

601 833 739 875 Vultu
760 849 925 884 sereno,
947 835 1067 876 fortis
1088 843 1131 877 et
1153 851 1326 890 asperas

655 900 864 942 Tractare
886 909 1122 955 serpentes,
1144 910 1192 943 ut
1212 910 1349 944 atrum

713 967 905 1021 Corpore
926 968 1188 1010 combiberet
1210 984 1439 1018 venenum;

599 1033 851 1074 Deliberata
871 1041 1006 1075 morte
1028 1034 1211 1076 ferocior
1230 1052 1239 1077 ε

516 1102 571 1141 30
601 1101 733 1140 Saevis
757 1099 960 1141 Liburnis
982 1100 1142 1142 scilicet
1163 1102 1356 1143 invidens

1095 1221 1264 1253 Catilinam
1286 1223 1326 1254 ob
1341 1222 1408 1253 dira
1427 1222 1497 1265 ejus
1518 1222 1648 1254 consilia
1663 1229 1828 1255 monstrum

1093 1270 1125 1294 et
1139 1267 1312 1306 prodigium
1329 1271 1421 1296 vocat
1435 1265 1468 1296 in
1485 1266 1555 1297 Cat.
1570 1265 1604 1301 ii,
1625 1267 1650 1297 l.
1691 1267 1827 1298 Dedecus

311 1313 358 1337 tas
375 1306 652 1349 (νυμφόληπτος)
673 1307 794 1348 proprie
809 1306 984 1343 dicebatur,
996 1305 1050 1346 qui

310 1349 491 1390 Nympham
513 1348 690 1391 aquaticam
715 1349 917 1390 conspicatus
933 1358 1048 1388 aquam

308 1390 430 1422 timeret
455 1393 541 1430 (nos,
565 1392 800 1428 wasserscheu);
824 1390 906 1421 unde
934 1389 1047 1421 deinde

308 1433 347 1463 de
370 1443 418 1468 eo,
438 1432 492 1473 qui
515 1433 563 1463 vel
585 1432 689 1463 subito
712 1439 823 1463 terrore
846 1432 975 1468 offusus,
998 1432 1046 1463 vel

308 1480 413 1505 mente
426 1475 589 1509 alienatus,
601 1475 648 1506 vel
660 1475 762 1505 furore
774 1480 934 1515 correptus
946 1479 1044 1505 esset:

311 1516 373 1547 vid.
406 1517 522 1557 Cuper.
552 1517 685 1547 Observ.
713 1516 765 1552 iii,
786 1519 836 1547 12.
879 1517 950 1547 Jam
979 1527 1048 1547 vero

308 1569 378 1589 cum
394 1559 562 1600 Cleopatra
573 1560 622 1589 vix
637 1569 742 1601 pugna
756 1558 858 1589 navali
870 1558 910 1588 ad
919 1557 1046 1588 Actium

309 1601 475 1631 commissa
487 1602 529 1631 ita
541 1601 677 1631 alienata
688 1606 769 1631 esset
782 1601 898 1635 animo,
911 1605 946 1631 ut
959 1600 1049 1630 nulla

309 1642 413 1674 adhuc
441 1650 569 1683 urgente
598 1642 781 1673 necessitate
809 1642 912 1672 statim
943 1642 1047 1682 sugam

309 1691 502 1726 capesseret3
529 1685 582 1715 ille
597 1690 692 1715 terror
708 1695 805 1714 vanus
823 1685 904 1715 salse
925 1683 964 1714 ad
979 1684 1049 1724 ejus

305 1726 401 1757 vitam
424 1726 615 1757 luxuriosam
640 1726 731 1756 simul
760 1727 928 1757 notandam
954 1730 1047 1757 ‘tuenti

309 1769 467 1809 lympham
497 1769 671 1803 Mareotico,
695 1769 728 1798 h.
750 1779 780 1799 e.
807 1769 912 1799 offusae
936 1774 966 1798 et
991 1779 1045 1799 ex-

308 1816 453 1841 sternatae
464 1810 535 1841 vino
547 1810 804 1845 Mareotico,sive
815 1810 883 1851 ejus
895 1810 1046 1848 ebrietati,

309 1852 475 1883 tribuitur:
501 1853 541 1883 cf.
558 1853 663 1883 Bentl.
710 1853 922 1887 Mareoticum,
938 1853 1045 1883 vinum

309 1894 550 1930 nobilissimum,
586 1894 626 1925 ad
659 1894 866 1925 Mareotidem
900 1894 1044 1936 paludem

309 1947 402 1978 super
432 1936 625 1967 Alexandria
651 1942 778 1967 natum:
807 1937 849 1967 cf.
873 1937 976 1977 Heyn.
1006 1937 1044 1967 ad

312 1978 402 2019 Virg.
418 1979 498 2009 Geo.
522 1978 556 2013 ii,
571 1980 626 2009 91.
673 1981 717 2009 Ab
733 1978 840 2013 Italia,
859 1989 922 2019 quo
944 1984 1043 2009 teten-

310 2020 399 2052 derat
417 2021 603 2061 Cleopatra3
626 2023 714 2051 remis
729 2023 892 2061 adurgens,
909 2020 1041 2061 primum

311 2073 424 2104 nempe
448 2063 556 2094 Caesar
580 2062 736 2093 Liburnas
761 2073 854 2093 naves
877 2062 1044 2102 fugientem

311 2105 510 2146 Cleopatram
540 2115 676 2146 premere
702 2104 810 2146 jussit,
835 2104 947 2135 deinde
976 2111 1046 2145 post

310 2147 436 2187 aliquod
453 2146 599 2188 temporis
622 2147 818 2177 intervallum
836 2146 901 2188 ipse
921 2156 989 2176 eam
1007 2147 1045 2177 ad

309 2188 535 2220 Alexandriam
558 2199 659 2230 usque
683 2195 863 2230 persecutus
884 2194 941 2218 est.
985 2188 1044 2219 Ac-

309 2232 418 2270 cipiter
444 2233 537 2268 velut,
565 2241 610 2262 sc.
641 2241 778 2272 premere
807 2231 906 2267 solet;
931 2231 1042 2266 molles,

309 2273 455 2309 timidas;
479 2273 593 2314 primas
610 2273 709 2303 lineas
724 2273 818 2314 hujus
838 2272 1042 2312 comparatio-

310 2315 359 2345 nis
379 2315 468 2346 duxit
489 2316 654 2350 Homerus,
673 2314 766 2345 Iliad.
790 2314 863 2350 xxii,
884 2316 954 2350 139,
972 2318 1042 2353 Πη·

307 2357 420 2396 λείόης
430 2356 456 2388 δ’
467 2356 765 2399 ἐπόρουσε-Ἠΰτε
778 2357 888 2398 κίρκος
897 2357 1042 2398 ὄρεσφιν,

307 2399 536 2442 ἐλαφρότατος
556 2402 739 2438 πετεηνῶν,
760 2399 910 2437 Ῥηϊδίως
930 2400 1043 2441 οἴμησε

309 2443 392 2483 μετὰ
404 2441 559 2483 τρήρωνα
578 2441 725 2473 πέλειαν
744 2442 786 2472 cf.
802 2442 893 2482 Virg.
907 2442 985 2472 AEn.
1002 2441 1044 2479 xi,

310 2485 384 2519 721,
399 2484 453 2515 ubi
469 2484 558 2526 plura
574 2490 636 2514 tam
651 2485 832 2515 Graecorum
845 2493 938 2525 quam
956 2483 1043 2514 Lati-

309 2537 418 2557 norum
446 2531 604 2567 poetarum
635 2527 667 2556 in
698 2526 777 2557 hanc
808 2536 872 2557 rem
902 2526 1044 2567 exempla

307 2568 460 2599 conduxit
475 2569 588 2599 Cerda.
626 2568 745 2598 Nivalis
761 2568 931 2603 Hoemoniae,
946 2568 1044 2599 Thes·

306 2610 406 2646 saliae,
420 2611 459 2641 ab
476 2610 606 2651 antiquo
622 2620 693 2651 rege
711 2611 860 2645 mamone,
872 2620 943 2650 quae
959 2620 1044 2641 nunc

307 2662 325 2683 a
342 2657 489 2694 tempore,
530 2663 569 2683 uo
590 2653 709 2693 lepores
733 2652 763 2682 in
783 2652 903 2693 campis
918 2658 1046 2683 venator

308 2694 455 2735 indagare
478 2663 568 2730 solet,
591 2696 702 2725 nivalis
724 2694 848 2724 dicitur.
893 2694 990 2725 Daret
1010 2702 1044 2725 ut

307 2739 431 2771 catenis,
458 2747 495 2767 eo
522 2737 644 2767 scilicet
669 2736 812 2770 consilio,
836 2741 871 2766 ut
896 2747 934 2767 ex
961 2746 1044 2767 more

309 2778 443 2810 solemni
454 2785 592 2810 catenata
606 2785 677 2809 ante
688 2789 814 2810 currum
826 2778 1044 2819 triumphalem

308 2822 483 2852 duceretur.
526 2821 634 2851 Fatale
650 2828 826 2856 monstrum,
842 2820 1000 2851 horrendae
1015 2827 1046 2851 et

307 2863 456 2894 inauditoe
479 2862 658 2904 cupiditatis
682 2862 852 2897 mulierem,
875 2862 937 2892 fato
962 2873 1041 2903 quo-

309 2904 382 2936 dam
397 2916 416 2936 a
431 2904 491 2935 diis
507 2905 593 2936 iratis
610 2906 753 2936 Romano
776 2904 905 2946 imperio
922 2903 1040 2934 immis-

308 2958 386 2984 sam,
424 2957 518 2989 quam
556 2947 706 2989 graviter!
755 2946 902 2978 Similiter
929 2946 1041 2978 Cicero

1093 1306 1234 1347 AEgypti‚
1254 1307 1338 1338 Latii
1342 1308 1459 1348 j'eralis
1475 1308 1611 1348 Erynnis
1631 1307 1719 1339 audit.
1733 1308 1827 1341 Cleo-

1093 1354 1181 1388 patra
1211 1350 1294 1390 apud
1323 1350 1444 1380 Lucan.
1477 1359 1508 1384 x,
1537 1351 1591 1381 59.
1635 1349 1827 1386 Generosius,

1092 1390 1243 1421 nobiliore
1255 1397 1286 1422 et
1298 1391 1470 1422 honestiore
1480 1391 1587 1422 mortis
1599 1402 1722 1432 genere,
1731 1401 1825 1434 quam

1091 1432 1173 1472 quod
1187 1443 1221 1463 se
1236 1433 1389 1474 captivam
1402 1439 1539 1464 maneat.
1570 1433 1700 1473 Expavit
1710 1444 1824 1464 ensem:

1091 1481 1247 1516 arreptum
1262 1475 1344 1505 enim
1357 1475 1466 1511 telum,
1478 1486 1540 1516 quo
1552 1475 1613 1506 vim
1629 1475 1689 1506 sibi
1703 1475 1828 1507 illatura

1091 1522 1155 1546 erat
1182 1517 1361 1558 Cleopatra,
1384 1527 1456 1548 cum
1482 1516 1668 1548 Proculeius
1692 1527 1762 1548 eam
1787 1518 1827 1549 ad

1092 1558 1246 1589 Caesarem
1261 1559 1428 1590 abductum
1442 1559 1588 1595 venisset,
1601 1558 1652 1590 vix
1663 1559 1694 1590 vi
1707 1569 1746 1591 ex
1757 1559 1828 1602 ejus

1091 1601 1236 1631 manibus
1256 1601 1430 1642 extorqueri
1449 1601 1560 1644 potuit,
1579 1606 1612 1632 ut
1629 1607 1732 1633 narrat
1750 1602 1826 1633 Plu-

1092 1642 1192 1672 tareh.
1209 1642 1241 1673 in
1256 1642 1325 1674 Vit.
1339 1645 1456 1674 Anton.
1472 1654 1503 1686 p.
1517 1645 1592 1675 952.
1626 1643 1687 1675 Nec
1703 1645 1828 1676 latentes

1093 1684 1192 1714 Classe
1217 1687 1276 1715 cita
1303 1687 1457 1725 reparavit
1481 1696 1558 1722 orus,
1582 1685 1614 1716 h.
1640 1695 1669 1717 e.
1693 1696 1765 1722 nec,
1790 1692 1827 1717 ut

1090 1732 1217 1757 mortem
1237 1727 1399 1767 effugeret,
1415 1727 1597 1764 occultiora,
1613 1727 1730 1768 quibus
1748 1728 1826 1760 late-

1089 1773 1145 1805 ret,
1161 1768 1229 1799 loca
1253 1769 1316 1799 cita
1339 1769 1439 1800 classe
1457 1779 1578 1811 parare,
1594 1770 1625 1800 h.
1647 1779 1677 1801 e.
1700 1770 1827 1811 assequi

1089 1811 1219 1842 studuit.
1260 1811 1414 1850 Reparare
1430 1821 1483 1852 pro
1499 1811 1640 1853 simplice
1653 1823 1774 1852 parare,
1790 1818 1827 1844 ut

1089 1862 1160 1894 sup.
1183 1853 1205 1890 i,
1220 1855 1272 1890 31,
1291 1854 1341 1888 12,
1362 1853 1439 1883 Vina
1456 1859 1598 1894 reparata
1618 1864 1686 1895 pro,
1699 1860 1822 1894 puratu-

1089 1894 1129 1924 In
1155 1905 1218 1935 quo
1241 1895 1366 1936 quidem
1390 1894 1476 1926 verbi
1501 1906 1642 1935 reparare
1666 1906 1726 1927 usu
1751 1907 1823 1928 cum

1087 1943 1191 1967 essent
1204 1938 1258 1977 qui
1276 1948 1336 1968 non
1353 1938 1552 1978 acquiescere
1567 1943 1704 1979 possent,
1719 1948 1825 1970 emen-

1088 1978 1192 2009 dando
1205 1979 1371 2010 locutionis
1382 1979 1581 2010 insolentiam
1593 1979 1703 2011 tollere
1716 1980 1825 2012 studu-

1087 2026 1188 2051 erunt.
1233 2021 1395 2052 Bentleius
1410 2022 1534 2063 quidem
1550 2021 1708 2062 ingeniose
1723 2027 1826 2054 tenta-

1088 2062 1143 2092 bat
1154 2065 1322 2102 penetravit
1342 2074 1419 2099 oras,
1437 2069 1472 2094 ut
1487 2063 1626 2104 Illyricos
1641 2066 1724 2095 sinus
1736 2075 1825 2104 pene-

1090 2111 1170 2134 trare
1180 2115 1246 2146 pro,
1257 2105 1286 2135 in
1298 2105 1359 2136 siu.
1372 2105 1460 2146 Illyr.
1470 2111 1630 2147 penetrare
1641 2106 1724 2148 apud
1735 2106 1826 2147 Virg.

1090 2147 1168 2176 AEn.
1194 2147 1214 2184 i,
1236 2148 1310 2178 243.
1355 2148 1513 2178 Lambert.
1535 2148 1600 2179 Bos
1622 2147 1656 2178 in
1675 2148 1826 2181 Animad.

1089 2199 1121 2229 p.
1140 2189 1193 2223 36,
1208 2189 1256 2219 Ire
1269 2191 1392 2229 paravit
1406 2200 1485 2224 oras,
1501 2195 1536 2220 ut
1549 2191 1594 2221 ire
1608 2190 1697 2232 Afros
1712 2201 1778 2232 pro,
1791 2191 1826 2222 in

1089 2230 1195 2266 Afros,
1213 2231 1296 2272 apud
1312 2231 1402 2272 Virg.
1419 2231 1489 2262 Ecl.
1505 2231 1528 2267 i,
1545 2233 1598 2263 65.
1635 2233 1753 2264 Nostra
1768 2233 1823 2264 de-

1086 2273 1180 2313 nique
1203 2279 1293 2304 aetate
1312 2273 1389 2304 satis
1411 2273 1557 2306 audacter
1574 2273 1758 2306 Wakefield.
1774 2286 1825 2306 re-

1083 2317 1205 2353 pedavit
1220 2326 1298 2346 oras.

1127 2358 1266 2388 25—32.
1289 2358 1453 2394 Jacentem‚
1477 2357 1607 2399 periculi
1635 2357 1826 2390 imminentis

1087 2405 1171 2430 metu
1186 2399 1353 2440 dejectam,
1366 2399 1513 2431 afflictam
1526 2412 1534 2439 ;
1557 2399 1602 2431 sie
1606 2403 1758 2441 jacentem
1770 2401 1824 2450 (b.

1087 2451 1115 2472 e.
1139 2441 1300 2477 afflictum,
1322 2442 1488 2482 miserum)
1508 2443 1599 2473 solari
1623 2443 1706 2484 apud
1730 2443 1826 2476 Ovad.

1087 2483 1181 2514 Trist.
1198 2484 1219 2518 i,
1237 2486 1267 2519 8.
1288 2485 1336 2520 13,
1351 2490 1384 2515 et
1399 2485 1492 2515 Pont.
1508 2484 1554 2520 iii,
1571 2485 1604 2521 3,
1619 2485 1672 2520 77,
1687 2490 1720 2516 et
1739 2495 1824 2528 saepe

1088 2525 1173 2557 alibi.
1198 2526 1353 2562 Tractare,
1366 2536 1411 2557 sc.
1423 2526 1580 2562 manibus,
1593 2534 1628 2557 ut
1643 2526 1681 2558 ad
1698 2537 1824 2558 morsus

1087 2567 1268 2599 lacesseret:
1293 2579 1410 2608 asperas
1433 2568 1509 2599 refer
1531 2568 1570 2599 ad
1594 2578 1736 2611 asperam
1759 2579 1822 2600 ser-

1087 2616 1212 2651 pentum
1236 2610 1311 2640 iram
1331 2616 1362 2642 et
1383 2610 1555 2648 saevitiam;
1577 2610 1623 2642 sic
1645 2611 1704 2642 inf.
1729 2611 1774 2648 iii,
1788 2613 1822 2648 2.

1091 2653 1140 2688 10,
1157 2652 1253 2684 hostis
1272 2652 1428 2683 timendus
1449 2658 1481 2683 et
1501 2662 1603 2683 saevus
1628 2663 1699 2684 cum
1719 2664 1822 2694 aspero

1088 2700 1171 2724 tactu
1189 2696 1269 2725 leone
1290 2701 1495 2736 comparatur.
1537 2694 1703 2736 Serpentes
1717 2701 1822 2728 autem

1088 2736 1152 2768 sive
1169 2736 1292 2778 aspides
1308 2737 1380 2767 illas
1394 2736 1498 2767 fixisse
1512 2735 1621 2767 dentes
1639 2747 1712 2769 suos
1726 2748 1820 2770 vene·

1087 2784 1176 2809 natos
1191 2778 1224 2809 in
1241 2779 1414 2820 Cleopatrae
1429 2778 1566 2815 brachio,
1581 2788 1620 2810 ex
1637 2779 1822 2811 adumbrata.

1087 2830 1159 2851 cum
1197 2820 1359 2863 aspidibus
1394 2820 1464 2862 ejus
1496 2819 1625 2851 brachio
1659 2821 1822 2864 implicitis

1086 2862 1233 2903 imagine,
1260 2873 1354 2903 quam
1385 2862 1539 2904 Augusto,
1566 2863 1600 2893 in
1629 2862 1819 2906 triumphum

1086 2904 1223 2939 invecto,
1234 2909 1448 2946 praeportatam
1459 2915 1527 2936 esse
1540 2903 1678 2940 tradunt,
1688 2905 1822 2946 intelligi

1085 2952 1205 2988 potest:
1222 2947 1288 2978 vid.
1301 2948 1442 2988 Propert.
1454 2945 1498 2983 iii,
1509 2947 1540 2985 9,
1549 2948 1642 2985 53,et
1653 2946 1696 2978 ibi
1708 2949 1823 2980 Burm.·-
