1884 3288
61 2314 65 2318 '
116 2316 320 2350 suspensum,
331 2307 444 2339 avibus
459 2318 497 2338 su

686 160 1061 226 CARMENe

1564 189 1649 231 249

398 290 492 333 Aut
511 287 639 332 amite
658 286 744 329 levi
763 300 863 328 rara
883 286 1026 328 tendit
1045 288 1171 338 retia,

598 354 765 396 Turdis
786 353 995 396 edacibus
1018 354 1166 406 dolos;

310 426 368 467 35
399 423 700 477 Pavidumque
719 421 929 477 leporem,
951 428 996 463 et
1017 422 1243 474 advenam,
1265 422 1438 479 laqueo,
1462 440 1629 480 gruem,

598 490 821 540 Jucunda,
843 496 1006 545 captat,
1027 491 1221 546 praemia.

398 559 511 607 Quis
533 573 621 601 non
640 557 864 607 malarum,
887 572 998 613 quas
1019 573 1139 600 amor
1160 574 1288 602 curas
1309 559 1459 610 habet,

597 627 710 668 Haec
731 627 845 668 inter
867 625 1172 669 obliviscitur?

399 695 575 748 Quodsi
594 694 756 750 pudica
775 693 930 735 mulier
950 694 995 735 in
1014 702 1182 749 partem
1198 695 1324 750 juvet

311 764 368 805 40

599 763 793 804 Domum
812 768 946 817 atque
968 761 1120 804 dulces
1141 762 1320 814 liberos,

398 831 562 873 Sabina
583 830 739 886 qualiS,
762 837 838 872 aut
858 836 1040 884 perusta
1063 829 1229 873 solibus

607 897 800 939 Pernicis
822 890 936 939 uxor
956 896 1140 953 Appuli,

400 965 582 1008 Sacrum
602 972 647 1007 et
666 965 852 1007 vetustis
873 972 1074 1007 exstruat
1094 965 1223 1021 lignis
1246 966 1403 1019 focum,

600 1032 730 1075 Lassi
753 1034 835 1075 sub
857 1033 1093 1075 adventum
1113 1035 1219 1085 viri3

311 1103 368 1144 45
399 1100 709 1156 claudensque
731 1102 864 1143 textis
886 1102 1080 1144 cratibus
1101 1101 1249 1145 laetum
1269 1118 1422 1159 pecus,

603 1169 813 1212 Distenta
833 1170 967 1212 siccet
987 1171 1123 1212 ubera
1141 1188 1152 1222 ;

110 1281 225 1325 potest,
258 1275 468 1308 referendum.
512 1277 679 1318 Fontesque
714 1277 857 1317 lumphis,

109 1325 187 1352 cett.
208 1319 335 1350 inversa
356 1319 548 1351 constructio
571 1329 642 1361 pro,
665 1324 696 1350 et
719 1319 859 1361 lymphae

109 1367 275 1394 manantes
296 1361 430 1393 fontium
453 1362 650 1403 obstrepunt.
694 1362 714 1392 J
717 1371 768 1392 am
787 1371 860 1392 vero

109 1407 184 1436 cum
198 1404 329 1447 lympha
351 1415 391 1437 ex
415 1404 500 1436 fonte
524 1404 632 1446 aliquo
653 1403 807 1435 desiliens
829 1408 862 1435 et

110 1455 255 1488 crepante
282 1449 357 1488 pede
380 1448 435 1490 (ut
458 1447 600 1496 loquitur
627 1446 779 1478 Horatius
801 1446 860 1477 inf.

114 1490 219 1533 Epod.
242 1491 296 1529 16,
320 1490 381 1531 48)
407 1490 590 1533 praeteriens
614 1489 796 1521 mollissime
818 1489 860 1520 ad

110 1539 257 1566 somnum
289 1533 411 1570 invitet,
443 1539 534 1564 vetus
563 1533 656 1565 lectio
694 1533 862 1574 Famesque

110 1575 243 1608 lectioni
254 1586 274 1608 a
286 1576 479 1608 Marklando
490 1575 660 1619 propositae
671 1575 862 1617 frondesque

114 1618 311 1662 praeferenda
325 1625 385 1651 est.

155 1662 299 1694 29—36.
323 1663 426 1698 Quum
443 1662 589 1694 Tonantis
604 1673 704 1693 nunus
721 1663 864 1693 hibernus

111 1705 198 1737 Jovis
215 1705 328 1737 Imbres
342 1707 480 1747 nivesque
497 1711 664 1746 comparat,
682 1711 789 1737 ornate
808 1715 865 1746 pro

113 1748 215 1784 tenui,
232 1747 382 1781 redeunte
398 1749 514 1780 hieme.
563 1749 721 1783 Tonantis,
735 1747 814 1779 refer
826 1747 866 1778 ad

57 1804 60 1806 ·
114 1791 217 1831 Jovis,
237 1791 356 1823 eoelum
375 1798 553 1833 terramque
572 1791 613 1822 ad
635 1796 758 1824 certum
781 1789 866 1838 ordi-

115 1844 190 1866 nem
213 1833 420 1871 moderantis,
451 1834 673 1883 majestatem3
703 1833 764 1864 nisi
794 1832 868 1875 quis

114 1877 207 1909 malit
221 1887 296 1910 cum
316 1877 497 1919 Boettigero
517 1876 656 1918 cogitare
671 1877 711 1908 de
731 1882 868 1919 tempes-

116 1919 248 1957 tatibus,
270 1931 344 1962 quae
372 1930 444 1952 cum
471 1921 589 1951 tonitru
616 1919 779 1962 permixtae
807 1919 868 1950 sub

115 1962 253 1995 hiemis
245 1963 337 1994 initio
353 1963 386 1994 in
402 1963 500 1994 Italia
514 1962 625 1995 saevire
642 1963 762 1994 solent.
787 1974 864 1993 com

113 2013 218 2046 parat,
240 2005 275 2037 in
293 2016 365 2038 aere
383 2016 498 2049 nempe
515 2005 681 2046 colligens,
698 2005 866 2037 collectas-

116 2059 181 2091 que
194 2049 270 2081 inde
285 2049 467 2082 demittens.
514 2050 578 2080 Aut
598 2051 690 2080 uniite
713 2050 771 2080 levi
793 2060 866 2079 rara

116 2093 217 2124 tendit
244 2094 338 2128 retia,
364 2092 646 2124 Turdis'edacibus
675 2092 779 2129 dolos;
812 2098 868 2123 aut

116 2135 221 2167 turdis
237 2134 332 2166 struit
350 2135 493 2171 insidias,
515 2140 608 2166 vacat
624 2135 761 2177 aucupio
778 2135 866 2178 (nos,

118 2180 191 2210 oder
218 2189 253 2210 er
277 2179 352 2220 geht
381 2178 445 2220 auf
467 2180 526 2210 den
558 2179 751 2227 Vogetheerd.
804 2178 868 2209 Per

88 2242 91 2246 ·
117 2223 241 2254 amium
254 2222 346 2253 levem
361 2220 505 2270 intellige
520 2221 677 2252 furculam
694 2220 758 2252 sive
771 2221 866 2263 perti-

117 2274 190 2296 cum
213 2263 397 2306 levigatam.
423 2264 518 2306 cujus
549 2275 608 2312 ope
635 2269 712 2300 rete,
743 2274 782 2295 ex
812 2263 869 2295 illa

542 2306 711 2349 rinjicitur.
755 2307 868 2339 Turdis

116 2351 261 2383 dacibus
279 2351 382 2388 dolos,-
405 2355 442 2382 ut
463 2351 505 2381 do
519 2360 573 2382 ose
594 2351 632 2381 iis
654 2351 762 2381 turdos
785 2361 867 2382 escae

115 2393 352 2437 appetentiores
370 2393 499 2436 capiat3
520 2395 608 2425 dolus
627 2403 742 2436 nempe
768 2393 869 2425 turdis

117 2441 252 2511 {namt
264 2446 338 2468 esca
354 2436 406 2468 vel
419 2436 580 2468 illecebris
595 2437 758 2479 appositis,
775 2436 868 2478 cujus

217 2478 292 2514 mite
322 2479 430 2512 allecti
460 2479 495 2511 in
530 2480 664 2511 insidias
699 2479 866 2511 incidunt:

202 2524 312 2554 'sunt
332 2533 407 2554 aves
429 2532 510 2565 quas
531 2528 687 2554 nostrates
710 2522 800 2563 Zipp·
789 2525 869 2554 ·und

127 2556 871 2659 ffl‘t'sssssttz‘?zzz‘sszzssussss‘xz'f'z‘v‘ssg

116 2653 243 2684 advena
271 2651 322 2684 vel
346 2654 514 2694 peregrina:
544 2653 632 2694 (nos,
663 2651 746 2693 Zug-
755 2652 868 2700 Vo'gel)

207 2694 326 2727 uniatur
353 2696 540 2732 vernaculis,
563 2695 595 2726 h.
618 2705 647 2726 e.
669 2706 742 2736 quae
765 2694 798 2726 in
822 2706 869 2727 re—

43 2719 69 2767 55.
122 2746 229 2779 ginno.
243 2737 301 2770 ubi
317 2743 400 2770 natae
416 2743 502 2775 sunt,
523 2748 578 2780 per
592 2738 728 2770 hiemem
745 2748 871 2780 quoque

264 2792 274 2820 ;
295 2792 404 2830 gruem
420 2782 462 2812 ad
479 2781 630 2813 lautiores
653 2781 871 2812 Romanorum

34 2806 35 2810 Ἰ
91 2786 254 2952 Δἔψη
251 2823 452 2873 pertinuisse,
473 2830 605 2866 apparet
622 2824 680 2855 inf
699 2825 768 2855 Sat.
788 2823 822 2861 ii,
840 2825 872 2862 8,

28 3047 52 3072 is.

22 3225 69 3288 iffi.

206 2865 250 2898 ef.
263 2866 351 2899 Plin.
367 2878 398 2904 x,
413 2868 469 2904 23,
485 2877 513 2899 s.
528 2869 582 2899 30.
629 2868 774 2903 Praemia,
790 2878 875 2909 saepe

129 2916 197 2952 pm,
219 2909 348 2959 praeda;
380 2910 452 2942 vide
475 2911 509 2941 in
532 2921 564 2942 re
587 2917 662 2942 nota
693 2911 875 2943 Broukhus.

93 2950 311 2985 d'rubull.
333 2964 356 2990 ι,
379 2955 413 2993 2,
437 2954 492 2993 26,
519 2959 552 2986 et
579 2954 692 2985 Burni.
715 2953 756 2986 ad
779 2954 876 2987 Ovid.

131 2993 354 3034 suevam.

948 1276 1001 1313 37,
1018 1276 1072 1307 38.
1098 1276 1175 1311 Quis
1199 1288 1259 1308 non
1283 1277 1448 1312 malarum,
1473 1288 1547 1317 quas
1570 1289 1656 1309 amor

904 1328 995 1350 curas
1016 1320 1114 1355 habet,
1135 1324 1212 1350 cett
1260 1319 1343 1351 Cum
1359 1319 1446 1350 vocis
1461 1331 1545 1350 amor
1559 1320 1656 1352 latius

905 1366 1012 1402 pateat
1034 1342 1233 1403 significatio,
1258 1361 1291 1392 in
1310 1372 1349 1392 ea
1368 1361 1559 1409 explicanda
1579 1363 1655 1395 mire

906 1403 1062 1434 fluctuant
1084 1404 1283 1446 interpretes.
1327 1405 1390 1435 Sed
1411 1415 1438 1434 Sl
1463 1405 1655 1446 cogitamus,

903 1446 1123 1478 foeneratorem
1139 1446 1238 1488 loqui,
1255 1446 1428 1478 orationem
1442 1447 1486 1478 ita
1497 1458 1655 1488 exorsum,

904 1488 1019 1521 Beatus
1048 1491 1192 1531 ille,qu1'
1220 1491 1329 1530 procul
1359 1491 1658 1532 negotiis—Solutus

904 1534 985 1563 omni
1010 1533 1145 1574 ίὶεηονε,
1173 1533 1241 1575 jam
1271 1544 1402 1564 amorem
1453 1544 1486 1564 ro
1517 1534 1657 1566 habendi

905 1575 1094 1618 cupiditate,
1106 1583 1138 1608 et
1152 1576 1339 1607 nominatim
1356 1586 1411 1618 pro
1426 1545 1557 1608 {linnoris
1569 1588 1658 1610 exer-

906 1618 999 1650 cendi
1014 1619 1131 1655 studio,
1149 1618 1373 1669 accipiendum
1392 1630 1474 1656 esse,
1490 1620 1543 1651 vix
1559 1620 1656 1652 dubi-

907 1661 967 1692 tari
983 1667 1096 1704 potest.
1141 1662 1262 1693 Sensus
1277 1662 1374 1703 igitur
1387 1662 1463 1694 erit:
1490 1663 1563 1704 quis
1578 1662 1660 1696 inter

908 1704 978 1736 haec
998 1704 1125 1746 negotia
1142 1704 1262 1736 rustica
1282 1715 1346 1736 non
1365 1705 1458 1736 malis
1476 1705 1546 1736 istis
1560 1707 1659 1744 curis,

909 1758 982 1788 quae
998 1758 1071 1779 cum
1091 1747 1173 1778 lucri
1192 1747 1331 1778 faciendi
1350 1747 1455 1779 studio
1476 1748 1659 1791 conjunctae

911 1795 999 1826 sunt,
1019 1790 1176 1822 solvitur?
1222 1792 1317 1821 Amor
1338 1800 1384 1821 sc.
1405 1791 1555 1828 habendi,
1575 1793 1661 1834 quod

910 1833 1007 1875 paulo
1033 1832 1183 1865 licentius
1206 1833 1332 1872 omisit;
1356 1833 1479 1865 addidit
1499 1815 1582 1865 i111'1d
1603 1835 1662 1868 inf.

913 1876 1016 1918 Epist.
1038 1876 1061 1912 i,
1086 1878 1118 1912 7,
1144 1877 1198 1913 85,
1224 1882 1260 1908 ut
1283 1876 1380 1908 Ovid.
1406 1877 1478 1908 Art.
1507 1878 1582 1908 Am.
1612 1878 1659 1915 iii,

912 1921 971 1950 541
981 1942 989 1954 ,
1006 1924 1038 1950 et
1053 1919 1149 1951 Rem.
1162 1920 1223 1950 571
1236 1931 1244 1958 ;
1265 1925 1297 1951 et
1311 1919 1357 1950 sic
1376 1920 1493 1961 passim
1506 1923 1591 1956 αιινί,
1606 1933 1660 1952 ar-

909 1964 1009 2004 genti,
1039 1964 1155 1993 nummi
1179 1974 1275 1993 amor.
1319 1963 1382 1994 Sed
1406 1973 1470 1993 non
1491 1972 1561 1994 raro
1583 1963 1660 1995 sim-

911 2004 1036 2047 pliciter
1065 2016 1160 2041 amor,
1192 2015 1276 2041 eam,
1311 2004 1350 2036 de
1377 2015 1441 2047 qua
1472 2015 1574 2037 sermo
1602 2013 1662 2046 est,

911 2047 1118 2090 cupiditatem
1132 2047 1291 2090 designat.
1336 2048 1390 2079 Sic
1407 2048 1463 2080 ins.
1476 2049 1580 2090 Epist.
1591 2049 1614 2086 i,
1631 2052 1661 2086 1,

912 2092 966 2127 84,
982 2090 1169 2134 simpliciter
1184 2103 1268 2122 amor
1283 2091 1323 2122 de
1344 2091 1523 2122 aedificandi
1546 2102 1663 2132 amore,

912 2135 997 2165 lacus
1025 2141 1054 2165 et
1083 2146 1166 2165 mare
1195 2136 1288 2166 sentit
1319 2146 1448 2166 amorem
1475 2135 1664 2168 Festinantis

911 2177 998 2208 heri.-
1022 2177 1063 2208 ef.
1088 2177 1192 2219 Epist.
1218 2177 1240 2213 i,
1265 2178 1297 2215 2,
1321 2178 1377 2208 37.
1425 2178 1541 2210 Varias
1565 2178 1663 2222 hujus

914 2219 975 2252 loci
991 2220 1219 2262 explicationes
1231 2219 1303 2252 vide
1319 2220 1405 2262 apud
1422 2221 1605 2263 Interprett.

955 2264 1095 2295 39—60.
1120 2263 1235 2299 Quodsi
1259 2265 1388 2304 pudica,
1413 2269 1492 2296 cett.
1540 2265 1665 2302 Quodsi

911 2306 952 2337 ad
968 2306 1036 2338 haec
1053 2306 1161 2338 omnia
1176 2306 1309 2339 accedat
1325 2307 1397 2343 hoc,
1413 2314 1449 2339 ut
1461 2318 1663 2340 communem

911 2360 1014 2380 rerum
1037 2349 1282 2382 domesticarum
1306 2360 1414 2381 curam
1434 2357 1523 2392 gerat
1545 2351 1665 2393 pudica

912 2392 1162 2429 materfamilias,
1174 2404 1246 2442 quae
1258 2394 1382 2429 marito,
1394 2394 1435 2425 ab
1446 2405 1538 2437 opere
1550 2394 1665 2426 diurno

913 2435 1068 2473 redeunti,
1084 2446 1220 2467 accenso
1236 2436 1269 2467 in
1290 2436 1386 2468 foco
1379 2447 1466 2479 igne,
1482 2448 1546 2479 quo
1563 2438 1665 2470 fessus

914 2478 969 2511 ille
1008 2485 1175 2515 recreetur,
1209 2485 1352 2511 amanter
1405 2480 1563 2522 respiciat,
1593 2491 1667 2513 oves

913 2521 1054 2558 claudat,
1071 2523 1225 2563 mulgeat,
1242 2529 1274 2554 et
1289 2522 1362 2554 vino
1382 2492 1483 2554 liorno
1503 2524 1666 2566 depromto

913 2571 1069 2606 agrestem
1099 2575 1225 2596 coenam
1262 2572 1414 2615 apparet;
1451 2573 1517 2598 turn
1547 2567 1666 2604 tenuis,

914 2619 1009 2650 quem
1033 2619 1085 2639 rus
1113 2609 1306 2652 suppeditat,
1330 2609 1435 2641 victus
1461 2621 1512 2642 me
1535 2610 1664 2652 quidem

914 2651 1027 2693 magis,
1044 2661 1142 2693 quam
1156 2652 1260 2695 epulae
1277 2652 1556 2694 conquisitissimae
1578 2664 1665 2684 sum-

914 2694 1180 2737 tuosissimaeque‚
1210 2695 1425 2731 delectaverit.
1480 2697 1519 2727 In
1546 2708 1605 2737 pm
1609 2704 1666 2728 tem

905 2739 999 2778 juvet
1030 2739 1168 2769 domum.-
1209 2745 1395 2781 comparant
1422 2739 1534 2782 Eurip.
1564 2740 1668 2771 Elect.

917 2791 947 2813 v.
960 2782 998 2812 71
1014 2791 1085 2823 sqq.
1116 2781 1227 2812 Sabina
1238 2783 1354 2823 qualis.-
1370 2782 1519 2814 laudatur
1535 2782 1667 2831 passim,

918 2834 990 2866 quae
1017 2824 1101 2867 apud
1125 2830 1246 2857 veteres
1271 2825 1406 2856 Sabinos
1429 2826 1576 2866 viguerit,
1601 2832 1665 2856 tam

919 2878 1041 2899 morum
1063 2867 1227 2904 sanctitas,
1252 2878 1350 2910 quam
1369 2867 1551 2900 domesticae
1570 2868 1665 2899 disci-

919 2910 1017 2952 plinae
1045 2910 1216 2942 severitas:
1247 2912 1292 2943 cs.
1321 2922 1391 2954 sup.
1418 2911 1464 2947 iii,
1494 2912 1526 2946 6,
1558 2912 1612 2947 38,
1637 2917 1669 2942 et

920 2954 1095 2986 Columell.
1111 2954 1207 2986 Praef.
1224 2954 1264 2986 ad
1279 2954 1349 2987 Lib.
1363 2954 1417 2993 xii,
1430 2956 1550 2985 7—10.
1591 2954 1667 2984 Per-

920 2999 1009 3034 nicis,
1038 2997 1118 3030 refer
1145 2997 1186 3029 ad
1212 2997 1352 3040 corporis
1378 2997 1565 3040 agilitatem,
1595 3007 1666 3038 quae
