1904 3314
375 156 458 196 558

704 157 1062 200 EPISTOLA
1102 158 1197 201 AD
1236 160 1570 226 PISONES.v

482 255 572 302 Qui
591 257 740 298 didicit
759 259 909 311 patriae
929 259 1033 312 quid
1053 259 1207 300 debeat
1227 267 1270 300 et
1291 260 1393 313 quid
1416 261 1572 309 amieis,

482 321 583 368 Quo
605 323 658 364 sit
678 338 820 364 amore
840 337 1010 377 parenS,
1033 338 1118 377 quo
1139 323 1271 365 frater
1291 325 1496 366 arnaudus
1518 333 1561 366 et
1582 325 1758 380 hospes,

480 387 614 434 Quod
636 390 689 430 sit
709 389 953 443 conscripti,
976 390 1091 442 quod
1107 390 1266 443 judicis
1288 391 1486 441 officium,
1508 407 1606 446 quae

366 452 450 492 315
479 453 632 494 Partes
653 456 694 494 in
715 454 873 495 bellum
893 455 1010 495 missi
1031 455 1165 504 ducis,
1187 455 1255 497 ille
1276 457 1471 510 profecto

479 517 685 559 Reddere
705 534 902 573 personae
924 521 1002 560 scit
1023 522 1315 562 convenientia
1335 523 1503 577 cuique.

479 582 715 637 Respicere
736 584 953 638 exemplar
973 587 1069 625 vitae
1090 601 1337 640 morumque
1353 589 1518 642 jubebo

479 647 669 688 Doctum
688 649 956 697 imitatorem,
978 658 1022 690 et
1042 665 1162 692 veras
1183 651 1282 693 hinc
1305 653 1461 695 ducere
1482 668 1622 695 voces,

479 713 698 754 Interdum
721 716 915 768 speciosa
934 715 1038 756 locis
1059 724 1304 771 morataque
1327 727 1443 760 recte

365 779 449 820 320
477 779 655 828 Fabula,
677 780 831 821 nullius
854 783 1034 831 veneris,
1057 784 1146 824 sine
1168 785 1357 838 pondere
1379 793 1421 826 et
1442 792 1550 836 arte,

477 845 659 887 Valdius
680 846 865 888 oblectat
885 849 1091 902 populum
1110 849 1345 904 meliusque
1365 859 1566 901 moratur,

479 911 621 958 Quam
642 927 790 953 versus
811 914 960 968 inopes
981 929 1135 964 rerum,
1158 931 1367 970 nugaeque
1389 932 1568 959 canorae.

478 977 622 1018 Graiis
643 979 871 1032 ingenium,
895 980 1039 1021 Graiis
1061 982 1181 1022 dedit
1203 997 1275 1023 ore
1297 985 1483 1025 rotundo

369 1090 483 1120 tumulo
495 1090 726 1130 Licinusjacet,
741 1098 773 1121 at
791 1092 864 1120 cato
878 1093 982 1128 utillo,-
1011 1093 1095 1122 Pom-

365 1134 450 1170 peius
464 1142 573 1170 parvo:
597 1134 662 1172 quis
674 1139 759 1171 putet
775 1143 831 1162 esse
845 1135 910 1163 deos
922 1135 934 1162 ?

407 1174 588 1204 301-308.
613 1174 638 1203 Ο
670 1185 720 1214 ego
747 1176 846 1210 lcrvus,
877 1180 950 1205 cett.
995 1175 1023 1206 Ο
1050 1185 1098 1206 me

362 1214 504 1250 stultum,
528 1215 582 1256 qui
605 1216 721 1246 vernali
744 1216 817 1246 anni
844 1222 991 1258 tempore,
1013 1218 1098 1258 quod

360 1255 471 1287 attinet
486 1257 525 1287 ad
541 1257 633 1288 bilem
650 1260 708 1295 (ne
723 1263 791 1288 atra
806 1257 868 1289 bile
882 1259 1030 1293 laborem,
1045 1260 1092 1290 vel

360 1303 396 1328 ut
429 1308 555 1329 caveam
592 1299 670 1329 mihi
713 1301 752 1330 ab
788 1300 928 1339 insania)
963 1312 1093 1340 purgor.

360 1340 447 1370 Hora
464 1339 584 1382 (ὥρα),
600 1342 638 1371 de
655 1341 728 1371 anni
746 1346 892 1383 tempore,
907 1353 976 1383 sup.
993 1339 1054 1373 Od.
1071 1343 1092 1379 i,

364 1382 415 1416 12,
444 1383 492 1417 16,
508 1384 654 1422 variisque
669 1385 814 1413 mundum
832 1384 986 1423 Temperat
1002 1385 1091 1414 horis.

362 1423 432 1453 Non
456 1425 546 1458 alius,
567 1430 640 1455 cett.
664 1424 722 1455 nisi
746 1425 829 1455 enim
852 1435 962 1456 causas
984 1426 1093 1456 furoris

360 1474 399 1495 ex
422 1475 548 1506 corpore
571 1466 729 1507 pellerem,
757 1476 848 1497 nemo
871 1467 998 1498 meliora
1020 1479 1093 1510 poe-

359 1511 441 1538 mata
465 1507 590 1538 faceret.
644 1508 753 1538 Verum
782 1508 838 1538 Nil
863 1512 941 1539 tanti
967 1516 1020 1545 est,
1048 1519 1092 1540 sc.

358 1547 447 1585 mihi,
470 1549 554 1590 quod
579 1559 662 1580 sanae
685 1549 782 1580 menti
804 1550 986 1591 praeferam3
1011 1552 1093 1582 malo

357 1599 441 1620 sanae
467 1600 561 1631 quam
589 1591 708 1621 insanae
744 1591 858 1622 mentis
892 1602 959 1622 esse
988 1593 1091 1624 homo.

358 1630 574 1672 Ergofungar
586 1634 648 1663 vice
660 1635 731 1662 cotis
742 1646 751 1663 .·
769 1633 931 1668 Horatius,
949 1644 1008 1664 non
1023 1644 1090 1665 car-

355 1671 442 1703 mina
468 1674 646 1704 insanorum
672 1680 829 1715 poetarum
852 1685 936 1705 more
958 1676 1090 1717 scriptu-

356 1724 421 1749 ruS,
437 1716 490 1746 sed
513 1721 669 1757 praecepta
684 1722 805 1746 tantum
822 1717 860 1747 ad
877 1717 982 1757 poesin
1001 1729 1088 1759 spec-

357 1756 454 1788 tantia
482 1757 621 1795 daturus,
651 1763 740 1788 acute
769 1769 802 1789 se
832 1765 990 1800 comparat
1018 1770 1088 1790 cum

355 1804 435 1834 cote,
459 1799 551 1840 cujus
575 1800 642 1830 vice
659 1810 692 1830 se
714 1800 894 1841 fungentem
917 1801 1088 1833 futurorum

354 1846 514 1880 poetarum
538 1841 696 1882 ingenium
720 1842 759 1872 ad
782 1842 887 1883 poesin
907 1849 988 1874 recte
1004 1849 1087 1874 trac-

354 1882 481 1913 tandam
506 1894 616 1914 acuere
641 1884 722 1914 velle
745 1883 809 1914 ait:
843 1895 936 1915 exsors
958 1888 1022 1924 ipsa
1043 1896 1086 1916 se-

353 1926 455 1959 candi,
492 1925 723 1956 accommodate
752 1925 790 1955 ad
821 1925 1009 1966 imaginem;
1042 1939 1087 1958 cos

352 1971 479 1996 acutum
506 1972 627 1997 tantum
650 1967 750 1998 reddit
781 1968 906 2002 serrum,
933 1978 994 1998 non
1019 1969 1087 2010 ipsa

353 2012 460 2046 secat3
507 2008 655 2039 Horatius
690 2009 810 2039 futuros
840 2016 947 2051 poetas
975 2020 1086 2043 acuere

353 2053 487 2085 tantum,
503 2059 566 2080 non
582 2050 649 2091 ipse
665 2060 769 2080 versus
785 2061 969 2093 componere
984 2053 1062 2083 vult.

394 2091 471 2122 306.
496 2092 612 2122 Munus
633 2099 660 2122 et
684 2092 822 2132 officium,
843 2103 887 2123 sc.
910 2100 991 2124 recte
1008 2095 1084 2125 scri.

351 2131 459 2164 bendi-

393 2174 467 2205 307.
504 2174 589 2214 Opes,
617 2174 719 2216 copia,
750 2176 887 2210 ubertas,
917 2177 1080 2208 materies:

350 2223 419 2257 sup.
434 2215 536 2257 Epist.
551 2215 584 2251 ii,
600 2218 632 2250 2,
651 2218 722 2251 121,
743 2217 861 2247 Fundet
879 2229 955 2256 opes.

393 2258 468 2288 308.
490 2258 602 2293 Virtus,
614 2258 767 2294 doctrina,
783 2259 928 2296 sollertia,
942 2270 1080 2291 severum

350 2299 486 2329 studium
505 2310 513 2334 ;
537 2310 632 2335 error,
648 2300 783 2336 inscitia,
800 2301 967 2331 temeritas.

383 2341 765 2383 309—332.Praeceptum
775 2343 1079 2383 Duodevigesimum:

351 2382 412 2416 Qui
428 2383 565 2418 homines,
585 2384 684 2422 quales
705 2391 787 2420 sunt,
807 2391 885 2414 recte
907 2386 1081 2424 describere,

298 2460 302 2464 Α
347 2430 376 2454 et
399 2434 459 2454 rem
478 2426 514 2455 de
541 2436 600 2464 qua
625 2432 748 2456 acturus
772 2432 814 2456 est
836 2428 911 2457 veris
935 2429 1082 2458 coloribus

346 2466 527 2497 adumbrare
541 2468 618 2503 vult,
640 2470 703 2507 ejus
724 2470 835 2503 animo,
852 2479 915 2508 quae
938 2471 1080 2509 cujusque

346 2509 452 2543 atatis,
480 2509 547 2545 loci,
571 2515 598 2539 et
619 2511 732 2540 ordinis
754 2511 864 2540 homini
889 2513 1079 2548 conveniunt,

347 2550 507 2585 obversari,
530 2557 558 2580 et
582 2562 644 2590 quae
668 2553 810 2592 cujusque
833 2553 877 2582 rei
901 2554 1077 2589 conditioni,

345 2594 430 2627 sorti,
443 2598 471 2622 et
484 2598 600 2622 naturae.
612 2595 735 2632 propria
747 2600 829 2630 sunt,
846 2594 1009 2636 informata
1021 2606 1077 2626 esse

347 2634 462 2664 debent.
508 2634 648 2672 Exemplo
663 2637 694 2664 in
710 2636 765 2666 hac
776 2647 888 2676 quoque
899 2647 931 2666 re
944 2647 1001 2668 esse
1010 2648 1075 2677 pos-

346 2682 417 2706 sunt
433 2675 542 2711 Graeci,
559 2687 631 2707 τοι-ιε
651 2677 750 2708 laudis
769 2681 868 2708 avari.
916 2679 996 2709 Nam
1015 2680 1076 2709 Ro-

346 2719 427 2747 mani
442 2719 474 2747 in
490 2720 675 2748 numeranda
691 2721 800 2758 potius,
817 2732 905 2760 quam
919 2722 1006 2751 avide
1023 2733 1076 2752 cu·-

344 2760 475 2794 mutant,
495 2763 635 2799 pecunia,
661 2772 747 2800 quam
770 2763 802 2790 in
819 2763 987 2802 fingendis,
1011 2774 1074 2802 quae

343 2806 458 2832 oetatem
486 2802 610 2842 ferant,
646 2804 828 2834 carminibus
861 2805 996 2843 occupati
1031 2812 1073 2835 ιε-

344 2849 467 2873 nentur.

385 2885 459 2916 309.
482 2885 638 2916 scribendi
667 2893 757 2923 recte,
789 2890 863 2916 cett.
888 2885 1072 2929 principium

1140 1099 1170 1123 et
1193 1093 1262 1124 fons
1285 1099 1365 1126 recte
1390 1095 1542 1126 scribendi
1573 1101 1620 1127 est
1645 1107 1758 1137 sapere,
1785 1097 1817 1128 h.
1843 1107 1871 1130 e.

1141 1135 1220 1166 scire
1235 1136 1310 1177 quid
1325 1137 1446 1172 deceat,
1461 1137 1537 1178 quid
1553 1147 1614 1168 non
1629 1139 1750 1170 deceat.

1183 1178 1257 1208 310.
1283 1179 1367 1213 Rem,
1393 1183 1467 1209 cett.
1490 1179 1646 1211 materiem
1673 1180 1871 1223 suppeditare

1142 1218 1197 1249 tibi
1214 1225 1357 1260 poterunt
1371 1220 1486 1262 scripta
1500 1221 1644 1253 Socratis.
1689 1223 1802 1253 Charta
1816 1233 1870 1264 pro

1136 1271 1173 1291 eo
1187 1262 1271 1301 quod
1288 1262 1320 1292 in
1341 1262 1450 1292 charta
1468 1262 1618 1304 scriptum
1635 1269 1683 1296 est
1698 1276 1707 1303 ;
1729 1265 1774 1296 sic
1793 1274 1866 1306 sup.

1137 1302 1240 1344 Epist.
1264 1302 1296 1339 ii,
1324 1305 1349 1340 1,
1375 1305 1447 1339 161,
1462 1306 1573 1335 charta:
1591 1306 1723 1343 Graecae5
1748 1307 1812 1338 od.
1827 1306 1870 1344 iv,

1137 1346 1168 1380 8,
1197 1345 1252 1381 21,
1285 1346 1317 1375 Si
1340 1346 1450 1376 charta:
1475 1347 1603 1384 sileam3
1637 1347 1756 1379 Catull.
1782 1349 1810 1384 l,
1834 1349 1867 1382 6,

1138 1387 1230 1416 Omne
1256 1398 1349 1417 aevum
1373 1389 1468 1418 tribus
1494 1389 1640 1428 explicare
1662 1391 1784 1425 chartis,
1813 1389 1866 1420 ubi

1138 1427 1202 1458 vid.
1221 1434 1285 1459 not.

1179 1470 1253 1499 311.
1278 1471 1429 1501 Provisam
1451 1481 1524 1506 rem,
1545 1476 1636 1502 antea
1651 1470 1863 1512 exploratam:

1136 1511 1190 1551 qui
1213 1521 1290 1548 rem,
1306 1512 1345 1543 de
1364 1522 1428 1553 qua
1447 1512 1619 1554 scripturus
1635 1517 1694 1548 est,
1716 1514 1864 1546 benerex-

1136 1552 1268 1593 plorare,
1293 1554 1482 1590 examinare,
1506 1554 1689 1596 perspicere,
1710 1559 1742 1586 et
1763 1556 1866 1587 animo

1134 1594 1298 1636 complecti
1323 1595 1454 1632 studuit,
1481 1606 1553 1627 eum
1578 1607 1636 1626 non
1657 1598 1755 1628 invita
1777 1599 1865 1629 verba

1133 1643 1304 1676 sequentur,
1320 1637 1347 1668 ei
1364 1647 1426 1668 non
1441 1637 1538 1668 deerit
1551 1637 1657 1668 oratio.

1176 1679 1250 1713 314.
1266 1680 1341 1709 315.
1367 1680 1440 1714 Qnae
1461 1680 1579 1716 Partes,
1605 1690 1650 1711 sc.
1671 1679 1754 1718 sint3
1785 1691 1863 1722 quo·

1134 1721 1225 1750 modo
1241 1720 1318 1755 dux,
1334 1720 1366 1751 in
1383 1721 1499 1752 bellum
1518 1721 1642 1757 missus,
1662 1722 1864 1754 demandatus

1133 1761 1191 1791 sibi
1207 1767 1309 1803 partes
1324 1763 1452 1804 exsequi
1467 1763 1588 1794 debeat.

1175 1804 1248 1834 316.
1271 1805 1420 1839 Reddere,
1435 1804 1520 1840 dare,
1535 1804 1712 1836 attribuere.

1173 1846 1249 1876 318.
1274 1846 1400 1877 Doctum
1416 1848 1604 1877 imitatorem.
1642 1847 1783 1878 Imitatur
1793 1846 1861 1888 jam

1130 1892 1174 1917 est
1197 1887 1250 1928 qui
1274 1887 1306 1918 in
1332 1889 1532 1919 describendo
1554 1888 1715 1919 hominum
1737 1888 1863 1930 ingenio

1130 1935 1280 1965 versatur,
1310 1940 1434 1970 eosque,
1462 1931 1572 1971 quales
1599 1935 1684 1965 sunt.
1711 1930 1861 1961 imitando

1129 1971 1299 2012 exprimere
1313 1971 1438 2010 studet3
1461 1972 1486 2002 ls
1504 1972 1598 2013 igitur
1617 1974 1782 2014 (esemplar
1796 1975 1862 2003 vitoe

1129 2015 1315 2053 morumque)
1336 2013 1486 2051 homines,
1501 2021 1537 2045 ut
1552 2024 1620 2045 vere
1635 2014 1751 2050 vivant,
1766 2015 1861 2045 senti-

1129 2059 1194 2091 ant,
1218 2060 1247 2085 et
1266 2066 1298 2086 se
1313 2063 1432 2096 gerant,
1452 2056 1616 2098 respicere,
1635 2056 1806 2091 observare,
1829 2061 1861 2088 et

1127 2101 1199 2127 ante
1220 2097 1328 2127 oculos
1348 2097 1472 2134 habere,
1486 2104 1518 2128 et
1537 2097 1611 2129 inde
1632 2107 1733 2128 veram
1751 2107 1856 2129 eorum

1127 2136 1292 2178 imaginem
1305 2138 1490 2170 adumbrare
1501 2139 1604 2171 debet.
1637 2140 1699 2170 Per
1713 2150 1798 2171 veras
1809 2151 1859 2171 vo-

1126 2190 1170 2210 ces
1185 2179 1326 2221 intellige
1344 2191 1446 2212 veram
1467 2180 1702 2223 descriptionem
1718 2193 1725 2211 ε
1750 2181 1858 2212 lectio-

1127 2231 1198 2252 nem
1213 2223 1294 2252 vivas
1309 2231 1375 2263 pro.
1389 2233 1483 2259 verus,
1499 2233 1517 2253 a
1534 2223 1680 2254 Bentleio
1695 2223 1857 2264 prolatam,

1123 2262 1236 2293 frustra
1282 2265 1428 2295 robarunt
1450 2265 1574 2306 plures;
1605 2266 1672 2295 viva
1695 2264 1779 2296 enim
1803 2276 1857 2295 vox

1124 2304 1244 2346 (λόγος
1258 2304 1442 2347 εμψυχος),
1463 2316 1557 2354 quam
1577 2305 1704 2336 auribus
1721 2306 1856 2348 percipi-

1124 2356 1193 2376 mus
1216 2356 1253 2377 ex
1277 2357 1327 2377 ore
1347 2347 1513 2388 loquentis,
1535 2347 1700 2389 opponitur
1720 2347 1853 2389 scriptis,

1124 2393 1155 2418 et
1180 2387 1218 2418 iis
1241 2399 1311 2429 quae
1337 2389 1500 2429 leguntur3
1526 2399 1582 2420 nec
1605 2389 1768 2420 Bentleius
1788 2389 1855 2420 ido-

1123 2439 1216 2459 neum
1243 2430 1432 2471 exemplum,
1457 2441 1520 2472 quo
1545 2430 1678 2462 muniret
1699 2436 1855 2473 receptam

1123 2470 1299 2503 lectionem.
1315 2472 1447 2512 proferre
1462 2472 1572 2514 potuit.

1164 2514 1239 2548 319,
1267 2514 1342 2544 320.
1365 2514 1496 2553 Speciosa
1525 2515 1604 2551 locis,
1629 2513 1798 2556 conspicua
1823 2519 1856 2545 et

1122 2554 1262 2596 locuples
1283 2555 1442 2586 sententiis
1461 2561 1494 2587 et
1513 2557 1604 2586 rebus
1622 2565 1701 2597 quas
1719 2560 1852 2594 tractat5

1108 2596 1231 2637 fabulae
1249 2596 1331 2627 enim
1353 2599 1483 2637 speciosa
1507 2599 1576 2628 locis
1596 2603 1796 2639 opponuntur
1818 2597 1851 2628 in

1121 2649 1151 2668 v.
1183 2639 1246 2668 :322
1276 2649 1377 2670 versus
1405 2650 1508 2670 rerum
1537 2641 1646 2679 inopes.
1701 2639 1853 2682 speciosus

1121 2679 1328 2722 (εὐπρεπὴς)
1345 2681 1377 2711 in
1400 2681 1513 2712 bonam
1535 2687 1651 2723 partem
1671 2681 1852 2712 transfertur

1120 2721 1159 2753 ad
1178 2721 1324 2753 orationis
1344 2723 1530 2754 ubertatem.
1575 2721 1730 2759 Quinctil.
1746 2723 1853 2753 Instit.

1119 2765 1207 2795 Orat.
1230 2774 1261 2799 v,
1283 2765 1334 2799 14,
1360 2765 1503 2804 Locuples
1518 2770 1547 2795 et
1565 2766 1692 2804 specim
1707 2765 1773 2794 vult
1794 2775 1852 2796 esse

1117 2807 1296 2846 eloquentia,
1311 2817 1356 2837 sc.
1373 2811 1406 2837 ut
1425 2806 1562 2837 advertat
1577 2810 1608 2837 et
1622 2805 1680 2836 sibi
1702 2805 1850 2837 conciliet

1115 2847 1290 2878 auditorum
1317 2847 1447 2879 animos.
1492 2847 1669 2889 Merumque
1694 2853 1785 2884 recte,
1815 2847 1847 2878 in

1115 2899 1179 2930 qua
1195 2894 1277 2921 recte
1297 2894 1328 2920 et
1341 2899 1410 2921 vere
1428 2889 1562 2931 expressi
1583 2894 1656 2920 sunt
1674 2899 1772 2920 mores
1793 2888 1847 2919 bo-
