1904 3314
649 187 872 229 LIBER
902 187 961 238 II,
991 190 1034 230 ⁶2.
1519 192 1545 231 5

1547 195 1585 234 ξω

1583 194 1604 232 *T

183 289 382 331 Festinat
402 289 568 332 calidus
589 288 714 330 mulis
735 287 985 344 gerulisque
1006 287 1249 339 redemtor3

182 355 385 413 Torquet
404 371 518 399 nunc
537 356 741 411 lapidem,
763 370 878 398 nunc
899 357 1052 411 ingens
1073 355 1272 398 machina
1293 356 1482 411 tignum3

180 423 348 466 Tristia
367 425 558 466 robustis
578 422 799 465 luctantur
819 422 973 464 funera
992 422 1222 478 plaustris3

94 490 152 532 75
181 491 281 535 Hac
300 493 474 534 rabiosa
495 491 608 546 fugit
628 492 761 541 canis,
783 491 867 532 hac
886 489 1101 532 lutulenta
1122 491 1208 532 ruit
1230 505 1327 532 sus:

181 557 202 600 I
223 573 352 610 nunc,
374 567 418 600 et
439 572 589 599 versus
611 565 755 599 tecum
774 558 984 599 meditare
1006 573 1202 599 canoros.

181 625 452 682 Scriptorum
472 625 632 668 chorus
653 626 789 667 omnis
811 632 925 667 amat
945 641 1095 667 nemus
1117 633 1162 668 et
1183 625 1294 681 fugit
1314 627 1461 676 urbes,

179 692 285 735 Rite
306 692 437 735 cliens
459 693 639 743 Bacchi,
663 708 813 735 somno
835 694 1067 749 gaudentis
1089 702 1133 736 et
1154 695 1330 736 umbra:

177 759 252 802 Tu
273 775 340 802 me
362 761 473 802 inter
495 761 704 815 strepitus
725 768 962 803 nocturnos
983 768 1116 816 atque
1139 762 1318 803 diurnos

89 827 148 868 80
177 826 257 870 Vis
279 841 450 879 canere,
472 836 517 870 et
536 835 760 870 contracta
782 828 906 883 sequi
926 829 1108 884 vestigia
1128 831 1301 871 vatum?

58 975 120 998 mm
143 971 237 1003 esset,
264 965 434 998 scribenda
455 966 624 1002 excitatus,
647 966 800 1002 declarat,

57 1018 93 1040 ae
123 1018 178 1051 per
201 1013 303 1041 totum
331 1009 414 1041 diem
445 1009 560 1041 Romae
588 1015 634 1040 tot
656 1009 802 1040 laborum

59 1051 322 1094 negotiorumque
350 1051 506 1090 distineri,
538 1052 640 1088 obrui,
677 1052 800 1094 agitari,

58 1093 159 1137 premi
183 1104 224 1126 ue
246 1095 414 1136 generibus
437 1095 498 1136 (cf.
524 1095 564 1126 de
588 1094 711 1125 diurnis
736 1096 803 1126 Ho-

59 1135 130 1168 ratii
192 1147 272 1168 omae
296 1137 430 1179 negotiis
451 1147 524 1180 sup.
550 1138 618 1168 Sat.
643 1137 678 1174 ii,
703 1139 735 1173 6,
762 1138 804 1168 35

57 1178 160 1222 sqq.),
170 1185 207 1211 ut
222 1180 311 1211 nullo
326 1179 420 1211 modo
433 1190 544 1211 vacare
559 1179 657 1222 possit
673 1190 803 1222 compo-

58 1221 172 1253 nendis
186 1222 392 1254 carminibus.
436 1222 489 1253 Ad
505 1233 542 1254 ea
554 1233 637 1258 vero,
653 1233 723 1264 quae
741 1223 802 1253 sibi

58 1274 184 1296 carmen
201 1264 332 1306 aliquod
351 1265 465 1296 Romae
481 1264 670 1296 meditaturo
684 1265 801 1301 obsint,

57 1306 151 1338 refert
167 1317 294 1356 quoque
313 1307 395 1338 illud
415 1307 587 1338 officiorum
610 1317 723 1348 genus,
738 1317 803 1348 quo

58 1349 168 1392 egroti
189 1349 294 1388 amici,
310 1349 390 1381 alius
413 1349 445 1380 in
461 1349 544 1381 colle
561 1349 702 1387 Quirini.
720 1350 804 1380 alius

55 1397 196 1424 extremo
208 1392 242 1424 in
256 1391 427 1428 Aventino,
443 1391 494 1423 via
517 1392 614 1433 longa
627 1398 660 1423 et
673 1392 805 1423 molesta

57 1434 177 1467 visendi
191 1435 266 1467 sint.
308 1435 391 1466 Turn
416 1434 568 1466 Horatius
596 1435 647 1466 vel
672 1444 690 1465 a
711 1435 804 1465 Floro

57 1477 107 1510 vel
131 1487 152 1510 a
173 1487 364 1520 quocunque
387 1477 450 1508 alio
470 1477 532 1508 sibi
554 1477 670 1519 opponi
693 1477 802 1518 fingit:

52 1524 91 1552 ‘at
102 1519 155 1552 via
166 1530 185 1551 a
196 1518 278 1552 colle
289 1519 416 1558 Quirini
431 1519 463 1550 in
479 1519 594 1551 collem
605 1520 804 1551 Aventinum

55 1570 105 1595 est
125 1575 218 1603 pura,
242 1573 305 1594 non
334 1562 480 1604 vepribus
506 1563 621 1598 obsita,
649 1573 707 1594 nec
734 1562 806 1593 aliis

55 1604 352 1648 impedimentorum
367 1604 536 1646 generibus
548 1605 732 1647 intersepta,
748 1605 805 1641 ita,

58 1654 93 1680 ut
110 1648 191 1680 nihil
205 1649 297 1680 obstet
313 1649 539 1679 meditantibus.
587 1648 737 1678 Horatius
759 1658 807 1679 re-

57 1691 205 1733 spondet,
219 1696 254 1722 at
270 1690 408 1733 proiecto
423 1690 456 1722 in
473 1690 533 1722 hac
547 1690 596 1721 via
611 1700 721 1721 omnes
735 1700 801 1721 me-

56 1733 225 1766 ditationes
250 1732 491 1775 interpellantur
512 1738 544 1764 et
565 1733 802 1774 interrumpun-

57 1781 126 1815 tur;
151 1777 258 1808 obstat
271 1775 359 1807 eunti
375 1776 470 1806 turba
483 1775 646 1806 hominum
668 1775 702 1806 in
726 1775 803 1806 aedi-

58 1818 130 1851 ficio
149 1818 192 1850 ali
219 1830 258 1850 uo
279 1818 448 1850 excitando
472 1824 697 1860 occupatorum
710 1830 719 1857 3
752 1818 804 1849 via

57 1862 194 1894 intequ
218 1862 280 1893 itur
310 1860 471 1903 plaustris,
500 1861 615 1902 quibus
644 1861 804 1892 vehuntur

57 1903 190 1942 funera3
213 1904 277 1936 ruit
289 1903 321 1935 in
337 1909 560 1946 praetereuntes
572 1904 620 1935 vel
635 1903 803 1934 furibunda

59 1946 149 1979 canis
161 1947 212 1979 vel
231 1957 286 1978 sus
302 1946 482 1986 lutulenta;
507 1947 526 1977 I
548 1958 631 1978 nunc
652 1952 681 1976 et
702 1957 804 1977 versus

58 1996 157 2022 tecum
170 1991 316 2022 meditare
329 2001 462 2020 canoros.
502 1989 626 2026 Quodsi
640 1988 735 2030 igitur
750 1999 804 2031 pro

58 2032 167 2075 inepta
185 2032 322 2064 lectione
339 2033 470 2063 humane
488 2031 614 2072 legeris,
629 2034 802 2068 meditanti,

56 2074 149 2117 signo
163 2074 417 2116 interrogationis
439 2073 518 2117 post'
527 2076 676 2105 commoda
692 2074 804 2116 posito,

57 2117 132 2150 huic
145 2118 271 2150 lectioni
282 2117 407 2159 egregie
420 2117 609 2165 respondent
618 2118 649 2148 in
665 2116 805 2159 proximo

57 2171 151 2192 versu
177 2161 395 2192 meditantibus
419 2165 451 2190 et
474 2171 506 2191 in
531 2171 560 2191 v.
587 2161 628 2191 76
647 2162 805 2191 nieditare.

58 2203 246 2235 carminum
256 2202 488 2239 meditationes,
499 2208 534 2234 ut
545 2202 631 2234 addit
642 2201 805 2240 Horatius,

57 2246 132 2278 loca
145 2246 215 2278 sola
234 2251 266 2277 et
287 2246 328 2277 ab
351 2244 437 2276 omni
453 2245 586 2288 strepitu
603 2251 730 2280 remota.
749 2255 805 2276 ne·

60 2299 160 2325 mora,
197 2298 354 2323 secessus,
393 2289 566 2330 postulant.
626 2288 805 2318 Admodum

59 2330 188 2374 quidem
204 2341 298 2363 voces
312 2331 442 2362 humane
460 2337 492 2362 et
513 2333 674 2362 meditanti
695 2329 806 2362 litteris

59 2380 94 2406 et
109 2373 207 2406 forma
221 2373 304 2406 inter
317 2383 352 2405 se
366 2372 547 2416 discrepant
559 2386 568 2412 ;
591 2373 694 2405 sedin
706 2383 738 2404 re
749 2373 804 2404 de-

59 2422 185 2459 sperata
199 2422 232 2448 et
245 2416 389 2464 deposita
398 2415 466 2458 jam
478 2416 594 2458 saepius
610 2416 699 2448 locus
713 2415 805 2447 relic·

60 2464 112 2491 tus
126 2465 176 2491 est
189 2459 347 2491 audaciae.

105 2502 160 2534 72.
184 2502 260 2533 Non
277 2507 352 2533 sunt
369 2501 490 2537 liberae,
507 2500 660 2532 Horatius
675 2511 806 2541 respon-

60 2543 127 2582 det,
155 2545 196 2576 ab
223 2543 479 2587 impedimentis:
515 2543 653 2574 Festinat
676 2545 806 2579 calidus,

60 2592 139 2619 eett.
159 2588 279 2619 calidus
299 2588 461 2620 redemtor.
479 2596 631 2628 manceps
647 2585 807 2628 (ἐργόλα-

61 2629 229 2704 ῧξέἑῃυί
243 2629 362 2703 ἰετὲὶάο
384 2628 490 2660 studio
512 2628 632 2676 insistit
641 2628 808 2701 tlaborjlbus

111 2683 122 2704 ι
162 2683 199 2709 u,
246 2683 288 2703 uo
340 2678 426 2703 certo
455 2677 555 2713 pretio
582 2681 638 2703 exs
655 2681 730 2702 rnen
755 2681 808 2701 um

63 2683 244 2747 conduxit?
260 2725 332 2757 sup.
343 2714 408 2746 Od.
420 2713 466 2750 iii,
480 2715 511 2749 1,
525 2715 579 2752 35,
595 2715 653 2744 hnc
658 2714 809 2755 frequens

65 2757 216 2789 Camarina
239 2759 373 2788 detuittit
397 2759 545 2788 redemtor·
575 2768 644 2787 cum
662 2756 810 2798 famulis,

63 2805 142 2832 cett.
187 2801 286 2832 Mutis
298 2801 486 2841 gerulisque.
502 2809 571 2841 pre,
587 2810 659 2831 cum
675 2800 766 2829 mulis
779 2803 812 2829 et

60 2844 192 2883 gemus.
243 2843 355 2874 Geruli
382 2848 458 2874 sunt
482 2841 594 2872 famuli
618 2841 667 2873 vel
699 2840 811 2882 bajuli,

64 2884 122 2926 qui
147 2884 325 2918 necessaria
350 2884 392 2916 ad
422 2884 643 2916 :edificandum
670 2893 813 2926 compor-

70 2932 152 2958 tani.

846 966 1038 1007 (trochlea).
1050 978 1114 1009 qua
1126 967 1260 1009 lapides,
1273 967 1391 1004 trabes,
1400 973 1432 999 et
1441 968 1504 1000 alia
1514 980 1593 1012 pon-

845 1010 920 1040 dera
942 1010 1118 1051 torquendo
1142 1010 1174 1041 in
1198 1010 1297 1041 altum
1322 1011 1526 1048 tollebantur,
1542 1013 1593 1044 in·

845 1058 965 1083 structa
980 1052 1077 1084 fuisse
1093 1052 1216 1084 videtur
1238 1059 1317 1088 rota.
1340 1059 1376 1084 ut
1398 1054 1534 1095 colligas
1553 1066 1593 1087 ex

848 1095 919 1126 loco
936 1095 1060 1126 Horatii
1079 1106 1149 1138 sup.
1165 1095 1228 1127 Od.
1244 1096 1289 1134 iii,
1308 1098 1359 1134 10,
1382 1097 1432 1134 10,
1452 1098 1499 1128 Ne
1521 1109 1594 1130 cur-

849 1145 934 1168 rente
948 1144 1014 1168 rota
1020 1138 1116 1180 fitnis
1131 1145 1179 1169 eat
1198 1145 1290 1170 retro.

891 1181 944 1212 74.
969 1181 1082 1212 Tristia
1104 1182 1244 1217 robustis,
1268 1187 1341 1213 cett.
1364 1192 1482 1224 pompa
1504 1183 1596 1216 sune-

846 1233 928 1257 rum.
947 1234 1018 1254 cum
1038 1223 1069 1254 in
1086 1223 1226 1265 plaustra
1244 1223 1326 1255 viam
1348 1224 1596 1258 intercludentia

846 1265 971 1301 incidit,
987 1276 1004 1297 e
1021 1266 1072 1297 via
1091 1266 1232 1297 cedendo
1255 1272 1286 1298 et
1308 1267 1498 1299 declinando
1520 1279 1594 1300 cum

846 1307 911 1338 illis
938 1308 1089 1339 luctatur.
1136 1309 1283 1345 Ramista,
1301 1310 1479 1352 grandiora,
1499 1311 1595 1343 firmi-

846 1359 901 1380 ora
916 1362 922 1380 :
949 1361 1017 1386 nos,
1035 1351 1228 1393 Lastwagen.

890 1393 942 1423 75.
967 1393 1037 1423 Hac
1052 1394 1268 1435 rabiosafugit
1280 1395 1376 1430 canis,
1388 1394 1484 1426 celeri
1500 1405 1594 1428 cursu

847 1434 977 1466 advolat
994 1441 1026 1466 et
1044 1441 1270 1478 praetereuntes
1285 1435 1373 1477 petit.
1419 1437 1492 1472 Pro,
1499 1439 1596 1479 fugit

849 1476 1007 1509 Codicum
1031 1479 1230 1520 quorundam
1260 1478 1446 1510 auctoritate
1473 1481 1536 1511 Fea
1562 1481 1595 1513 in

848 1524 969 1551 textum
1000 1520 1118 1563 recepit
1138 1522 1242 1562 furit,
1273 1522 1359 1562 quod
1389 1522 1479 1553 canis
1510 1523 1596 1556 rabie

849 1569 1012 1605 correptus
1036 1574 1098 1594 non
1112 1564 1239 1606 Jiigiat,
1260 1563 1316 1594 sed
1328 1564 1446 1605 furat.-
1471 1565 1526 1596 sed
1544 1567 1595 1598 vix

849 1615 950 1636 sermo
961 1606 1028 1647 jam
1043 1616 1112 1637 esse
1127 1612 1230 1648 potest
1244 1606 1284 1637 de
1298 1615 1378 1637 cane
1392 1609 1509 1638 rabioso
1524 1619 1596 1651 pro-

850 1648 918 1690 prie
934 1648 979 1679 sic
993 1648 1091 1686 dicto,
1106 1649 1196 1690 cujus
1218 1648 1363 1690 pestifero
1385 1650 1505 1681 morsui
1528 1662 1597 1682 raro

846 1695 968 1721 tantum
985 1690 1017 1722 in
1034 1690 1085 1721 via
1100 1697 1132 1722 et
1154 1690 1266 1732 plateis
1284 1691 1418 1732 expositi
1441 1698 1516 1723 sunt
1536 1693 1593 1724 ho-

846 1733 966 1768 mines;
992 1733 1054 1764 imo
1070 1734 1221 1764 Horatius
1244 1743 1300 1775 per
1321 1744 1426 1764 canem
1440 1737 1592 1767 rabiosum

846 1785 910 1806 non
937 1775 1036 1806 alium
1062 1775 1121 1806 nisi
1142 1786 1244 1807 acrem
1269 1781 1302 1806 et
1326 1775 1516 1813 mordacem,
1537 1780 1593 1819 qui

847 1828 919 1848 cum
934 1818 1051 1849 latratu
1064 1818 1097 1848 in
1112 1823 1336 1860 praetereuntes
1351 1818 1426 1854 ruit,
1439 1825 1471 1850 et
1482 1821 1523 1850 ab
1539 1820 1592 1852 iis-

846 1859 918 1891 dem
939 1860 1020 1892 suste
1043 1861 1188 1903 repulsus
1203 1860 1331 1902 refugit,
1347 1860 1531 1902 designasse
1548 1863 1593 1894 vi-

846 1902 948 1934 detur.
993 1903 1046 1934 Sic
1065 1904 1173 1934 leones
1194 1902 1265 1934 irati
1287 1903 1346 1933 inf.
1366 1904 1429 1934 393
1444 1904 1594 1936 dicuntur

846 1947 962 1977 rabidi.
1008 1945 1286 1983 Quemadmodum
1302 1951 1407 1977 autem
1422 1948 1519 1978 rabies
1533 1958 1593 1979 sae-

848 1988 920 2030 pius
935 1990 1083 2020 translate
1098 1989 1136 2020 de
1149 1988 1379 2020 vehementiore
1394 1987 1451 2025 ira,
1462 1989 1594 2032 impetu,

848 2031 949 2062 surore
974 2037 1051 2063 cett.
1077 2031 1135 2074 (de
1161 2031 1400 2062 mordacissima
1426 2031 1596 2064 dicacitate

848 2073 905 2105 inf.
927 2073 960 2105 in
984 2074 1087 2116 Epist.
1111 2075 1151 2105 ad
1171 2073 1239 2105 Pis.
1259 2084 1291 2104 v.
1311 2074 1365 2110 79,
1382 2074 1595 2107 Archilochum

845 2119 969 2156 proprio
990 2119 1088 2148 rabies
1107 2118 1238 2148 armavit
1260 2116 1387 2154 iambo),
1403 2117 1447 2148 ita
1468 2128 1595 2160 quoque

849 2160 983 2190 rabiosus
1005 2161 1047 2191 de
1069 2170 1107 2191 eo
1132 2170 1228 2200 quem
1252 2159 1467 2190 vehementior
1493 2160 1540 2192 ira
1561 2161 1594 2192 in

850 2201 984 2233 furorem
1015 2201 1092 2243 agit,
1122 2201 1257 2233 dicitur:
1295 2202 1411 2232 rabiosa
1434 2203 1596 2244 fortitudo

850 2243 935 2286 apud
951 2243 1020 2276 Cic.
1036 2245 1068 2275 in
1086 2245 1208 2282 Quaest.
1228 2245 1326 2275 Tusc.
1350 2243 1391 2279 iv.
1407 2246 1461 2282 22,
1478 2248 1597 2278 rabiosa

839 2289 956 2327 jurgia
972 2287 1056 2329 apud
1073 2288 1187 2319 Senec.
1203 2286 1236 2318 in
1253 2288 1351 2318 Herc.
1368 2288 1443 2318 Fur.
1459 2299 1488 2319 v.
1508 2290 1581 2320 172.

894 2330 1034 2361 76—78.
1058 2330 1078 2360 Ι
1091 2342 1191 2361 nunc.-
1212 2329 1255 2361 cf.
1268 2340 1341 2372 sup.
1357 2329 1397 2360 ad
1410 2330 1514 2373 Epist.
1530 2331 1551 2368 i,
1565 2333 1597 2369 6,

853 2373 903 2403 17.
957 2373 1099 2410 Cauaras,
1135 2372 1274 2403 suaviter
1307 2378 1468 2409 sonantes,
1506 2375 1598 2405 suavi

851 2421 947 2446 cantu
973 2415 1212 2454 demulcentes3
1237 2414 1282 2446 sic
1302 2425 1425 2457 cycnus
1445 2426 1515 2458 sup.
1533 2417 1598 2449 Od.

852 2457 886 2493 ii,
911 2459 966 2494 20,
995 2460 1046 2495 15,
1073 2461 1135 2490 ales
1158 2469 1310 2495 canonas,-
1335 2457 1399 2488 Od.
1424 2457 1446 2494 i,
1469 2460 1522 2495 12,
1543 2461 1596 2496 ll,

841 2501 924 2541 fides
939 2512 1068 2532 canorae.
1114 2501 1187 2532 Rite
1202 2502 1295 2531 cliens
1306 2500 1434 2536 Bacchi,
1446 2501 1597 2533 solemni-

853 2549 897 2574 ter
912 2542 992 2574 inter
1006 2543 1128 2575 Bacchi
1141 2543 1279 2574 asseclas
1291 2549 1443 2592 receptus.
1479 2545 1597 2583 Somno,

853 2586 971 2627 quiete,
987 2586 1050 2617 otio
1064 2598 1070 2616 ε
1097 2586 1140 2617 cf.
1155 2597 1226 2628 sup.
1243 2586 1347 2628 Epist.
1363 2597 1384 2622 1,
1400 2588 1432 2623 5,
1451 2588 1503 2618 10.

902 2629 954 2659 80.
995 2629 1160 2660 Contracta
1196 2630 1278 2669 sequi
1311 2631 1437 2671 vestigia
1467 2638 1569 2661 vatum
1587 2633 1599 2661 ?

854 2671 969 2702 Varias
984 2670 1142 2713 mirasque
1156 2671 1322 2707 lectiones,
1338 2682 1393 2713 pro
1409 2672 1490 2703 male
1506 2672 1599 2704 intel·

852 2713 935 2745 lecta
951 2713 1087 2745 lectione
1105 2720 1262 2745 contracta
1281 2713 1426 2745 inventas
1445 2716 1600 2757 prolatas-

853 2767 926 2798 que,
957 2767 1202 2788 commemorare
1236 2756 1315 2787 nihil
1346 2757 1481 2795 attinet;
1520 2758 1601 2789 bene

853 2799 936 2830 enirn
961 2809 994 2830 se
1018 2799 1113 2830 habet
1135 2798 1230 2830 lectio
1252 2805 1422 2835 contracta.
1440 2800 1602 2841 eleganter

854 2849 954 2884 poetae
972 2849 1108 2874 mentem
1125 2841 1318 2890 exprimens.
1355 2842 1499 2883 Vestigia
1514 2843 1602 2873 scili-

857 2890 907 2916 cet
932 2890 1106 2926 poetarum.
1128 2895 1196 2926 qui,
1216 2890 1252 2915 ut
1275 2883 1368 2915 modo
1393 2884 1514 2915 dictum
1544 2891 1603 2921 est,

858 2926 943 2958 urbis
960 2927 1123 2969 strepitum
1140 2926 1309 2967 fugientes,
1326 2927 1358 2957 in
1378 2927 1557 2957 nemoribus
1572 2932 1605 2956 et

112 2970 168 3002 73.
186 2969 300 3012 Ingens
314 2971 474 3002 machina:
495 2968 650 3011 ejusmodi
667 2968 816 3001 machina
859 2969 939 3001 locis
956 2969 1128 3007 umbrosis,
1154 2969 1208 3001 nbi
1233 2969 1376 3001 carmina
1401 2967 1604 3005 meditentur,
