1904 3314
325 210 410 250 402

860 187 1289 250 SATIRARUM

441 307 549 350 Ten’
568 308 730 363 lapides
751 310 889 350 varios
907 308 1116 350 lutulenta
1138 309 1288 350 radere
1309 308 1459 363 palma,

444 374 504 415 Et
525 375 679 428 Tyrias
700 374 802 415 dare
823 375 981 416 circum
1000 373 1116 415 illota
1137 373 1286 415 toralia
1305 381 1462 420 vestes,

358 440 413 480 85

443 439 651 489 Oblitum,
673 449 833 494 quanto
854 455 998 481 curam
1019 448 1286 493 sumtumque
1306 440 1510 480 minorem

445 505 555 547 Haec
575 506 776 556 habeant,
799 514 918 547 tanto
939 507 1139 560 reprendi
1154 507 1312 561 justius
1334 506 1429 552 illis,

446 572 558 619 Quae
578 573 659 613 nisi
678 573 881 614 divitibus
903 580 1116 627 nequeant
1137 573 1382 626 contingere
1404 571 1586 613 mensis?

445 637 588 679 Docte
609 639 717 687 Cati,
739 654 817 692 per
837 639 1059 680 amicitiam
1080 639 1301 691 Divosque
1322 644 1510 692 rogatus,

446 704 619 745 Ducere
641 719 707 746 me
728 706 934 754 auditum,
957 720 1110 759 perges
1131 719 1401 758 quocunque,
1422 710 1647 744 memento.

360 770 416 810 90

446 770 487 810 N
492 785 558 810 arn
578 771 768 824 quamvis
790 770 950 811 referas
971 772 1143 811 memori
1165 770 1266 810 mihi
1286 777 1461 823 pectore
1481 776 1648 818 cuncta,

444 835 548 877 Non
570 843 709 877 tamen
730 838 940 890 interpres
964 838 1212 878 tantundem
1227 837 1416 890 juveris:
1449 836 1560 876 adde

444 902 622 943 Vultum
643 904 919 957 habitumque
942 904 1144 951 hominis3
1177 917 1303 956 quem
1324 909 1371 942 tu
1390 902 1547 942 vidisse
1566 902 1719 942 beatus

443 969 546 1010 Non
567 971 707 1024 magni
728 971 893 1024 pendis,
916 970 1014 1023 quia
1035 970 1236 1022 contigit:
1269 975 1312 1009 at
1331 968 1434 1008 mihi
1453 982 1556 1009 cura

443 1035 547 1076 Non
568 1037 792 1076 mediocris
814 1037 938 1084 inest,
961 1036 1100 1076 fontes
1122 1043 1168 1075 ut
1189 1035 1306 1075 adire
1327 1041 1512 1075 remotos

443 1100 590 1156 Atque
612 1103 783 1143 haurire
804 1117 956 1157 queam
977 1103 1074 1142 vitae
1095 1107 1311 1155 praecepta
1331 1101 1482 1142 beatae.

924 1301 1159 1344 SATIRA
1191 1302 1246 1343 V.

443 1426 545 1467 Hoc
566 1440 753 1480 quoque,
776 1426 960 1474 Tiresia,
982 1432 1139 1479 praeter
1159 1431 1341 1473 narrata,
1363 1424 1526 1478 petenti

443 1492 680 1546 Responde
698 1509 706 1533 :
738 1492 896 1545 quibus
918 1492 1092 1532 amissas
1115 1505 1312 1543 reparare
1333 1504 1486 1543 queam
1504 1503 1573 1530 res

442 1558 625 1599 Artibus
646 1566 774 1612 atque
795 1557 944 1598 modis.

328 1677 504 1718 pavimenta
521 1677 623 1718 scopis
637 1677 858 1717 purgabantur,
875 1677 924 1707 vel
939 1676 1059 1706 sordem

329 1729 434 1749 seeum
452 1719 597 1752 traheret,
611 1719 661 1749 vel
677 1719 746 1749 loca
769 1718 896 1748 humida
918 1718 1058 1748 exsicca·

332 1766 388 1794 ret,
434 1760 482 1791 vel
527 1760 657 1790 lacunas
700 1760 869 1801 pavimenti
913 1760 1060 1801 expleret.

332 1803 484 1840 Quantus,
498 1800 592 1843 quarn
609 1812 722 1843 parvus
736 1808 768 1832 et
789 1801 941 1838 modicus,
957 1812 1059 1843 quan-

330 1844 430 1874 tillus,

374 1887 427 1916 83.
475 1885 707 1919 first—radere,
744 1890 819 1916 cett.
854 1885 981 1925 elegans
1017 1885 1063 1915 lo-

331 1927 447 1974 quendi
483 1927 572 1962 ratio,
610 1927 753 1957 Terentio
788 1927 943 1968 praecipue
971 1926 1060 1956 fami-

334 1968 437 1998 liaris:
459 1967 631 1999 infinitivus
653 1969 766 2009 pendet
781 1969 820 1999 ab
834 1968 986 2009 ejusmodi
1002 1969 1062 1999 fere

331 2008 432 2040 verbis
467 2010 605 2046 omissis;
643 2011 785 2045 decetne,
823 2010 947 2045 licetne,
975 2016 1062 2041 estne

332 2052 391 2086 fas,
407 2052 570 2093 probarinc
585 2057 696 2092 potest,
711 2057 799 2082 estne
814 2052 972 2088 credibile,
987 2058 1062 2083 cett.

336 2093 375 2123 Te
388 2095 506 2128 radere,
530 2103 599 2134 sup.
617 2093 638 2127 i,
661 2095 693 2128 9,
715 2094 768 2127 72,
795 2094 953 2124 Hunccine
976 2096 1063 2124 solem.

337 2135 407 2165 Tam
431 2136 554 2175 ‘nigrum
574 2145 693 2166 surrexe
715 2135 807 2165 mihi!
835 2136 947 2171 Varios,
971 2135 1062 2165 variis

331 2176 487 2207 coloribus
499 2176 673 2207 distinctos.

376 2220 430 2249 84.
467 2218 505 2248 Et
531 2219 648 2259 Tyrias,
671 2223 744 2248 cett.
769 2217 888 2258 junge:
924 2224 952 2248 et
976 2219 1060 2248 illota

334 2262 445 2291 toralia
460 2262 533 2290 dare
546 2263 660 2291 circum
675 2265 762 2290 vestes
779 2259 895 2299 Tyrias.
941 2259 1062 2289 Tot-alia

333 2307 407 2332 sunt
420 2308 546 2333 externa
561 2303 786 2342 integumenta,
803 2306 918 2332 vestem
940 2306 1060 2341 stragu-

333 2345 396 2374 lam
411 2343 469 2374 tori
484 2343 531 2374 vel
546 2343 618 2375 lecti
632 2343 809 2374 tricliniaris
825 2353 843 2372 a
858 2343 946 2373 sorde
962 2342 1062 2372 muni-

333 2385 429 2417 entia.
460 2386 476 2416 1
481 2387 564 2420 uota,
580 2395 711 2426 quorum
724 2385 890 2426 adspectus
905 2384 1063 2415 fastidium

334 2433 456 2464 movet;
489 2427 561 2458 hinc
585 2427 640 2457 ins.
663 2427 765 2468 Epist.
792 2427 814 2462 i,
840 2428 872 2462 5,
898 2427 951 2463 2¹,
977 2433 1063 2466 turpe

333 2469 448 2500 dicitur
463 2469 582 2500 illotum
601 2471 688 2499 toral.

376 2512 513 2543 85—87.
538 2511 681 2546 oblitum,
697 2516 819 2550 quanto,
840 2514 913 2540 cett.
935 2519 1061 2540 sensus:

334 2563 396 2584 non
421 2553 609 2594 cogitantem
643 2563 677 2584 ea
708 2563 779 2593 quae
810 2551 848 2581 ad
879 2551 1062 2582 munditiem

333 2601 487 2637 spectant,
503 2605 564 2635 quo
582 2594 728 2625 minorem
746 2603 851 2624 curam
866 2598 1063 2633 sumtumque

333 2636 501 2679 requirant,
517 2637 549 2666 in
563 2647 599 2667 eo
622 2637 782 2678 majorem,
805 2635 831 2665 si
856 2634 1062 2675 negligantur,

330 2677 597 2720 reprehensionem
620 2678 784 2711 incurrere,
807 2686 900 2718 quam
921 2677 946 2707 si
962 2677 1063 2707 desint

333 2721 387 2752 illa
412 2720 632 2762 pretiosissima
654 2720 815 2762 epularum
841 2728 964 2759 genera,
990 2729 1061 2759 quae

333 2773 395 2794 non
411 2762 470 2794 nisi
486 2762 518 2792 in
533 2762 662 2792 divitum
680 2761 794 2792 mensis
809 2759 923 2802 apponi
937 2766 1062 2802 queant.

374 2807 426 2837 89.
460 2805 620 2838 Auditum,
650 2814 695 2835 sc.
719 2808 873 2845 praecepta
897 2813 969 2843 quae
995 2802 1061 2843 jam

330 2845 492 2878 enarrasti.
538 2847 646 2887 Per-ges
661 2855 843 2886 quocunque,
866 2854 1057 2885 quacunque

330 2890 455 2920 tandem
479 2887 531 2919 via
549 2888 586 2918 ad
610 2898 693 2924 eum,
718 2885 809 2926 cujus
829 2896 940 2916 nomen
960 2886 1056 2921 celas,

327 2941 445 2973 perges.

1006 1557 1123 1603 Quid
1147 1556 1260 1597 rides
1273 1558 1289 1596 2

1337 1555 1365 1596 J
1368 1569 1488 1596 amne
1509 1554 1659 1597 doloso

1146 1676 1199 1711 91.
1237 1675 1293 1706 92.
1334 1675 1496 1713 Interpres,
1532 1673 1587 1715 qui
1623 1673 1714 1705 refert
1747 1675 1834 1716 quod

1103 1716 1235 1747 audivit.
1293 1717 1506 1756 Habinnamque.
1541 1726 1586 1748 se.
1612 1715 1759 1758 corporis,
1793 1717 1833 1748 sd

1103 1758 1285 1799 dignitatem
1302 1763 1333 1789 et
1349 1758 1530 1799 gravitatem
1552 1763 1708 1800 precepta
1731 1759 1835 1790 dantis

1103 1800 1277 1843 compositi.

1361 1882 1530 1914 SATIRA
1554 1883 1597 1914 V.

1149 1925 1295 1957 Horatius
1327 1925 1472 1966 Ulyssem
1500 1934 1572 1956 cum
1605 1923 1725 1956 Tiresia
1751 1935 1769 1956 a
1793 1926 1835 1957 ud

1104 1967 1218 1998 inferos
1246 1967 1485 2008 colloquentem,
1512 1972 1545 1998 et
1573 1976 1612 1998 ex
1643 1977 1690 2004 eo,
1719 1967 1773 2008 qui
1797 1977 1835 1998 us

1105 2009 1220 2040 artibus
1248 2009 1384 2051 perditas
1411 2019 1485 2050 opes
1519 2017 1699 2051 recuperare
1727 2009 1834 2051 possit,

1104 2057 1294 2091 quaerentem
1321 2050 1452 2081 inducit.
1495 2049 1642 2087 Tiresias,
1664 2049 1698 2081 id
1718 2050 1835 2092 optime

1104 2103 1158 2133 per
1174 2093 1368 2123 haereditates
1383 2092 1508 2123 callidis
1526 2093 1645 2123 artibus
1665 2093 1835 2134 captandas

1105 2134 1169 2164 fieri
1214 2145 1282 2165 osse
1309 2134 1507 2175 respondens.
1532 2134 1746 2165 Romanorum
1776 2134 1835 2164 mi-

1107 2185 1177 2222 sere-
1207 2183 1367 2216 epravatos
1381 2185 1480 2207 mores
1495 2175 1595 2217 carpit
1607 2181 1640 2207 et
1647 2182 1719 2207 ante
1727 2176 1835 2208 oculos

1127 2224 1204 2247 ornt-

1106 2228 1126 2258 Ρ
1150 2261 1179 2288 l.
1204 2259 1269 2288 Hoc
1290 2268 1413 2298 quoque.
1444 2258 1570 2294 Tiresia,
1588 2263 1662 2290 cett.
1685 2259 1835 2290 Horatius

1104 2299 1249 2330 lectorem
1274 2299 1306 2329 in
1332 2309 1395 2330 rem
1418 2299 1552 2330 mediam
1576 2300 1668 2341 rapit,
1688 2299 1834 2331 nimirum

1106 2341 1136 2371 in
1155 2341 1344 2382 colloquium
1363 2341 1490 2382 Ulyssis
1505 2351 1576 2372 cum
1591 2351 1676 2372 caeco
1695 2341 1750 2373 illo
1765 2348 1835 2374 vate

1106 2383 1266 2420 Thebano,
1282 2382 1411 2420 Tiresia,
1425 2383 1463 2414 de
1479 2388 1543 2414 arte
1557 2382 1727 2414 ditescendi
1743 2384 1832 2415 habi-

1106 2430 1183 2456 tum.
1234 2426 1317 2455 Ante
1338 2424 1447 2455 oculos
1469 2423 1583 2455 habuit
1607 2425 1778 2457 Homerum
1802 2426 1834 2457 iu

1107 2467 1222 2507 Odyss.
1238 2467 1281 2502 xi,
1302 2467 1371 2501 137.
1388 2466 1442 2496 ubi
1459 2465 1592 2497 Tiresias
1615 2467 1700 2514 apud
1720 2466 1834 2499 inferos

1107 2508 1277 2539 sciscitanti
1306 2507 1414 2549 Ulyssi
1450 2508 1584 2539 suturam
1617 2518 1686 2550 ejus
1722 2515 1834 2540 sortem

1107 2550 1216 2592 aperit.
1279 2550 1343 2580 Hoc
1378 2557 1650 2590 quoque,-——praeter
1684 2557 1832 2582 narrata:

1108 2593 1239 2633 Ulysses
1258 2592 1324 2632 jam
1351 2591 1390 2623 de
1420 2591 1490 2622 aliis
1518 2591 1609 2622 rebus
1636 2592 1835 2623 consuluerat

1104 2634 1266 2668 Tiresiam,
1283 2633 1344 2664 vid.
1371 2634 1497 2664 Homer.
1515 2633 1536 2664 l.
1550 2643 1580 2664 c.
1595 2642 1626 2663 v.
1642 2634 1685 2664 90
1701 2643 1785 2675 sqq..
1801 2639 1834 2665 et

1105 2687 1188 2707 nunc
1205 2676 1313 2706 transit
1329 2674 1368 2706 ad
1385 2685 1494 2706 novam
1509 2685 1572 2706 rem
1588 2675 1628 2706 ab
1645 2673 1700 2706 illo
1722 2675 1832 2718 exqui-

1104 2718 1241 2749 rendam.

1146 2762 1179 2790 3.
1206 2761 1287 2794 Quid
1307 2760 1405 2790 vides?
1431 2757 1532 2789 risisse
1555 2757 1677 2789 videtur
1697 2758 1832 2790 Tiresias

1105 2803 1144 2833 de
1172 2801 1343 2836 hominum,
1371 2810 1532 2841 nunquam
1559 2806 1640 2831 sorte
1666 2809 1723 2831 sua
1755 2811 1831 2831 oon·

1101 2849 1267 2879 tentorum,
1283 2842 1420 2883 ingenio.
1466 2841 1596 2883 Ulysses
1609 2841 1706 2876 enim.
1721 2842 1776 2882 qui
1797 2842 1831 2873 in

1099 2885 1279 2916 dulcissima
1293 2894 1360 2926 spe,
1374 2894 1407 2915 se
1420 2883 1504 2915 brevi
1519 2884 1559 2914 ad
1573 2893 1646 2914 suos
1661 2882 1831 2915 rediturum

1100 2938 1178 2964 esse,
1204 2925 1400 2968 acquiescere
1425 2925 1568 2963 debebat,
1593 2935 1676 2956 nunc
1698 2930 1778 2957 artes
1798 2931 1831 2956 et
