1904 3314
652 207 878 251 LIBER
916 207 1052 265 11,·6.

1539 209 1626 252 409

87 311 170 354 105
201 311 468 355 Permissum
487 311 682 360 arbitrio,
705 311 798 352 sine
819 310 1023 352 sordibus
1044 315 1245 351 exstrue:
1279 309 1409 352 funus

202 380 395 436 Egregie
418 380 576 422 factum
595 378 746 420 laudet
767 378 934 420 vicinia.

999 377 1047 418 Si
1068 378 1166 432 quis

201 447 333 490 Forte
353 447 631 491 cohaeredum
653 447 796 488 senior
818 444 926 487 male
951 445 1118 494 tussiet,
1141 445 1243 486 huic
1266 452 1315 486 tu

200 515 302 565 Dic,
324 531 380 558 ex
400 523 524 572 parte
546 522 621 556 tua
642 529 718 556 seu
741 513 865 555 fundi
887 513 977 554 sive
998 507 1152 554 domus
1175 514 1232 554 sit

201 583 371 634 Emtor,
392 583 655 639 gaudentem
675 596 848 623 nummo
871 589 913 623 te
935 581 1154 622 addicere.

1218 579 1307 622 Sed
1329 597 1399 624 me

86 651 169 693 110
197 651 434 708 Imperiosa
455 651 588 694 trahit
610 650 897 705 Proserpina:
930 650 1040 699 vive,
1062 647 1258 702 valeque.

675 884 916 926 SATIRA
947 885 1029 927 VI.

198 1027 304 1069 Hoc
325 1035 419 1070 erat
440 1029 483 1070 in
505 1029 616 1070 votis
634 1044 643 1070 :
674 1029 830 1070 modus
853 1030 947 1084 agri
969 1044 1054 1070 non
1077 1029 1138 1070 ita
1158 1044 1357 1085 magnus,

198 1095 371 1138 Hortus
393 1098 468 1139 ubi
489 1105 532 1138 et
554 1105 670 1139 tecto
694 1098 858 1139 vicinus
875 1099 994 1153 jugis
1017 1113 1142 1153 aquae
1163 1098 1275 1149 fons,

199 1163 262 1205 Et
282 1164 459 1220 paulum
481 1163 598 1206 silvae
621 1180 752 1220 super
772 1165 840 1206 his
863 1165 991 1206 foret.

677 1233 798 1274 Bene
820 1241 887 1275 est
906 1236 915 1275 ἱ
948 1233 1056 1274 nihil
1077 1232 1261 1288 amplius
1283 1248 1374 1283 oro,

199 1230 265 1273 Di
283 1232 434 1274 melius
456 1232 612 1275 fecere.

1053 1163 1242 1206 Auctius
1265 1171 1396 1220 atque

140 1298 168 1340 5
197 1298 319 1340 Maia
338 1307 454 1350 nate,
475 1301 557 1341 nisi
578 1308 627 1342 ut
647 1302 827 1356 propria
847 1301 942 1343 haec
964 1302 1069 1343 mihi
1090 1317 1269 1343 munera
1290 1302 1417 1343 faxis.

199 1366 248 1408 Si
267 1382 411 1423 neque
431 1368 637 1423 majorem
660 1368 745 1410 feci
765 1369 933 1410 ratione
954 1368 1066 1410 mala
1087 1383 1191 1418 rem,

195 1434 295 1478 Nec
317 1450 412 1477 sum
432 1435 627 1477 facturus
649 1436 753 1478 vitio
774 1435 956 1490 culpave
978 1436 1211 1487 minorem3

80 1545 283 1584 illacrimare,
307 1546 475 1579 illacrima.
520 1549 677 1583 Audieris.
704 1559 766 1580 non
790 1559 830 1580 ex

81 1600 134 1622 ore
155 1589 337 1622 moribundi
359 1591 484 1633 (statim
506 1591 589 1623 enim
614 1591 830 1634 subjungitur,

79 1644 190 1676 sparge
211 1635 349 1671 subinde,
372 1633 456 1676 Ergo
478 1645 561 1665 nunc
592 1635 693 1665 Dama
719 1636 831 1666 sodalis

84 1676 244 1718 Nusquam
279 1683 322 1708 eat
334 1675 365 1717 2)
397 1676 452 1707 sed
483 1682 590 1718 aperto
625 1682 828 1709 testamento.

87 1718 177 1750 Unde
207 1719 295 1756 mihi,
327 1719 452 1762 supple,
487 1729 622 1755 sumam,
656 1721 831 1762 exquiram,

83 1762 216 1804 parabo,
254 1762 428 1794 inveniam.
473 1762 688 1798 Heindorfius,
728 1763 831 1805 posita

81 1810 155 1847 post
167 1811 248 1846 potes
260 1805 479 1840 distinctione,
495 1805 684 1836 illacrimare
699 1816 755 1847 pro
772 1805 829 1836 im-

82 1848 223 1890 perativo
250 1847 380 1890 accipit,
406 1847 536 1879 laudato
562 1849 707 1890 exemplo
736 1848 830 1880 Cice-

82 1889 170 1921 ronis
193 1890 251 1932 (de
274 1891 352 1922 Nat.
376 1891 420 1922 D.
443 1890 488 1929 iii,
508 1891 569 1930 33)
593 1892 776 1923 illacrimari
798 1892 832 1923 in

82 1932 183 1964 forma
198 1933 385 1976 deponentis
401 1933 463 1965 usi.
502 1933 660 1975 Equidem
674 1945 746 1966 vero
763 1940 833 1976 post

80 1975 271 2008 illac-rimare
305 1981 388 2008 recte
422 1976 644 2018 imperativum
678 1979 832 2009 illacrima

82 2027 122 2050 su
146 2017 225 2061 pleri
241 2029 333 2068 posse
347 2019 508 2051 existiuio.
554 2020 640 2051 Nam
660 2020 692 2051 in
714 2031 831 2052 sermo-

84 2029 180 2092 uilius
202 2072 259 2104 qui
281 2061 475 2094 familiariter
496 2062 678 2099 miscentur,
701 2064 832 2095 verbum

81 2103 226 2147 aliquod,
249 2111 288 2136 ut
309 2115 393 2148 saepe
419 2106 504 2148 apud
530 2106 726 2142 Terentium,
755 2107 832 2138 data

82 2156 180 2188 opera
207 2157 267 2180 nec
297 2147 365 2180 sine
398 2147 428 2179 vi
455 2148 563 2190 aliqua
593 2148 714 2180 reticeri
741 2150 830 2186 solet,

83 2189 170 2232 quod
192 2200 212 2222 a
233 2190 346 2233 quovis
362 2191 458 2223 facile
485 2191 625 2233 suppleri
648 2198 764 2234 potest,
785 2193 832 2224 uti

82 2232 178 2264 modo
187 2233 220 2266 in
231 2244 324 2266 versu
335 2234 534 2277 praecedente
546 2235 674 2266 verbum
687 2234 829 2277 aliquod,

83 2284 105 2307 a
118 2285 184 2318 quo
195 2276 333 2320 pendent
345 2277 516 2308 accusativi
520 2276 641 2319 Jbrtem
653 2284 685 2310 et
690 2279 830 2319 fidelem,

82 2319 295 2362 supplendum
309 2325 388 2352 erat.

130 2362 203 2394 104.
241 2362 297 2394 Est
335 2362 462 2394 Gaudia
496 2364 672 2403 prodentem
709 2365 830 2395 vultum

78 2404 199 2441 ulan:
223 2405 296 2479 gest,
316 2405 405 2445 ἔστι)
426 2405 535 2437 licebit
556 2406 752 2438 lacrimando
775 2409 829 2450 (tu

154 2447 198 2479 ris
243 2447 444 2489 aerimando)
476 2448 575 2479 animi
610 2449 754 2481 laetitiam
789 2451 829 2482 de

104 2490 264 2523 nuditate
280 2491 314 2523 in
331 2491 420 2522 vultu
435 2502 615 2534 expressam
631 2493 802 2524 occultare.

126 2534 198 2566 105.
225 2534 298 2566 Sine
323 2536 479 2566 sordibus.-
506 2535 574 2566 sine
603 2535 727 2567 sordida
755 2546 828 2567 ava-

83 2574 156 2609 ritia
165 2588 176 2616 ς
197 2576 364 2620 splendide
379 2577 476 2618 igitur
491 2585 523 2608 et
537 2577 716 2618 magnifice.

126 2619 201 2652 107.
220 2620 306 2651 Male
322 2623 436 2656 tmsiet,
455 2620 541 2651 mala
556 2620 651 2651 tussis
665 2621 750 2652 enim
767 2632 831 2652 non

0 2668 6 2694 ὲ
57 2670 159 2714 *raro-
177 2662 366 2706 propinquae
394 2663 501 2694 mortis
528 2662 624 2694 index
650 2670 718 2695 est:
749 2666 829 2695 mala

82 2712 172 2737 num
193 2705 279 2748 apud
301 2705 424 2738 Catull.
447 2706 524 2743 xliv,
549 2707 589 2745 75
614 2716 670 2737 nos
692 2717 831 2748 quoque,

79 2749 130 2780 ein
144 2749 226 2780 b‘dser
240 2748 372 2780 Husten.

125 2792 309 2824 107—109.
333 2792 418 2823 Huic
434 2798 469 2823 tu
486 2791 743 2828 Dic—addicere,
755 2803 827 2824 sen·

75 2837 155 2873 sus:
180 2833 256 2866 huic
278 2840 314 2866 tu
336 2834 401 2871 dic,
425 2840 468 2870 te,
489 2834 555 2866 sive
576 2835 630 2866 ille
655 2835 741 2866 fundi
763 2836 829 2868 sive

75 2875 194 2911 'donus
213 2887 254 2909 ex
274 2883 331 2909 tua
352 2877 546 2909 haereditatis
565 2877 707 2920 portione
730 2884 830 2910 emtor

81 2927 152 2953 else
172 2919 248 2952 velit
271 2919 489 2964 (gaudentem)
509 2927 632 2963 promto
655 2927 832 2963 paratoque

82 2961 191 2996 animo
211 2964 300 3004 (nos,
320 2966 376 2995 mit
403 2964 605 3006 Ver-gaiigen)
629 2964 657 2995 ei
681 2963 832 2995 vilissimo

80 3003 184 3048 pretio
212 3005 359 3039 addicere
386 3007 482 3039 velle.
527 3006 697 3049 Ejusmodi
723 3008 831 3043 emtio,

875 1559 948 1590 quae
972 1559 1082 1591 reapse
1109 1553 1177 1580 erat
1202 1547 1344 1584 donatio,
1369 1547 1475 1579 oblato
1502 1561 1624 1581 nummo

875 1591 1054 1634 (sestertio)
1068 1598 1136 1623 rata
1150 1597 1182 1623 et
1195 1592 1286 1622 firma
1296 1591 1410 1623 fiebat:
1435 1591 1499 1623 vid.
1516 1593 1628 1625 Bentl.

875 1645 946 1677 sup.
963 1635 1002 1666 ad
1019 1636 1087 1666 Sat.
1104 1635 1127 1670 i,
1145 1637 1176 1670 4,
1196 1636 1247 1666 14.

920 1679 993 1709 110.
1034 1678 1198 1717 Imperiosa
1238 1677 1445 1717 Proserpina:
1493 1677 1625 1709 Umbrae

876 1720 1000 1752 scilicet
1026 1730 1063 1751 ex
1100 1721 1185 1751 Orco
1220 1719 1253 1750 in
1288 1719 1391 1750 lucem
1426 1719 1549 1751 emissae
1585 1730 1625 1751 ex

875 1762 1006 1805 imperio
1032 1773 1124 1794 saevae
1150 1762 1350 1805 Proserpina—2
1376 1761 1463 1793 dicta
1489 1762 1565 1794 hora
1589 1762 1624 1793 in

877 1806 998 1837 Orcum
1010 1805 1111 1837 redire
1127 1804 1300 1837 debebant.

1122 1890 1298 1922 SATIRA
1322 1890 1386 1922 VI.

923 1933 1088 1970 Hei-atim,
1098 1944 1172 1965 cum
1185 1933 1214 1964 ei
1229 1932 1427 1975 contigisset,
1439 1932 1524 1974 quod
1535 1942 1625 1964 max-

877 1977 939 2008 ime
975 1977 1008 2007 in
1042 1976 1124 2007 votis
1157 1976 1323 2014 habuerat,
1359 1975 1503 2006 modicus
1536 1985 1623 2016 ager,

877 2020 996 2056 hortus,
1014 2025 1046 2051 et
1060 2019 1192 2061 paulum
1210 2019 1310 2055 silvae,
1327 2028 1361 2050 se
1381 2028 1478 2054 nunc,
1495 2028 1568 2060 quae
1583 2019 1625 2051 ad

875 2062 949 2094 vitae
961 2062 1198 2106 jucunditatem
1215 2066 1370 2104 spectent,
1382 2060 1496 2092 habere
1507 2061 1627 2100 omnia,

877 2111 965 2146 grato
981 2106 1087 2136 animo
1100 2105 1274 2148 profitetur.
1312 2104 1475 2135 Decantat
1485 2103 1580 2145 igitur
1591 2104 1627 2136 in

877 2149 938 2180 hoc
949 2148 1088 2180 carmine
1099 2148 1210 2179 laudes
1219 2147 1291 2179 vitae
1304 2147 1443 2183 rusticae,
1453 2153 1485 2178 et
1497 2158 1626 2186 causas,

877 2202 916 2223 ex
944 2191 1060 2234 quibus
1090 2191 1155 2222 vita
1180 2190 1299 2223 rustica
1322 2189 1416 2231 longe
1440 2190 1562 2222 urbana
1586 2191 1629 2222 sit

871 2234 1057 2276 jucundior,
1072 2240 1145 2266 ante
1160 2234 1270 2265 oculos
1285 2232 1387 2276 ponit.

921 2278 1017 2308 1—3.
1040 2277 1149 2308 Modus
1166 2279 1236 2319 agri
1247 2289 1306 2307 non
1320 2279 1364 2308 ita
1376 2286 1519 2316 magnus,
1529 2275 1625 2318 cujus

874 2321 1013 2352 ambitus
1028 2331 1091 2351 non
1108 2331 1245 2361 magnae,
1261 2319 1317 2351 sed
1331 2319 1455 2360 exiguae
1468 2329 1625 2350 mensurae

874 2370 934 2395 est.
971 2364 994 2394 J
997 2366 1063 2406 agis
1080 2375 1175 2404 aquae,
1191 2363 1310 2405 jugiter
1324 2361 1462 2397 fluentis,
1478 2361 1626 2404 perennis

873 2416 979 2448 aquae,
1002 2413 1039 2438 ut
1061 2406 1119 2437 inf.
1137 2407 1241 2448 Epist.
1264 2405 1288 2443 i,
1312 2407 1364 2440 15,
1389 2406 1449 2443 173
1472 2405 1518 2436 sic
1531 2407 1626 2447 jugis

873 2461 954 2491 aqna
974 2451 1013 2481 de
1035 2459 1120 2491 aqua
1136 2449 1276 2485 fontana,
1293 2448 1380 2491 apud
1397 2448 1476 2480 Sall.
1493 2447 1525 2478 in
1545 2448 1613 2489 Jug

874 2503 945 2534 cap.
971 2494 1025 2524 90.
1071 2493 1169 2533 Super
1198 2493 1263 2523 his.-
1293 2492 1404 2523 Schol.
1431 2491 1546 2533 Cruq.,
1573 2492 1624 2522 in-

873 2546 975 2576 super,
989 2542 1135 2576 praeterea
1146 2547 1157 2573 ,-
1181 2535 1236 2566 sed
1258 2535 1399 2570 fortasse,
1415 2544 1508 2576 super
1523 2534 1625 2571 horto,

875 2583 969 2614 tecto,
985 2584 1018 2609 et
1031 2579 1140 2617 fonte3
1164 2578 1242 2608 villa
1257 2577 1343 2609 enim
1360 2576 1485 2608 Horatii
1501 2577 1533 2607 in
1549 2586 1625 2618 agro

877 2621 996 2652 Sabino
1013 2621 1075 2652 sita
1091 2621 1151 2652 suit
1171 2621 1204 2651 in
1223 2621 1304 2652 valle
1320 2620 1482 2651 montibus
1498 2620 1624 2658 cincta;

872 2663 951 2695 hinc
975 2675 1005 2695 v.
1031 2665 1082 2700 16,
1106 2664 1190 2706 Ergo
1212 2665 1264 2694 ubi
1284 2675 1330 2694 me
1352 2666 1384 2694 in
1408 2670 1519 2694 montes
1539 2670 1567 2693 et
1592 2665 1624 2693 in

875 2717 975 2738 arcem
992 2718 1026 2738 ex
1045 2709 1119 2738 urbe
1142 2709 1264 2743 removi,
1279 2712 1313 2738 et
1327 2706 1386 2738 inf.
1410 2706 1512 2748 Epist.
1532 2705 1554 2742 i,
1573 2706 1625 2742 16,

873 2752 905 2783 5,
929 2750 1078 2781 Continui
1095 2757 1218 2787 montes,
1236 2752 1296 2781 nisi
1316 2751 1517 2781 dissocientur
1533 2759 1626 2789 opaca

878 2793 975 2824 Valle.

916 2837 948 2867 5.
972 2837 1062 2867 Maia
1079 2842 1170 2866 nate.-
1194 2834 1377 2866 Mercurius
1393 2834 1479 2866 enim
1496 2835 1626 2874 (parens

874 2880 948 2920 lyrae
970 2890 1083 2914 curvet,
1107 2889 1180 2921 sup.
1206 2877 1271 2909 Od.
1294 2877 1317 2914 i,
1340 2879 1392 2914 10,
1416 2877 1455 2917 6)
1478 2876 1627 2918 praesidio

876 2932 933 2953 suo
949 2928 1058 2964 poetas
1075 2921 1179 2960 sovet3
1202 2921 1285 2952 unde
1302 2927 1402 2963 poetae
1417 2930 1488 2961 sup.
1511 2918 1576 2950 Od.
1593 2917 1628 2954 ii,

877 2966 930 3002 17,
947 2966 1002 3002 30,
1020 2967 1082 2996 viri
1099 2965 1303 2996 Mercuriales
1324 2969 1490 2994 vocantur.
1535 2959 1626 2991 Idem

877 3014 912 3040 ut
940 3010 1030 3040 dator
1062 3010 1207 3039 bonorum
1237 3010 1464 3047 imperatorum
1496 3002 1627 3045 (δώτωρ
