1884 3288
290 201 637 245 PRAEFATIO
670 198 1007 242 EDITIONIS
1042 199 1382 243 SECUNDAE.
1535 201 1611 243 xix

0 368 3 370 μ
69 315 147 357 sed
182 330 328 372 operae
359 315 547 371 pretium
578 314 724 356 facere
758 314 975 356 videntur.
1037 313 1141 355 Huc
1172 313 1355 364 accedit,
1388 314 1506 368 quod
1535 316 1608 371 ju-

0 379 5 438 ’,
65 407 210 444 venes,
238 394 314 448 qui
343 393 638 435 commentarii
664 392 846 448 alicujus
874 407 957 434 usu
983 407 1054 434 res
1075 393 1119 433 in
1139 391 1326 447 publicis
1350 392 1510 435 scholis
1530 394 1607 435 im-

63 470 276 513 bibendas
299 472 391 527 jam
416 478 758 527 praegustarunt,
779 471 915 514 multo
943 470 1112 513 facilius
1141 486 1193 512 ea
1218 486 1317 526 quae
1341 487 1367 513 a
1388 473 1604 527 magistris

63 549 289 601 docentur,
311 550 598 602 illustrantur,
620 552 878 606 probantur,
900 551 1219 606 improbantur,
1237 558 1281 592 et
1298 565 1353 592 ex
1370 551 1606 593 reconditae

62 629 274 672 doctrinae
305 629 512 672 thesauro
548 631 881 686 depromuntur,
913 645 1084 686 capere,
1118 630 1374 686 intelligere,
1412 638 1457 672 et
1491 645 1606 673 com-

61 707 195 764 plecti
219 715 405 764 possunt
435 710 751 752 animo.—Nec
781 718 926 752 tamen
957 725 1040 766 ego
1072 711 1286 753 tironibus
1319 718 1502 761 tantum,
1526 712 1606 753 sed

61 787 191 829 etiam
211 786 304 829 aliis
321 787 498 830 Horatii
512 789 750 831 lectoribus
769 789 939 844 scripsi,
957 804 1057 844 quae
1074 788 1141 831 vel
1157 789 1214 831 ad
1230 790 1508 844 impeditiora
1529 804 1604 832 ex-

60 866 294 922 pedienda,
325 867 394 909 vel
423 868 480 909 ad
512 868 824 909 sententiarum
858 868 1112 910 sciteinter
1153 883 1198 910 se
1239 867 1605 912 conciliandarum

58 961 219 988 nexum
240 946 638 998 demonstrandum,
660 946 729 988 vel
750 947 806 988 ad
826 954 970 1002 poetae
986 947 1168 989 virtutes
1191 954 1235 989 et
1253 962 1432 990 veneres
1455 948 1605 990 obser-

56 1026 220 1068 vandas
249 1033 293 1069 et
319 1027 461 1069 animo
486 1026 808 1083 percipiendaS,
832 1025 899 1067 vel
922 1026 979 1068 ad
1000 1027 1234 1068 verborum
1261 1026 1602 1082 significationes

56 1112 175 1148 recte
214 1107 488 1162 accipiendas
530 1112 792 1162 spectarent.
859 1105 1074 1147 Horatius
1116 1106 1230 1147 enim
1270 1114 1338 1148 est
1379 1114 1511 1162 poeta
1550 1108 1602 1159 is,

56 1199 187 1240 quem
205 1186 299 1236 viri,
322 1187 398 1242 qui
418 1187 475 1228 ob
495 1201 566 1229 res
587 1186 803 1242 gerendas
823 1185 893 1228 vel
913 1186 970 1228 ob
1002 1185 1143 1228 officia
1163 1192 1206 1227 et
1232 1186 1410 1241 negotia
1431 1187 1515 1229 sibi
1538 1187 1603 1228 in-

49 1264 205 1320 juncta
242 1280 331 1307 non
373 1265 556 1320 amplius
595 1280 750 1307 vacare
790 1271 977 1320 possunt
1019 1264 1306 1319 scriptoribus
1347 1279 1458 1318 quos
1499 1263 1601 1307 olim

53 1342 271 1399 legerunt,
311 1343 494 1399 abjectis
536 1345 692 1386 ceteris
732 1344 947 1394 omnibus,
990 1350 1196 1398 tanquam
1233 1343 1601 1398 jucundissimum

54 1423 155 1464 vitae
177 1427 268 1464 suae
288 1423 488 1465 comitem
507 1423 711 1473 retinent,
740 1437 839 1465 eum
868 1423 912 1464 in
941 1422 1038 1464 sinu
1065 1430 1254 1478 gestant,
1277 1437 1375 1465 cum
1401 1438 1469 1473 eo,
1492 1438 1601 1478 quo-

54 1502 311 1557 tiescunque
346 1501 510 1557 aliquid
546 1502 624 1544 otii
662 1507 884 1558 suppetat,
925 1500 1193 1542 familiariter
1222 1508 1469 1550 versantur,
1501 1515 1600 1544 cum

53 1581 208 1624 eodem
227 1581 507 1624 rusticantur.
568 1581 776 1623 Fortasse
797 1580 930 1636 igitur
950 1579 1018 1621 his
1043 1594 1218 1635 quoque
1243 1579 1365 1621 haud
1391 1580 1528 1621 noxia
1555 1588 1599 1622 et

44 1660 302 1716 perniciosa
332 1661 415 1702 erit
447 1660 543 1702 haec
571 1675 597 1701 a
619 1675 686 1702 me
717 1661 762 1701 in
787 1659 1010 1715 publicum
1042 1659 1199 1700 emissa
1228 1658 1404 1700 Horatii
1432 1659 1597 1711 editi0;

51 1754 134 1782 nec
154 1739 252 1783 talis
276 1739 476 1796 profecto
503 1741 596 1782 visa
626 1747 694 1782 est
725 1739 964 1789 Britannis,
997 1739 1072 1794 qui
1103 1754 1197 1781 eam
1228 1738 1349 1780 haud
1375 1739 1598 1795 indignam

53 1827 333 1870 censuerunt,
355 1835 454 1875 quae
475 1819 710 1861 invidenda
730 1817 1064 1873 magnificentia,
1084 1818 1198 1872 typis
1216 1817 1595 1873 splendidissimis,

52 1906 96 1939 et
122 1898 167 1940 in
192 1897 344 1940 charta
372 1898 643 1948 nitidissima,
672 1904 716 1938 et
740 1898 917 1952 quidem
944 1911 1032 1938 uno
1055 1904 1187 1945 t0m0,
1210 1886 1435 1939 commode
1458 1905 1597 1941 totum

51 1975 287 2018 Horatium
307 1991 405 2017 cum
435 1975 586 2017 Indice
617 1975 882 2026 continente,
907 1975 1100 2016 Londini
1130 1982 1406 2031 repeteretur
1430 1983 1474 2018 et
1499 1977 1598 2019 Bri-

51 2063 280 2098 tannorurn
299 2055 499 2097 manibus
521 2061 751 2097 tereretur.

108 2134 342 2178 Variarum
386 2134 620 2177 lectionum
666 2134 928 2190 farraginem
978 2134 1168 2189 adjicere
1220 2133 1354 2186 nolui,
1401 2136 1502 2190 quia
1551 2137 1595 2180 in

51 2214 223 2256 edendo
254 2213 458 2264 Horatio,
491 2221 540 2255 ut
568 2215 660 2269 jam
690 2214 735 2255 in
764 2207 904 2269 prima
933 2212 1191 2268 praefatione
1221 2213 1449 2268 professus
1483 2231 1592 2266 sum,

50 2295 264 2338 rationem
296 2295 491 2351 inprimis
526 2294 664 2336 habui
699 2293 901 2344 tironum,
933 2308 1119 2348 quorum
1148 2293 1222 2333 vix
1251 2308 1365 2335 unus
1402 2302 1446 2335 et
1485 2294 1596 2337 alter

50 2375 190 2416 varias
210 2373 418 2416 lectiones
441 2374 669 2430 inspicere,
691 2373 853 2415 nedum
873 2373 917 2414 in
936 2373 987 2414 iis
1010 2372 1302 2428 dijudicandis
1328 2380 1372 2415 et
1401 2373 1595 2430 deligen-

51 2454 119 2496 dis
140 2454 335 2496 exerceri
356 2451 481 2495 solet.

107 2533 244 2581 Quod
264 2533 321 2575 ad
342 2532 538 2574 Indicem
558 2530 809 2574 Verborum
830 2538 874 2572 et
895 2531 1135 2573 Nominum
1156 2531 1326 2582 attinet,
1348 2546 1446 2573 cum
1467 2532 1592 2574 intel-

49 2611 267 2662 lexissem,
299 2626 441 2667 neque
481 2619 648 2653 certum
678 2611 875 2653 ordinem
904 2611 948 2652 in
979 2626 1030 2653 eo
1072 2611 1313 2666 digerendo
1356 2619 1587 2663 servatum,

50 2707 193 2747 neque
228 2692 272 2733 in
301 2706 399 2733 eum
430 2691 682 2746 recipienda
708 2698 888 2746 recepta
917 2706 1031 2741 esse,
1053 2706 1211 2733 novum
1235 2690 1364 2748 plane
1394 2691 1590 2734 Iudicem

51 2771 225 2813 duobus
246 2770 483 2826 juvenibus
511 2770 691 2812 AEmilio
716 2770 911 2812 Braunio
939 2778 984 2812 et
1014 2770 1134 2813 Frid.
1159 2771 1280 2813 Guil.
1309 2771 1497 2827 Regelio
1519 2771 1591 2825 (de

50 2864 236 2905 quorum
254 2848 400 2900 laude,
423 2856 508 2891 tam
526 2850 728 2906 egregiiS,
752 2865 862 2905 quos
884 2850 928 2891 in
948 2851 1161 2892 bonarum
1177 2850 1419 2892 litterarum
1435 2850 1590 2892 studiis

50 2928 263 2980 fecerunt,
302 2928 627 2985 progressibus,
668 2943 798 2983 quam
837 2928 1034 2971 honestis
1075 2936 1118 2971 et
1158 2929 1421 2984 incorruptis
1462 2927 1591 2983 plane
