1884 3288
501 469 1057 530 EPODON
1151 465 1610 528 LIBER.

889 793 1158 836 CARMEN
1191 795 1226 836 Ι.

739 965 825 995 AD
882 963 1382 995 MAECENATEM.

533 1069 630 1122 Issls
652 1082 857 1123 Liburnis
877 1084 987 1123 inter
1008 1081 1091 1123 alta
1112 1082 1296 1130 navium,

646 1148 811 1198 Amice,
833 1148 1170 1204 propugnacula,

534 1215 716 1256 Paratus
738 1231 861 1257 omne
883 1215 1066 1256 Caesaris
1088 1213 1324 1269 periculum

646 1281 815 1331 subire,
838 1282 1071 1330 Maecenas,
1093 1283 1201 1322 tuo?

477 1348 504 1387 5
534 1348 654 1394 Quid
675 1350 786 1388 nos?
815 1349 988 1402 quibus,
1011 1355 1066 1397 te,
1089 1348 1189 1396 vita,
1214 1348 1249 1387 si
1270 1348 1516 1402 superstite,

645 1414 862 1464 Jucunda,
886 1414 921 1454 si
942 1420 1102 1462 contra,
1125 1414 1299 1467 gravis?

552 1543 751 1574 CARMEN
776 1544 804 1573 Ι.

355 1585 434 1616 Cum
458 1586 497 1616 ad
526 1595 574 1620 ea,
596 1585 629 1616 in
655 1586 768 1626 quibus
790 1595 870 1615 verae
897 1583 1043 1614 amicitiae

310 1627 386 1658 fides
420 1633 620 1668 spectaretur,
650 1626 754 1658 referri
781 1637 905 1667 quoque
934 1626 1046 1656 soleret

311 1676 449 1709 promtus
477 1675 664 1710 paratusque
691 1669 738 1698 vel
765 1669 797 1698 in
824 1667 1045 1698 remotissimas

310 1716 407 1741 terras
421 1712 555 1741 amicum
571 1710 739 1741 comitandi
756 1711 878 1740 animus
894 1710 953 1751 (cf.
972 1720 1043 1750 sup.

310 1751 344 1788 ii,
369 1754 400 1788 6,
424 1759 453 1783 et
472 1752 515 1782 ibi
534 1752 637 1793 not.);
660 1752 815 1793 ejusmodi
838 1752 1046 1789 occasionem,

311 1805 374 1835 qua
405 1795 575 1826 Maecenati
604 1795 695 1825 fidem
726 1805 815 1825 suam
846 1794 878 1824 in
911 1794 1047 1824 amicitia

311 1837 467 1878 probaret,
493 1837 609 1878 cupide
632 1837 796 1878 amplexus
819 1842 867 1867 est
887 1835 1047 1867 Horatius.

311 1878 484 1909 Maecenati
500 1889 610 1920 nempe
630 1880 696 1919 jam
718 1878 750 1909 id
772 1879 887 1918 agenti,
910 1885 956 1912 ut,
976 1878 1044 1908 Au-

311 1926 435 1961 gustum
453 1920 485 1950 in
501 1921 582 1951 bello
597 1927 703 1951 contra
717 1921 890 1951 Antonium
906 1928 936 1951 et
951 1921 1044 1951 Cleo-

311 1968 431 2003 patram
461 1968 634 1999 secuturus,
666 1963 889 1997 Brundusium,
922 1972 983 2003 quo
1013 1972 1046 1993 se

313 2009 437 2034 naiores
451 2010 482 2034 et
501 2005 653 2044 equestris
672 2004 834 2044 dignitatis
849 2003 907 2034 viri
926 2004 1046 2035 evocati

311 2045 435 2076 fuerant
465 2046 545 2087 (vid.
574 2046 636 2076 Dio
666 2047 688 2083 l,
725 2045 794 2085 ll),
819 2057 852 2077 se
874 2047 1047 2083 conferret;

313 2094 415 2129 poem,
445 2097 489 2123 se,
518 2087 662 2128 quamvis
696 2089 791 2130 probe
820 2098 950 2129 gnarum
981 2088 1046 2118 exi-

313 2139 407 2201 fuam
424 2129 498 2166 fore,
513 2140 605 2170 quam
620 2130 785 2170 praesentia
805 2140 861 2160 sua
881 2130 909 2160 ei
931 2130 962 2160 in
980 2130 1047 2160 bel-

329 2182 380 2202 um
397 2171 603 2212 proficiscenti
625 2178 769 2212 praestare
787 2171 894 2213 possit,
911 2182 1048 2212 operam,

315 2218 432 2250 tamen,
455 2223 526 2244 cum
545 2212 656 2243 nullibi
675 2213 742 2244 sine
757 2224 793 2244 eo
810 2214 984 2255 jucundam
1002 2213 1047 2243 vi-

314 2260 377 2285 tam
402 2265 492 2295 agere
519 2255 626 2296 possit,
652 2261 684 2285 et
713 2266 789 2286 suus
817 2257 855 2286 de
884 2266 920 2286 eo
947 2261 1049 2286 metus

316 2297 414 2328 multo
434 2297 535 2327 minor
553 2297 584 2327 in
604 2296 672 2338 ejus
693 2298 843 2328 comitatu
858 2297 980 2328 futurus
997 2297 1048 2334 sit,

317 2338 387 2369 sorti
402 2339 506 2370 animo
520 2350 573 2380 per
595 2349 702 2370 omnes
724 2345 819 2370 terras
841 2339 881 2369 ad
904 2339 1047 2370 ultimum

316 2390 421 2412 earum
448 2391 549 2421 nsque
571 2381 737 2411 terminum
760 2381 849 2412 illum
871 2387 1047 2412 secuturum

315 2433 395 2458 esse,
410 2423 593 2453 mollissimo
607 2423 701 2453 animi
714 2426 806 2454 sensu*
820 2423 966 2454 declarat.
1009 2425 1048 2454 In

317 2475 381 2506 quo
401 2465 527 2506 quidem
550 2471 641 2506 capto
659 2465 791 2496 consilio
812 2476 850 2496 ne
873 2465 949 2496 forte
971 2465 1051 2496 lucri

318 2506 422 2537 studio
445 2507 558 2537 ductus
579 2517 646 2538 esse
669 2507 822 2543 videatur,
847 2507 1050 2550 αὐτάρκειαν

318 2558 406 2579 suam
423 2548 592 2584 laudando,
608 2554 637 2580 et
654 2559 687 2580 se
708 2550 747 2580 ab
770 2549 855 2580 omni
871 2549 1049 2581 divitiarum

319 2590 566 2631 colligendarum
597 2591 699 2622 studio
730 2591 955 2622 alienissimum
983 2603 1050 2623 esse

317 2633 499 2675 profitendo,
525 2632 729 2673 integerrimae
755 2633 898 2664 amicit}
926 2634 1049 2666 laudem

320 2674 380 2705 sibi
395 2674 545 2705 vindicat.
585 2676 728 2706 Ceterum
741 2675 767 2706 si
777 2686 882 2706 verum
896 2682 955 2714 est,
965 2676 1051 2718 quod

319 2717 491 2748 Massonus
512 2716 546 2746 in
572 2717 648 2748 Vita
677 2717 799 2748 Horatii
820 2718 963 2750 evincere
985 2723 1049 2749 stu-

319 2758 398 2789 duit.
434 2759 644 2790 Maecenatem
679 2769 762 2789 anno
799 2771 954 2795 nccxxn,
988 2771 1050 2802 quo

343 2810 428 2842 ugna
443 2800 484 2831 ad
500 2801 625 2831 Aetium
639 2801 804 2832 commissa
819 2807 876 2837 est,
889 2802 959 2833 urbi
973 2813 1051 2844 prae-

332 2849 435 2874 ectum
459 2842 567 2878 fuisse,
587 2843 679 2873 illum
704 2852 722 2872 a
746 2843 944 2884 perficiendo,
967 2845 1051 2886 quod

318 2884 451 2927 primum
465 2893 602 2927 ceperat,
618 2884 750 2915 consilio
764 2885 877 2916 deinde
895 2892 1048 2918 retentum

319 2936 383 2958 esse
398 2928 597 2960 statuendum
613 2932 671 2963 est.
707 2928 757 2958 De
773 2926 974 2969 inscriptione
989 2929 1047 2959 hu-

1082 1542 1136 1582 jus
1159 1542 1230 1572 libri
1256 1542 1391 1581 Εῃοάὀη,
1415 1540 1481 1572 sive
1501 1540 1541 1571 ab
1565 1541 1696 1572 Horatio
1715 1541 1780 1573 sive
1799 1552 1820 1574 a

1087 1583 1300 1614 Grammatico
1329 1583 1436 1624 aliquo
1472 1582 1622 1624 profecta,
1654 1583 1736 1615 unde
1763 1584 1821 1615 illa

1087 1626 1184 1667 petita
1202 1625 1304 1661 fuerit,
1321 1631 1352 1656 et
1371 1635 1432 1665 quo
1450 1635 1542 1656 sensu
1564 1625 1747 1673 accipienda
1768 1626 1820 1663 sit,

1089 1678 1150 1698 non
1166 1667 1300 1709 amplius
1315 1667 1431 1708 ambigi
1445 1672 1556 1709 potest.
1594 1667 1722 1699 Scilicet
1734 1668 1819 1699 Iam-

1088 1710 1195 1744 borum
1230 1709 1637 1745 inventon‘Ai-chilochus.
1667 1709 1821 1751 ejusmodi

1089 1762 1215 1793 quoque
1239 1752 1415 1782 lamborum
1445 1761 1541 1792 genus
1565 1751 1720 1782 iuvenisse
1741 1752 1821 1783 dici-

1088 1801 1140 1824 tur
1164 1794 1245 1834 (vid.
1272 1793 1434 1824 Plutarch.
1457 1793 1496 1824 de
1518 1794 1635 1824 Music.
1653 1804 1686 1835 p.
1708 1795 1820 1832 1141),

1089 1846 1167 1877 quos
1183 1835 1330 1877 ἐπῳδοὺς
1346 1835 1527 1877 appellaret,
1544 1835 1620 1877 quia
1639 1835 1672 1866 in
1690 1835 1767 1872 illis,
1785 1841 1822 1867 ut

1089 1878 1261 1909 Diomedes
1291 1889 1322 1919 p.
1353 1879 1415 1909 482
1449 1877 1542 1918 (edit.
1580 1876 1731 1918 Putseh.)
1766 1878 1822 1916 ait,

1088 1931 1226 1951 versuum
1252 1926 1354 1960 partes
1379 1920 1431 1960 (h.
1458 1930 1487 1950 e.
1517 1929 1623 1950 versus
1651 1919 1823 1960 breviores)

1090 1964 1230 2003 legitimis
1255 1970 1283 1993 et
1313 1964 1439 2004 integris
1466 1962 1595 1992 versibus
1623 1960 1821 2004 ὲπᾷὂονται,

1091 2005 1122 2034 h.
1145 2015 1173 2035 e.
1198 2004 1394 2039 accinuntur,
1417 2003 1478 2039 vel,
1501 2009 1537 2034 ut
1558 2003 1764 2045 Hephaestion
1782 2005 1822 2036 de

1090 2047 1186 2077 Metr.
1202 2058 1232 2088 p.
1249 2047 1301 2082 70,
1320 2046 1394 2078 edit.
1414 2046 1524 2076 Pauw.
1542 2045 1644 2081 docet,
1663 2045 1749 2078 ὅταν
1766 2058 1822 2088 με·

1091 2088 1185 2130 γάλῳ
1196 2089 1301 2129 στίχῳ
1312 2087 1471 2130 περιττόν
1482 2099 1514 2118 τι
1523 2086 1727 2129 ἐπιφέρηται.
1747 2089 1764 2120 J
1772 2098 1823 2119 am

1090 2141 1161 2161 vero
1177 2141 1249 2161 cum
1265 2131 1331 2172 ipse
1349 2130 1495 2161 Horatius
1507 2129 1688 2161 Archilochi
1703 2140 1736 2161 se
1750 2130 1821 2171 imi7

1092 2177 1220 2203 tatorem
1239 2173 1417 2214 profiteatur
1437 2171 1559 2213 (Epist.
1581 2171 1602 2209 i,
1623 2173 1674 2208 19,
1689 2173 1743 2210 23,
1758 2173 1823 2204 Pa-

1092 2216 1151 2244 rios
1166 2226 1218 2254 ego
1235 2217 1351 2253 prim-us
1371 2213 1486 2244 lambos
1501 2214 1625 2244 Ostendi
1641 2214 1742 2252 Latio,
1761 2226 1821 2245 nu-

1092 2267 1182 2286 meros
1209 2259 1375 2296 animosque
1402 2262 1519 2286 secutus
1551 2256 1733 2293 Archilochi,
1763 2268 1823 2288 ‘non

1092 2309 1138 2328 res
1157 2305 1185 2328 et
1207 2300 1328 2339 agentia
1348 2299 1436 2328 verba
1456 2296 1722 2337 Lycamben),*hic
1745 2298 1824 2330 liber

1093 2340 1223 2381 EpodOn
1243 2346 1346 2371 autem
1369 2339 1438 2380 ejus
1456 2339 1612 2380 juvenilia
1632 2339 1774 2382 inprimis
1793 2346 1826 2372 et

1091 2382 1342 2413 maledicentiora
1351 2381 1488 2412 carmina
1497 2380 1657 2413 contineat
1665 2393 1673 2420 ;
1685 2382 1824 2423 profecto

1091 2435 1195 2454 eorum
1219 2423 1384 2458 sententia.
1410 2423 1464 2464 qui
1486 2422 1588 2464 ipsum
1613 2423 1668 2455 illa
1692 2423 1733 2455 nd
1761 2425 1823 2456 Ar-

1091 2465 1230 2497 chilochi
1252 2466 1428 2508 exemplum
1447 2465 1556 2496 latiore
1577 2475 1670 2497 sensu
1689 2466 1824 2508 Epodon

1092 2507 1291 2550 inscriptione
1313 2513 1377 2538 tam
1399 2506 1610 2548 insignivisse,
1626 2517 1721 2550 quam
1743 2509 1823 2550 pub-

1093 2549 1217 2586 licasse,
1233 2549 1422 2584 existimant,
1441 2559 1585 2590 magnam
1599 2549 1738 2581 veritatis
1753 2560 1824 2592 spe.

1093 2592 1172 2623 ciem
1210 2603 1249 2623 rae
1265 2603 1297 2623 se
1312 2592 1388 2622 ferre
1404 2591 1542 2623 videtur:
1565 2591 1671 2623 confer
1684 2592 1824 2628 omnino,

1094 2645 1164 2675 quae
1203 2641 1271 2666 octe
1286 2635 1325 2666 de
1340 2634 1434 2675 hujus
1455 2633 1526 2664 libri
1542 2633 1744 2676 inscriptione
1759 2634 1825 2665 dis.

1093 2677 1214 2718 putavit
1228 2677 1279 2708 Cl.
1297 2676 1505 2716 Boettigerus.

1140 2720 1232 2750 1—4.
1257 2719 1317 2750 Ibis
1335 2719 1481 2750 Liburnis
1501 2719 1581 2748 inter
1601 2719 1667 2749 alta
1688 2720 1824 2764 navium,

1094 2766 1168 2792 cett.
1188 2771 1317 2792 sensus:
1340 2770 1453 2800 ergone
1473 2765 1590 2791 certum
1610 2765 1669 2795 est,
1689 2765 1732 2796 te,
1746 2759 1824 2792 ami·

1093 2802 1218 2834 cissime
1247 2804 1421 2837 Maecenas,
1451 2811 1616 2833 commune
1644 2811 1716 2833 cum
1752 2802 1822 2832 Au-

1094 2850 1184 2885 gusto
1207 2845 1240 2875 in
1265 2854 1371 2886 pugna
1394 2843 1498 2875 navali
1522 2844 1695 2885 periculum
1720 2844 1824 2875 subire

1092 2892 1247 2928 paratum,
1277 2897 1371 2918 naves
1398 2885 1551 2917 Liburnus
1578 2895 1822 2918 conscensurum

1091 2934 1124 2960 et
1155 2930 1243 2961 inter·
1268 2927 1492 2973 formidabilem
1524 2927 1660 2960 hostium
1688 2928 1822 2960 classem
