1884 3288
653 165 963 209 CARMEN
996 167 1036 208 5.

657 391 940 441 CARMEN
971 397 1030 441 V.

465 549 523 580 IN
559 547 848 581 CANIDIAM
883 549 1232 582 VENEFJCAM.

307 669 395 722 AT,
418 685 444 712 o
466 669 663 712 Deorum
684 670 899 726 quidquid
920 672 964 713 in
984 670 1096 714 coelo
1118 673 1232 727 regit

480 737 645 780 Terras
668 745 711 780 et
731 739 968 782 humanum
990 743 1152 796 genus!

308 805 430 854 Quid
453 806 534 848 iste
555 806 640 848 fert
662 806 908 849 tumultus?
940 815 1015 850 aut
1037 809 1143 863 quid
1166 809 1356 851 omnium

476 873 639 917 Vultus
659 875 704 916 in
724 890 860 917 unum
881 891 948 917 me
969 883 1114 919 truces
1131 879 1147 919 ἲ

246 942 274 984 5
306 940 392 984 Per
411 940 574 984 liberos
597 950 654 994 te,
679 943 715 984 si
736 949 889 984 vocata
909 944 1124 998 partubus

479 1010 649 1052 Lucina
669 1011 782 1052 veris
804 1010 958 1060 adfuit,

70 1130 217 1160 rostrata,
244 1122 280 1156 h.
306 1133 336 1155 e.
359 1128 459 1155 rostra
483 1123 611 1155 navium
637 1123 725 1165 gravi
753 1123 822 1155 aeris

71 1167 211 1209 pondere
225 1165 361 1198 munita.
407 1167 556 1198 Latrones
574 1173 666 1208 atque
686 1169 823 1198 servilem

70 1221 208 1241 marcum.
251 1209 331 1240 Pom
355 1208 396 1241 eii
417 1220 531 1252 nempe
552 1210 722 1246 exercitus,
746 1221 822 1241 con-

71 1257 120 1284 tra
135 1262 228 1295 quem
251 1221 478 1284 debeiiandum
503 1252 701 1284 Octavianus
726 1254 768 1285 U.
785 1254 823 1284 C.

73 1305 233 1328 nccxvxn
255 1295 414 1337 profectus
434 1301 493 1331 est,
509 1296 681 1326 maximam
705 1301 823 1337 partem

70 1342 139 1370 tum
161 1348 201 1370 ex
222 1337 334 1380 piratis
349 1343 381 1370 et
402 1338 500 1370 servis
515 1338 657 1379 undique
679 1339 824 1370 collectis

70 1381 256 1413 constabat:
279 1380 344 1413 vid.
367 1380 432 1412 Dio
457 1380 556 1419 xlviii,
578 1382 644 1420 20;
670 1380 754 1413 Flor.
778 1382 821 1417 iv,

72 1424 117 1456 8:
140 1423 183 1457 cf.
197 1423 256 1456 inf.
271 1423 316 1462 ix,
331 1425 366 1461 9,
387 1425 437 1456 10.

205 1538 208 1539 γ
310 1509 516 1542 CARMEN
542 1510 585 1542 V.

115 1550 170 1583 Ad
186 1552 334 1595 probrosa
347 1552 405 1584 illa
425 1553 578 1589 carmina,
596 1551 714 1595 quibus
730 1561 820 1585 vetu-

70 1594 174 1626 larum
196 1605 318 1627 amores
341 1595 519 1638 petulanter
544 1595 694 1627 Horatius
718 1595 820 1628 insec-

69 1641 158 1670 tatus
181 1644 242 1675 est,
305 1639 399 1670 rtinet
422 1637 566 1680 inprimis
589 1638 661 1674 hoc,
677 1638 762 1681 quod
789 1639 822 1670 in

70 1681 149 1713 anili
173 1681 255 1714 Cani
279 1681 318 1713 iae
344 1680 476 1712 libidine
498 1681 694 1712 diffamanda
718 1692 821 1713 versa-

71 1728 134 1756 tur.
177 1725 206 1756 E
221 1724 342 1763 multis,
357 1735 438 1766 quos
458 1723 630 1756 insolenter
645 1724 722 1755 olim
741 1730 823 1756 trac-

71 1771 156 1800 tasse
181 1767 305 1799 videtur
332 1767 482 1805 Canidia,
506 1767 712 1804 amatoribus,
741 1778 824 1798 unus

71 1813 208 1849 tutum,
223 1815 259 1842 ut
273 1816 365 1853 poeta
382 1815 497 1847 narrat,
513 1810 543 1842 ei
557 1810 687 1842 relictus
708 1810 821 1846 fuerat¹

70 1852 227 1885 ridiculus
260 1853 386 1885 scilicet
415 1853 543 1895 quidam
578 1863 676 1885 senex
712 1854 822 1890 Varus,

70 1901 102 1927 et
118 1895 170 1928 hic
193 1896 261 1939 ipse
275 1896 338 1928 alia
351 1896 446 1928 simul
461 1902 565 1929 scorta
588 1903 724 1927 sectans.
769 1897 821 1928 Ab

71 1937 122 1970 bis
145 1939 242 1981 igitur
263 1949 338 1971 cum
353 1939 420 1981 ejus
445 1939 587 1971 animum
605 1949 668 1970 uon
685 1945 822 1972 avertere

27 1988 33 1993 ³
70 1987 177 2024 posset
197 1982 316 2019 ἴοι-ωε,
339 1992 438 2024 quam
464 1989 540 2014 aetas
565 1982 749 2018 abstulerat,
775 1982 821 2014 le-

71 2025 212 2064 nocinio,
234 2025 275 2057 ad
299 2030 398 2057 artem
423 2025 592 2066 magicam,
617 2035 680 2067 qua
704 2025 732 2056 ei
757 2026 822 2056 vim

70 2066 200 2106 faceret,
215 2068 386 2109 confugere
408 2068 548 2100 debebat
561 2068 692 2099 libidine
716 2067 822 2100 furens

71 2109 222 2143 Canidia.
269 2112 367 2150 Hinc,
389 2111 454 2143 sive
478 2111 540 2142 ista
563 2121 582 2142 a
606 2111 823 2153 superstitiosa

69 2152 165 2228 plebe
186 2165 259 2186 vere
279 2165 336 2197 pro
351 2155 492 2186 venetica
514 2154 634 2191 habita,
653 2154 730 2190 sive,
747 2164 820 2196 quae

18 2234 19 2237 Ἰ
93 2206 132 2229 oc
155 2197 282 2230 nomine
303 2197 492 2234 differretur,
510 2197 608 2239 digna
630 2203 731 2239 poetae
755 2198 822 2229 visa

0 2264 15 2274 v.
69 2237 178 2278 fuerit.
201 2240 351 2276 nefanda,
374 2251 447 2282 quae
470 2240 590 2272 furiosa
612 2250 694 2271 anus
718 2239 759 2271 ad
783 2240 820 2271 li-

0 2293 37 2318 b„
70 2281 211 2322 bidinosi
235 2283 320 2315 senis
346 2283 488 2314 animum
513 2283 574 2314 sibi
597 2283 653 2314 uni
678 2283 820 2314 devinci-

1 2311 44 2366 i
68 2325 189 2361 ndum
218 2326 451 2370 perpetraverit,
475 2331 663 2358 enarrantur
692 2326 726 2358 in
758 2326 818 2358 hoc

6 2361 37 2420 g
69 2368 210 2403 firmine
232 2369 365 2402 scelera.
411 2370 452 2400 In
477 2369 596 2412 quibus
621 2380 693 2400 cum
718 2380 819 2401 unum

7 2418 46 2450 ⁹3
70 2411 165 2456 proci
250 2412 415 2445 atrocitate
439 2418 602 2455 superaret
624 2418 731 2444 cetera
752 2423 819 2444 om-

71 2453 137 2493 nia,
184 2456 353 2488 orrendum
386 2465 499 2498 nempe
528 2455 609 2487 illud
637 2456 820 2494 consilium,

10 2503 49 2536 <23⁴³ss
68 2506 140 2542 ψ
162 2497 227 2531 ista
248 2509 288 2531 ex
312 2498 400 2541 pueri
425 2498 569 2540 ingenui,
591 2499 674 2530 same
701 2500 818 2535 enecti,

13 2539 215 2596 Ἰ’ἒερ-,ῃρῐίιιὶῑι
231 2546 264 2574 et
274 2541 382 2584 jecore
399 2541 652 2574 efficacissimum
669 2542 820 2583 philtrum

10 2583 227 2622 *afflare
248 2584 439 2624 instituerit3
462 2584 559 2627 hujus
573 2585 670 2616 totius
685 2584 727 2616 rei
753 2595 820 2616 sce-

7 2629 148 2671 {Qun
167 2626 203 2661 in
219 2627 282 2660 hoc
305 2627 445 2660 carmine
468 2633 682 2670 repraesentat.
703 2633 735 2660 et
756 2629 820 2660 Ca-

21 2668 86 2692 ⁴²*-
115 2676 185 2697 ’ἰν-ιι
225 2680 317 2703 sacra
347 2673 473 2712 magica
508 2681 583 2702 cum
616 2670 718 2702 tribus
751 2670 823 2702 aliis

52 2710 282 2754 ministris,
297 2714 437 2755 Sagana,
457 2713 552 2750 Veia,
566 2719 599 2745 et
614 2713 714 2750 Folia,
732 2713 822 2745 ador-

60 2759 203 2802 subm
226 2755 370 2796 inducit,
394 2757 485 2790 adest
504 2767 594 2799 puer,
608 2761 641 2788 et
660 2767 734 2787 cum
755 2766 822 2788 ma-

16 2819 22 2843 t
38 2796 143 2841 fifh
155 2798 218 2832 tibi
233 2810 252 2832 a
266 2799 406 2833 Canidia
425 2800 528 2843 parari
549 2810 587 2832 ex
603 2799 684 2831 truci
704 2799 775 2842 ejus
790 2799 824 2831 in

10 2829 227 2906 ’ἐᾷυῂριᾶιο
241 2842 331 2875 vultu
353 2842 591 2881 animadvertit,
602 2853 686 2879 eam,
704 2848 741 2874 ut
763 2842 824 2874 sibi

14 2884 197 2930 'sm
209 2895 266 2929 per
284 2896 394 2918 omnes
412 2886 489 2918 deos
511 2891 600 2928 rogat
622 2891 654 2918 et
668 2885 824 2923 obsecrat,

13 2925 290 2972 ,enarrasti-n!
338 2929 478 2962 Canidia
500 2929 653 2961 miserum.
676 2939 822 2971 puerum,

77 2975 228 3014 mu
250 2971 282 3004 ei
302 2971 445 3015 derepta,
465 2972 618 3010 denudat,
642 2982 733 3004 sacra
757 2982 823 3004 ma-

866 1123 937 1164 gica
962 1130 1104 1167 apparat,
1130 1129 1163 1156 et
1186 1124 1283 1161 varia,
1309 1134 1381 1167 quae
1407 1124 1446 1156 iis
1475 1124 1619 1158 adhiberi

867 1167 1024 1203 solebant,
1042 1167 1173 1199 accendi
1194 1167 1299 1209 jubet.
1344 1168 1470 1208 Sagana
1488 1168 1618 1200 domum

866 1209 992 1248 lustrat,
1008 1217 1039 1242 et
1055 1210 1136 1242 Veia
1151 1211 1294 1242 scrobem
1310 1210 1433 1249 effodit,
1449 1222 1512 1253 quo
1528 1223 1619 1254 puer,

867 1252 908 1284 ad
931 1259 1074 1284 mentum
1097 1263 1200 1295 usque
1223 1250 1268 1284 ita
1289 1253 1440 1291 infossus,
1464 1260 1500 1285 ut
1523 1265 1622 1297 appo-

868 1296 945 1326 sitas
967 1296 1065 1338 dapes
1080 1296 1184 1327 videre
1200 1296 1340 1337 quidem,
1358 1307 1416 1328 nec
1438 1302 1543 1328 tamen
1565 1308 1620 1329 eas

868 1338 1021 1380 attingere
1042 1344 1158 1380 posset,
1174 1339 1207 1369 in
1228 1339 1337 1381 philtri
1356 1339 1509 1371 miscendi
1526 1350 1619 1371 usum

867 1380 950 1412 fame
981 1386 1098 1423 pereat.
1144 1382 1216 1412 Nec
1244 1381 1333 1412 deest
1358 1381 1432 1413 huic
1458 1392 1619 1413 sacrorum

867 1423 1062 1464 magicorum
1090 1423 1356 1455 administrationi
1380 1425 1480 1461 Folia,
1502 1425 1621 1457 famosa

862 1466 979 1509 pariter
1001 1472 1066 1498 tum
1086 1466 1235 1510 temporis
1254 1466 1405 1498 venefica.
1452 1469 1530 1499 Mox
1553 1469 1618 1500 Ca-

863 1509 949 1541 nidia
966 1509 1121 1541 horrendo
1143 1509 1282 1541 carmine
1298 1520 1401 1541 rerum
1424 1511 1618 1552 magicarum

864 1554 1007 1589 numina,
1039 1553 1175 1584 Noctem
1209 1559 1241 1584 et
1276 1554 1432 1590 Hecaten,
1463 1555 1618 1597 appellat,

864 1605 994 1638 easque,
1025 1601 1061 1627 ut
1092 1597 1215 1628 Varum
1244 1595 1305 1626 sibi
1341 1596 1515 1632 adducant,
1546 1608 1618 1640 pre-

865 1644 966 1670 catur.
1012 1640 1085 1676 Quo
1106 1649 1169 1669 non
1186 1638 1331 1670 veniente
1355 1639 1540 1680 indignatur
1563 1641 1620 1672 illa

865 1682 905 1712 de
920 1691 1002 1712 vano
1023 1681 1247 1713 incantationis
1269 1691 1337 1712 suae
1357 1689 1484 1718 eventu,
1501 1689 1531 1714 et
1551 1684 1619 1714 effi-

866 1724 1022 1756 caciorem
1054 1723 1147 1754 istam
1176 1735 1215 1755 ex
1245 1724 1334 1767 pueri
1362 1725 1467 1765 jecore
1495 1731 1528 1756 et
1552 1736 1617 1757 me-

867 1766 956 1798 dulla
992 1767 1238 1808 comparandam
1274 1766 1434 1809 potionem
1470 1769 1621 1801 minatur.

867 1810 953 1841 Puer
974 1809 1111 1845 interim,
1128 1810 1218 1841 nulla
1240 1811 1290 1840 sui
1306 1810 1507 1842 miseratione
1524 1822 1618 1843 vene·

867 1853 942 1884 ficas
971 1853 1059 1894 tangi
1084 1853 1236 1891 sentiens,
1263 1852 1348 1884 diras
1375 1853 1523 1884 veneficis
1550 1854 1620 1885 istis

866 1897 1070 1938 imprecatur,
1095 1906 1176 1937 quas
1200 1896 1267 1938 ipse
1294 1901 1386 1938 poeta
1412 1896 1558 1928 Canidiae
1586 1897 1618 1928 in

866 1939 926 1970 hoc
942 1939 1081 1970 carmine
1098 1940 1327 1981 imprecaturus
1343 1943 1422 1970 erat.

914 1983 1030 2013 1—10.
1064 1982 1148 2013 Puer
1172 1982 1268 2017 mala,
1293 1991 1365 2022 quae
1387 1981 1448 2012 sibi
1472 1980 1619 2014 immine-

867 2030 935 2063 ant,
954 2034 1180 2067 expavescens,
1200 2025 1233 2055 in
1253 2025 1322 2056 haec
1343 2025 1437 2056 verba
1459 2025 1618 2067 erumpit:

868 2070 922 2102 At,
937 2080 953 2098 o
968 2069 1089 2098 deorum
1108 2069 1256 2108 quidquid
1275 2069 1308 2098 in
1323 2069 1395 2099 coelo
1410 2069 1490 2109 regit
1508 2068 1620 2100 Terras

866 2117 896 2142 et
912 2111 1081 2142 humanum
1095 2111 1212 2152 genus!
1235 2110 1268 2142 h.
1287 2121 1317 2141 e.
1336 2115 1380 2146 at,
1398 2121 1454 2153 per
1469 2110 1546 2142 deos
1561 2111 1620 2142 im-

864 2154 1026 2192 mortales,
1049 2154 1125 2195 quid
1150 2153 1210 2185 sibi
1230 2154 1299 2185 vult
1324 2153 1375 2184 hic
1401 2154 1620 2187 tumultuosus

865 2197 1060 2239 apparatus!
1095 2198 1244 2238 quidquid
1275 2199 1410 2234 deorum,
1445 2203 1521 2228 nota
1556 2195 1621 2230 ele-

865 2241 986 2282 gantia,
1015 2250 1081 2282 pr0,
1107 2250 1218 2271 omnes
1245 2239 1310 2271 dii:
1339 2239 1409 2270 Liv.
1438 2239 1485 2275 iii,
1510 2241 1565 2276 25,
1591 2249 1621 2273 et

865 2285 1016 2324 quidquid
1040 2285 1171 2315 deorum·
1188 2290 1255 2321 est;
1280 2283 1363 2314 idem
1389 2282 1423 2321 ii,
1450 2284 1503 2321 35,
1529 2286 1621 2324 qnid-

863 2329 938 2368 quid
965 2333 1104 2367 patrum,
1132 2337 1198 2369 pro,
1226 2336 1336 2358 omnes
1363 2332 1476 2368 patres.
1523 2326 1622 2359 Plura

864 2369 927 2401 vid.
943 2370 1030 2411 apud
1046 2370 1212 2401 Drakenb.
1226 2370 1267 2401 ad
1284 2369 1356 2401 Liv.
1372 2370 1412 2400 T.
1434 2368 1475 2407 iv,
1491 2379 1525 2412 p.
1544 2371 1620 2402 675.

868 2413 1054 2450 Tumultus;
1080 2412 1207 2444 videbat
1220 2412 1306 2444 enim
1328 2412 1360 2444 in
1379 2413 1471 2444 rebus
1487 2412 1622 2454 magicis

865 2455 1057 2498 apparandis
1090 2456 1154 2487 huc
1187 2461 1219 2487 et
1253 2456 1332 2487 illuc
1366 2456 1538 2487 discurrere
1567 2467 1622 2488 ve-

865 2500 994 2530 neficas.
1039 2500 1104 2530 Aut
1133 2500 1220 2539 quid.
1247 2509 1294 2531 sc.
1326 2498 1387 2531 sibi
1413 2499 1535 2530 volunt.
1580 2500 1618 2531 In

863 2553 973 2578 unum,
990 2552 1035 2573 sc.
1061 2543 1227 2579 conversi;
1252 2542 1387 2584 abrupta
1408 2541 1507 2573 oratio
1530 2552 1619 2581 egre·

865 2584 915 2625 gie
937 2585 976 2616 ad
993 2584 1083 2628 pueri
1099 2585 1364 2627 perturbationem
1379 2584 1620 2627 exprimendam

866 2627 1020 2660 adornata
1053 2635 1113 2659 est.
1162 2629 1224 2659 Per
1256 2629 1383 2659 liberos:
1415 2628 1496 2660 bene
1531 2629 1621 2670 pueri

867 2670 1009 2702 animum
1037 2670 1166 2708 doloris,
1198 2681 1293 2714 quem
1323 2677 1470 2714 parentes
1497 2671 1560 2714 (cf.
1587 2683 1618 2704 v.

869 2713 959 2754 101)-
978 2714 1018 2746 de
1055 2714 1127 2755 ejus
1163 2713 1294 2746 interitu
1332 2714 1510 2756 suscepturi
1546 2714 1622 2751 sint,

867 2757 954 2788 subit
979 2757 1154 2798 cogitatio;
1181 2756 1288 2800 itaque
1317 2758 1495 2789 obtestatur
1521 2758 1622 2789 Cani—

868 2800 953 2831 diam
984 2811 1040 2850 per
1066 2806 1243 2832 maternum
1270 2800 1351 2842 ejus,
1374 2800 1401 2831 si
1426 2810 1497 2832 vere
1520 2806 1622 2832 mater

867 2842 919 2880 sit,
942 2853 1095 2881 animum,
1118 2849 1152 2874 ut
1173 2849 1340 2886 parentum
1366 2853 1465 2874 causa
1490 2843 1540 2874 sui
1564 2843 1623 2874 mi-

868 2893 983 2918 sereat.
1028 2887 1061 2917 Si
1076 2893 1181 2918 vocata
1198 2887 1340 2918 Lucina.-
1364 2886 1407 2918 cf.
1428 2896 1500 2927 sup.
1517 2885 1556 2916 ad
1574 2886 1620 2921 iii,

867 2930 923 2965 22,
939 2930 970 2961 3.
1017 2930 1174 2961 Par-tubus
1188 2932 1279 2966 veris,
1295 2940 1368 2961 vere
1385 2928 1528 2972 parienti,
1545 2929 1575 2958 h.
1592 2938 1622 2960 e.

869 2971 932 3004 nisi
961 2972 1038 3004 forte
1068 2983 1124 3004 eos
1154 2972 1226 3004 aliis
1254 2972 1407 3004 matribus
1439 2981 1494 3013 pei·
1519 2971 1621 3002 malas
