1884 3288
650 212 877 255 LIBER
908 212 944 262 1,
975 214 1016 253 3.
1589 215 1614 255 7

316 319 486 362 Tollat:
518 317 588 360 hic
609 329 789 372 magnos
809 317 956 371 potius
977 315 1237 370 triumphos,

230 389 287 430 50
317 387 404 430 Hic
425 400 540 428 ames
562 385 649 427 dici
670 384 803 426 Pater
821 390 952 438 atque
975 382 1201 437 PrincepS,

318 455 422 497 Neu
443 454 557 496 sinas
579 452 740 494 Medos
761 452 957 506 equitare
978 450 1154 500 inultos,

717 519 786 562 Te
807 519 936 570 duce,
959 518 1121 560 Caesar.

634 748 912 791 CARMEN
953 747 1035 790 111.

592 898 669 929 AD
716 897 1088 930 VIRGILIUM.

319 992 397 1034 Slc
418 997 460 1033 te
481 991 597 1034 Diva
615 999 771 1047 potens
793 991 942 1046 Cypri,

378 1059 451 1101 Sic
471 1059 628 1101 fratres
650 1058 850 1110 Helenae,
872 1058 1018 1101 lucida
1038 1059 1194 1108 sidera,

323 1127 655 1182 Ventorumque
676 1134 800 1183 regat
821 1134 966 1183 pater,

379 1195 617 1237 Obstrictis
639 1194 732 1236 aliis
753 1201 914 1250 praeter
933 1195 1114 1250 Iapyga,

263 1264 291 1304 5
321 1262 474 1313 Navis,
497 1278 595 1318 quae
618 1263 696 1304 tibi
719 1263 932 1305 creditum

381 1330 534 1372 Debes
557 1330 792 1386 Virgilium
813 1330 975 1372 finibus
997 1329 1174 1379 Atticis,

324 1398 509 1440 Reddas
531 1397 802 1448 incolumem,
825 1413 996 1453 precor,

384 1465 447 1509 Et
467 1481 613 1508 serves
635 1466 788 1508 animae
809 1466 1032 1509 dimidium
1054 1481 1174 1508 meae.

69 1661 185 1682 necui
216 1648 365 1691 Augusto
400 1647 527 1680 decreta
562 1654 622 1680 est.
667 1649 826 1688 Princeps,

50 1692 123 1736 *qui
138 1693 180 1724 ob
195 1692 332 1734 egregia,
347 1691 465 1734 quibus
480 1691 566 1723 cives
589 1691 650 1723 sibi
671 1691 825 1726 devinxit.

67 1736 192 1772 merita,
202 1741 235 1766 et
248 1736 289 1766 ob
303 1744 459 1765 summam
471 1734 510 1765 de
523 1734 706 1777 reipublicae
724 1735 827 1766 salute

67 1789 192 1815 curam,
218 1778 355 1821 primum
383 1777 488 1808 locum
513 1777 595 1808 inter
623 1778 709 1809 cives
730 1787 825 1809 occu-

68 1828 136 1865 pat.
182 1822 338 1861 Principis
362 1831 491 1857 nomen,
513 1830 587 1852 cum
613 1821 719 1851 minus
745 1820 827 1851 invi-

68 1865 195 1897 diosum
225 1870 321 1900 esset,
350 1863 499 1904 assumsit
526 1865 692 1905 Augustus
724 1864 763 1896 U.
789 1864 827 1894 C.

71 1918 249 1940 nccxxvr:
273 1906 338 1938 vid.
363 1906 428 1938 Dio
450 1906 510 1941 liii,
532 1907 581 1938 11.
628 1906 729 1937 Medos
749 1907 782 1937 h.
799 1917 828 1937 e.

70 1951 196 1987 Persas,
211 1949 359 1982 Parthos.
403 1949 567 1990 Equitare,
583 1949 756 1990 equitando
772 1960 828 1980 no-

70 1994 121 2026 bis
133 1993 296 2029 insultare,
311 1997 344 2024 et
364 1991 507 2023 ferociter
522 2002 577 2033 per
592 1997 690 2023 terras
706 1997 830 2023 nostras

71 2047 179 2069 ruere:
203 2035 243 2068 de
261 2045 337 2068 voce
351 2037 488 2076 equitare
502 2035 545 2066 cf.
560 2034 620 2065 inf.
637 2034 680 2070 iv,
697 2036 728 2070 4,
746 2035 800 2065 44.

304 2116 507 2153 CARMEN
532 2119 601 2150 111.

115 2165 228 2201 Poeta,
258 2174 330 2195 cum
362 2162 499 2194 amicum
529 2173 621 2193 suurn
646 2161 830 2204 Virgilium.

69 2208 132 2240 iter
146 2208 290 2239 Athenas
306 2206 477 2242 facturum,
490 2215 601 2236 navem
619 2205 832 2237 conscendere

71 2251 170 2287 videt,
197 2250 263 2292 (U.
290 2249 331 2281 C.
358 2259 536 2284 nccxxxv,
561 2249 603 2279 cf.
631 2249 737 2291 Heyn.
764 2249 833 2280 Vit.

73 2293 165 2334 Virg.
188 2303 221 2341 p.
243 2302 320 2323 ann.
344 2291 429 2333 dig.)
456 2290 495 2323 de
519 2291 674 2340 periculo,
701 2290 752 2322 cui
778 2291 832 2323 ille

72 2337 108 2368 in
122 2345 201 2368 mari
215 2335 379 2378 expositus
394 2335 448 2370 sit,
459 2345 586 2365 anxium
600 2335 830 2377 perturbatum-

73 2389 139 2422 que
161 2377 195 2410 in
217 2378 278 2410 hoc
301 2377 573 2420 carminelprodit
595 2377 747 2409 animum.
791 2379 830 2409 In

71 2422 135 2454 hac
149 2421 247 2464 igitur
260 2421 300 2453 de
314 2421 409 2452 amici
421 2420 486 2451 vita
499 2419 714 2452 sollicitudine
729 2431 833 2463 usque

73 2475 112 2497 eo
125 2463 333 2509 progreditur,
347 2469 383 2495 ut
397 2463 429 2495 in
445 2463 540 2495 istum
557 2463 719 2494 durissimi
735 2464 834 2495 animi

74 2507 246 2545 hominem,
259 2506 315 2549 qui
331 2506 452 2549 primus
466 2514 578 2537 navem
596 2506 675 2537 mari
689 2507 833 2538 commit-

75 2557 141 2583 tere
157 2560 256 2582 ausus
272 2549 325 2586 sit,
341 2555 495 2591 tanquam
510 2550 542 2580 in
560 2549 678 2580 doloris
694 2549 743 2580 sui
757 2560 833 2582 auc-

75 2599 176 2626 torem
209 2593 344 2635 graviter
375 2592 553 2630 invehatur,
584 2598 616 2623 et
648 2598 711 2624 tam
746 2592 834 2630 huic,

75 2647 173 2680 qnam
201 2636 372 2671 similibus,
402 2646 476 2677 quae
509 2635 671 2672 hominum
702 2635 836 2667 audacia

76 2678 254 2716 tentaverit,
276 2678 472 2710 facinoribus
496 2677 616 2709 diutius
643 2678 837 2711 immoretur.

78 2724 161 2761 Qum
180 2722 310 2765 quidem
333 2727 432 2764 poetae
456 2721 555 2752 nostri
578 2721 742 2762 digressio,
763 2732 836 2752 cum

76 2777 118 2798 ex
143 2775 280 2800 summo,
307 2775 404 2806 quem
430 2764 486 2795 ille
515 2763 731 2795 declaraturus
759 2771 837 2803 erat,

77 2819 183 2840 amore
204 2807 342 2844 fluxerit,
362 2817 431 2839 eam
455 2806 529 2838 huic
553 2806 687 2838 carmini
710 2817 838 2839 accom-

78 2850 330 2884 modatissimam
346 2861 416 2882 esse
432 2849 524 2881 facile
541 2856 682 2893 apparet.

126 2895 222 2926 1-8,
243 2894 385 2925 Sensus:
412 2894 441 2924 O
458 2893 560 2929 navis,
577 2903 650 2935 quae
666 2892 840 2935 Virgilium

79 2937 152 2970 fidei
167 2943 232 2968 tuae
245 2937 447 2967 commissum
466 2935 581 2967 finibus
597 2935 716 2968 Atticis
732 2937 841 2975 debes,

77 2981 114 3014 h.
130 2991 162 3012 e.
184 2979 218 3010 in
240 2979 319 3011 fines
331 2979 458 3011 Atticos
479 2979 519 3010 de
562 2984 643 3011 rtare
665 2980 773 3017 debes,
790 2990 839 3012 re-

80 3028 184 3066 pones
205 3033 291 3060 eum,
307 3032 431 3065 precor,
446 3021 520 3054 inco
535 3033 652 3059 umem,
670 3028 702 3054 et
725 3023 841 3056 animae

870 1658 949 1680 meae
963 1649 1129 1681 dimidium
1146 1659 1249 1681 serves
1263 1647 1381 1691 3‘quod
1397 1648 1423 1679 si
1446 1646 1568 1682 feceris,
1585 1647 1632 1676 vi·

870 1691 975 1723 eissitn
993 1699 1079 1735 opto,
1096 1699 1133 1724 ut
1149 1694 1275 1728 Venus.
1294 1691 1457 1727 Dioscuri,
1474 1697 1507 1722 et
1521 1696 1630 1721 vento-

871 1745 938 1765 rum
955 1735 1034 1766 deus
1051 1735 1168 1767 AEolus
1191 1735 1298 1767 cursui
1314 1742 1368 1770 tuo
1392 1735 1530 1765 faveant.
1575 1734 1632 1764 Se-

871 1784 963 1808 cutus
979 1789 1092 1820 nempe
1115 1789 1186 1809 sum
1209 1778 1304 1809 unice
1320 1787 1424 1808 veram
1448 1777 1546 1818 liujus
1569 1775 1633 1807 loci

872 1819 1171 1862 interpunctionem,
1196 1831 1292 1864 quam
1315 1821 1382 1862 jam
1404 1818 1633 1851 Wakefieldius

873 1870 1087 1906 proposuerat.
1131 1865 1206 1909 Sic,1
1222 1863 1354 1906 optandi
1384 1862 1530 1898 formula,
1558 1873 1631 1893 cum

873 1906 1067 1942 conditione.
1096 1918 1170 1949 quae
1202 1906 1394 1949 subjicitur,
1425 1906 1464 1937 de
1495 1915 1559 1947 qua
1591 1905 1634 1936 cf.

873 1947 1018 1991 inprimis
1050 1951 1142 1991 Virg.
1178 1950 1246 1981 Ecl.
1282 1950 1327 1985 ix,
1363 1950 1419 1983 30.
1452 1956 1485 1981 et
1520 1959 1552 1983 x,
1587 1949 1608 1980 5
1624 1960 1632 1987 ;

874 1992 996 2022 Tibull.
1013 1993 1034 2028 i,
1052 1994 1083 2029 4,
1099 1994 1126 2023 1.
1174 1993 1253 2023 Divo
1267 2000 1369 2032 potens
1388 1992 1634 2033 Cypri,Venus,

874 2033 1042 2077 imperium
1061 2046 1153 2066 suum
1171 2035 1203 2066 in
1222 2035 1329 2066 insula
1345 2036 1464 2076 Cypro,
1480 2040 1633 2076 tanquam

874 2078 948 2109 sede
971 2078 1106 2120 propria,
1122 2088 1275 2110 exercens
1286 2090 1302 2117 3⁷
1317 2077 1362 2109 sic
1383 2078 1556 2120 Neptunus
1572 2084 1635 2108 ma-

873 2122 918 2151 ris
939 2128 1044 2160 potens
1074 2121 1133 2153 inf.
1160 2123 1193 2157 5,
1222 2123 1274 2160 15,
1297 2127 1330 2152 et
1354 2121 1464 2152 Diana
1485 2121 1634 2151 silvarum

874 2171 978 2203 potens
1001 2164 1032 2194 in
1050 2164 1158 2196 Carm.
1182 2164 1300 2195 Saecul.
1318 2165 1347 2195 l.
1393 2165 1506 2196 Venus
1529 2169 1635 2194 autem

876 2217 914 2237 ex
931 2207 1007 2238 mari
1025 2213 1093 2238 orta
1109 2206 1366 2250 (ὰναόυομένη)
1384 2212 1420 2238 ut
1438 2206 1498 2238 dea
1513 2206 1637 2237 marina

876 2259 1004 2291 quoque
1020 2250 1149 2281 colitur.
1188 2251 1347 2286 Musaeus,
1360 2260 1391 2280 v.
1407 2251 1484 2285 284,
1499 2249 1638 2292 Κύπρις

877 2292 1081 2335 ἁπόσπορός
1105 2293 1176 2326 ἐστι
1202 2293 1393 2332 θαλάσσης,
1416 2294 1486 2325 Καὶ
1512 2292 1639 2334 κρατέει

877 2336 1028 2368 πόντοιο.
1060 2337 1146 2368 Hinc
1160 2336 1247 2368 dicta
1257 2347 1386 2378 quoque
1399 2336 1455 2367 illa
1471 2336 1639 2368 Εὔπλοια.

878 2379 1004 2410 Fratres
1029 2379 1165 2415 Helenae,
1188 2379 1349 2414 Dioscuri,
1370 2379 1484 2411 Castor
1506 2385 1538 2410 et
1562 2380 1637 2410 Pol-

876 2422 943 2458 lux,
970 2422 1195 2463 navigantibus
1218 2423 1356 2465 propitii.
1383 2422 1638 2465 ἀρωγοναῦται.

877 2466 1014 2501 Lucida,
1030 2466 1071 2496 ob
1093 2466 1213 2497 clarum
1231 2477 1340 2497 eorum
1354 2465 1566 2508 splendorem,
1585 2476 1642 2497 na-

877 2508 1061 2550 vigantibus
1074 2508 1361 2551 jucundissimum.
1402 2509 1575 2543 Obstrictis,
1592 2509 1640 2540 vel

879 2551 912 2582 in
925 2558 1004 2587 utre,
1016 2552 1191 2583 secundum
1203 2552 1463 2594 Homer-Odyss.
1475 2563 1505 2590 x,
1515 2553 1558 2583 29
1570 2562 1642 2593 sqq.

879 2595 928 2625 vel
953 2594 985 2625 in
1008 2601 1108 2631 antro,
1133 2595 1310 2626 secundum
1330 2595 1419 2636 Virg.
1440 2596 1520 2626 AEn.
1544 2594 1565 2629 i.
1589 2597 1643 2626 52.

879 2639 961 2668 Aliis
978 2637 1012 2669 h.
1028 2648 1056 2669 e.
1072 2638 1197 2669 ceteris.
1237 2639 1347 2680 Iapyx,
1361 2643 1476 2669 ventus
1492 2637 1642 2669 occiden-

880 2680 965 2717 talis,
986 2682 1026 2712 ab
1049 2681 1163 2730 inqolis
1182 2681 1326 2724 Apuliae,
1348 2681 1403 2728 qui
1428 2682 1566 2724 Iapyges
1588 2691 1642 2712 vo-

881 2730 1006 2759 cantur,
1019 2725 1061 2755 ita
1073 2724 1189 2757 dictus.
1202 2735 1240 2755 ex
1254 2725 1351 2756 Italia
1363 2735 1395 2754 in
1411 2724 1570 2755 Graeciam
1587 2734 1644 2754 na-

881 2767 1062 2808 vigantibus
1075 2767 1256 2807 secundus;
1277 2766 1645 2810 (West-Nord-West‚)

886 2810 944 2841 Gr.
959 2809 1169 2852 Ἀργέστηςε
1193 2810 1235 2842 cs.
1249 2821 1323 2857 quae
1338 2810 1377 2842 de
1395 2810 1454 2842 hoc
1470 2816 1564 2841 vento
1580 2810 1645 2841 dis-

885 2859 977 2895 putat
992 2853 1142 2896 Kappius
1156 2854 1196 2884 ad
1211 2854 1310 2884 Arist.
1324 2852 1363 2884 de
1380 2852 1495 2884 Mund.
1513 2854 1647 2884 Excurs.

885 2895 931 2934 iii,
948 2898 963 2937 §
983 2897 1033 2932 18,
1050 2907 1080 2938 p.
1103 2897 1167 2928 432
1190 2907 1261 2938 sqq.
1309 2896 1377 2926 Tibi
1400 2898 1552 2927 creditum
1575 2902 1645 2926 tan-

885 2948 980 2981 quam
997 2939 1114 2981 pignus
1131 2939 1179 2970 vel
1203 2938 1383 2982 depositum
1402 2938 1543 2980 aliquod,
1560 2937 1647 2980 qnod

886 2981 923 3019 is,
941 2982 995 3014 cui
1018 2982 1174 3014 creditum
1190 2988 1248 3019 est,
1264 2983 1360 3018 debet,
1377 2987 1414 3012 ut
1430 2991 1488 3013 suo
1508 2987 1649 3022 tempore

885 3027 996 3057 reddat
1006 3037 1017 3064 ‚·
1036 3025 1130 3058 verba
1140 3025 1236 3067 igitur
1244 3027 1375 3062 credere,
1385 3026 1502 3061 debere,
1513 3025 1648 3060 reddere,
