1884 3288
257 206 308 246 12

480 302 507 341 5
537 299 727 354 Simplex
747 300 994 342 munditiis?

819 199 1216 243 CARMINUM

1053 299 1170 351 Heu,
1192 300 1359 354 quoties
1380 301 1510 342 fldem

537 367 818 421 Mutatosque
837 367 958 408 Deos
979 366 1112 417 flebit,
1134 374 1178 409 et
1197 381 1350 421 aspera

591 433 742 488 Nigris
762 448 934 487 aequora
954 433 1090 474 ventis

652 500 916 541 Emirabitur
935 499 1136 548 insolens,

538 566 627 613 Qui
646 580 758 607 nunc
780 575 821 607 te
842 566 998 606 fruitur
1018 564 1219 605 credulus
1241 579 1393 614 aurea3

455 634 507 674 10
538 633 627 680 Qui
648 647 815 687 semper
835 645 1022 680 vacuam,
1046 645 1213 684 semper
1233 630 1451 671 amabilem

594 699 764 754 Sperat,
786 699 954 739 nescius
975 711 1090 738 aurae

677 763 872 805 Fallacis.

537 830 751 871 Intentata
772 832 881 870 nites
898 831 907 870 !

933 763 1086 804 Miseri
1106 763 1262 816 quibus

969 828 1044 869 Me
1066 827 1211 870 tabula
1231 842 1351 869 sacer

537 896 696 938 Votiva
716 897 856 950 paries
876 896 1036 936 indicat
1056 895 1184 936 uvida

457 963 509 1003 15

595 962 883 1017 Suspendisse
905 961 1070 1016 potenti

678 1028 947 1070 Vestimenta
966 1027 1091 1068 maris
1114 1027 1226 1068 Deo.

253 1150 329 1186 tius,
353 1150 412 1180 hac
438 1155 559 1197 arrepta
583 1149 742 1191 perfidiam
769 1154 801 1180 et
824 1149 997 1184 levitatem,

251 1203 348 1233 quam
360 1192 435 1222 olim
455 1193 486 1221 in
502 1191 570 1232 ejus
592 1201 694 1222 amore
716 1196 861 1232 expertus
885 1191 997 1224 fuerat,

255 1234 385 1275 Pyrrhae
412 1233 623 1281 exprobrandi
652 1233 827 1270 occasione,
851 1233 932 1263 salse
960 1242 999 1262 ex

253 1276 310 1306 illa
324 1275 447 1317 quaerit,
464 1276 535 1316 quis
557 1275 598 1305 sit
619 1275 673 1306 ille
692 1275 784 1305 miser
805 1285 892 1316 puer,
907 1284 999 1315 quem

254 1328 340 1349 nunc
372 1327 474 1348 amore
507 1327 565 1348 suo
597 1317 687 1347 ludat
719 1317 882 1357 fallatque.
928 1317 1000 1353 Quo

254 1359 382 1407 quidem
399 1369 479 1390 novo
494 1359 621 1399 Pyrrhae
643 1365 780 1390 amatore
802 1369 874 1389 cum
891 1365 999 1394 nauta,

255 1412 308 1432 0111
331 1401 486 1432 horribilis
508 1401 540 1431 10
561 1400 639 1431 mari
657 1406 826 1443 tempestas
846 1400 999 1435 imminet,

254 1454 287 1475 se
303 1453 385 1478 vero,
401 1450 502 1474 vetere
522 1443 592 1484 ejus
615 1449 761 1479 amatore,
777 1453 848 1474 cum
864 1442 999 1478 homine,

255 1486 311 1527 qui
329 1485 460 1516 feliciter
473 1496 491 1516 e
507 1485 669 1526 naufragio
691 1490 828 1516 servatus
849 1484 901 1520 sit,
916 1494 999 1515 com-

256 1533 464 1607 parat031am
478 1526 583 1558 illius
576 1538 608 1557 m
621 1528 750 1568 Pyrrhae
764 1537 867 1557 amore
878 1526 1000 1568 pericu-

272 1580 322 1600 um
359 1579 451 1610 quam
478 1579 578 1606 suam,
604 1579 665 1610 qua
689 1579 727 1600 ex
751 1570 807 1599 1110
829 1568 1003 1610 periculoso

257 1621 360 1642 amore
375 1611 519 1648 evaserit,
536 1594 691 1642 foitunarn
710 1611 844 1642 suaviter
857 1610 1005 1641 describit

255 1659 287 1683 et
301 1653 456 1694 exprimit.

302 1696 395 1725 1—3.
412 1695 486 1729 Quis
496 1696 593 1725 multu.
602 1695 739 1735 gracilis,
752 1698 827 1725 cett.
851 1694 931 1731 Quis
943 1699 1001 1729 est,

256 1747 376 1784 quaeso,
393 1736 524 1777 Pyrrha,
540 1737 594 1767 ille
613 1747 739 1782 Juvenis
761 1736 932 1770 delicatior,
948 1736 1003 1776 qui

258 1778 334 1810 rosis
349 1778 511 1809 redimitus
533 1785 564 1809 et
583 1777 751 1818 unguentis
772 1778 931 1808 delibutus
953 1787 1002 1807 as-

259 1821 348 1851 sidue
371 1821 429 1850 sub
445 1827 530 1860 grato
553 1826 641 1851 antro
661 1826 691 1851 te
714 1826 849 1850 sectatur
864 1822 1002 1860 (urget),

257 1869 290 1893 et
305 1873 466 1903 nunquam
483 1873 501 1892 a
514 1864 608 1892 latere
621 1868 675 1893 tuo
687 1862 825 1893 recedit!
851 1862 1002 1892 Gracilis.

257 1905 395 1945 corporis
408 1905 567 1944 gracilitas
589 1903 627 1934 ad
651 1903 927 1945 pulchritudinem,
941 1914 1005 1944 qua

258 1946 319 1976 sibi
335 1946 481 1988 placent
471 1957 613 1987 Juvenes,
628 1946 770 1987 pertinet
798 1946 912 1976 Te-in
928 1957 1002 1975 r.osa

259 1988 337 2019 Jani
363 1995 395 2019 et
418 1988 472 2018 alii
494 1988 664 2029 explicant,
690 1994 719 2018 te
744 1988 946 2018 reclinantem
972 1988 1004 2018 in

259 2031 349 2066 rosis,
378 2030 493 2072 quibus
523 2031 635 2060 humus
663 2035 821 2060 constrata
849 2035 919 2069 est3
950 2029 1004 2060 sed

259 2071 335 2102 huic
356 2072 557 2119 explicationi
578 2079 639 2102 tarn
663 2082 722 2106 res,
732 2082 837 2119 ’quam
861 2053 937 2102 ustis
959 2072 1003 2102 10-

260 2113 379 2155 quendi
394 2120 564 2155 repugnat3
588 2114 675 2155 pueri
690 2113 771 2144 enim
795 2113 1003 2149 delicatiores,

259 2157 386 2197 qualem
418 2157 530 2186 Noster
557 2138 716 2190 describit,
746 2166 806 2185 non
838 2156 1005 2195 unguentis

261 2203 383 2228 tantum
405 2198 537 2239 capillos
553 2202 702 2233 saturare,
718 2198 773 2228 sed
789 2197 864 2227 rosis
879 2208 1005 2238 quoque

261 2246 356 2281 caput
390 2239 539 2281 impedire
570 2240 722 2270 solebant.
767 2240 840 2270 Huc
873 2239 1004 2276 accedit,

285 2282 346 2313 uod
362 2282 491 2323 Pyrrha.
509 2283 668 2312 munditiis
683 2282 816 2320 simplex,
833 2281 911 2312 festo
926 2292 1004 2322 quo-

260 2293 333 2355 dam
355 2324 406 2355 die
429 2324 462 2354 in
485 2333 609 2355 amoeno
632 2324 686 2354 illo
709 2329 808 2359 antro,
824 2323 878 2354 ubi
901 2323 1006 2365 plures

261 2365 347 2397 haud
371 2365 466 2396 dubie
484 2365 618 2413 juvenes
640 2365 810 2406 unguentis
836 2365 952 2413 perfusi
975 2372 1007 2397 et

262 2408 350 2439 sertis
365 2408 461 2439 roseis
475 2407 611 2438 coronati
627 2407 686 2449 (cf.
702 2408 756 2438 inf.
773 2408 829 2439 lib.
845 2418 878 2443 11,
898 2410 949 2443 11,
965 2409 1005 2439 14

261 2452 350 2491 sqq.)
367 2450 485 2481 laetitiae
507 2456 538 2480 et
578 2410 708 2480 otationi
730 2449 947 2490 indulgebant,
963 2450 1004 2480 51-

260 2492 328 2523 1001
357 2492 492 2523 adfuisse
518 2460 585 2522 vi‹l)e
588 2498 649 2523 tur.
694 2493 741 2522 Ex
770 2503 830 2523 usu
859 2493 1007 2541 loquendi

261 2540 368 2565 autem
390 2545 444 2576 per
464 2533 631 2565 dictionem
654 2536 686 2564 in
705 2545 770 2564 rasa
789 2545 864 2571 non,
880 2535 914 2564 in
928 2535 1006 2566 rosis

262 2577 395 2612 cubans,
425 2575 491 2611 sed,
521 2578 594 2606 rosis
625 2582 782 2606 coronatus
814 2575 1006 2617 designatur.

263 2618 316 2650 Sic
333 2618 417 2661 apud
433 2619 502 2650 Cic.
515 2618 554 2649 de
568 2618 637 2649 Fin.
652 2618 686 2654 ii,
699 2619 755 2654 20,
765 2625 868 2658 potare
882 2621 914 2648 in
929 2629 1007 2657 rosa,

261 2666 294 2701 et
316 2661 447 2692 Tuscul.
470 2671 501 2695 v,
526 2661 580 2696 26,
602 2671 659 2691 esse
681 2662 714 2690 in
736 2671 813 2691 rosa.
858 2660 1009 2691 Similiter

262 2702 345 2744 apud
383 2703 512 2734 Graecos
549 2702 658 2743 Eurip.
696 2703 791 2733 Herc.
824 2703 898 2733 Fur.
932 2703 1007 2739 677,

262 2750 371 2786 (quem
389 2745 492 2776 locum
508 2745 669 2775 commode
684 2744 824 2775 laudavit
839 2745 890 2776 Cl.
913 2744 1008 2775 Mits-

262 2786 379 2826 011011.)
389 2787 426 2819 ἑν
436 2787 647 2834 στεφάνοισιν
657 2787 743 2818 εἶναι
753 2786 877 2818 dicitur.
902 2787 1010 2824 Grata,

262 2829 303 2860 ob
325 2828 387 2860 loci
408 2828 641 2868 amoenitatem,
665 2828 725 2859 suit
743 2829 826 2860 enim
850 2829 928 2859 illud
952 2839 1008 2859 an-

262 2877 345 2902 trum
371 2871 454 2902 haud
475 2871 571 2902 dubie
593 2853 770 2912 jucundum
793 2871 1010 2902 umbraculum

263 2913 324 2944 sub
345 2913 508 2955 spelunca,
523 2913 684 2948 hilaritati,
701 2913 863 2955 potationi,
881 2913 1008 2944 amoris-

264 2966 326 2997 que
341 2955 465 2988 lusibus
478 2961 698 2998 opportunum.

1085 1151 1117 1183 4,
1133 1150 1165 1179 5.
1190 1148 1260 1183 Cui,
1277 1147 1309 1178 in
1331 1147 1425 1189 cujus
1435 1147 1588 1196 ‚gratiam3
1611 1147 1700 1190 (005,
1714 1158 1786 1180 ωεηι

1042 1200 1079 1220 zu
1093 1190 1257 1230 gefallen.)
1302 1190 1474 1221 Τ1111111.1ν.
1490 1190 1521 1227 6,
1537 1189 1655 1225 2,Τυ1α
1672 1191 1728 1221 tibi
1743 1197 1787 1221 est

1043 1233 1140 1267 hodie.
1166 1233 1219 1262 tibi
1246 1231 1312 1274 (dir
1336 1243 1373 1263 zu
1400 1215 1552 1272 gefalleii)
1578 1242 1607 1263 se
1634 1233 1785 1263 letissima

1043 1275 1155 1304 comsit.
1202 1274 1319 1304 Comum
1354 1275 1477 1321 religas.
1521 1274 1574 1306 Cl.
1609 1273 1789 1306 Mitscherl.

1042 1321 1202 1356 comparat
1216 1316 1309 1346 Paul.
1325 1315 1484 1347 Silentiar.
1500 1316 1561 1358 Ep.
1583 1317 1638 1352 22,
1654 1315 1788 1347 Anthol.

1045 1358 1148 1388 Graec.
1170 1358 1211 1388 ’1.
1237 1358 1278 1395 iv,
1304 1369 1335 1400 p.
1360 1359 1412 1388 48.
1455 1358 1586 1398 Simplex
1607 1359 1787 1389 munditiis:

1043 1399 1147 1430 cultus
1174 1399 1256 1430 enim
1279 1399 1478 1442 simplicitate
1499 1399 1599 1440 magis
1622 1409 1708 1442 510Ρο
1728 1410 1787 1442 Ριι-

1043 1442 1126 1478 ellae,
1142 1451 1235 1482 quarn
1251 1452 1379 1483 operoso
1395 1448 1427 1473 et
1439 1447 1502 1473 arte
1516 1441 1648 1483 quaesito
1662 1447 1786 1479 ornatu,

1044 1484 1171 1525 placent
1185 1490 1216 1514 et
1254 1484 1352 1515 lacere
1367 1485 1506 1515 student.

1087 1527 1107 1556 5
1128 1535 1197 1567 sqq
1221 1495 1300 1563 l-iieu,
1320 1528 1470 1567 quotiesji
1441 1527 1539 1567 fidem
1561 1530 1636 1556 cett.
1657 1535 1786 1557 sensus:

1045 1567 1119 1602 heu,
1134 1567 1257 1608 quoties
1278 1567 1316 1599 de
1333 1573 1453 1598 mutata
1472 1567 1533 1598 fide
1547 1569 1622 1608 (tua
1639 1567 1789 1616 perfidia)

1046 1615 1078 1640 et
1093 1579 1219 1640 muqtatis
1241 1609 1283 1640 dil
1286 1620 1300 1639 s
1315 1610 1402 1652 (ejus
1418 1619 1531 1651 nempe
1552 1609 1660 1645 amori,
1675 1609 1728 1641 cui
1747 1610 1788 1641 ab

1043 1651 1132 1682 initio
1161 1651 1316 1694 adspirare
1344 1652 1540 1688 videbantur,
1569 1661 1653 1682 011110
1681 1651 1789 1683 adver-

1044 1693 1203 1732 santibus)
1234 1694 1375 1735 querelas
1406 1693 1526 1730 fundet,
1558 1698 1591 1724 et
1620 1693 1654 1724 in
1685 1693 1789 1725 medio

1046 1735 1160 1766 amoris
1183 1746 1273 1766 cursu
1299 1746 1332 1767 se
1355 1735 1435 1766 tristi
1457 1740 1639 1778 tempestate
1662 1745 1789 1778 oppres-

1046 1788 1114 1807 sum
1141 1788 1213 1808 cum
1236 1784 1361 1825 stupore
1385 1777 1620 1815 animadvertet,
1642 1777 1674 1808 11.
1695 1787 1727 1809 0.
1757 1787 1791 1810 50

1045 1820 1192 1850 miserum
1219 1820 1343 1851 sentiet.
1388 1821 1576 1855 Amatorem,
1599 1818 1694 1861 cujus
1716 1819 1791 1851 laeta

1046 1862 1085 1892 ab
1113 1861 1203 1892 initio
1233 1862 1266 1892 in
1296 1871 1399 1893 amore
1427 1871 1498 1904 spes
1521 1867 1648 1903 repente
1675 1861 1790 1902 puellae

1046 1903 1210 1944 perfidiain
1221 1904 1375 1934 tristitiam
1388 1910 1537 1939 mutatur,
1546 1910 1707 1945 comparat
1717 1914 1790 1935 011111

1049 1952 1155 1980 nauta,
1174 1946 1229 1986 qui
1251 1945 1284 1976 10
1306 1946 1396 1982 mari,
1417 1946 1469 1976 cui
1486 1951 1579 1976 vento
1599 1945 1740 1976 secundo
1760 1950 1793 1978 et

1047 1988 1258 2028 prosperrimae
1287 1987 1492 2028 navigationis
1517 1997 1572 2029 spe
1597 1987 1732 2018 00011505
1758 1997 1792 2019 se

1047 2029 1229 2064 crediderat,
1252 2030 1356 2061 subita
1379 2035 1563 2078 tempestate
1577 2028 1792 2077 deprehendi-

1048 2076 1116 2108 tur-3
1140 2077 1172 2102 et
1186 2071 1217 2101 in
1235 2071 1292 2102 hac
1315 2082 1383 2103 com
1408 2071 1545 2103 aratione
1560 2070 1627 2102 sive
1638 2071 1794 2118 allegoria

1048 2094 1210 2152 (0111111010
1226 2114 1310 2160 quod
1327 2115 1367 2145 ad
1402 2113 1504 2156 ecepti
1518 2111 1664 2144 amatoris
1678 2119 1792 2146 sortem

1047 2156 1174 2203 attinet)
1198 2155 1275 2187 scite
1300 2162 1392 2198 poeta
1413 2165 1516 2197 usque
1540 2155 1581 2186 ad
1606 2154 1699 2186 finem
1724 2165 1792 2188 car·
1798 2173 1801 2175 -

1048 2197 1141 2227 minis
1156 2197 1303 2239 persistit.

1092 2240 1123 2276 7,
1136 2241 1167 2271 8.
1187 2239 1295 2280 Nigris
1309 2241 1415 2271 ventis.
1437 2237 1536 2271 Venti
1549 2237 1698 2270 dicuntur
1707 2239 1793 2280 reign

1048 2291 1143 2312 sensu
1166 2281 1278 2321 activo,
1293 2282 1325 2313 h.
1338 2292 1368 2313 e.
1390 2281 1506 2313 coelum
1523 2280 1646 2322 nigrum
1659 2279 1792 2312 redden-

1049 2329 1107 2359 tes,
1123 2322 1189 2354 sive
1211 2323 1348 2355 nubibus
1369 2323 1591 2362 obscurantem
1611 2322 1679 2365 pari
1700 2321 1793 2353 modo

1049 2365 1106 2396 inf.
1126 2366 1158 2401 7,
1180 2367 1231 2401 15,
1250 2365 1346 2396 Notus
1367 2365 1483 2397 dicitur
1501 2365 1599 2402 albus,
1620 2366 1654 2396 11.
1674 2373 1704 2396 0.
1724 2373 1791 2413 coe.-

1048 2407 1115 2438 lum
1138 2407 1245 2438 album
1268 2408 1332 2439 sive
1353 2418 1496 2444 serenum
1518 2389 1674 2444 redd’ens·
1694 2410 1727 2437 et
1747 2406 1795 2442 iii,

1050 2450 1082 2486 7,
1109 2451 1139 2486 l,
1161 2451 1285 2480 candidi
1309 2450 1446 2480 Favonii.
1488 2449 1633 2484 Insciens,
1655 2447 1717 2496 qui
1732 2448 1796 2480 tale

1050 2492 1126 2564 puid
1143 2502 1205 2522 11011
1218 2491 1375 2529 timuerat,
1389 2498 1519 2534 stupens
1538 2491 1579 2522 ob
1591 2500 1694 2522 rerum
1709 2489 1794 2522 11150-

1062 2539 1191 2565 entiam.

1091 2577 1209 2607 9—13.
1231 2577 1345 2612 Aurea,
1361 2575 1393 2606 h.
1414 2585 1443 2606 e.
1464 2575 1504 2607 ob
1526 2573 1674 2622 pulchros
1695 2584 1795 2606 mores

1049 2624 1081 2650 et
1095 2618 1237 2649 firmam'
1230 2629 1263 2649 10
1278 2628 1380 2649 amore
1400 2617 1492 2649 fidem
1506 2626 1642 2648 maxime
1655 2615 1795 2648 amabili.

1051 2660 1103 2691 Sic
1121 2670 1222 2692 mores
1237 2659 1360 2702 pulchri
1374 2665 1406 2691 et
1417 2659 1539 2691 honesti
1554 2658 1610 2690 inf.
1632 2658 1675 2694 iv,
1688 2659 1722 2694 2,
1737 2659 1793 2694 23,

1050 2702 1199 2733 dicuntur
1220 2704 1319 2734 aurei.
1365 2701 1520 2733 ναι-1101111
1541 2699 1602 2732 sibi
1621 2681 1693 2738 soli,
1709 2681 1795 2732 haud

1051 2744 1117 2781 alii,
1148 2744 1182 2775 in
1209 2754 1314 2776 amore
1340 2749 1515 2776 vacantem.
1559 2742 1685 2774 Nescius
1710 2753 1794 2774 aurae

1041 2787 1190 2828 fallacis.-
1213 2785 1268 2817 ille
1298 2786 1430 2828 ignorat,
1458 2791 1490 2818 te
1517 2785 1551 2816 10
1581 2793 1684 2815 amore
1711 2793 1795 2815 aurae

1051 2829 1150 2860 instar
1176 2828 1358 2860 mutabilem
1393 2834 1427 2859 et
1459 2828 1688 2860 inconstantem
1716 2836 1796 2858 esse.

1055 2871 1153 2906 Nites,
1170 2870 1276 2902 {ormae
1290 2875 1353 2902 tuae
1367 2869 1464 2901 nitore
1478 2870 1597 2912 places.

1099 2914 1234 2944 13-16.
1278 2913 1332 2943 Μο
1354 2913 1458 2943 tabula
1479 2922 1562 2943 sacer
1582 2914 1658 2942 cett.
1676 2919 1737 2946 me,
1757 2919 1796 2941 ex

1053 2954 1216 2996 naufragio
1252 2959 1418 2992 servatum,
1455 2953 1582 2986 madida
1617 2951 1799 2985 vestimenta
