1884 3288
665 193 892 236 LIBER
923 192 1010 244 ΙΙΙ,
1042 194 1078 234 1.

1564 195 1640 237 121

335 299 363 340 5
393 298 568 354 Regum
588 296 878 342 timendorum
901 296 944 337 in
965 295 1168 351 proprios
1190 309 1365 350 greges,

394 367 544 421 Reges
566 365 610 407 in
631 365 750 420 ipsos
773 364 1000 419 imperium
1022 371 1091 406 est
1112 363 1253 414 Jovis‚

453 433 571 475 Clari
592 433 815 488 Giganteo
835 431 1075 487 triumpho,

509 501 679 543 Cuncta
700 500 935 556 supercilio
956 500 1183 541 moventis.

396 569 496 619 Est,
518 577 567 611 ut
588 570 680 610 viro
702 570 766 611 vir
785 569 914 611 latius
932 569 1107 610 ordinet

312 637 366 678 10
395 635 596 679 Arbusta
617 637 776 688 sulcis3
809 637 880 678 hic
901 636 1156 692 generosior

453 705 712 747 Descendat
732 706 776 746 in
798 705 1010 759 Campum
1031 704 1194 759 petitor
1212 722 1222 754 ς

511 773 716 815 Moribus
738 773 809 815 hic
831 772 1070 828 meliorque
1091 772 1206 814 fama

391 841 642 884 Contendat
659 859 669 893 ;
701 840 762 882 illi
783 842 913 883 turba
931 840 1152 883 clientium

393 907 460 950 Sit
481 909 645 964 major:
677 924 802 964 aequa
820 908 918 964 lege
939 909 1197 951 Necessitas

314 976 367 1018 15

455 976 648 1019 Sortitur
667 977 860 1033 insignes
882 984 926 1019 et
946 977 1055 1018 imos
1072 994 1081 1027 3

516 1045 660 1088 Omne
682 1060 824 1101 capax
844 1052 988 1088 movet
1011 1060 1120 1087 urna
1140 1060 1313 1087 nomen.

399 1112 653 1156 Destrictus
674 1115 789 1156 ensis
811 1114 882 1156 cui
903 1129 1036 1169 super
1057 1114 1188 1169 impia

400 1180 583 1222 Cervice
604 1182 784 1236 pendet,
807 1197 894 1223 non
917 1179 1076 1223 Siculae
1098 1180 1235 1235 dapes

460 1248 647 1291 Dulcem
669 1249 958 1292 elaborabunt
981 1263 1195 1304 saporem,

311 1317 371 1358 20

398 1383 611 1426 Somnum
632 1385 859 1427 reducent.

518 1317 624 1359 Non
645 1318 786 1359 avium
809 1317 1075 1372 citharaeque
1097 1323 1251 1358 cantus

922 1384 1111 1426 Somnus
1134 1384 1373 1438 agrestium

402 1451 538 1494 Lenis
559 1453 752 1495 virorum
772 1468 861 1495 non
880 1451 1065 1494 humiles
1088 1451 1241 1493 domos

110 1549 245 1584 vlmnt.
293 1552 475 1594 Virginibus
497 1554 669 1594 puerisque,
696 1563 743 1585 sc.
767 1559 803 1585 ut
824 1563 863 1585 ea

109 1593 247 1631 discant,
273 1599 306 1626 et
329 1594 362 1626 in
386 1595 533 1626 cantibus
555 1595 751 1628 solemnibus
774 1606 863 1638 repe-

109 1641 206 1676 tant3
229 1637 367 1669 canebat
388 1637 472 1669 enim
498 1648 665 1686 puerorum
689 1638 862 1680 virginum-

110 1689 175 1722 que
189 1680 318 1716 chorus,
332 1691 406 1723 quae
421 1680 508 1712 chon
521 1681 669 1723 magister
680 1683 866 1723 (Musarum

111 1723 267 1765 sacerdos)
280 1723 506 1798 firaecinuerat.

157 1767 254 1798 5—8.
313 1777 386 1808 eges
401 1766 531 1808 quidem
546 1766 580 1797 in
600 1766 649 1798 his
666 1767 757 1799 terris
773 1777 867 1809 super

112 1807 194 1841 alios
214 1807 291 1841 elati
307 1814 393 1846 sunt,
409 1814 442 1842 et
462 1810 613 1840 timentur
631 1810 671 1841 ab
691 1810 731 1840 iis
749 1810 866 1851 quibus

113 1851 272 1894 imperant
283 1864 292 1892 ;
315 1852 371 1884 sed
389 1852 501 1884 iisdem
520 1852 681 1884 timendus
700 1858 750 1884 est
769 1854 787 1884 J
794 1853 863 1895 upi-

113 1899 172 1931 ter,
187 1895 245 1937 qui
259 1905 368 1927 eorum
387 1895 513 1938 pariter,
530 1900 566 1926 ut
583 1895 659 1926 olim
680 1895 866 1937 Gigantum,

114 1936 260 1980 frangere
282 1944 385 1981 potest
406 1938 605 1981 superbiam3
635 1946 741 1969 errant
772 1938 869 1979 igitur

117 1981 209 2023 (nam
226 1980 286 2014 hoc
303 1980 344 2012 ad
359 1980 548 2012 sententiam
562 1982 775 2023 supplendum
791 1981 869 2021 est),

115 2023 172 2065 qui
186 2034 276 2066 reges
290 2024 373 2055 inter
387 2023 544 2056 feliciores
560 2024 704 2056 homines
719 2024 869 2061 referunt,

138 2065 274 2109 roecipue
292 2067 334 2098 ob
350 2076 389 2098 ea
406 2077 479 2109 quae
497 2078 528 2102 y.
554 2068 594 2098 14
613 2077 683 2109 sqq.
701 2067 866 2099 dicuntur.

136 2120 158 2140 n
179 2112 316 2150 proprios
335 2120 456 2152 greges,
479 2109 510 2141 h.
533 2119 562 2141 e.
584 2111 737 2153 populum
759 2121 867 2141 eorum

115 2152 267 2195 potestati
297 2152 500 2195 subjectum3
531 2164 606 2195 grex
637 2153 767 2195 antique
797 2163 866 2195 pro.

116 2195 246 2238 populo,
263 2194 337 2227 hinc
348 2206 443 2237 reges,
455 2195 612 2239 ποιμένες
625 2197 732 2228 λαῶν·
750 2197 782 2228 in
796 2206 867 2227 sen-

115 2237 251 2270 tentiam
261 2237 493 2270 laudantPind.
503 2239 637 2281 Olymp.
651 2239 758 2276 i,181,
771 2240 809 2271 τὸ
817 2239 868 2270 Za·

112 2291 226 2315 Ὶκει-νον
235 2283 441 2325 κορυφοῦται
449 2282 641 2323 βασιλεῦσι.
674 2282 768 2324 Reges
780 2285 812 2313 in
822 2284 869 2321 ip-

117 2333 181 2356 m:
204 2330 390 2367 comparant
402 2325 532 2356 Callim.
548 2327 666 2367 Hymn.
680 2324 713 2355 in
725 2326 802 2357 Jov.
815 2326 868 2362 75,

117 2371 151 2399 et
165 2367 220 2404 ⁷9,
237 2368 292 2404 80,
309 2367 445 2400 Philisc.
463 2367 496 2400 in
511 2367 671 2400 Thebanis
683 2368 767 2411 apud
780 2369 870 2400 Stob.

120 2409 272 2452 florileg.
291 2410 382 2442 Grot.
402 2422 436 2453 p.
454 2412 534 2443 233.
582 2412 735 2453 Giganteo
758 2414 870 2443 trium-

116 2453 188 2494 pho,
202 2453 331 2485 domitis
350 2453 437 2486 enim
459 2453 654 2495 Gigantibus
669 2453 870 2503 triumphans

118 2495 213 2538 quasi
227 2497 309 2534 Ζεὺς
323 2496 580 2539 Γιγαντολέτωρ
590 2508 685 2529 curru
695 2508 752 2529 suo
761 2508 868 2530 invec-

117 2542 172 2571 tus
200 2538 335 2571 dicitur:
367 2539 409 2571 cf.
438 2540 572 2572 Mitsch.
619 2541 738 2572 Cuncta
762 2552 869 2581 super-

120 2582 194 2614 cilio
208 2585 352 2614 moventis
366 2595 375 2613 .-
398 2582 518 2625 primas
536 2583 638 2614 lineas
658 2583 754 2625 hujus
772 2584 873 2615 subli-

121 2623 230 2657 mioris
243 2626 285 2658 ad
299 2636 457 2657 summam
471 2626 563 2658 Jovis
579 2626 751 2668 potentiam
767 2627 874 2669 desig-

116 2668 261 2700 nandam
284 2668 434 2709 imaginis
459 2668 553 2700 duxit
577 2669 708 2701 Homer.
732 2669 826 2701 Iliad.
851 2671 874 2707 i,

108 2711 307 2748 ·528—530,
331 2711 365 2743 in
387 2711 498 2743 eadem
525 2712 731 2754 exprimenda
757 2713 875 2744 multos

22 2732 62 2795 1⁵:³52·
113 2752 296 2787 ,imitatores
323 2760 457 2787 nactus:
491 2754 555 2787 vid.
579 2755 621 2786 ad
649 2755 772 2787 Catull.
797 2755 873 2793 lxiv,

110 2796 313 2830 „204—206.

114 2858 121 2864 ·
169 2840 289 2872 9—16.
313 2841 397 2872 Sunt
418 2851 508 2883 porro
531 2840 586 2872 alii
609 2840 666 2883 qui
688 2840 738 2873 vel
761 2841 881 2873 divitiis

125 2881 178 2915 vel
199 2883 301 2924 gloria
319 2883 371 2915 vel
391 2883 494 2925 gratia
512 2883 596 2927 apud
616 2883 770 2926 populum
787 2895 882 2927 super

118 2924 210 2958 -ιΙὶοι
231 2927 266 2958 ie
287 2925 455 2963 extollant,
478 2927 534 2959 sed
556 2937 666 2959 omnes
688 2926 748 2963 illi,
769 2928 883 2971 pariter

131 2973 169 3000 ut
182 2967 294 3006 infimi,
310 2970 351 3001 ad
364 2975 496 3002 mortem
511 2969 661 3002 destinati
677 2976 765 3001 sunt.
813 2971 881 3009 Est,

123 3017 183 3050 -ut,
201 3010 296 3046 ἔστιν
318 3013 376 3052 ὡς,
392 3013 486 3047 ἔστιν
505 3012 612 3052 ὅπως,
633 3013 700 3047 fieri
718 3013 810 3052 solet,
833 3019 881 3052 ut,

906 1551 938 1583 h.
953 1557 1037 1584 e.est
1045 1562 1122 1583 sane
1133 1551 1202 1583 haec
1214 1551 1364 1583 humanae
1377 1550 1470 1582 sortis
1480 1551 1658 1590 diversitas,

908 1600 944 1626 ut
972 1602 1048 1626 cett.
1079 1597 1145 1625 vira
1173 1597 1223 1625 vir
1250 1595 1343 1626 latius
1372 1596 1494 1626 ordinet
1524 1597 1659 1627 Arbustu

907 1639 1018 1669 sulcis:
1044 1637 1127 1668 alius
1149 1636 1302 1679 ampliora
1325 1638 1388 1668 alio
1410 1637 1571 1679 possideat
1587 1638 1660 1670 lati-

909 1680 1031 1711 fundia.
1077 1682 1212 1711 Arbusta
1227 1681 1320 1712 sulcis
1334 1682 1479 1711 ordinare
1492 1686 1554 1716 est,
1569 1682 1663 1713 arbo-

909 1733 971 1760 reS,
991 1723 1090 1759 oleas,
1106 1723 1198 1760 vitm.
1220 1729 1296 1754 cett.
1310 1723 1473 1765 ‘ejusmodi
1492 1723 1661 1755 intervallo

910 1765 1045 1798 inserere
1067 1765 1165 1797 sulcis
1189 1765 1333 1808 (ὄγμοις,
1350 1766 1414 1797 vid.
1433 1767 1610 1797 Hermann.
1629 1766 1664 1798 in

912 1809 1093 1840 Commeat.
1112 1810 1186 1840 Soc.
1211 1809 1294 1839 Phil.
1313 1810 1351 1840 T.
1371 1809 1406 1845 ii,
1425 1820 1458 1851 p.
1475 1808 1572 1849 259),
1595 1809 1662 1842 sive

910 1852 1086 1890 scrobibus,
1110 1857 1147 1882 ut
1170 1861 1311 1892 congruo
1335 1851 1443 1883 ordine
1467 1851 1603 1883 invicem
1629 1862 1664 1884 se

911 1894 1091 1936 excipiant3
1113 1895 1298 1926 serebantur
1321 1901 1427 1926 autem
1452 1895 1577 1926 arbores
1600 1895 1665 1927 sere

914 1937 945 1968 in
961 1939 1173 1978 quincuncem,
1189 1937 1284 1979 cujus
1295 1937 1515 1968 adumbratam
1530 1937 1664 1979 figuram

914 1979 980 2013 vid.
996 1980 1029 2011 in
1053 1981 1153 2012 Gesn.
1172 1980 1330 2012 Thesaur.
1347 1991 1374 2011 s.
1393 1991 1424 2011 v.
1444 1981 1614 2020 quincunx,
1632 1986 1665 2012 et

914 2021 1000 2065 apud
1020 2024 1114 2055 Voss.
1125 2022 1166 2054 ad
1183 2022 1274 2064 Virg.
1291 2023 1372 2054 Geo.
1388 2022 1510 2058 ii‚277.
1541 2023 1664 2060 Latius,

909 2071 945 2097 ut
965 2066 1033 2107 jam
1056 2066 1282 2108 explicuimus,
1305 2066 1345 2097 ad
1368 2065 1495 2097 latiores
1518 2075 1666 2107 agrorum

910 2109 989 2140 fines
1007 2109 1215 2141 referendum.
1260 2109 1452 2147 Generosior,
1467 2109 1591 2150 generis
1607 2119 1664 2140 no-

910 2151 1034 2183 bilitate
1072 2151 1197 2183 clarior.
1242 2152 1375 2188 Petitor,
1414 2162 1460 2183 sc.
1499 2151 1667 2184 honorum.

913 2195 1053 2226 Moribus
1075 2196 1124 2226 hic
1152 2196 1313 2236 meliorque
1331 2195 1445 2237 fama:
1478 2194 1562 2226 alius
1593 2195 1666 2227 vitae

913 2238 1078 2269 honestate
1099 2244 1131 2269 et
1156 2238 1339 2269 meritorum
1363 2237 1464 2279 gloria
1489 2237 1666 2279 insignior;

915 2281 1059 2322 intellige
1089 2281 1248 2313 hominem
1279 2292 1400 2316 novum,
1436 2280 1492 2322 qui
1526 2292 1668 2323 generoso

913 2324 1094 2366 opponitur.
1151 2324 1322 2355 contendat
1358 2323 1531 2366 explicant,
1569 2330 1671 2356 certet

914 2378 988 2399 cum
1021 2366 1152 2408 reliquis
1182 2367 1221 2398 de
1255 2366 1428 2398 obtinendo
1461 2367 1668 2408 magistratu3

913 2410 1063 2452 equidem
1094 2411 1258 2441 contendat
1281 2410 1466 2452 simpliciter
1489 2420 1556 2452 pro,
1582 2416 1669 2453 petat

915 2455 982 2495 (sc.
1029 2453 1267 2494 magistratum)
1305 2453 1442 2495 positum
1480 2459 1569 2495 puto.
1614 2453 1667 2485 Sic

915 2496 1030 2529 Cicero
1048 2497 1141 2528 Verr.
1157 2495 1191 2532 ii,
1208 2497 1258 2534 13,
1274 2498 1475 2538 magistratus
1487 2498 1539 2527 ille
1551 2507 1668 2528 summa

915 2541 1076 2571 ambitione
1119 2541 1328 2570 contenditur.
1386 2540 1566 2575 Necessitas.
1610 2539 1671 2571 dea

919 2582 1103 2626 (Ἀνάγκη,
1142 2581 1286 2624 Μοῖρα),
1322 2593 1394 2624 quae
1431 2582 1517 2625 apud
1555 2583 1672 2614 inferos

918 2637 1030 2657 urnam
1055 2625 1267 2668 capaciorem,
1288 2625 1321 2656 in
1343 2636 1442 2667 quam
1464 2626 1672 2668 uniuscujus-

919 2679 982 2711 que
1007 2668 1143 2700 hominis
1164 2679 1230 2700 sors
1252 2668 1400 2710 conjecta
1421 2669 1521 2700 fuisse
1543 2668 1672 2706 dicitur,

918 2722 957 2744 eo
972 2711 1109 2748 consilio
1133 2721 1258 2743 versare
1274 2711 1415 2753 fingitur,
1438 2717 1474 2742 ut
1491 2711 1585 2754 cujus
1604 2722 1672 2743 sors

917 2755 999 2787 inter
1013 2755 1202 2787 versandum
1218 2754 1356 2790 exsiliat,
1372 2754 1401 2786 ei
1417 2754 1523 2786 statim
1536 2755 1672 2786 morien-

918 2797 995 2830 dum
1012 2798 1075 2829 sit:
1101 2797 1167 2829 vid.
1188 2798 1279 2828 Plato
1300 2798 1339 2829 de
1360 2797 1500 2840 Republ.
1516 2808 1547 2833 x,
1563 2799 1602 2829 T.
1618 2798 1673 2835 vii,

923 2852 958 2884 p.
974 2842 1050 2877 336,
1066 2841 1145 2873 edit.
1164 2841 1296 2884 Bipont.
1340 2841 1480 2882 Ins-ignes
1493 2847 1522 2871 et
1541 2843 1622 2876 imos,
1640 2840 1673 2871 in

924 2885 1007 2916 hanc
1030 2884 1220 2916 sententiam
1243 2884 1286 2916 cf.
1309 2894 1381 2927 sup.
1400 2884 1425 2923 i,
1447 2886 1478 2920 4,
1501 2884 1564 2923 135
1588 2883 1624 2920 ii,
1640 2884 1673 2920 3,

925 2928 990 2965 26;
1012 2927 1048 2964 ii,
1067 2928 1118 2964 18,
1136 2929 1191 2959 32.

970 2971 1111 3002 17—24.
1144 2971 1216 3002 Huc
1246 2969 1380 3005 accedit,
1412 2968 1498 3011 quod
1530 2966 1676 2999 homines

925 3013 1126 3057 potentiores,
1149 3013 1190 3046 ob
1212 3013 1359 3045 assiduas
1377 3012 1495 3054 quibus
1515 3015 1676 3052 anguntur
