1884 3288
624 243 851 286 LIBER
882 241 966 292 ΙΙΙ,
999 242 1039 283 5.

1542 240 1622 281 139

336 389 339 393 Α
374 338 475 381 Hoc
496 346 669 381 caverat
688 354 808 381 mens
829 339 1012 394 provida
1032 339 1211 396 Reguli,

374 406 684 448 Dissentientis
707 407 1031 448 conditionibus

290 474 342 515 15

429 473 595 524 Foedis,
617 482 660 515 et
680 473 881 529 exemplo
910 474 1102 516 trahenti

486 541 731 584 Perniciem
750 542 927 584 veniens
950 543 993 584 in
1014 558 1166 593 aevum,

373 609 421 651 Si
442 625 527 652 non
549 611 712 666 periret
733 611 1051 653 immiserabilis

369 678 553 734 Captiva
571 679 729 734 pubes.

793 678 929 734 Signa
949 694 1032 734 ego
1055 679 1234 721 Punicis

427 746 596 789 Adfixa
616 746 825 797 delubris,
847 754 891 789 et
912 763 1031 789 arma

283 815 342 857 20

486 814 704 857 Militibus
727 816 819 857 sine
841 816 977 866 caede,
1001 816 1128 867 dixit,

370 883 572 939 Derepta
591 884 703 927 vidi:
735 884 825 926 vidi
846 899 929 940 ego
951 885 1107 926 civium

370 951 560 995 Retorta
579 960 704 1008 tergo
724 952 905 995 brachia
926 951 1088 995 libero:

81 1090 226 1130 finxerat,
249 1092 320 1125 ideo
348 1102 368 1125 a
404 1093 562 1125 Romanis
591 1093 828 1135 religiosissime

81 1134 206 1166 cultum
220 1145 290 1168 esse
305 1142 441 1174 constat,
455 1137 552 1178 quod,
567 1137 624 1169 ubi
637 1137 719 1169 illud
734 1144 829 1176 esset,

81 1177 127 1210 ibi
142 1188 267 1210 summa
282 1179 405 1222 imperii
420 1179 484 1211 fore
500 1182 682 1222 putabatur.
730 1181 828 1223 Togoe,

81 1230 180 1264 quam
195 1227 290 1254 antea
311 1230 347 1253 ut
375 1223 554 1259 Romanus,
581 1230 735 1265 tanquam
760 1225 827 1255 Ro·

81 1273 185 1296 manae
199 1264 366 1339 diffinitatis
380 1272 412 1297 et
427 1266 585 1298 libertatis
601 1267 736 1308 insigne,
757 1278 828 1308 ges-

83 1312 182 1339 serat.
247 1310 380 1340 ricolumt'
415 1309 502 1345 Jove,
538 1317 567 1341 et
601 1312 676 1341 urbe
709 1311 830 1341 Roma?

80 1349 241 1394 praecipuo
255 1362 328 1384 cum
343 1352 403 1383 sub
417 1352 438 1384 J
440 1352 508 1383 ovis
519 1353 618 1384 tutela
633 1353 828 1395 Capitolium

81 1398 113 1425 et
127 1393 203 1425 urbs
224 1394 444 1426 incolumitate
469 1405 527 1426 sua
551 1396 655 1427 adhuc
681 1396 829 1436 gaudeat.

81 1436 146 1468 Per
156 1436 260 1469 lovem
275 1437 459 1479 designatur
473 1439 600 1481 Jupiter
615 1438 828 1482 Capitolinus,

81 1485 114 1512 et
128 1478 156 1510 is
169 1490 226 1523 pro
241 1480 312 1524 ipso
330 1482 481 1522 Capitolio
494 1482 600 1525 dictus
615 1489 675 1513 est.

129 1523 267 1556 13—18.
291 1524 358 1556 Hoc
377 1532 499 1556 caverat
521 1536 601 1556 mens
620 1526 745 1565 provida
765 1526 827 1557 Re-

78 1566 162 1607 guli,
187 1572 263 1599 cett.
316 1568 436 1599 Sensus
462 1574 495 1600 et
522 1579 640 1600 nexus:
674 1568 830 1610 ejusmodi

80 1609 220 1642 dedecus
247 1611 350 1653 (hoc),
374 1612 460 1653 quod
490 1622 602 1653 nempe
632 1611 767 1643 reductis
793 1612 828 1643 in

124 1654 216 1684 triam
232 1653 355 1694 ignavis
371 1653 527 1685 militibus
542 1654 730 1690 admittitur,
753 1665 827 1697 pru-

104 1702 194 1728 enter
208 1695 284 1728 olim
300 1703 454 1729 averterat
479 1697 637 1737 Regulus,
653 1697 729 1728 dum
753 1708 828 1740 cap-

81 1737 164 1771 tivos
189 1739 278 1771 neuti
303 1750 376 1771 uam
401 1739 434 1770 in
458 1740 565 1782 patriae
581 1740 732 1771 damnum
748 1741 828 1772 redi-

82 1781 224 1819 mendas.
249 1793 282 1814 se
320 1783 389 1815 sine
408 1783 495 1815 omni
521 1783 719 1814 miseratione
745 1783 827 1814 hosti

80 1824 306 1868 relinquendos
328 1837 398 1858 esse
423 1826 562 1858 censuit.
609 1827 692 1857 Rem
717 1832 826 1857 notam

82 1867 123 1900 de
139 1868 266 1910 Regulo
283 1868 354 1901 Cic.
371 1869 465 1900 Offic.
481 1869 502 1904 i.
522 1871 561 1900 13
577 1869 708 1901 breviter
724 1875 829 1900 narrat

82 1909 148 1943 sic:
173 1911 315 1955 Regulus
327 1915 425 1953 primo
442 1914 518 1944 bello
542 1913 659 1944 Punico
681 1920 787 1952 captus
809 1925 828 1943 α

84 1953 188 1986 Poem's
197 1966 265 1987 eum
278 1957 316 1988 de
327 1957 455 1996 captivis
466 1957 685 1987 commutandis
702 1957 826 1986 Romam

82 1998 188 2029 miuus
203 2005 287 2036 esset,
293 2001 491 2040 jurassetque
505 2010 534 2030 se
548 2001 719 2030 rediturum
732 2010 742 2036 ,-
758 2001 826 2039 pri-

82 2050 165 2072 mum
177 2047 215 2072 ut
223 2043 326 2078 venit,
341 2043 474 2082 captivos
483 2043 646 2074 reddendos
663 2045 694 2072 in
711 2042 827 2073 Senatu

83 2093 143 2114 uon
155 2088 270 2120 censuit
283 2096 296 2123 ς
320 2087 428 2116 deinde
442 2092 511 2116 cum
525 2087 738 2117 retineretur-u
754 2097 825 2126 pro-

78 2127 202 2168 pinquis
213 2135 242 2160 et
257 2129 376 2164 amicis,
390 2129 430 2159 ad
447 2129 628 2169 supplicium
646 2130 747 2160 redire
762 2140 826 2159 ηια-

82 2168 155 2206 luit,
169 2171 362 2213 quamfidem
378 2173 454 2202 hosti
465 2172 706 2214 datumsallere.
730 2171 827 2209 Quod

79 2210 122 2243 nd
131 2214 398 2257 comparationem
410 2214 608 2256 captivorum
618 2225 703 2246 nunc
715 2220 827 2256 sponte

80 2263 103 2288 a
125 2255 263 2289 Phraate
288 2257 602 2295 remissorum,·cum
627 2257 666 2288 iis
691 2268 827 2299 quorum

81 2297 132 2331 vel
159 2301 454 2333 commutandorum
492 2300 541 2332 vel
573 2300 825 2332 redimendorum

80 2350 179 2374 causa
195 2342 333 2375 Romam
347 2343 696 2386 aCarthaginiensibus
713 2343 827 2376 missus

79 2383 184 2418 fuerat
197 2385 357 2428 Regulus,
379 2387 512 2425 attinet;
536 2386 596 2418 fuit
618 2387 745 2429 quidem
763 2398 826 2419 non

81 2437 148 2460 unt
170 2429 347 2473 eademque
369 2436 576 2472 utrorumque
600 2430 752 2466 conditio,
770 2431 825 2462 sed

80 2479 146 2504 una
159 2473 334 2516 eademque
348 2483 458 2509 causa,
474 2483 537 2516 qua
556 2473 676 2515 justam
701 2473 827 2516 utrique

29 2522 40 2540 ’-
77 2520 190 2553 ,eontra
205 2523 412 2549 semoverant
422 2516 686 2558 indignationem.
710 2517 827 2548 Neutri

79 2556 164 2590 euim
181 2565 218 2591 ut
230 2559 375 2592 homines
390 2559 498 2601 ignavi
521 2565 642 2602 turpem
658 2560 824 2602 captivita—

77 2604 146 2639 ‚tem
179 2601 320 2635 honestae
357 2603 463 2639 morti,
491 2603 544 2634 sed
573 2608 610 2633 ut
642 2602 700 2634 viri
730 2602 826 2635 sortes

81 2641 247 2683 honestam
256 2653 386 2678 mortem
398 2646 481 2688 turpi
491 2644 667 2688 captivitati
680 2647 825 2687 praeferre

11 2689 23 2730 j
76 2685 268 2721 debuerant.
313 2690 390 2727 Hoc,
407 2699 446 2720 ne
463 2689 522 2720 hoc
537 2689 634 2724 fieret,
650 2688 824 2722 scilicetne

81 2729 240 2773 pudende
254 2731 390 2774 ignaviae
405 2732 521 2763 milites
546 2733 769 2764 reducerentur
791 2733 825 2764 in

151 2773 160 2780 ⁸
184 2785 225 2806 m.
271 2775 361 2807 Mens
384 2777 513 2816 provida
535 2775 663 2817 Reguli,
687 2775 826 2818 prudens

80 2816 250 2850 eonsilium
290 2818 424 2860 Reguli,
466 2818 662 2861 providentis
703 2829 827 2868 nempe,

12 2850 22 2884 ³⁴,
75 2869 178 2903 guam
198 2860 375 2904 perniciosa
390 2862 494 2893 sutura
514 2861 555 2892 sit
572 2861 756 2903 reipublicae
779 2873 825 2903 rg-

82 2910 235 2936 mvorum
249 2903 387 2936 militum
404 2905 567 2936 redemtio.

614 2906 829 2937 Dissentientis

81 2947 304 2979 conditionibus
327 2948 440 2983 Foedis,
456 2955 483 2980 et
498 2949 640 2988 exemplo,
659 2954 735 2979 cett.
751 2948 828 2979 dum

83 2986 186 3023 findas
199 2989 240 3022 de
256 2990 447 3023 redimendis
470 2991 606 3034 captivis
627 2990 829 3023 conditiones

76 3028 298 3074 (dissuadebat,
313 3044 433 3077 easque
457 3040 609 3077 tanquam
635 3034 828 3078 exemplum,

872 1093 935 1125 vim
948 1094 1158 1137 perniciosam
1171 1095 1255 1137 apud
1269 1100 1411 1138 posteros
1423 1095 1620 1135 habiturum,

873 1137 1139 1179 rejiciendasesse
1152 1139 1314 1170 censebat.
1360 1139 1480 1171 Foedis:
1500 1141 1619 1181 aequio-

874 1190 922 1212 res
932 1191 1059 1223 quoque
1069 1181 1142 1212 illas
1153 1181 1363 1217 conditiones,
1374 1192 1454 1223 quas
1466 1182 1506 1214 de
1516 1183 1619 1224 capti-

873 1223 921 1254 vis
936 1224 985 1255 vel
1002 1225 1238 1255 commutandis
1253 1225 1302 1255 vel
1326 1224 1518 1256 redimendis
1539 1226 1620 1258 Car-

873 1266 1122 1308 thaginiensium
1139 1268 1265 1299 nomine
1277 1278 1363 1299 nunc
1375 1267 1493 1300 ferebat
1508 1269 1620 1311 Regu-

874 1309 935 1348 lus,
960 1309 1031 1342 ideo
1055 1316 1148 1343 vocat
1163 1310 1281 1352 foedos,
1305 1310 1390 1353 quod
1417 1321 1538 1348 omneS,
1563 1313 1620 1354 qui

874 1363 938 1383 non
954 1358 1084 1384 mortem
1100 1354 1276 1396 captivitati
1299 1353 1507 1396 praetulerint,
1524 1355 1619 1386 soedae

873 1395 1010 1435 ignaviae
1026 1396 1143 1428 milites
1159 1397 1275 1435 habet;
1293 1403 1324 1428 et
1334 1397 1465 1439 proinde
1476 1407 1622 1440 quasque

872 1439 911 1470 de
935 1439 984 1470 his
1010 1439 1202 1471 redimendis
1233 1439 1315 1470 latas
1344 1439 1553 1476 conditiones,
1584 1447 1621 1473 ut

873 1492 936 1513 rem
953 1481 1071 1513 foedam
1095 1489 1127 1514 et
1152 1482 1282 1525 pessimi
1306 1483 1455 1525 exempli,
1479 1483 1622 1516 damnat.

874 1524 937 1556 Sed
953 1536 992 1556 ne
1010 1525 1088 1556 forte
1107 1526 1266 1566 Regulum
1286 1526 1382 1557 soedae
1405 1526 1498 1557 istius
1520 1527 1621 1569 capti-

872 1568 989 1604 vitatis,
1015 1568 1055 1600 de
1080 1579 1144 1610 qua
1171 1580 1271 1600 sermo
1295 1574 1355 1604 est,
1375 1574 1553 1600 consortem
1577 1571 1622 1602 ita

872 1610 961 1653 loqui
975 1618 1007 1643 et
1022 1613 1154 1643 suadere
1168 1612 1301 1650 mireris,
1309 1612 1509 1654 imperatoris
1522 1613 1622 1645 sortu-

873 1664 947 1685 nam
974 1665 1038 1686 non
1065 1665 1083 1685 a
1107 1655 1173 1686 sola
1195 1655 1308 1697 ipsius,
1332 1655 1388 1686 sed
1417 1666 1436 1686 a
1459 1657 1622 1688 communi

872 1697 1010 1728 militum
1027 1697 1142 1729 virtute
1166 1698 1312 1740 pendere,
1328 1698 1444 1739 cogita.
1490 1700 1575 1730 Nam
1593 1701 1622 1732 si

874 1739 1079 1771 fortissimum
1096 1741 1210 1772 ducem
1231 1741 1394 1781 Regulum
1418 1742 1518 1772 secuti
1542 1741 1622 1774 suis-

872 1789 943 1813 sent
960 1783 1088 1819 milites,
1106 1783 1178 1825 quis
1193 1794 1267 1815 eum
1290 1794 1354 1814 non
1371 1794 1435 1814 una
1456 1794 1530 1815 cum
1554 1783 1621 1816 illis

872 1826 904 1856 in
928 1826 1031 1857 media
1054 1826 1191 1857 hostiurn
1213 1826 1341 1867 agmina
1360 1826 1566 1868 irrupturum,
1590 1835 1623 1861 et

872 1868 1037 1900 honestam
1065 1879 1121 1911 pro
1147 1869 1249 1911 patria
1265 1875 1393 1900 mortem
1416 1869 1508 1911 longe
1523 1870 1621 1903 soedae

873 1911 1047 1954 captivitati
1072 1912 1322 1954 antepositurum
1349 1911 1447 1944 fuisse
1474 1913 1534 1944 sibi
1557 1923 1622 1945 non

871 1954 1084 1996 persuadeat!
1130 1957 1164 1986 δί
1179 1967 1237 1986 non
1251 1957 1378 1995 periret,
1402 1955 1430 1985 si
1452 1955 1620 1988 redimere-

873 2005 944 2035 tur;
963 2008 1028 2029 ‘nec
1057 1997 1163 2040 potius
1188 2000 1315 2038 periret,
1342 1997 1374 2028 h.
1400 2008 1429 2028 e.
1454 1999 1622 2040 repudiata

871 2051 979 2072 eorum
997 2041 1190 2073 redemtione
1209 2041 1347 2072 hostium
1372 2039 1502 2073 arbitrio
1524 2042 1621 2074 relin-

872 2091 1032 2126 queretur.

918 2128 1057 2159 18-24,
1082 2128 1179 2168 Signa
1195 2133 1222 2158 et
1238 2138 1324 2158 arma
1343 2128 1447 2168 adfixa
1464 2127 1619 2167 delubri55

871 2176 990 2202 veteres
1005 2169 1104 2206 enim,
1120 2176 1155 2201 ut
1171 2170 1246 2201 satis
1268 2175 1404 2206 constat,
1421 2169 1523 2212 spolia
1544 2170 1619 2202 hos-

873 2213 948 2244 tium
962 2219 998 2244 ut
1009 2213 1220 2256 ἀναθήματα
1235 2213 1265 2244 in
1284 2213 1474 2255 templorum
1484 2212 1620 2254 fastigiis

871 2257 1065 2299 suspendere
1080 2257 1238 2288 solebant.
1284 2257 1356 2287 Sine
1369 2258 1459 2292 coede,
1484 2256 1622 2297 graviter

870 2299 910 2330 de
927 2299 1081 2331 militibus
1096 2299 1232 2342 ignavis,
1249 2299 1303 2341 qui
1330 2310 1387 2331 nec
1412 2299 1531 2330 hostem
1554 2310 1619 2332 cae-

870 2343 962 2378 dunt,
981 2353 1038 2374 nec
1062 2343 1102 2374 ab
1118 2354 1154 2375 eo
1170 2343 1350 2378 caeduntur,
1368 2341 1423 2374 sed
1447 2342 1516 2374 sine
1533 2342 1621 2375 caede

870 2386 977 2417 statim
995 2386 1077 2418 hosti
1094 2397 1127 2418 se
1143 2385 1276 2418 dedunt.
1324 2386 1445 2417 Civium
1470 2392 1555 2427 tergo
1580 2387 1620 2417 li-

870 2430 949 2464 bero,
965 2440 1021 2471 pro
1037 2429 1172 2470 vulgari,
1189 2436 1276 2472 tergo
1292 2428 1462 2460 liberorum
1476 2428 1595 2460 civium
1609 2441 1617 2460 :

871 2472 955 2514 quod
973 2478 1076 2504 autem
1094 2473 1239 2515 Regulus
1256 2482 1289 2504 se
1307 2471 1421 2503 liberos
1440 2471 1526 2502 cives
1549 2472 1618 2504 Ro-

870 2526 981 2547 manos
997 2516 1145 2547 manibus
1159 2516 1191 2547 in
1207 2522 1328 2557 tergum
1340 2515 1489 2547 revinctis
1501 2514 1619 2547 vidisse

870 2560 926 2595 ait,
938 2558 970 2589 id
983 2569 1056 2590 cum
1069 2558 1423 2590 contumeliosissimum
1437 2557 1617 2594 haberetur,

870 2602 909 2632 ad
925 2603 1139 2633 Romanorum
1149 2603 1272 2634 animos
1282 2601 1515 2633 exacerbandos
1531 2611 1617 2642 egre-

869 2645 920 2686 gje
947 2646 1220 2677 accommodatum
1253 2650 1313 2677 est.
1362 2645 1527 2685 Portasque
1559 2656 1619 2676 non

869 2690 980 2725 clusas,
996 2695 1025 2720 et
1043 2700 1117 2719 arva
1133 2690 1212 2720 culi:
1235 2688 1396 2728 vulgarem
1414 2686 1618 2725 sententiam,

870 2735 891 2749 ‘¹
903 2738 934 2763 et
950 2731 1243 2773 Carthaginienses,
1272 2730 1352 2762 nihil
1380 2731 1545 2762 Romanos
1560 2741 1617 2761 cu-

869 2780 986 2811 rantes,
1005 2775 1038 2806 in
1055 2786 1180 2806 summa
1195 2774 1366 2807 securitate
1386 2773 1525 2809 vivere,’'
1544 2778 1619 2815 apta

871 2818 1051 2850 securitatis
1067 2818 1205 2859 imagine
1219 2816 1443 2856 adumbravit3
1466 2816 1618 2847 ubienim

871 2861 959 2892 urbis
975 2861 1114 2904 alicujus
1135 2861 1251 2893 incolae
1267 2861 1388 2892 hostem
1412 2870 1474 2891 non
1491 2860 1616 2895 timent.

871 2903 916 2934 ibi
939 2904 1058 2945 apertis
1084 2904 1182 2947 portis
1211 2904 1307 2936 libere
1335 2908 1367 2933 et
1400 2913 1509 2934 secure
1535 2901 1619 2942 agris

873 2947 1014 2979 colendis
1051 2958 1178 2990 operam
1212 2947 1286 2978 dare
1323 2945 1444 2976 solent:
1490 2945 1545 2975 inf.
1584 2943 1619 2975 in

874 2990 975 3032 Epist.
992 2990 1031 3022 ad
1051 2991 1116 3022 Pis.
1133 3002 1163 3022 v.
1189 2992 1262 3026 199,
1286 2990 1400 3030 apertis
1423 2989 1485 3019 otia
1506 2988 1617 3034 portis.

874 3033 1030 3074 Populum
1054 3035 1158 3065 Marte
1185 3041 1309 3072 nostr-03
1345 3030 1490 3072 Regulus
1519 3040 1616 3067 emm,
