1904 3314
672 165 899 209 LIBER
931 165 992 217 11,
1023 166 1064 208 3.

126 262 184 309 30
214 267 320 309 Non
340 268 477 324 magis
499 267 699 318 audierit,
721 282 851 322 quam
871 266 1027 308 Fufius
1049 267 1198 309 ebrius
1221 265 1334 317 olim,

217 335 366 384 Quum
388 334 568 378 Ilionam
588 336 787 385 edormit,
811 335 1004 377 Catienis
1026 335 1140 377 mille
1162 335 1380 384 ducentis,

217 407 245 427 “
258 404 412 446 illater
428 410 472 446 te
490 404 704 460 appello,”
725 403 1026 446 clamantibus.

1088 402 1134 449 H
1141 404 1208 445 uic
1230 417 1315 458 ego
1336 401 1493 457 vulgus

213 470 370 513 Eri-ori
391 471 571 514 similem
592 479 797 514 cunctum
817 473 1005 514 insanire
1028 472 1213 514 docebo.

213 538 380 581 Insanit
400 546 569 581 veteres
592 546 758 581 statuas
782 540 1079 596 Damasippus
1101 539 1300 580 emendo.

126 607 184 649 65
213 606 389 663 Integer
409 614 476 649 est
498 609 652 650 mentis
675 608 939 664 Damasippi
960 607 1184 650 creditor?

1247 606 1376 648 Esto.

212 674 396 731 Accipe,
418 676 539 730 quod
560 691 783 731 nunquam
803 676 964 718 reddas
986 676 1103 726 mihi,
1127 675 1164 716 si
1186 674 1265 716 tibi
1288 674 1444 724 dicam,

214 741 344 784 Tune
365 744 543 786 insanus
565 745 664 795 eris,
689 745 725 786 si
748 745 996 800 acceperis?
1029 759 1084 785 an
1106 744 1243 799 magis
1265 757 1423 785 excors

216 809 405 867 Rejecta
426 813 589 868 praeda,
612 803 742 868 quam
762 828 956 869 praesens
980 812 1232 854 Mercurius
1254 811 1372 853 fert?

212 879 366 924 Scribe
388 881 539 924 decem
560 897 585 923 a
604 881 772 924 Nerio:
806 897 892 924 non
914 889 980 923 est
1004 882 1109 923 satis
1127 899 1136 932 3
1169 880 1284 923 adde
1307 879 1476 922 Cicutae

121 947 183 990 -70
211 947 387 992 Nodosi
410 950 580 992 tabulas
603 958 800 1002 centum3
834 950 948 992 mille
970 950 1084 992 adde
1106 956 1308 991 catenas:

213 1015 414 1073 Effugiet
435 1025 578 1060 tamen
598 1019 694 1061 haec
717 1018 954 1061 sceleratus
976 1017 1147 1060 vincula
1169 1017 1373 1059 Proteus.

212 1084 362 1132 Quum
383 1087 527 1142 rapies
549 1087 593 1128 in
608 1087 684 1142 jus
705 1086 826 1128 malis
848 1087 1062 1128 ridentem
1083 1086 1247 1136 alienis,

211 1151 311 1195 Fiet
333 1169 452 1210 aper,
472 1155 602 1197 modo
625 1156 730 1206 avis,
754 1155 883 1197 modo
906 1170 1072 1205 saxum,
1094 1162 1139 1196 et
1156 1169 1291 1209 quum
1313 1152 1427 1195 volet
1448 1153 1592 1195 arbor.

90 1251 228 1289 prudens
250 1253 372 1288 occidit,
394 1253 562 1287 arbitrans,
585 1263 614 1282 se
639 1251 844 1292 Polydorum,

84 1292 196 1332 filium
232 1294 364 1330 Priami,
400 1296 598 1336 interjecisse.
659 1295 775 1335 Itaque
812 1292 844 1323 in

94 1337 252 1378 tragoedia
266 1337 398 1368 Pacuvii
424 1347 485 1368 uon
511 1337 689 1378 Polydorus
714 1342 844 1367 matrem

95 1377 276 1415 Hecubam.
305 1386 341 1412 ut
369 1386 418 1412 est
446 1380 531 1423 apud
560 1379 757 1422 Euripidem,
789 1378 843 1409 sed

93 1419 268 1465 Deiphilus
287 1423 423 1455 Ilionam
448 1435 503 1466 per
524 1423 680 1455 somnium
705 1422 844 1464 compel-

94 1466 192 1500 labat.
234 1466 367 1498 Ilionam
381 1469 520 1504 edormit,
536 1466 670 1498 Ilionam
684 1465 843 1496 dormien-

12 1505 15 1508 ’
41 1542 43 1545 ,
92 1516 156 1543 tem
188 1519 286 1551 agens
317 1520 388 1541 vere
415 1509 544 1540 dormit.
590 1510 727 1540 Catienis
757 1510 840 1540 mille

93 1555 234 1586 ducentis
256 1554 479 1584 clamantibus:
514 1552 649 1584 Catieno
676 1551 840 1588 histrione,

93 1597 150 1640 qui
169 1596 287 1629 Umbra
305 1594 448 1638 Deiphili
471 1595 625 1638 prodibat,
644 1601 734 1625 tanta
753 1594 842 1626 vocis

91 1639 268 1672 intentione
283 1639 453 1674 clamante,
470 1645 507 1670 ut
522 1638 609 1669 mille
623 1637 752 1668 ducenti
777 1638 841 1669 Ca-

91 1682 172 1716 tieui
198 1681 336 1714 clamare
360 1682 561 1719 viderentur3
595 1681 757 1712 clamabat
784 1691 839 1712 au-

93 1731 170 1764 tem,
188 1726 294 1757 Mam
317 1732 347 1757 te
368 1726 496 1766 appello.
543 1725 664 1756 Versus
691 1723 839 1760 Pacuvii,

119 1768 152 1801 ui
166 1769 229 1801 huc
245 1768 414 1811 pertinent,
439 1767 556 1800 servati
581 1767 730 1808 leguntur
754 1767 839 1809 apud

93 1779 280 1845 gicerouem
305 1812 402 1843 Tusc.
426 1811 550 1848 Quaest.
572 1810 595 1846 i,
621 1812 675 1846 44,
695 1811 841 1842 Materte

91 1857 223 1897 appella,
238 1861 275 1886 iu
289 1866 354 1896 quae
369 1866 475 1886 curam
489 1865 588 1884 somno
601 1864 772 1894 suspensam
796 1855 838 1884 le-

93 1910 159 1935 vas,
186 1898 292 1939 Neque
315 1905 343 1929 ie
372 1900 511 1929 miseret.-
554 1908 656 1939 surge,
694 1904 723 1928 et
750 1898 840 1937 sepeli

93 1947 216 1974 natum.
479 1957 485 1962 -

137 1985 192 2023 62,
219 1985 272 2016 63.
307 1983 393 2014 Huic
415 1994 468 2025 ego
491 1983 602 2024 vulgus
627 1984 839 2014 Errari-—da-

92 2029 170 2060 cebo.
214 2028 342 2068 Junge:
367 2037 382 2057 e
404 2037 420 2057 o
435 2028 540 2057 docebo
561 2033 705 2057 cunctum
730 2027 842 2067 vulgus

94 2072 223 2114 (omnes
234 2037 402 2109 hominesg
414 2079 550 2100 errorem
563 2071 697 2100 insanire
711 2070 840 2100 similem

94 2114 178 2150 huic,
204 2113 245 2145 de
270 2123 334 2155 quo
357 2111 438 2149 dixi,
463 2114 572 2143 errori.
618 2113 756 2143 Sensus:
781 2123 840 2154 ego

92 2157 270 2195 ostendam,
285 2165 396 2187 omnes
408 2155 550 2186 homiues
567 2165 628 2186 non
639 2162 758 2186 certum
774 2166 840 2187 mo-

92 2199 168 2231 dum
184 2205 302 2235 tenere,
317 2197 374 2230 sed
387 2208 459 2230 eum
475 2198 639 2234 excedere,
655 2198 838 2240 similesque

93 2248 151 2274 aut
163 2243 261 2275 stulte
283 2240 407 2278 timido,
424 2247 481 2273 aut
503 2252 575 2273 cum
600 2242 702 2273 furore
724 2241 838 2273 audaci

92 2285 214 2318 homini
229 2284 338 2321 alicui,
354 2295 388 2316 se
406 2285 521 2316 stultos
543 2284 735 2326 insanosque
758 2295 838 2327 prae-

91 2328 177 2362 bere.
222 2329 365 2360 Insanire
378 2339 519 2364 errorem,
531 2336 566 2359 ut
579 2327 636 2358 inf.
654 2327 754 2370 Epist.
770 2328 791 2366 i,
808 2330 836 2365 l,

93 2372 169 2409 101,
193 2373 330 2403 insanire
346 2372 501 2408 solemnia,
523 2377 555 2402 et
579 2371 693 2402 Senec.
709 2371 749 2402 de
769 2373 838 2404 Vit.

92 2415 186 2447 Bent.
205 2417 254 2454 12,
275 2416 413 2446 insanire
428 2416 580 2446 insaniam
596 2415 737 2446 hilarem.

136 2459 179 2490 64
194 2469 264 2501 sqq.
281 2458 402 2490 Verum
423 2468 504 2493 esse,
528 2458 613 2499 quod
636 2457 733 2488 Stoici
761 2468 838 2488 con-

90 2501 240 2537 tendunt,
257 2511 355 2532 amnes
371 2503 499 2532 homines
514 2502 663 2536 insanire,
687 2501 840 2543 exemplis

91 2545 295 2595 comprobare
327 2543 548 2586 Damasippus
583 2542 697 2585 pergit.
758 2545 839 2584 Ego,

91 2586 148 2624 ait,
162 2587 300 2626 insanio,
314 2587 400 2629 quod
423 2593 543 2618 veteres
565 2593 686 2617 statuas
708 2597 838 2627 coemo;

91 2629 148 2662 ned
163 2630 281 2662 insanit
295 2640 423 2672 quoque
448 2630 475 2660 is
490 2629 546 2671 qui
570 2629 649 2660 mihi
671 2630 838 2672 pecuniam

92 2667 144 2705 ud'
162 2673 297 2706 emenda
325 2683 376 2709 ea,
406 2673 524 2715 quibus
547 2672 696 2706 delector,
728 2673 839 2704 credit.

94 2715 172 2755 Qui,
186 2716 271 2760 quod
285 2722 397 2759 sponte
411 2716 553 2747 oblatum
569 2722 665 2750 esset,
689 2715 748 2747 hac
761 2727 836 2748 con-

91 2757 212 2792 ditione
233 2759 404 2803 proposita,
430 2765 467 2790 ut
494 2768 656 2799 nunquam
677 2758 840 2796 reddatur,

91 2802 285 2846 repudiaret,
313 2812 370 2845 pro
399 2801 513 2833 insano
543 2801 729 2834 haberetur..
783 2803 841 2834 In-

7 2851 11 2874 ἰ
34 2883 35 2886 ¹
93 2852 224 2878 uniunt
237 2845 456 2881 soeneratores‚
474 2844 529 2887 qui
545 2844 711 2886 pecuniam
730 2844 761 2876 in
779 2845 839 2877 soe-

93 2897 168 2920 nore
181 2895 307 2932 ponunt
322 2889 407 2931 apud
428 2888 573 2919 homines
598 2887 776 2930 improbos;
800 2890 841 2921 ab

91 2929 144 2963 his
157 2931 241 2963 enim
258 2931 318 2968 illi.
331 2931 477 2974 quamvis
490 2941 615 2962 summa
627 2931 841 2974 circumspec-

94 2973 180 3009 tione
192 2982 249 3019 per
264 2974 399 3018 scriptas
415 2975 541 3006 tabulas
561 2974 621 3005 sibi
638 2981 765 3012 cavent,
783 2974 843 3007 cir-

890 1249 1147 1281 cumveniuntur.
1194 1249 1321 1281 Insanit
1337 1249 1375 1286 is,
1399 1250 1455 1291 qui
1477 1250 1640 1282 immensis

890 1293 996 1323 usuris
1012 1292 1125 1324 foenori
1141 1294 1196 1324 dat
1210 1295 1390 1336 pecuniam,
1406 1303 1502 1335 quam
1515 1293 1640 1325 debitor

889 1335 1020 1367 reddere
1036 1336 1159 1377 nequit.

932 1379 986 1409 65.
1010 1378 1093 1414 Esto,
1110 1380 1152 1409 sit
1168 1379 1224 1409 ita.

933 1422 986 1452 68.
999 1422 1096 1456 Quam
1110 1433 1164 1461 pra
1172 1432 1237 1452 sens
1250 1421 1426 1452 Mercurius
1427 1420 1524 1462 fert?
1541 1431 1637 1463 quam

888 1473 974 1495 nunc
990 1465 1081 1496 offert
1103 1464 1255 1496 Mercurii
1276 1465 1375 1502 favor,
1399 1464 1430 1494 h.
1446 1474 1475 1495 e.
1498 1474 1639 1507 praesens

884 1507 1029 1538 lucrandi
1046 1508 1182 1539 occasio.

927 1551 1068 1582 69—71.
1090 1552 1193 1582 Scribe
1207 1552 1306 1582 decem
1319 1563 1337 1581 a
1356 1551 1464 1588 Nerio,
1485 1555 1560 1581 cett.
1583 1551 1637 1582 Ad

884 1593 1034 1624 orationis
1067 1604 1184 1625 nexum
1222 1594 1329 1624 animo
1357 1593 1635 1636 complectendum

886 1637 998 1678 supple
1012 1637 1075 1667 fere
1091 1637 1178 1668 haec:
1206 1637 1326 1667 Annon
1348 1637 1481 1667 insanus
1503 1642 1552 1667 est
1574 1637 1636 1668 foe-

885 1685 1020 1715 nerator,
1035 1680 1090 1720 qui
1116 1680 1209 1711 malae
1230 1679 1300 1710 fidei
1321 1679 1455 1710 debitori
1478 1690 1636 1711 summam

884 1721 1026 1763 aliquam
1052 1723 1197 1764 pecuniae
1226 1721 1349 1753 credit?
1382 1732 1466 1759 nam,
1492 1724 1638 1763 quamvis

884 1764 1033 1806 providus
1055 1765 1224 1797 foenerator
1244 1765 1357 1806 quovis
1380 1764 1500 1796 vinculi
1521 1775 1637 1806 genere

884 1808 1029 1839 fallacem
1041 1808 1214 1839 debitorem
1228 1814 1347 1844 nectat,
1360 1813 1466 1839 tamen
1479 1807 1530 1839 hic
1544 1809 1635 1840 illum

883 1851 1001 1882 eludet.
1064 1851 1251 1893 Alloquitur
1287 1850 1383 1893 igitur
1418 1851 1636 1894 Damasippus

883 1893 1048 1936 providum
1073 1895 1306 1926 foeneratorem.
1352 1895 1456 1925 Scribe
1479 1895 1638 1937 versipelli

884 1937 1016 1968 debitori
1033 1940 1129 1969 decem
1148 1939 1268 1968 tabulas
1286 1937 1514 1979 (syngraphas,
1531 1938 1635 1969 chiro-

885 1981 1039 2022 graphas)
1057 1981 1106 2012 vel
1124 1991 1143 2011 a
1161 1981 1268 2017 Nerio,
1286 1981 1476 2012 foeneratore
1491 1980 1632 2013 callidis-

885 2025 977 2059 simo,
994 2030 1176 2066 conceptas,
1187 2030 1219 2055 et
1228 2029 1337 2056 contra
1350 2034 1475 2055 ornnem
1492 2023 1632 2056 fraudem

885 2066 1034 2104 munitas,
1066 2068 1144 2109 (nan
1176 2073 1217 2098 est
1248 2069 1320 2098 satis
1337 2066 1366 2107 ;)
1401 2069 1478 2098 adde
1509 2075 1631 2099 centum

885 2111 1005 2140 tabulas
1022 2110 1219 2142 imneratoris
1238 2111 1353 2142 Cicuta:
1378 2112 1478 2141 nodosi
1502 2111 1632 2144 (verbo-

885 2163 952 2183 rum
971 2153 1093 2194 laqueis
1103 2153 1196 2195 quasi
1207 2153 1362 2195 nodisque
1374 2152 1524 2184 debitoris
1540 2155 1632 2185 fidem

883 2197 1149 2237 constringentis3
1186 2207 1242 2227 nos
1270 2196 1449 2228 diceremus
1477 2197 1633 2238 ejusmodi

883 2238 1055 2275 hominem,
1071 2242 1171 2276 einen,
1189 2242 1243 2271 der
1256 2241 1306 2271 die
1321 2240 1535 2281 Schuldbriefe
1548 2241 1633 2272 recht

883 2293 918 2313 zu
946 2283 1138 2314 verklauseln
1163 2285 1314 2321 vei-steht‚·
1354 2283 1458 2326 lepide
1491 2286 1634 2315 nodosum

885 2326 1026 2357 Cicutam
1059 2327 1153 2357 vertit
1190 2327 1337 2362 Vossius,
1375 2330 1433 2358 den
1474 2327 1634 2358 Knochen·

882 2370 1012 2400 stricker
1023 2369 1054 2409 ς)
1072 2372 1155 2400 mille
1170 2372 1248 2401 adde
1264 2377 1398 2405 catenas,
1411 2369 1499 2400 mille
1509 2370 1632 2402 cautio-

883 2423 957 2443 num
993 2423 1121 2454 genera,
1150 2413 1280 2455 quibuS,
1315 2418 1470 2455 tanquam
1506 2421 1633 2450 catena,

883 2455 1028 2487 creditori
1054 2456 1261 2497 obstringitur
1284 2456 1419 2488 debitor.
1477 2457 1517 2487 In
1543 2468 1635 2489 versu

885 2499 924 2529 71
952 2499 1045 2530 malae
1076 2499 1148 2530 fidei
1179 2499 1302 2531 debitor
1329 2505 1529 2542 comparatur
1559 2511 1633 2532 cum

887 2542 1006 2578 Proteo,
1024 2542 1112 2584 quia,
1128 2541 1212 2573 sicut
1229 2543 1295 2581 ille,
1311 2543 1442 2574 fallendi
1454 2553 1550 2574 causa
1567 2555 1634 2575 orn-

885 2595 957 2616 nes⁹
975 2586 1089 2616 formas
1118 2585 1244 2616 induit:
1282 2586 1439 2627 ejusmodi
1473 2586 1633 2618 hominem

885 2628 1021 2659 Plautus
1037 2633 1131 2659 vocat
1145 2630 1341 2669 versipellem.

928 2672 981 2702 72.
1007 2672 1101 2702 Malis
1113 2674 1258 2703 ridentem
1272 2674 1397 2703 alienis.-
1416 2672 1534 2703 locutio
1546 2673 1634 2702 malis

883 2715 993 2745 alienis
1023 2717 1126 2746 ridere
1159 2716 1294 2746 multum
1326 2715 1444 2757 negotii
1475 2714 1636 2746 facessivit

884 2757 1117 2800 interpretibus,
1137 2768 1195 2789 nec
1219 2760 1388 2801 quisquam
1413 2769 1521 2789 eorum
1546 2769 1633 2789 com-

885 2801 1010 2831 modam
1026 2801 1096 2843 ejus
1111 2800 1354 2843 explicationem
1372 2801 1491 2832 attulit.
1515 2801 1634 2832 Omnes

884 2853 952 2875 com
979 2850 1069 2875 arant
1099 2844 1268 2887 γναθμοῖς
1299 2846 1404 2888 γελᾷν
1436 2844 1634 2885 ἀλλοτρίοις

885 2897 946 2930 apu
986 2888 1116 2919 Homer.
1135 2887 1254 2929 Odyss,
1274 2900 1327 2924 xx,
1343 2889 1418 2919 347.
1464 2886 1527 2917 Sed
1550 2886 1634 2927 apud

887 2931 1060 2962 Homerum
1078 2941 1181 2962 sermo
1195 2936 1244 2962 est
1259 2931 1298 2962 de
1322 2931 1385 2962 risu
1408 2929 1519 2964 invito,
1536 2928 1633 2959 simu-

889 2973 964 3013 lato,
982 2974 1176 3015 Sardonico;
1198 2974 1243 3005 sic
1261 2985 1324 3005 non
1350 2973 1429 3005 ridet
1452 2972 1556 3002 malus
1579 2971 1634 3003 de-
