1904 3314
35 2450 46 2459 “
78 2451 179 2485 virus.

669 198 892 242 LIBER
924 200 961 250 Ι,
992 199 1034 242 4.

1534 203 1620 244 323

196 303 374 359 AErugo
394 317 536 354 mera3
567 301 687 356 quod
709 300 858 341 vitium
878 295 1032 353 procul
1052 295 1173 339 afore
1194 296 1372 347 chartis,

194 369 346 426 Atque
367 371 507 412 animo
529 370 664 424 priuS,
688 374 735 410 ut
757 367 792 408 si
813 365 919 421 quid
940 365 1195 420 promittere
1217 364 1273 405 de
1295 378 1362 405 me

195 438 382 481 Possum
401 438 518 481 aliud
541 451 653 487 vere,
677 435 898 492 promitto.

961 433 1168 475 Liberius
1191 433 1227 473 si

194 505 364 549 Dixero
384 505 504 561 quid,
526 505 562 546 si
582 504 695 546 forte
711 503 932 559 jocosius3
964 501 1047 543 hoc
1068 498 1172 542 mihi
1189 500 1302 556 juris

81 574 163 616 105
194 573 305 616 Cum
325 575 447 616 venia
467 573 615 615 dabis:
648 572 835 614 insuevit
857 572 980 626 pater
1001 570 1190 625 optimus
1211 569 1296 610 hoc
1318 583 1402 619 me,

193 641 256 684 Ut
275 641 486 698 fugerem,
509 641 719 696 exemplis
738 640 938 681 vitiorum
960 652 1147 693 quaeque
1170 637 1375 678 notando.

194 710 306 752 Cum
325 725 392 752 me
412 709 678 757 hortaretur,
702 722 847 764 parce,
869 706 1112 762 frugaliter,
1135 713 1267 761 atque

190 778 395 821 Viverem
416 779 480 820 uti
500 785 730 820 contentus
753 791 806 818 eo
827 776 946 831 quod
968 774 1027 816 mi
1042 775 1135 829 ipse
1157 780 1356 828 parasset
1374 789 1383 814 ε

192 846 354 889 Nonne
374 846 512 897 vides,
536 845 644 887 Albi
664 853 713 887 ut
734 843 843 886 male
865 844 980 885 vivat
1000 842 1116 884 filius
1135 844 1151 884 ἲ
1182 850 1318 897 utque

80 914 162 956 llO
193 914 358 957 Barrus
379 915 535 971 inops?
567 929 773 970 magnum
794 913 1117 962 documentum,
1140 926 1194 953 ne
1214 911 1399 966 patriam
1420 925 1509 952 rem

139 1034 142 1036 v
193 982 388 1025 Perdere
408 983 505 1039 quis
527 982 643 1024 velit.

705 981 749 1023 A
771 982 890 1036 turpi
909 980 1149 1037 meretricis
1171 994 1318 1022 amore

187 1050 298 1093 Cum
319 1051 587 1093 deterreret:
622 1050 798 1092 Sectani
821 1047 1042 1091 dissimilis
1066 1048 1138 1089 sis.

192 1119 266 1161 Ne
289 1134 496 1175 sequerer
517 1119 724 1169 moechas,
747 1133 954 1161 concessa
975 1132 1073 1160 cum
1093 1116 1270 1159 Venere
1292 1117 1356 1158 uti

196 1187 400 1231 Possem:
433 1189 656 1244 Deprensi
677 1203 764 1229 non
784 1186 900 1229 bella
921 1193 988 1228 est
1010 1185 1121 1227 fama
1142 1184 1356 1236 Treboni,

87 1256 168 1297 115
198 1253 387 1298 Aiebat:
421 1257 610 1311 sapiens,
633 1256 771 1297 vitatu
793 1255 988 1309 quidque
1010 1253 1150 1309 petitu

194 1323 262 1365 Sit
282 1323 450 1374 melius,
473 1338 627 1365 causas
650 1323 808 1364 reddet
832 1323 937 1372 tibi;
971 1321 1029 1362 mi
1051 1322 1155 1362 satis
1176 1327 1256 1371 est,
1280 1322 1316 1362 si

191 1390 424 1432 Traditum
446 1390 501 1432 ab
523 1389 713 1445 antiquis
735 1404 899 1431 morem
923 1403 1111 1438 servare,
1134 1395 1354 1443 tuamque,

194 1457 316 1501 Dum
336 1459 532 1502 custodis
553 1473 672 1514 eges,
694 1458 824 1500 vitam
842 1457 1084 1512 famamque
1103 1457 1215 1498 tueri

74 1593 213 1634 gratiam
234 1593 382 1634 Augusti,
398 1594 486 1633 cujus
505 1594 619 1623 amicus
638 1599 717 1623 erat.
765 1593 826 1623 De-

70 1637 197 1677 feudas.
214 1642 251 1667 ut
270 1642 343 1667 tuus
358 1641 401 1666 est
419 1646 499 1665 mos.-
523 1635 686 1672 defendas,
704 1646 759 1678 per
777 1646 827 1667 me

77 1678 164 1716 licet,
180 1677 356 1714 Petillium,
374 1684 410 1709 ut
423 1677 518 1715 soles,
534 1678 620 1709 hunc
638 1678 671 1709 in
688 1678 828 1715 modum,

75 1721 126 1753 vel
148 1721 198 1753 his
219 1720 332 1757 verbis,
349 1721 402 1752 Me
426 1721 630 1761 Capitolinus,
648 1727 722 1754 cett.
767 1722 825 1752 Sed

77 1771 190 1801 tamen,
213 1770 287 1796 cett.
310 1774 351 1796 en
374 1763 533 1795 hominem
564 1763 708 1806 nigrum!
739 1770 824 1806 post-

76 1817 174 1850 quam
198 1812 332 1839 veterem
353 1806 475 1838 Petillii
497 1807 670 1838 amicitiam
693 1807 826 1848 ejusque

76 1860 151 1892 erga
167 1861 202 1883 se
217 1850 322 1881 officia
342 1849 497 1886 laudavit,
514 1855 557 1886 et,
575 1849 660 1892 quod
682 1850 748 1886 ille,
764 1851 825 1881 cri-

62 1893 175 1925 'minis
187 1892 362 1925 insimulati
379 1893 557 1929 absolutus,
576 1893 609 1923 in
627 1893 704 1925 urbe
726 1893 822 1929 vivat,

76 1946 111 1968 se
126 1936 228 1968 laetari
242 1936 402 1978 professus
417 1941 466 1967 est
479 1947 487 1974 3
509 1935 606 1972 idem,
624 1935 681 1977 qui
704 1937 825 1967 factum

77 1979 130 2016 sit,
148 1985 186 2010 ut
201 1979 351 2011 Petillius
371 1978 595 2016 absolveretur,
611 1989 645 2011 se
667 1989 730 2011 non
749 1979 825 2011 satis

78 2021 205 2066 assequi
221 2032 326 2065 posse,
345 2021 401 2053 ait.

121 2067 177 2097 96.
201 2067 372 2107 Amic-oque,
388 2063 544 2107 particula
561 2076 617 2106 que
632 2075 652 2096 a
672 2070 825 2107 sequente

76 2107 110 2140 in
125 2108 268 2152 proximo
279 2118 372 2140 versu
387 2107 488 2139 vocali
503 2108 697 2139 absorbetur.

127 2153 200 2184 100.
225 2151 286 2182 Hic
303 2153 411 2194 nigrae,
427 2155 502 2182 cett.
545 2151 609 2189 Qui
625 2150 670 2182 ita
688 2150 824 2192 loquun-

78 2199 130 2226 tur
143 2201 176 2226 et
197 2194 349 2230 sentiunt,
364 2194 420 2236 qui
435 2193 514 2225 alios
533 2204 552 2225 a
572 2194 703 2226 crimine
719 2194 826 2236 aliquo

77 2247 111 2269 se
138 2247 270 2280 purgare
291 2242 324 2269 et
347 2243 381 2268 ut
407 2236 526 2269 amicos
551 2237 719 2268 defendere
745 2238 827 2269 velle

76 2280 240 2316 simulant,
254 2279 446 2322 eosdemque
462 2279 559 2322 hujus
574 2279 671 2323 ipsius
686 2279 827 2312 criminis

78 2328 240 2366 suspectos
275 2322 422 2359 reddunt,
458 2323 585 2365 pessimi
617 2323 715 2354 animi
751 2330 827 2355 sunt

76 2365 232 2398 homines.
277 2366 342 2398 Pro
356 2376 461 2398 succus
476 2365 634 2398 revocavit
655 2366 719 2398 Fea
737 2367 825 2398 lecti-

77 2419 171 2442 onem
190 2407 397 2452 plurimorum
415 2414 491 2440 vett..
514 2409 609 2441 codd.
617 2409 731 2451 fiscus,
743 2409 776 2441 ·i.
797 2420 827 2441 e.

234 2452 404 2494 Loligiuis:
435 2451 544 2483 Schol.
576 2453 688 2494 Cruq..
720 2453 828 2494 Longo

75 2503 175 2538 genus
188 2502 231 2527 est
251 2497 340 2536 piscis
361 2497 487 2531 marini,
506 2506 627 2526 succum
644 2497 751 2527 habens
775 2499 824 2527 ni-

75 2549 170 2581 grum
184 2545 215 2570 et
228 2544 398 2570 atramento
412 2538 536 2569 simflem
554 2538 790 2580 (Tintenfisch).

125 2581 308 2613 tol—103.
332 2581 462 2624 AErugo,
481 2581 605 2623 proprie
622 2582 661 2612 de
683 2581 827 2623 rubigine

78 2623 112 2656 iu
131 2634 193 2656 aere
211 2625 266 2666 (ut
274 2625 413 2667 ferrugo
434 2624 473 2655 de
496 2622 642 2664 rubigine
660 2625 694 2654 in
714 2624 825 2664 ferro),

77 2666 266 2700 transfertur
289 2666 330 2698 ad
360 2666 511 2698 invidiam
543 2672 574 2698 et
604 2666 743 2704 livorem,
770 2667 826 2709 qui

79 2710 166 2753 apud
180 2709 332 2748 Ovidium
347 2710 454 2741 Amor.
472 2709 495 2745 i,
513 2711 565 2744 15,
580 2711 594 2740 l
613 2709 728 2740 dicitur
743 2712 830 2748 edax,

81 2751 158 2796 q‘uia
179 2752 292 2785 similis
313 2758 362 2785 est
383 2752 529 2795 aerugini,
554 2763 625 2794 quae
650 2763 693 2783 aes
715 2753 831 2784 exedit.

37 2798 42 2820 ἲ
83 2796 172 2832 Quod
208 2797 530 2837 vitium—promitto,
567 2806 665 2837 quam
702 2796 831 2837 quidem

79 2838 334 2880 malevolentiam
364 2850 383 2870 a
409 2839 535 2882 scriptis
562 2838 640 2869 meis
666 2843 761 2880 atque
792 2839 832 2870 ab

83 2880 189 2913 animo
205 2891 276 2914 meo
293 2881 431 2924 (prius),
444 2887 615 2924 antequam
630 2881 684 2912 ille
700 2882 741 2912 ad
757 2882 833 2913 scri-

83 2923 222 2956 undum
242 2925 426 2968 appellitur,
441 2925 536 2966 longe
554 2925 649 2960 afore,
667 2924 699 2955 id
721 2935 792 2967 ego,
808 2925 835 2956 si

83 2964 163 3008 quid
185 2977 326 3009 unquam
348 2967 437 3000 aliud
463 2978 535 3000 vere
557 2968 738 3010 promittere
763 2979 832 3010 pos-

88 3018 172 3047 sum,
194 3010 353 3053 promitto.
401 3011 443 3043 Ut
465 3013 490 3043 si
510 3013 597 3052 quid,
618 3016 694 3043 cett.
715 3011 834 3053 junge:

870 1595 895 1624 si
911 1595 996 1634 quid,
1016 1600 1051 1625 ut
1071 1594 1160 1624 uliud
1181 1603 1336 1634 unquam,
1353 1603 1422 1624 vere
1441 1594 1478 1624 de
1494 1604 1537 1624 me
1551 1605 1621 1634 pro-

871 1638 991 1666 mittere
1012 1647 1154 1677 possum3
1184 1637 1239 1666 sed
1265 1636 1344 1666 dura
1365 1641 1398 1667 et
1419 1636 1549 1668 molesta
1574 1643 1623 1668 est

873 1678 941 1709 haec
962 1679 1127 1710 verborum
1146 1678 1338 1709 collocatio:
1363 1678 1464 1710 lenius
1484 1689 1562 1711 sane
1582 1690 1621 1711 ex

870 1731 939 1752 mea
958 1722 1115 1753 sententia
1137 1722 1249 1752 flueret
1267 1720 1379 1757 oratio,
1398 1721 1424 1752 si
1443 1732 1498 1763 pro
1520 1729 1555 1753 ut
1576 1723 1621 1754 le·

870 1763 952 1805 geris
984 1766 1107 1800 ich—id
1137 1774 1195 1805 ego
1220 1774 1291 1795 vere
1314 1766 1469 1803 promitto,
1494 1767 1519 1796 si
1546 1768 1621 1806 qaid

870 1808 958 1838 aliud
989 1807 1168 1850 (unquam)
1199 1817 1266 1838 vei-e
1296 1809 1333 1838 de
1364 1817 1410 1837 me
1443 1810 1621 1848 promittere

868 1861 997 1889 possum.

916 1894 988 1930 105,
1015 1893 1085 1923 106.
1110 1892 1245 1924 Insuevit
1265 1899 1365 1933 pater,
1391 1898 1465 1925 cett.
1488 1904 1619 1925 sensus:

869 1945 928 1977 ego
943 1942 1066 1966 mature
1082 1934 1179 1966 didici
1204 1935 1343 1967 animum
1367 1937 1406 1967 ad
1426 1936 1504 1967 vitia
1521 1937 1621 1969 homi-

870 1989 944 2009 num
963 1978 1143 2018 advertere;
1165 1980 1296 2018 optimus
1310 1985 1398 2018 pater
1421 1990 1466 2010 me
1487 1981 1619 2012 insuevit

870 2023 923 2053 hoc
941 2021 999 2062 (ad
1017 2021 1075 2052 hoc
1093 2032 1142 2053 me
1158 2020 1308 2061 adduxit)
1329 2026 1362 2052 ut
1376 2021 1517 2064 fugerem
1533 2023 1620 2061 vitia,

869 2065 944 2096 dum
960 2075 1097 2106 quaeque
1111 2075 1219 2096 eorum
1236 2065 1367 2095 notabat
1381 2065 1533 2108 exemplis
1549 2073 1622 2098 ante

869 2109 980 2139 oculos
996 2107 1118 2150 positis.
1162 2107 1347 2143 Insuescere,
1366 2108 1467 2140 active
1478 2119 1551 2140 cum
1569 2120 1622 2140 ac-

870 2151 1014 2182 cusativo
1029 2163 1035 2181 :
1062 2150 1235 2182 Columell.
1252 2150 1294 2188 vi,
1310 2152 1341 2188 4,
1354 2162 1388 2181 ea
1403 2162 1492 2191 pecus
1506 2154 1619 2183 insues-

869 2205 931 2225 cas.
979 2194 1122 2225 Notando
1137 2203 1199 2224 non
1214 2203 1288 2224 cum
1306 2193 1490 2225 Heindorfio
1507 2195 1547 2226 ad
1564 2195 1624 2226 flli-

870 2247 922 2267 um
950 2236 1170 2278 (Horatium),
1199 2236 1255 2268 sed
1281 2236 1320 2267 ad
1346 2243 1463 2279 patrem
1494 2239 1624 2270 omnino

869 2280 1067 2311 referendum
1094 2290 1174 2316 esse,
1202 2279 1278 2310 satis
1303 2280 1419 2312 docent
1445 2282 1623 2323 sequentia,

869 2322 933 2354 sive
948 2324 1016 2365 ipsa
1031 2323 1176 2366 exempla
1187 2335 1205 2353 a
1219 2324 1308 2363 patre
1325 2323 1492 2366 proposita.

920 2367 1101 2398 109-115.
1126 2367 1337 2407 Albi—filius,
1358 2367 1442 2398 filius
1465 2369 1548 2399 albii
1567 2380 1621 2400 cu-

868 2408 1018 2450 jusdam3
1048 2409 1182 2447 Barrus,
1210 2410 1367 2447 Set-tanus,
1397 2416 1429 2442 et
1463 2411 1627 2443 Trebonius

873 2452 1000 2484 fuerunt
1029 2452 1122 2484 malae
1154 2458 1236 2484 notae
1268 2453 1424 2489 homines,
1450 2453 1526 2485 satis
1556 2460 1622 2485 tum

875 2495 1031 2526 Romanis
1055 2495 1132 2526 noti.
1179 2496 1265 2526 Male
1292 2498 1386 2532 vivat,
1410 2502 1518 2539 turpes
1541 2498 1625 2528 enim

871 2538 1021 2570 libidines
1050 2538 1162 2569 misera
1193 2543 1225 2569 et
1250 2539 1350 2581 turpis
1379 2539 1443 2570 vita
1474 2541 1629 2582 sequitur.

873 2581 1006 2618 Barrus,
1019 2580 1085 2612 sive
1102 2581 1216 2617 But-us,
1233 2581 1273 2613 de
1289 2583 1476 2624 quo-Schol.
1495 2584 1626 2626 Pon-plu„

873 2624 935 2655 Hic
958 2624 1079 2659 Barrus
1105 2625 1251 2655 vilissima
1276 2626 1415 2656 libidinis
1428 2626 1515 2668 fnit,
1538 2629 1623 2662 adeo,

873 2674 908 2698 ut
932 2668 1089 2698 AEmilzam
1105 2669 1254 2709 virginem
1271 2669 1427 2700 incestasse
1443 2671 1543 2700 dictus
1559 2672 1596 2701 sit
1614 2683 1622 2707 ,-

874 2717 954 2742 certe
977 2712 1134 2741 adulteras
1157 2712 1358 2742 sincerissima
1383 2714 1443 2753 (an
1467 2714 1625 2744 insanissi-

874 2753 961 2794 ma?)
991 2755 1162 2794 cupiditate
1188 2756 1374 2790 sectabatur,
1399 2755 1475 2786 alibi
1500 2765 1627 2798 quoque

875 2796 916 2827 ab
941 2797 1074 2827 Horatio
1097 2802 1133 2827 ut
1162 2796 1255 2827 homo
1282 2807 1419 2839 nequam
1443 2804 1476 2829 et
1502 2798 1629 2848 ineetus

877 2844 1025 2870 notatur:
1052 2839 1093 2870 cf.
1118 2841 1185 2870 Sat.
1206 2839 1228 2875 i,
1248 2840 1280 2875 6,
1304 2841 1336 2877 3,
1356 2846 1388 2872 et
1408 2842 1476 2872 Sat.
1496 2841 1518 2878 i,
1538 2843 1569 2879 7,
1594 2844 1626 2873 8.

880 2883 957 2913 Cum
979 2885 1155 2920 deterreret,
1180 2893 1228 2914 sc.
1249 2890 1349 2924 pater.

878 2926 911 2956 in
927 2925 1096 2958 adulterio.

926 2969 987 3000 115
1010 2980 1061 3011 sq.
1079 2969 1217 3008 Sapiens,
1234 2970 1346 3003 vitatu,
1365 2974 1442 2999 cett.
1465 2968 1542 3009 quid
1562 2979 1629 2999 rec-

880 3011 942 3042 tius
956 3011 1035 3044 vites
1048 3017 1104 3043 aut
1119 3011 1234 3044 rectius
1252 3017 1351 3053 petas,
1368 3011 1399 3041 id
1415 3011 1520 3041 allatis
1536 3012 1630 3042 ratio-

1398 2885 1560 2924 Deprensi,
1583 2895 1628 2915 sc.

826 3055 890 3086 v2
