1884 3288
640 173 868 218 LIBER
899 173 984 225 IV,
1020 173 1084 215 13.

1550 172 1636 213 235

443 278 525 322 Vis
546 276 734 319 formosa
753 275 907 325 videri,

502 345 730 399 Ludisque
751 350 796 386 et
816 343 931 385 bibis
953 343 1199 398 impudens,

325 421 353 462 5
385 419 446 461 Et
466 425 597 461 cantu
618 415 802 459 tremulo
822 423 927 472 pota
949 415 1212 471 Cupidinem

386 488 576 530 Lentum
597 484 817 527 sollicitas.

880 483 958 526 Ille
980 484 1156 525 virentis
1178 490 1223 525 et

442 554 603 596 Doctae
624 551 811 608 psallere
834 552 959 594 Chiae

500 620 706 663 Pulchris
727 620 918 661 excubat
938 619 982 660 in
1003 618 1140 674 genis,

382 689 665 744 Importunus
687 689 799 730 enim
822 686 1064 729 transvolat
1084 686 1231 728 aridas

301 758 354 799 10
384 757 603 807 Quercus,
626 763 671 798 et
691 755 853 811 refugit
875 764 932 806 te,
956 755 1057 811 quia
1076 754 1209 796 luridi

443 822 616 865 Dentes
638 831 696 874 te,
719 823 822 878 quia
842 838 966 878 rugae

498 891 703 946 Turpant
724 898 768 933 et
789 891 943 946 capitis
964 892 1099 933 nives.

381 958 482 1001 Nec
504 958 608 1001 Coae
629 958 825 1001 referunt
840 959 931 1014 jam
953 959 1034 1001 tibi
1054 973 1278 1014 purpurae,

383 1027 482 1069 Nec
504 1026 608 1069 clari
628 1026 797 1082 lapides
819 1034 1032 1082 tempora,
1054 1042 1151 1082 quae
1174 1027 1306 1069 semel

301 1096 353 1137 15

440 1095 572 1137 Notis
595 1096 770 1137 condita
791 1095 913 1137 fastis

499 1163 680 1206 Inclusit
704 1163 887 1206 volucris
911 1163 1035 1206 Dies.

90 1262 182 1305 ponit
197 1262 330 1295 derisui.
374 1264 516 1306 Tempus
533 1263 673 1302 tandem,
694 1275 758 1306 quo
775 1275 839 1296 me-

89 1305 166 1338 ritas
194 1306 336 1350 pristinae
365 1308 523 1349 superbiae
554 1317 667 1349 poenas
700 1307 842 1338 exsolvat

91 1348 192 1391 Lyce,
214 1348 340 1381 venisse
358 1350 422 1389 ait3
446 1350 512 1381 fieri
532 1349 615 1381 enim
636 1349 737 1385 illam,
755 1350 840 1391 quod

86 1390 156 1434 jam
175 1391 232 1424 diu
247 1402 266 1424 a
283 1391 346 1424 diis
365 1392 597 1434 efflagitaverit,
617 1403 701 1423 nune
719 1403 814 1424 anum
829 1404 837 1430 ;

88 1440 134 1471 et,
161 1435 307 1477 quamvis
333 1436 504 1478 deperditae
531 1436 638 1466 sormae
668 1435 837 1478 pigmentis

87 1482 123 1509 et
143 1477 265 1517 artibus
287 1479 473 1510 meretriciis
495 1489 676 1511 succurrere
701 1479 837 1518 studeat,

113 1520 249 1557 uamvis.
271 1527 308 1552 ut
329 1522 571 1558 aute‚·delicias
594 1522 700 1557 faciat,
724 1522 836 1554 immo-

88 1530 161 1596 dice
182 1563 284 1602 bibat,
308 1570 342 1596 et
361 1565 473 1606 quovis
493 1564 586 1595 modo
609 1565 649 1595 ad
674 1565 838 1597 libidinem

31 1604 34 1606 ’
87 1606 290 1639 exstimulare
311 1613 412 1639 tentet
430 1609 579 1650 juvenes,
603 1607 705 1639 deseri
734 1614 838 1640 tamen

87 1655 119 1681 et
147 1649 309 1682 contemni
336 1651 376 1681 ab
402 1651 573 1689 omnibus;
604 1650 728 1692 puellas
753 1650 838 1682 enim

87 1692 240 1735 pulchras
257 1698 380 1724 tantum
399 1700 431 1725 et
452 1694 556 1725 adhuc
577 1693 716 1727 floridas.
734 1694 839 1734 qualis

34 1733 38 1736 ⁴
88 1735 191 1767 Chloe
214 1736 266 1772 sit,
288 1736 354 1779 peti
377 1737 418 1768 ab
436 1736 642 1773 amatoribus,
666 1737 787 1768 vetulas
809 1743 840 1768 et

88 1777 256 1814 deformes.
279 1779 386 1821 qualis
413 1790 499 1811 nunc
530 1781 614 1821 Lyce
641 1779 693 1814 sit,
722 1790 839 1821 susque

87 1820 192 1864 deque
215 1822 343 1861 haberi3
371 1823 500 1865 periisse
524 1823 609 1853 illius
633 1823 750 1858 formae,
775 1833 839 1864 qua

87 1863 156 1907 ipse
171 1865 246 1897 olim
261 1871 375 1908 captus
391 1866 443 1902 sit,
459 1871 670 1901 venustatem,
689 1876 746 1896 nec
768 1876 839 1896 eam

89 1907 166 1939 Cois
187 1909 330 1940 vestibus
351 1914 384 1940 et
405 1909 582 1950 margaritis
605 1909 645 1940 ab
668 1908 725 1939 illa
748 1919 837 1950 repa-

86 1950 148 1982 rari
165 1961 277 1994 posse;
300 1952 364 1983 imo
380 1951 445 1983 fata
461 1953 570 1994 Lycen
583 1961 723 1983 servasse
738 1951 839 1983 videri

86 2003 136 2031 eo,
154 1993 196 2025 ‘ut
217 1994 302 2027 anile
325 1995 393 2037 ejus
416 1995 562 2037 placendi
587 1994 726 2026 studium
755 1995 839 2036 pub·

86 2035 150 2068 lico
178 2037 355 2080 juvenibus
387 2037 650 2071 esset.ludibrio.
697 2038 837 2070 Extitere

87 2078 174 2111 haud
201 2080 300 2112 dubie
330 2081 423 2124 plura
453 2081 538 2124 apud
569 2087 678 2123 poetas
706 2081 838 2112 Graecos

85 2121 243 2164 ejusmodi
259 2124 559 2156 contumeliosorum
580 2125 611 2154 in
629 2124 751 2155 vetulas
766 2134 835 2155 car·

85 2165 207 2198 minum
230 2167 390 2209 exempla,
412 2178 485 2209 quae
503 2167 624 2199 colores
644 2167 775 2198 Horatio
796 2168 836 2198 ad

86 2208 292 2242 adumbratas
314 2215 378 2241 tam
400 2210 433 2241 in
455 2210 526 2247 hoc,
543 2220 638 2252 quam
658 2210 690 2240 in
710 2209 836 2241 duobus

86 2252 299 2295 superioribus
318 2253 512 2285 carminibus
528 2253 695 2294 imagines,
718 2264 834 2296 suppe-

85 2294 204 2328 ditasse
234 2294 391 2328 videntur.
436 2297 487 2328 Cl.
514 2296 651 2327 Mitsch.
675 2307 748 2327 cum
776 2297 835 2328 hoc

85 2338 226 2370 carmine
240 2344 404 2382 comparat
419 2340 560 2382 Meleag.
575 2338 688 2376 lxxvii,
703 2339 838 2371 Anthol.

87 2380 196 2414 Groec.
212 2382 252 2414 Τ.
266 2382 290 2419 i,
307 2393 337 2425 p.
352 2383 408 2414 23.

132 2426 250 2456 1-12,
274 2426 439 2462 Audivere,
465 2425 509 2456 Di
531 2427 694 2456 audivere:
718 2435 835 2466 magna

85 2476 159 2499 cum
175 2468 205 2500 vi
226 2469 268 2500 ab
286 2467 378 2500 initio
396 2468 502 2500 statim
523 2468 615 2511 ponit
632 2469 835 2506 sententiam,

85 2509 216 2548 laetitia,
249 2521 316 2554 qua
346 2511 459 2543 fruitur
495 2517 586 2554 poeta
623 2511 835 2553 χαιρέκακος,

84 2563 214 2586 eausam
237 2554 474 2594 continentem3
498 2564 556 2585 nec
575 2554 694 2586 minore
713 2565 786 2586 cum
805 2555 835 2586 vi

83 2596 219 2629 eandem
241 2597 281 2630 de
304 2608 336 2630 re
359 2597 434 2630 laeta
456 2597 720 2639 triumphantium
748 2608 833 2629 more

172 2639 208 2671 't.
252 2641 366 2677 Ludis,
390 2641 565 2672 amantium
593 2651 677 2672 ruore
701 2640 832 2682 jocaris,

83 2682 216 2715 delicias
233 2682 333 2715 facis:
357 2694 428 2726 sup.
445 2684 551 2715 Carm.
571 2683 619 2721 iii,
641 2685 692 2719 15,
713 2685 746 2720 5,
764 2684 835 2715 Ma-

89 2731 161 2758 turo
186 2730 330 2767 proprior
357 2729 459 2759 desine
477 2726 594 2769 funeri
619 2727 706 2758 Inter
731 2728 836 2758 ludere

25 2780 27 2782 ·
72 2769 232 2811 'virginea
277 2769 364 2801 Bibis
392 2771 564 2810 impudens,
596 2770 724 2811 qualern
758 2770 831 2807 fere,

24 2811 30 2837 ἓ
82 2820 156 2855 nup.
177 2811 201 2849 ἱ,
225 2813 282 2849 36,
304 2814 356 2849 13,
386 2814 478 2844 multi
504 2813 652 2843 Damalin
678 2814 753 2843 meri
776 2813 832 2844 de-

18 2862 34 2889 ’,
84 2854 208 2887 scribit.
246 2855 398 2893 Tremulm
409 2855 550 2898 epitheto
564 2855 604 2887 ad
623 2855 709 2887 vocis
725 2855 831 2893 anilis,

85 2895 218 2931 deficere
250 2898 446 2941 incipientis,
483 2905 628 2930 naturam
663 2898 832 2940 designan-

38 2945 44 2963 “-
83 2939 158 2972 dam
193 2941 531 2974 accommodatissime.

590 2941 743 2973 Similiter
775 2953 835 2973 vox

85 2982 182 3015 anilis
205 2984 289 3027 apud
313 2984 410 3018 Ovld.
440 2986 525 3017 Fast.
550 2985 593 3023 vi,
617 2985 682 3017 400
707 2991 835 3017 tremens

884 1263 1021 1295 dicitur:
1045 1264 1087 1295 cf.
1111 1263 1234 1295 Tibull.
1253 1263 1276 1300 i,
1301 1265 1332 1299 2,
1352 1264 1406 1295 91.
1453 1263 1636 1303 Cupidinem

886 1308 1002 1338 lentum
1037 1308 1195 1343 sollicitas,
1232 1306 1425 1349 Cupidinem
1463 1306 1568 1338 minus
1605 1314 1638 1339 et

887 1349 992 1380 minus
1011 1349 1077 1391 jam
1103 1361 1211 1392 preces
1234 1356 1304 1381 tuas
1327 1349 1509 1380 audientem
1537 1349 1635 1380 advo-

883 1403 957 1431 cas;
987 1392 1101 1423 frustra
1124 1392 1238 1424 durum
1267 1392 1459 1435 Cupidinem
1488 1392 1635 1434 precibus

883 1436 947 1466 tuis
978 1436 1122 1476 frangere
1153 1441 1185 1467 et
1215 1436 1272 1467 tibi
1303 1435 1475 1478 propitium
1507 1435 1636 1474 reddere

882 1484 1000 1511 tentas.
1047 1479 1105 1510 Ille
1135 1481 1262 1510 virentis
1291 1485 1368 1510 cett.
1401 1478 1455 1509 ille
1481 1478 1636 1521 propitius

882 1521 987 1564 potius
1018 1523 1108 1553 adest
1137 1522 1280 1554 sormosae
1310 1528 1342 1554 et
1368 1521 1400 1552 in
1428 1522 1503 1553 flore
1533 1522 1638 1554 aetatis

884 1566 1066 1597 constitutae
1083 1565 1222 1607 psaltriae
1240 1565 1342 1597 Chiae.
1382 1565 1511 1607 Cupido
1528 1571 1635 1597 autem

884 1607 975 1639 Chiae
1006 1607 1160 1650 propitius
1189 1608 1307 1639 dicitur
1337 1608 1370 1638 in
1397 1608 1468 1649 ejus
1496 1609 1637 1648 pulchris

880 1654 969 1691 genis
984 1653 1142 1687 excubare,
1160 1652 1312 1682 excubias
1327 1651 1418 1693 quasi
1435 1661 1528 1692 agere
1544 1653 1633 1694 (nos,

883 1694 947 1736 auf
971 1695 1027 1724 der
1056 1694 1160 1724 Lauer
1184 1695 1309 1730 sinen),
1338 1694 1368 1724 h.
1394 1704 1422 1724 e.
1451 1694 1512 1724 vim
1541 1705 1634 1726 suam

883 1735 969 1773 inde,
991 1735 1046 1767 ubi
1064 1737 1119 1767 ille
1142 1736 1242 1772 sedet,
1262 1737 1304 1767 ita
1326 1746 1477 1772 exserere.
1495 1742 1542 1773 ut,
1563 1737 1635 1779 qui-

883 1789 1012 1821 cunque
1049 1779 1082 1810 in
1121 1780 1211 1811 Chiae
1249 1785 1456 1822 conspectum
1495 1779 1635 1819 veniant,

883 1822 991 1854 statim
1016 1822 1086 1864 ejus
1112 1822 1287 1854 venustatis
1312 1822 1481 1853 lenociniis
1505 1829 1537 1853 et
1564 1823 1634 1855 ille-

883 1865 985 1896 cebris
1005 1865 1184 1908 capiantur.
1228 1866 1424 1908 Comparant
1443 1865 1541 1906 soph.
1564 1867 1636 1898 A'u-

883 1908 940 1950 tig.
974 1909 1049 1944 796,
1069 1907 1261 1950 Ἔρως-ὃς
1283 1909 1321 1940 ἐν
1347 1909 1522 1950 μαλακαῖς
1546 1921 1634 1952 παρ-

883 1953 965 1989 ειαῖς
995 1951 1151 1989 νεάνιδος
1179 1951 1394 1993 ἐννυχεύειςε
1428 1951 1472 1982 cf.
1505 1951 1635 1986 Pindar.

882 1995 980 2026 Nem.
999 1993 1065 2030 viii,
1085 1996 1118 2031 3,
1144 2000 1175 2026 et
1194 1995 1285 2036 plura
1306 1994 1339 2025 in
1359 1994 1442 2025 hanc
1461 2004 1524 2025 rem
1547 1996 1635 2038 apud

882 2037 1017 2069 Mitsch.
1033 2037 1249 2078 Importunus:
1273 2038 1374 2068 facete
1389 2037 1529 2079 Cupido,
1546 2039 1634 2080 quod

882 2080 1042 2111 difficilem
1062 2087 1093 2112 et
1112 2090 1222 2123 parum
1245 2080 1444 2112 commodum
1461 2091 1494 2112 se
1514 2083 1635 2123 praebet

882 2124 1058 2155 vetularum
1087 2123 1244 2166 precibus,
1267 2125 1463 2164 importunus
1491 2131 1634 2162 vocatur,

881 2167 972 2207 quasi
995 2166 1017 2197 ii
1036 2177 1176 2209 quoque,
1198 2167 1254 2208 qui
1273 2167 1373 2198 vocati
1401 2177 1463 2198 non
1487 2168 1633 2206 veniunt,

879 2212 1050 2250 importum·
1073 2210 1146 2241 sint.
1194 2211 1308 2241 Aridus
1330 2221 1470 2251 quercuS,
1494 2211 1633 2248 vetulas,

878 2263 916 2284 ex
950 2259 1023 2285 nota
1051 2252 1202 2294 imagine.
1248 2252 1400 2284 Similiter
1425 2263 1496 2296 sup.
1526 2254 1549 2289 i,
1576 2255 1632 2291 25,

883 2297 935 2334 17,
957 2298 1066 2328 vetula:
1096 2307 1171 2328 cum
1195 2298 1293 2327 aridis
1312 2297 1496 2339 frondibus,
1522 2299 1633 2337 puetlae

882 2345 988 2371 teneroe
1015 2349 1087 2371 vero
1111 2350 1185 2371 cum
1209 2342 1326 2371 virente
1346 2346 1446 2382 myrto
1468 2345 1501 2371 et
1522 2341 1632 2372 hedera

882 2389 1126 2425 comparantur:
1153 2384 1196 2414 cf.
1218 2383 1354 2414 Mitsch.
1402 2383 1520 2423 Capitis
1537 2386 1630 2422 nives,

878 2425 979 2467 lyrica
1015 2426 1148 2457 audacia
1184 2436 1252 2468 pro,
1292 2431 1390 2468 caput
1426 2425 1516 2457 canis
1554 2438 1633 2458 con.

875 2478 1034 2511 spersum.
1082 2469 1135 2501 Cl.
1170 2468 1302 2500 Mitsch.
1327 2475 1489 2511 comparat
1519 2469 1632 2514 Antip.

879 2512 1028 2543 Thessal.
1052 2512 1117 2548 xxi.
1137 2513 1170 2548 5,
1193 2511 1326 2543 Anthol.
1353 2512 1461 2544 Graee.
1478 2512 1518 2544 T.
1542 2513 1576 2550 ii,
1597 2526 1634 2557 po

883 2556 957 2591 100,
979 2556 1061 2588 τίθει
1082 2554 1114 2587 δέ
1133 2568 1205 2597 μιν,
1225 2555 1270 2593 ὡς
1295 2556 1362 2598 πρό
1382 2568 1418 2598 γε
1443 2556 1549 2593 τοῖον,
1574 2555 1632 2595 Ὠς

879 2598 974 2636 αὖτις
994 2600 1105 2642 πολιῷ
1121 2598 1224 2641 γήραϊ
1243 2600 1438 2641 νιφόμενον.
1483 2600 1634 2632 Laudant

878 2651 1007 2683 quoque
1033 2643 1094 2684 Ep.
1125 2641 1223 2684 Diog.
1255 2643 1362 2674 Laert.
1389 2642 1411 2678 i,
1437 2643 1492 2679 85,
1519 2653 1550 2685 p.
1577 2645 1631 2679 53,

880 2683 971 2727 Tffde
984 2685 1115 2718 Βίαντα
1132 2684 1283 2724 κέκευθα,
1300 2686 1362 2717 τὸν
1380 2684 1531 2727 ἀτρέμας
1545 2686 1631 2728 ἠγα-

880 2739 941 2770 γεν
956 2727 1084 2771 Ἑρμῆς
1101 2728 1159 2766 Εἰς
1175 2728 1283 2768 Αἶδην
1296 2730 1408 2771 πολιῷ
1423 2729 1530 2772 γήραϊ
1541 2730 1630 2772 νιφό-

903 2783 995 2803 ενον.

875 2783 899 2812 μ
922 2815 1061 2845 13-16,
1086 2814 1152 2845 Nec
1166 2814 1231 2845 coae
1247 2813 1402 2856 referunt,
1422 2820 1498 2846 cett.
1518 2814 1632 2846 frustra

877 2861 993 2888 tenerae
1024 2857 1127 2889 aetatis
1157 2867 1258 2888 anuos
1288 2859 1387 2889 semel
1413 2857 1632 2900 praeterlapsos

878 2901 1044 2932 restituere
1078 2906 1183 2932 tentas
1218 2907 1283 2931 tam
1319 2901 1460 2932 Coarum
1493 2900 1631 2930 vestium

878 2953 974 2984 quam
999 2944 1153 2976 unionum
1185 2944 1366 2986 splendore,
1394 2944 1424 2974 h.
1456 2953 1484 2974 e.
1515 2942 1632 2974 frustra

878 2986 1014 3028 puellari
1043 2992 1158 3019 ornatu
1185 2986 1302 3018 anilem
1328 2992 1452 3018 aetatcm
1483 2983 1631 3017 dissimu-
