1884 3288
220 456 278 498 40

309 659 483 702 Desunt
503 656 652 699 multa.

627 211 852 257 LIBER
883 211 967 261 ΙΙΙ,
1004 213 1068 253 17.

310 319 423 370 Nec,
447 318 482 360 ei
505 317 629 373 plura
649 314 788 364 velim,
812 321 859 355 tu
881 313 987 355 dare
1008 313 1214 368 deneges.

308 386 544 428 contracto
564 381 716 424 melius
737 396 871 438 parva
893 380 1098 436 cupidine

651 450 898 507 Vectigalia
918 450 1153 505 porrigam,

307 524 450 573 Quam
472 522 508 563 si
530 520 784 576 Mygdoniis
805 533 987 574 regnum
1009 516 1207 572 Alyattei

308 591 482 646 Campis
503 588 765 632 continuem.
828 586 974 628 Multa
994 577 1248 640 petentibus

715 655 837 697 Bene
858 661 940 705 est,
964 654 1034 695 cui
1056 653 1181 694 Deus
1204 650 1364 694 obtulit

655 723 811 774 Parca,
835 722 954 778 quod
978 723 1082 764 satis
1105 727 1186 771 est,
1209 735 1353 762 manu.

618 954 893 999 CARMEN
928 953 1082 996 XVII.

552 1100 625 1132 AD
671 1097 863 1130 AELIUM
911 1096 1150 1129 LAMlAM.

368 1209 494 1260 AEm,
516 1216 688 1250 vetusto
710 1205 866 1249 nobilis
889 1206 944 1247 ab
969 1205 1120 1255 Lamo,

369 1277 560 1325 Quando
581 1284 624 1318 et
645 1276 814 1332 priores
835 1274 937 1316 hinc
960 1274 1134 1315 Lamias
1157 1273 1301 1315 ferunt

1540 211 1620 252 167

81 1395 270 1436 Quamquam
285 1404 340 1425 nec·
364 1393 502 1425 Calabrae
517 1393 731 1434 mellaferunt
746 1401 827 1431 apes,
872 1391 910 1422 T.
920 1390 995 1439 fikp·
1008 1393 1083 1427 116,
1096 1391 1134 1422 nd
1148 1391 1234 1434 quod
1247 1392 1289 1423 cf.
1305 1391 1439 1424 Jacobs.
1450 1391 1625 1423 Animadv-

35 1476 38 1478 Ὗ
79 1437 227 1481 quamvis
245 1447 308 1469 non
330 1447 423 1478 agros
442 1436 476 1467 in
498 1436 650 1467 Calabria
670 1434 828 1478 possideo,
873 1434 938 1465 vol.
955 1435 990 1469 ii,
1010 1444 1076 1477 par.
1092 1434 1114 1470 i,
1129 1446 1169 1483 p.
1192 1437 1267 1466 345.
1316 1436 1399 1466 Bene
1424 1442 1479 1472 est,
1504 1445 1549 1467 sc.
1571 1431 1626 1476 ei}

32 2939 47 2962 ξ,

27 3030 38 3047 '0

27 3050 37 3061 τ

86 2741 155 2808 ἡ.

80 1479 138 1513 ubi
166 1490 262 1524 apum
291 1480 369 1512 mihi
397 1485 616 1521 quaestuosum
639 1489 708 1510 esse
731 1477 831 1520 possit

79 1523 298 1561 mellificium3
330 1528 442 1554 notum
472 1522 615 1565 inprimis
645 1521 831 1564 praestantia

83 1577 142 1599 sua
161 1566 222 1598 fuit
239 1566 303 1598 mel
323 1565 550 1598 Tarentinum:
575 1565 619 1596 cf.
636 1575 706 1607 sup.
728 1564 767 1595 ad
789 1563 825 1599 ii,

81 1611 114 1647 6.
134 1611 187 1642 14.
234 1610 446 1652 Laestrygonia
467 1610 624 1649 amphora,
644 1608 678 1639 in
696 1618 761 1650 qua
781 1607 827 1638 vi-

83 1663 163 1685 num
180 1652 385 1684 Formianum
408 1652 570 1684 eonditum
593 1656 652 1689 est,
669 1658 703 1682 ut
718 1661 791 1693 sup.
805 1649 828 1686 i,

81 1697 118 1733 9.
127 1697 159 1734 7,
169 1698 252 1728 diota
261 1696 375 1727 Sabina
382 1706 394 1733 ‚·
410 1695 594 1736 designatur
605 1700 710 1725 autem
721 1694 830 1724 vinum

83 1739 288 1772 Formianum
302 1749 322 1770 a
338 1739 597 1780 Laestrygorzibus,
615 1737 774 1778 regionem
790 1736 830 1767 ad

83 1782 236 1826 oppidum
253 1782 396 1813 Formias
414 1781 446 1812 in
467 1781 647 1823 Campania
664 1779 832 1811 incolenti-

83 1826 164 1863 bus:
188 1825 254 1857 vid.
267 1826 394 1856 Homer.
410 1825 528 1867 Odyss.
539 1834 571 1859 x,
586 1826 638 1854 82.
674 1823 832 1864 Languer-

85 1871 141 1906 cit,
161 1868 340 1901 veterascit.
383 1867 535 1910 Pinguia.
550 1867 659 1909 qualia
674 1876 748 1897 oves
762 1868 832 1906 pin-

83 1923 160 1956 gues
175 1914 230 1951 (ut
244 1911 302 1942 inf.
318 1911 363 1947 iv,
382 1912 434 1946 12,
451 1912 483 1948 9,
501 1908 685 1949 vocantur),
706 1915 831 1951 gerunt,

85 1955 240 1987 crassiora
253 1960 287 1986 et
297 1953 436 1986 melioris
447 1959 529 1984 notae
542 1954 617 1984 lana
627 1953 730 1984 obsita
742 1958 834 1995 puta.

87 1997 220 2031 Gallicis
231 1999 372 2039 pascuis:
393 1996 566 2029 Columell.
581 1996 637 2032 vii,
654 1997 686 2032 2,
703 1998 734 2031 4,
753 1995 832 2027 Gal-

87 2042 152 2074 lica
178 2052 242 2074 ovea
263 2042 453 2082 pretiosiores
480 2041 643 2077 habemur,
671 2049 835 2079 earumque

83 2085 238 2126 principue
259 2085 421 2116 Altinates.
463 2083 645 2123 Imperi-nna
663 2084 834 2123 pauperies,

86 2127 230 2164 molestis
238 2133 271 2160 et
280 2125 469 2170 importunis
483 2126 569 2158 curis
583 2125 746 2157 hominum
765 2125 833 2155 ani-

86 2180 156 2203 mos
171 2170 211 2203 de
225 2171 332 2207 rebus.
349 2170 433 2202 unde
447 2169 566 2206 vivant,
587 2168 734 2200 crucians
749 2169 833 2210 (χα-

86 2213 211 2254 harh).
257 2214 361 2246 Parva
374 2214 550 2255 vectigalia.
598 2212 736 2254 Vectigal
753 2211 833 2254 jam,

27 2271 38 2294 χ
87 2262 126 2290 ut
170 2257 281 2292 assim,
310 2257 351 2289 de
380 2256 571 2299 privatorum
597 2255 759 2287 hominum
785 2265 833 2286 re-

87 2299 146 2336 diti
169 2310 227 2332 us:
257 2299 304 2332 sic
334 2300 394 2332 inf.
419 2301 486 2331 Sat.
514 2298 550 2336 ii,
577 2300 611 2336 2,
639 2300 712 2336 100,
735 2304 768 2330 et
789 2298 834 2330 sic

22 2382 23 2386 Ἰ
88 2349 181 2381 mim
202 2344 333 2385 vectigal
355 2342 396 2375 de
418 2342 553 2375 modicis
574 2341 728 2373 reditibus
750 2341 835 2383 apud

24 2380 41 2431 J,
89 2385 163 2420 Cic.
177 2386 338 2419 Paradox.
350 2386 392 2423 vi,
404 2387 436 2418 3.
476 2386 540 2417 Per
556 2386 660 2416 Parva
671 2386 836 2426 vectigalia

33 2430 35 2435 ’
87 2428 183 2472 igitur
196 2429 342 2473 designat
363 2429 526 2462 modicum
543 2439 636 2460 suum
657 2428 691 2459 in
707 2427 836 2460 Sabinis

39 2486 41 2490 ⁴
89 2473 242 2515 agellum.
286 2473 402 2512 Melius
419 2474 587 2514 porrigam,
605 2472 721 2503 rectius
736 2477 767 2503 et
786 2481 833 2502 sa-

40 2524 53 2545 f
89 2516 230 2560 pientius
258 2517 450 2554 extendam;
481 2526 554 2546 nam
585 2516 641 2557 qui
670 2520 751 2546 sorte
779 2525 838 2545 sua

48 2578 50 2583 =
90 2564 260 2592 contentus
279 2565 338 2597 est.
358 2558 516 2591 ditissimo
532 2564 580 2590 est
598 2557 711 2589 ditior:
736 2560 836 2598 porri-

40 2617 60 2644 ..¹
87 2612 161 2646 gere
205 2613 251 2639 ro,
272 2613 456 2646 propagare,
479 2601 625 2637 dilatare,
646 2601 834 2632 extendere:

46 2647 55 2678 ’,
93 2650 129 2679 ut
138 2645 172 2678 in
189 2670 196 2677 .
213 2646 256 2685 iv,
275 2647 328 2681 15,
350 2648 400 2678 15.
446 2646 597 2686 Alyattei,
611 2644 692 2684 regis
716 2644 836 2686 Lydiae,
880 2653 970 2684 gum.
986 2645 1026 2675 ad
1042 2644 1064 2679 i,
1081 2646 1136 2676 26.

43 2693 58 2729 ἑ
92 2687 199 2724 Croesi
222 2689 330 2732 patris.
376 2689 568 2731 Mygdoniis,
595 2687 762 2729 Phrygiis:
795 2687 837 2719 cf.

183 2732 223 2764 ad
239 2732 273 2768 ii,
291 2733 344 2768 12,
367 2733 422 2764 22.
468 2732 662 2766 continuem,
685 2730 838 2762 continuo

159 2781 311 2819 perpetuo
326 2781 430 2807 tractu
445 2774 640 2817 possideam3
661 2775 842 2804 continuare

22 2839 30 2858 -,
47 2827 56 2859 -ζ
94 2817 421 2861 αμαᾱίοιιιιῑυτ,ειυὶ
433 2823 533 2850 totum
549 2822 684 2848 tractum
698 2816 743 2847 ita
758 2817 842 2857 agris

21 2862 66 2895 25⁵⁷
96 2860 163 2895 fluis
177 2867 349 2904 occupant,
365 2867 402 2893 ut
417 2861 525 2892 omnia
539 2870 646 2892 eorum
671 2870 744 2891 rura
760 2860 843 2891 inter

30 2907 43 2932 Τ
97 2912 135 2941 η
142 2903 258 2948 juncta
278 2904 355 2941 sint,
375 2911 409 2936 et
426 2915 492 2936 uuo
511 2909 619 2936 tenore
636 2908 839 2946 procurrant:
885 2903 1032 2945 majores.
1093 2905 1176 2936 Hinc
1207 2905 1332 2936 Lamias
1364 2908 1580 2941 denominatos,
1615 2915 1635 2935 a

99 2945 174 2990 eie.»
202 2948 285 2990 Agr.
310 2947 359 2984 iii,
387 2949 418 2983 4,
448 2947 521 2979 Liv.
544 2946 652 2981 xxxiv,
680 2948 712 2976 4.
760 2946 844 2978 Cum
887 2947 988 2977 Lamo
1003 2946 1131 2979 Lamias
1146 2948 1348 2991 appellatos3
1374 2949 1434 2980 fuit
1448 2949 1532 2980 enim
1549 2949 1635 2990 apud

99 2989 272 3025 induniaci
286 2990 445 3023 sententia
459 2991 512 3023 Cl.
533 2988 737 3031 Boettigerus
756 2999 844 3020 com·
889 2990 1054 3020 Romanos
1082 2990 1142 3022 hoc
1173 2991 1349 3023 nobilitatis
1376 2992 1530 3025 studium,
1559 2997 1594 3022 ut
1617 3001 1635 3021 a

103 3037 192 3075 punt
210 3033 312 3077 Alph.
329 3034 438 3076 Mityl.
456 3035 517 3077 Ep.
534 3033 724 3070 iv‚-Antliol.
736 3034 844 3065 Graec.
888 3032 1037 3069 nominis,
1054 3044 1117 3075 quo
1133 3034 1206 3076 quis
1223 3035 1411 3077 antiquitus,
1425 3035 1584 3077 praecipue
1602 3034 1636 3065 in

873 1477 948 1508 felix
965 1485 1014 1509 est
1029 1477 1067 1515 is,
1084 1489 1149 1515 cui,
1165 1484 1240 1510 cett.

1078 1564 1282 1596 CARMEN
1308 1565 1424 1596 XVII.

918 1607 1080 1643 Horatius,
1099 1608 1235 1640 cornicis
1248 1607 1382 1649 augurio
1395 1608 1433 1640 de
1449 1609 1628 1651 procellosa

874 1654 1061 1692 tempestate
1091 1657 1249 1693 posterum
1282 1651 1365 1682 diem
1403 1651 1627 1684 contristatura

875 1693 1027 1729 monitus,
1046 1694 1167 1725 Lamiae
1184 1705 1253 1732 suo,
1269 1700 1306 1725 ut
1327 1694 1418 1725 illum
1439 1693 1522 1726 diem
1545 1695 1627 1726 laetis

875 1735 978 1783 epulis
991 1736 1158 1777 transigat,
1175 1743 1284 1768 auctor
1299 1737 1419 1768 existit.
1465 1738 1579 1769 Subito
1595 1744 1628 1770 et

876 1789 943 1810 siue
958 1780 1043 1809 omni
1059 1780 1134 1810 artis
1149 1781 1253 1811 studio
1270 1780 1329 1811 boc
1350 1790 1475 1811 carmen
1499 1781 1540 1812 ab
1557 1782 1626 1813 Ho-

877 1821 962 1870 ratio·
977 1829 1139 1853 exaratum
1170 1834 1250 1860 esse,
1276 1830 1341 1854 tam
1365 1833 1413 1854 res
1436 1833 1533 1865 quam
1556 1824 1628 1867 ejus

877 1865 1015 1896 brevitas
1037 1866 1113 1897 satis
1135 1866 1238 1898 docet.
1284 1866 1506 1898 Nihilominus
1529 1867 1627 1905 fuere,

860 1907 944 1950 'qui,
959 1908 1049 1950 quasi
1064 1909 1174 1940 datum
1195 1909 1256 1940 sibi
1270 1915 1354 1940 esset
1375 1909 1430 1940 ubi
1447 1909 1627 1942 doctrinam

877 1962 967 1982 suam
984 1958 1143 1983 ostentare
1159 1958 1300 1995 possent,
1316 1953 1415 1983 severi
1435 1954 1577 1984 censoris
1593 1954 1627 1986 in

877 2004 914 2024 eo
927 1994 1136 2036 dijudicando
1156 2006 1320 2038 personam
1339 1995 1517 2028 induerent.
1561 1998 1630 2029 Ita.-

879 2047 941 2079 que
961 2048 1023 2069 non
1042 2038 1146 2069 solum
1165 2039 1342 2074 exordium,
1359 2049 1415 2082 per
1431 2045 1502 2070 octo
1519 2051 1628 2073 versus

878 2080 918 2112 de
937 2080 1057 2112 Lamiae
1079 2091 1190 2123 genere
1210 2088 1414 2126 protractum,
1431 2089 1466 2114 ut
1484 2082 1626 2116 alienum

879 2124 920 2155 ab
941 2124 1037 2166 hujus
1056 2124 1206 2156 carminis
1221 2131 1407 2167 argumento
1430 2125 1566 2168 graviter
1580 2139 1627 2160 re-

879 2167 1124 2209 prehenderunt,
1154 2169 1209 2200 sed
1238 2175 1375 2211 quatuor
1404 2179 1515 2201 versus
1547 2170 1628 2202 adeo

879 2211 1003 2251 (2—5)
1020 2217 1054 2242 ut
1070 2212 1223 2250 inficetos,
1238 2212 1435 2250 invenustos,
1452 2218 1484 2244 et
1504 2213 1630 2246 Horatii

878 2253 1006 2295 ingenio
1043 2254 1191 2297 indignos
1228 2255 1324 2298 plane
1353 2255 1530 2298 ejiciendos
1559 2267 1628 2290 esse

878 2303 1083 2329 censuerunt.
1129 2299 1191 2330 Sed
1215 2299 1291 2330 boni
1309 2298 1359 2330 illi
1377 2299 1404 2330 si
1420 2300 1627 2341 cogitassent,

878 2347 1015 2382 poetam,
1029 2352 1223 2384 quacunque
1238 2342 1367 2374 tandem
1383 2353 1422 2374 ex
1443 2354 1541 2374 causa
1557 2355 1627 2386 per-

879 2389 1013 2420 motum,
1031 2396 1071 2416 ex
1086 2385 1156 2428 ipso
1172 2386 1251 2417 forte
1265 2386 1412 2422 consilio,
1425 2391 1460 2417 ut
1471 2393 1626 2418 vetustam

881 2427 1003 2459 Lamiae
1032 2435 1158 2470 gentem
1195 2429 1379 2465 celebraret,
1410 2429 1469 2461 hoc
1500 2440 1628 2462 carmen

880 2470 1056 2513 scripsisse,
1079 2472 1220 2514 gentium
1246 2478 1351 2504 autem
1374 2471 1505 2514 originis
1527 2473 1629 2505 dedu-

881 2515 990 2546 cendae
1007 2515 1157 2546 rationem
1176 2516 1260 2546 haud
1276 2515 1428 2547 orationis
1448 2516 1628 2549 sublimita-

881 2562 942 2605 tem
959 2564 990 2588 et
1013 2566 1156 2589 ornatum
1181 2559 1358 2594 admittere.
1374 2559 1467 2600 longe
1483 2560 1576 2591 aliter
1589 2560 1630 2592 de

880 2600 935 2632 1110
949 2600 1160 2643 judicassent.
1206 2603 1256 2633 De
1283 2603 1372 2634 AElio
1389 2603 1503 2634 Lamia
1517 2603 1559 2636 cf.
1581 2615 1630 2635 ar-

887 2817 1029 2853 Quando,
1067 2818 1235 2859 siquidem,

931 2688 1025 2734 ¹,—9’
1053 2687 1177 2720 Vetusto
1199 2690 1236 2718 ab
1258 2689 1365 2726 Lamo,
1388 2690 1533 2733 Neptuni
1553 2691 1631 2726 filio,

882 2730 1102 2772 antiquissimo
1147 2733 1401 2774 Laestrygonum,
1444 2734 1554 2776 populi
1599 2734 1632 2765 in

885 2774 1076 2815 Campania,
1097 2785 1186 2816 rege:
1221 2776 1351 2807 Homer.
1373 2776 1493 2819 Odyss,
1520 2789 1552 2814 x,
1577 2779 1633 2808 81.

1281 2819 1553 2862 quandoquidem,
1599 2826 1635 2851 ut

885 2870 968 2902 saepe
984 2861 1067 2902 apud
1086 2862 1267 2894 Horatium.
1305 2863 1438 2902 Priores,
1450 2864 1554 2904 gentis
1570 2870 1633 2894 tuae
