1884 3288
267 185 348 227 184

822 183 1219 235 CARMINUM

783 367 1054 409 CARMEN
1087 368 1260 410 XXVI.

730 500 821 539 AD
877 508 1308 540 VENEREM.

550 606 662 647 lel
682 605 834 660 puellis
855 619 993 659 nuper
1013 605 1210 654 idoneus,

549 673 610 714 Et
630 671 803 714 militavi
823 686 908 713 non
930 673 1020 712 sine
1041 670 1201 725 gloria:

603 739 734 780 Nunc
755 754 871 780 arma
890 738 1226 791 defunctumque
1247 735 1360 778 bello

663 805 875 846 Barbiton
893 804 963 844 hic
984 805 1125 857 paries
1147 803 1338 853 habebit,

492 873 518 912 5
549 872 727 912 Laevum
746 871 918 911 marinae
939 870 1012 923 qui
1034 869 1217 910 Veneris
1238 868 1351 909 latus

548 937 762 979 Custodit.

823 937 924 985 Hic,
947 936 1017 977 hic
1038 937 1184 990 ponite
1204 935 1350 977 lucida.

604 1003 796 1052 Funalia,
819 1010 862 1043 et
883 1009 1039 1052 vectes,
1061 1009 1104 1043 et
1125 1016 1248 1042 arcus

664 1067 891 1122 Oppositis
914 1068 1079 1108 foribus
1101 1068 1300 1109 minaces.

549 1133 591 1174 O
613 1148 709 1187 quae
731 1135 911 1183 beatam,
936 1133 1062 1182 Diva,
1085 1140 1205 1174 tenes
1227 1134 1432 1188 Cyprum,
1452 1140 1496 1176 et

468 1200 519 1240 lO
549 1198 774 1254 Memphin
795 1207 1010 1241 carentem
1031 1199 1226 1240 Sithonia
1245 1201 1354 1250 nive,

266 1319 370 1350 dulcis
394 1325 441 1351 est
460 1320 514 1352 ille
537 1321 620 1352 furor
639 1331 702 1362 quo
719 1320 789 1361 quis
811 1320 1003 1362 percilitatur

266 1361 359 1392 deum
385 1362 498 1403 sequi;
521 1363 565 1393 sic
590 1373 659 1404 sup.
682 1363 728 1397 iii,
754 1364 785 1397 4,
811 1364 842 1399 5,
865 1364 1003 1392 amabilis

267 1405 399 1434 insania.
447 1405 622 1445 cingentem
645 1406 738 1435 viridi
762 1411 890 1443 tempora
916 1415 999 1443 pam-

263 1447 355 1485 pino:
379 1446 532 1482 similiter,
558 1446 617 1476 inf.
645 1446 689 1482 iv,
715 1447 746 1482 8,
776 1447 829 1481 33,
855 1446 1002 1476 Bacchus

267 1494 391 1519 ornatus
406 1490 500 1519 viridi
515 1495 646 1528 tempora
658 1490 799 1528 pampino
814 1487 1003 1530 depingitur.

465 1572 662 1603 CARMEN
687 1573 812 1602 XXVI.

310 1615 407 1644 Poeta
429 1623 462 1644 se
478 1623 628 1648 amorum,
645 1614 759 1655 quibus
777 1613 880 1644 adhuc
897 1613 1000 1644 indul-

266 1655 352 1693 serit,
370 1656 490 1686 lusibus
510 1666 595 1687 nunc
618 1656 800 1686 defunctum
822 1666 888 1686 esse
912 1656 1001 1697 profi-

267 1703 362 1728 tetur.
406 1698 574 1739 Comparat
603 1703 706 1729 autem
737 1707 769 1728 se
799 1708 870 1728 cum
906 1697 1002 1728 milite

266 1739 417 1778 emerito;
448 1745 479 1770 et
507 1739 769 1780 quemadmodum
800 1739 889 1770 miles
918 1750 1002 1770 arma

266 1787 336 1823 post
351 1787 470 1829 partam
492 1782 553 1812 sibi
579 1792 632 1824 per
655 1792 692 1813 ea
717 1782 749 1812 in
767 1782 851 1812 bello
873 1781 1002 1822 gloriam

265 1825 363 1855 Marti
397 1834 578 1855 consecrare
606 1824 697 1862 solet,
725 1824 769 1854 ita
797 1824 1004 1854 instrumenta

264 1866 332 1901 illa¹
350 1866 465 1907 quibus
479 1866 595 1896 aditum
613 1867 652 1897 ad
666 1866 787 1907 puellas
810 1866 869 1896 sibi
885 1866 1002 1906 aperire

265 1913 450 1945 tentaverat,
472 1914 620 1948 tanquam
644 1908 850 1948 ἀναθήματα
871 1908 1002 1938 solemni

266 1959 352 1980 more
391 1950 507 1980 Veneri
544 1950 679 1980 dedicat.
723 1951 858 1981 Videtur
899 1957 999 1980 autem

267 1991 364 2032 hujus
389 1991 472 2032 capti
497 1991 620 2022 consilii
639 2002 733 2022 causa
751 1992 891 2033 inprimis
907 1991 1002 2022 fuisse

268 2034 378 2070 Chloe,
413 2034 504 2074 cujus
535 2039 671 2064 extremo
704 2044 842 2064 amorum
876 2044 1001 2064 suorum

265 2081 404 2117 tempore
427 2075 602 2116 superbiam
618 2082 762 2117 expertus
785 2076 904 2114 fuerat3
929 2076 1002 2107 hinc

269 2118 412 2160 precibus
424 2117 462 2147 ad
475 2117 560 2147 illius
575 2117 780 2157 arrogantiam
792 2117 1004 2148 ulciscendam

267 2159 481 2201 spectantibus
507 2169 661 2190 armorum
687 2170 810 2190 suorum
835 2159 1003 2200 dedicatiof

266 2212 338 2233 nem
354 2201 483 2244 peragit.
528 2201 673 2232 Ceterum
688 2201 746 2232 hoc
761 2207 857 2231 totum
875 2211 1002 2232 carmen

267 2254 304 2275 ex
324 2244 436 2275 Graeco
455 2243 590 2284 quodam
615 2243 728 2274 factum
752 2253 819 2274 esse
843 2243 1001 2280 Latinum,

266 2286 383 2316 nemini
394 2286 495 2318 facile.
507 2286 689 2317 Graecorum
700 2291 858 2327 poetarum
870 2285 1003 2316 lectione

265 2328 398 2363 imbuto,
414 2327 543 2358 dubium
560 2327 628 2358 erit.

311 2371 405 2401 1-8.
443 2369 566 2410 Cogita,
596 2375 718 2411 poetam
750 2374 820 2400 ante
851 2369 1000 2411 templum

269 2413 402 2444 Veneris
431 2417 522 2446 stare,
554 2417 586 2442 et
613 2412 692 2442 inter
720 2411 819 2453 ipsam
849 2421 1001 2442 armorum

267 2465 390 2485 suorum
407 2453 634 2484 dedicationem
652 2454 709 2484 hoc
724 2463 848 2484 carmen
863 2464 1000 2494 pronun-

268 2496 363 2527 ciare.
394 2497 552 2532 Militavi5
578 2505 648 2526 nam
666 2495 718 2536 qui
733 2501 850 2532 amant,
870 2496 1000 2526 Veneris

268 2539 317 2570 vel
343 2537 511 2580 Cupidinis
536 2543 633 2568 castra
664 2537 753 2578 sequi
779 2537 943 2568 dicuntur:
969 2538 1001 2568 in

269 2581 381 2621 vulgus
398 2586 502 2611 notum
519 2585 566 2610 est
585 2579 663 2610 illud
680 2579 786 2610 Ovidii
802 2579 909 2610 Amor.
927 2580 949 2616 i,
968 2581 1000 2615 9,

271 2624 300 2661 1,
332 2623 452 2653 Militat
490 2624 582 2652 omnis
617 2634 730 2657 amans,
765 2629 792 2651 et
828 2623 912 2652 habet
950 2633 1003 2653 sua

266 2671 366 2696 oastra
384 2665 511 2703 Cupido.
548 2665 658 2694 Arma.-
683 2663 788 2704 qualia
803 2664 858 2694 illa
874 2664 998 2700 fuerint,

265 2707 332 2749 ipse
343 2706 432 2736 docet
445 2717 475 2736 v.
489 2707 520 2736 7.
552 2707 740 2748 Defunctum
753 2707 827 2735 bello
840 2707 998 2742 Barbium,

266 2750 297 2780 h.
325 2759 353 2779 e.
384 2759 510 2779 munere
540 2759 607 2785 suo,
631 2749 705 2778 dum
733 2747 808 2777 mihi
838 2749 997 2784 militanti,

267 2791 299 2822 b.
311 2801 339 2822 e.
355 2790 484 2825 amanti,
495 2791 638 2825 sonabat,
651 2791 864 2832 perfunctum3
880 2790 998 2820 dedux-

263 2839 330 2865 erat
345 2843 455 2874 nempe
476 2833 514 2863 ad
539 2834 635 2873 lyram
653 2832 759 2863 modos
782 2833 911 2863 leviores
933 2833 998 2864 sive

266 2875 406 2907 carmina
437 2875 599 2906 amatoria.
644 2875 765 2906 Loevum
792 2877 916 2906 marinae
945 2878 997 2916 qui

269 2919 389 2950 Veneris
409 2919 489 2950 latus
512 2917 663 2954 Custodit,
679 2917 712 2948 h.
733 2927 762 2949 e.
784 2916 914 2954 claudit,
931 2927 995 2948 am-

1044 1320 1102 1356 bit,
1118 1321 1229 1356 munit,
1246 1331 1300 1363 pro
1314 1321 1446 1361 vulgari,
1463 1321 1516 1362 qui
1539 1325 1587 1352 est
1606 1322 1655 1353 vel
1679 1327 1739 1353 stat
1760 1332 1780 1353 a

1045 1362 1125 1392 laeva
1147 1368 1232 1403 parte
1257 1363 1374 1404 templi,
1393 1363 1426 1393 in
1446 1373 1509 1404 quo
1528 1363 1638 1395 Venus
1658 1366 1779 1395 marina

1047 1403 1293 1475 ἳάναδυομένη,
1307 1405 1348 1436 cf.
1371 1406 1486 1435 Musae.
1502 1415 1530 1436 v.
1553 1406 1634 1443 284)
1656 1406 1779 1438 colitur.

1075 1457 1167 1476 aevum
1192 1448 1294 1477 larus.-
1320 1447 1452 1478 Veneris
1477 1457 1589 1489 nempe
1615 1447 1780 1479 simulacro

1047 1487 1096 1518 hic
1113 1487 1225 1529 parieS,
1242 1499 1304 1530 quo
1325 1499 1410 1519 arma
1431 1498 1488 1518 sua
1503 1487 1656 1530 positurus
1669 1495 1746 1525 erat,
1762 1500 1781 1521 a

1046 1529 1136 1565 laeva,
1167 1533 1282 1570 templa
1309 1541 1378 1561 vero
1409 1530 1596 1561 intrantibus
1626 1541 1645 1561 a
1673 1531 1781 1563 dextra

1047 1571 1142 1602 fuisse
1158 1572 1290 1602 videtur.
1331 1573 1404 1608 Hic,
1422 1573 1469 1602 hic
1484 1574 1597 1612 ponite,
1613 1578 1687 1604 cett.
1701 1573 1779 1606 allo-

1046 1613 1152 1654 quitur
1175 1614 1384 1649 administros,
1402 1624 1482 1655 quos
1504 1624 1590 1645 arma
1609 1614 1675 1656 jam
1690 1614 1779 1647 dedi-

1045 1655 1146 1685 canda
1171 1662 1332 1697 apportare
1349 1656 1507 1697 jusserat:
1530 1659 1642 1697 ponite,
1658 1667 1714 1699 pro
1737 1657 1780 1690 rie

1045 1697 1083 1727 de
1112 1699 1205 1728 rebus
1233 1709 1303 1739 quae
1332 1697 1541 1738 dedicantur3
1570 1698 1615 1730 sic
1647 1700 1707 1730 ovi
1733 1701 1782 1731 ius

1046 1739 1154 1770 Amor.
1177 1740 1199 1775 i,
1218 1741 1268 1778 ll,
1287 1741 1339 1778 26,
1363 1740 1508 1771 tabellam
1532 1741 1643 1776 verbis,
1662 1741 1780 1783 quibus

1046 1783 1185 1822 optabat.
1203 1792 1222 1812 a
1237 1783 1371 1813 Corinna
1395 1782 1453 1813 scri
1479 1788 1554 1818 tam,
1571 1793 1604 1814 sa
1622 1783 1724 1814 media
1746 1784 1780 1815 in

1048 1823 1181 1854 Veneris
1205 1825 1270 1855 aede
1292 1835 1400 1864 ponere
1423 1835 1460 1855 ve
1477 1825 1504 1856 le
1534 1825 1587 1856 ait.
1631 1825 1778 1862 Funana,

1046 1866 1156 1900 taedas,
1182 1867 1277 1903 faces,
1301 1877 1379 1907 quas
1397 1866 1528 1908 juvenes
1549 1867 1782 1899 comissabundi

1046 1918 1109 1948 prae
1123 1918 1155 1939 se
1171 1909 1321 1939 ferebant.
1358 1909 1464 1944 Ver-tes,
1477 1909 1592 1950 quibus
1605 1909 1780 1951 puellarum

1047 1950 1126 1980 fores
1142 1951 1303 1990 effringere
1321 1951 1462 1981 solebant
1479 1957 1640 1982 amatores.
1681 1954 1780 1983 Arcus

1048 1992 1195 2031 oppositis
1205 1993 1331 2034 foribus
1345 1995 1493 2023 minaces.-
1515 1993 1657 2034 quamvis
1675 2005 1780 2025 arcum

1046 2033 1085 2064 ad
1110 2034 1234 2064 clausas
1259 2035 1430 2076 puellarum
1456 2034 1536 2066 fores
1557 2035 1780 2076 diffringendas

1046 2077 1085 2106 ab
1114 2077 1303 2107 amatoribus
1329 2076 1502 2108 adhibitum
1530 2076 1627 2109 fuisse
1652 2077 1780 2110 aliunde

1049 2129 1110 2148 non
1133 2123 1266 2154 constat,
1281 2119 1345 2149 fieri
1360 2125 1463 2149 tamen
1480 2120 1628 2160 potuisse,
1643 2125 1680 2151 ut
1693 2129 1783 2150 ama-

1050 2166 1140 2195 tores,
1155 2170 1274 2190 summa
1291 2161 1321 2191 vi
1337 2160 1368 2191 in
1385 2161 1558 2202 puellarum
1582 2157 1664 2192 indes
1678 2161 1780 2204 irrup-

1046 2201 1118 2235 turi,
1139 2202 1321 2241 sagittarum
1346 2202 1422 2234 adeo
1441 2202 1530 2243 jactu
1553 2202 1678 2234 clausas
1699 2203 1780 2235 fores

1046 2243 1252 2278 diffunderent,
1268 2244 1374 2284 negari
1388 2244 1509 2285 nequit.
1547 2245 1671 2276 Frustra
1685 2245 1781 2286 igitur

1047 2285 1097 2316 hic
1123 2286 1210 2316 locus
1232 2286 1416 2316 sollicitatus
1437 2296 1504 2317 esse
1518 2285 1639 2318 videtur
1657 2297 1676 2318 a
1692 2288 1780 2319 Cun-

1042 2327 1167 2367 ingamo
1194 2332 1226 2358 et
1253 2328 1409 2363 Bentleio,
1435 2339 1564 2369 quorum
1593 2329 1644 2359 hic
1671 2339 1725 2372 pro
1750 2335 1780 2361 et

1043 2380 1131 2400 arcus
1147 2369 1241 2412 paulo
1261 2369 1423 2406 audacius,
1441 2381 1620 2412 securesque,
1635 2370 1690 2403 ille
1705 2372 1777 2403 har-

1042 2423 1096 2451 pas
1113 2422 1167 2453 pro
1183 2423 1270 2442 arcus
1285 2412 1437 2443 tentabat.

1087 2454 1205 2484 9—12.
1231 2454 1256 2483 Ο
1276 2466 1338 2494 qnae
1361 2456 1486 2488 beatam,
1505 2455 1598 2492 Diva,
1613 2459 1694 2486 tenes
1717 2455 1777 2497 cy-

1042 2507 1151 2535 prum:
1176 2495 1318 2527 similiter
1339 2507 1411 2538 sup.
1435 2496 1457 2534 i,
1472 2497 1504 2532 3.
1524 2498 1552 2532 1,
1570 2497 1680 2529 Venus
1695 2497 1778 2529 Diva

1041 2545 1143 2578 potens
1174 2538 1268 2578 Cypri
1297 2537 1432 2569 dicitur:
1462 2540 1587 2574 beatam,
1617 2538 1734 2570 divitiis
1760 2550 1778 2571 e

1045 2585 1229 2615 mercatura,
1245 2591 1316 2621 quae
1333 2581 1382 2611 vel
1396 2580 1530 2611 maxime
1552 2581 1582 2612 in
1599 2580 1659 2612 hac
1673 2581 1779 2614 insula

1045 2623 1258 2658 exercebatur,
1275 2623 1451 2654 affluentem
1466 2635 1474 2659 ;
1498 2622 1569 2653 hinc
1585 2621 1643 2653 inf.
1661 2622 1706 2659 iii,
1721 2625 1775 2660 29,

1043 2666 1095 2700 60,
1122 2675 1227 2694 merces
1256 2665 1385 2705 Cypriae.
1430 2664 1625 2702 Eustathius,
1651 2671 1778 2698 notante

1043 2706 1303 2742 Mitscherlichio‚
1329 2706 1367 2737 ad
1394 2706 1522 2748 Dionys.
1550 2706 1671 2747 Perieg.
1700 2709 1775 2743 508,

1042 2748 1262 2788 Ὀλβιώτατοι
1277 2748 1308 2780 δὲ
1325 2751 1500 2787 νησιωτῶν
1515 2747 1545 2780 οἱ
1561 2748 1708 2790 Κύπριοι
1723 2748 1775 2781 διὰ

1043 2792 1080 2822 τὸ
1105 2792 1429 2832 θαλαττοκρατῆσαι·
1451 2801 1511 2832 qua
1534 2791 1572 2822 de
1595 2800 1691 2822 causa
1713 2791 1774 2833 Cy-

1041 2844 1113 2872 prus
1126 2833 1299 2874 antiquitus
1311 2839 1421 2864 vocata
1433 2832 1493 2863 fuit
1506 2833 1644 2864 Macaria
1655 2846 1665 2864 .·
1690 2833 1776 2866 Plin.

1043 2876 1086 2905 H.
1104 2876 1148 2906 N.
1165 2886 1193 2911 v,
1211 2877 1263 2908 31.
1299 2875 1451 2915 Memphin
1465 2887 1474 2905 .·
1496 2875 1529 2906 in
1544 2875 1603 2906 hac
1619 2875 1696 2906 urbe
1711 2876 1773 2908 AE·

1041 2917 1128 2959 gypti
1151 2917 1342 2949 nobilissima
1362 2917 1459 2949 Venus
1474 2917 1603 2958 Hospita
1621 2917 1773 2960 templum
