1884 3288
42 2601 46 2604 ’
68 2606 83 2616 ²
115 2595 222 2640 ferox,
237 2597 445 2630 bellicosum.

703 210 928 254 LIBER
959 210 995 262 I,
1027 212 1097 254 35.

1611 214 1669 256 69

341 307 423 359 ⁴Te
446 315 598 358 Dacus
619 328 763 369 asper,
785 319 829 355 te
849 312 1028 369 profugi
1049 313 1239 368 Scythae,

272 386 325 427 10
355 385 604 438 Urbesque,
627 390 883 439 gentesque,
906 389 950 424 et
973 381 1150 423 Latium
1171 381 1313 432 ferox,

411 453 675 507 Regumque
697 458 857 493 matres
879 451 1180 500 barbarorum,
1203 457 1248 492 et

469 520 690 576 Purpurei
709 525 910 562 metuunt
931 518 1116 574 tyranni,

354 589 571 645 Injurioso
592 604 647 630 ne
667 588 782 644 pede
803 602 990 643 proruas

355 658 553 700 Stantem
574 655 829 706 columnam,
852 670 938 697 neu
960 654 1150 710 populus
1172 654 1379 711 frequens

268 727 321 769 15

409 724 484 768 Ad
506 740 624 767 arma
645 731 869 767 cessantes
892 723 949 765 ad
971 738 1090 765 arma

468 794 684 844 Concitet,
706 792 1021 848 imperiumque
1044 792 1230 848 frangat.

353 862 423 904 Te
444 877 616 917 semper
638 862 774 903 anteit
795 875 911 905 saeva
931 860 1202 911 Necessitas,

355 929 513 972 Clavos
535 929 725 972 trabales
746 937 791 970 et
813 943 975 970 cuneos
997 942 1126 969 manu

411 998 604 1040 Gestans
627 1012 750 1048 aena,
771 1011 853 1039 nec
876 1011 1054 1038 severus

264 1067 322 1110 20

467 1066 622 1109 Uncus
644 1066 782 1116 abest,
804 1064 1109 1126 liquidumque
1130 1063 1370 1120 plumbum.

351 1134 422 1177 Te
444 1134 556 1190 Spes
578 1141 623 1176 et
645 1133 744 1176 albo
766 1149 864 1190 rara
885 1132 1019 1175 Fides
1041 1133 1143 1175 colit

354 1202 513 1245 Velata
535 1219 702 1259 panno:
735 1217 816 1245 nec
838 1202 1037 1244 comitem
1058 1203 1262 1256 abnegat,

121 1305 228 1338 culum
250 1309 364 1338 tenens
392 1305 604 1349 conspicitur:
643 1306 708 1338 vid.
741 1305 876 1337 Reines.

122 1348 305 1381 Emendatt.
334 1348 370 1386 ii,
398 1350 453 1380 24.
510 1349 692 1390 Quicunque
724 1349 875 1390 Bithyna,

121 1397 198 1424 cett.
220 1392 406 1435 quicunque
422 1397 567 1433 quaestus
589 1402 690 1424 causa
712 1402 768 1434 per
790 1402 875 1423 mare

122 1433 332 1478 Carpathium
348 1434 535 1477 Bithyniam
549 1434 688 1475 navigat.
723 1435 874 1476 Bithyna,

122 1477 156 1509 h.
167 1488 197 1510 e.
211 1478 397 1510 mercatoria
410 1490 418 1516 3
441 1488 515 1509 nam
529 1484 718 1510 mercatores
733 1477 874 1509 Romani

121 1530 140 1552 e
154 1520 307 1563 Bithynia
319 1520 463 1564 inprimis
479 1531 598 1552 merces
614 1531 689 1552 suas
700 1521 852 1564 petebant
865 1533 874 1560 ς

124 1562 269 1596 similiter
279 1571 350 1607 sup.
362 1565 385 1601 i,
404 1566 434 1600 1,
452 1565 505 1600 13,
522 1566 603 1595 trabs
622 1565 749 1606 Cypria.
797 1565 873 1594 Car-

120 1608 264 1648 pathium
272 1609 412 1650 pelagus,
423 1607 634 1649 procellosum
646 1613 676 1639 et
687 1607 875 1649 Bithyniam

122 1649 306 1692 petentibus
320 1649 563 1686 transeundum,
580 1651 620 1681 ab
633 1650 738 1681 insula
757 1651 874 1691 Carpa-

123 1693 186 1730 tho,
210 1692 316 1736 (nu'nc
341 1692 529 1733 Scor-panto)
561 1693 643 1724 inter
669 1693 819 1724 Rhodum
844 1698 876 1724 et

124 1735 266 1772 Cretam.
277 1735 323 1768 ita
335 1735 467 1768 dictum.
505 1736 654 1772 Lacessit,
667 1736 700 1768 h.
713 1746 741 1768 e.
754 1742 875 1775 tentat3

124 1779 165 1812 τὸ
195 1778 336 1811 lacessere
365 1779 540 1822 explicant,
571 1779 666 1811 remis
702 1778 875 1822 impellere,

123 1830 259 1859 movere.
282 1822 383 1854 ferire.
428 1821 587 1863 Equidem
609 1822 793 1864 adjunctam
818 1832 876 1853 au-

124 1865 227 1898 daeiae
242 1865 403 1897 notionem
418 1864 547 1902 habere,
560 1871 591 1896 et
605 1865 644 1896 de
660 1865 699 1896 iis
712 1864 776 1897 dici
791 1865 877 1896 exis-

123 1908 214 1947 timo,
231 1907 301 1952 qui,
316 1907 391 1940 dum
417 1907 497 1939 nihil
518 1908 614 1940 maris
629 1908 732 1939 minas
749 1908 874 1944 timent,

123 1952 182 1984 sed
196 1957 313 1983 temere
331 1956 364 1983 et
384 1950 535 1983 audacter
553 1951 583 1983 ei
603 1961 637 1983 se
659 1951 874 1988 committunt,

124 1994 206 2026 illud
220 1994 312 2037 quasi
326 1994 365 2026 ad
381 1994 458 2025 iram
471 1999 503 2026 et
512 1993 668 2026 saevitiam
683 2001 875 2037 provocant;

126 2037 271 2070 similiter
281 2037 345 2069 fere
357 2038 666 2080 insultarefluctibus
681 2037 766 2080 apud
780 2037 876 2069 Ovid.

126 2080 211 2112 Met.
245 2080 269 2116 i.
311 2081 386 2116 134,
425 2087 615 2112 contemnere
651 2083 752 2111 undas
790 2079 876 2123 apud

126 2123 249 2156 Tibuli.
264 2123 287 2158 i.
306 2124 339 2160 3,
356 2124 411 2160 37,
431 2129 464 2155 et
485 2125 644 2155 transilire
661 2126 740 2156 rada
763 2134 835 2166 sup.
853 2123 875 2161 i,

127 2167 161 2204 3,
177 2167 242 2206 24;
267 2176 337 2204 nos,
354 2168 421 2198 dem
438 2166 540 2198 Meere
556 2173 682 2198 trotzen.

167 2209 290 2241 9-16.
334 2210 440 2241 Dacus
477 2221 574 2250 asper.

122 2256 211 2285 trans
233 2253 364 2289 Istrum,
391 2252 546 2284 Romanis
569 2253 610 2284 ob
632 2254 771 2288 crebras,
796 2263 876 2294 quas

123 2294 159 2327 in
170 2305 279 2328 eorum
290 2295 370 2327 fines
379 2295 551 2334 faciebant,
563 2295 765 2328 incursiones
778 2295 875 2327 infes-

125 2338 260 2371 thsimi:
284 2349 382 2380 asper,
399 2339 521 2371 Justin.
534 2339 569 2376 ii,
582 2340 615 2378 3,
626 2339 709 2371 Gens
723 2340 876 2370 laboribus

123 2387 155 2414 et
177 2382 253 2414 beno
271 2392 390 2424 aspera.
432 2382 563 2424 Scythae,
583 2383 624 2414 ob
642 2382 748 2414 sedem
767 2393 876 2414 eorum

124 2433 237 2468 vagam
267 2431 300 2457 et
328 2425 524 2464 instabilem,
553 2424 706 2457 dicuntur
734 2426 875 2468 profugi,

126 2477 203 2501 nam
220 2472 322 2506 erant,
339 2473 375 2500 ut
389 2468 447 2500 ins.
465 2469 543 2500 Hor.
558 2468 605 2505 iii,
628 2470 683 2506 24,
697 2470 730 2507 9,
744 2480 876 2508 campes-

125 2511 372 2547 tres—Quorum
391 2512 532 2552 plaustra
553 2523 645 2554 vagas
667 2514 727 2544 rite
749 2513 878 2543 trahant

125 2555 245 2594 domun
284 2553 481 2603 ἁμαξόβιοι,
512 2554 698 2598 ἁμάξοικοι.
752 2555 879 2586 Latiam

493 2598 670 2640 Regumque
682 2604 793 2630 matres
811 2600 879 2630 bar-

55 2638 71 2666 Ἰ
126 2641 282 2678 bas-mm,
295 2650 368 2672 nam
386 2641 481 2683 regiae
496 2648 612 2672 matres
625 2641 674 2673 vel
693 2642 828 2673 maxime
841 2641 882 2674 de

125 2682 263 2716 filiorum
279 2684 368 2725 regni
385 2684 604 2716 incolumitate
623 2685 770 2716 sollicitae
786 2691 879 2716 sunt:

27 2723 48 2731 ’“
63 2725 74 2760 s
128 2725 183 2766 Cl.
207 2727 343 2759 Mitsch.
365 2738 434 2759 com
460 2733 528 2759 arat
552 2727 669 2760 AEsch.
693 2729 783 2759 Pers.
810 2729 884 2759 160.

127 2768 433 2809 Barbaromm,inte1
451 2770 500 2812 ige
508 2770 637 2812 regesin
644 2770 723 2802 Asia
733 2770 880 2811 Minore,

23 2844 43 2851 „
127 2811 281 2856 cogitavit
295 2813 428 2846 fortasse
441 2820 535 2856 poeta
551 2813 590 2845 de
606 2814 797 2845 Parthorum
809 2825 882 2856 rege

128 2854 279 2888 Phraate.
326 2857 497 2897 Purpurei,
514 2867 653 2900 purpura
670 2857 787 2894 induti,
803 2868 879 2900 pur-

127 2899 245 2946 purati.
289 2900 444 2941 Injnrioso
457 2911 494 2932 ne
505 2902 578 2941 pede
589 2911 731 2941 proruas,
747 2911 860 2933 seusus
873 2913 880 2932 z

28 2926 55 2969 a*
128 2947 171 2974 ite
183 2941 338 2976 violenter
353 2943 520 2986 imperium
541 2943 581 2976 de
601 2954 651 2982 eo,
666 2954 730 2986 quo
746 2954 779 2975 se
797 2955 884 2976 nunc

27 2995 82 3030 ζ”ξ
130 2985 266 3024 extollit,
292 2991 379 3018 statu
404 2986 550 3029 dejicias,
577 2997 656 3019 neve
681 2987 819 3029 populus
845 2987 884 3019 ad

19 3030 68 3074 ,ῥ’-ἐ,
131 3027 319 3062 aditionem
329 3029 508 3062 concitatus
521 3030 601 3062 illud
616 3035 749 3062 evertat.
793 3030 885 3072 Inja-

633 2211 726 2245 Daci,
763 2209 887 2252 populi*

919 1307 1009 1342 riusa,
1038 1304 1071 1336 h.
1095 1315 1124 1337 e.
1151 1305 1311 1342 violento;
1343 1303 1389 1335 sic
1416 1302 1502 1335 venti
1529 1303 1672 1343 injuriosi

919 1348 979 1379 inf.
1003 1348 1108 1391 Epod.
1127 1349 1177 1386 17,
1194 1350 1250 1380 34.
1299 1347 1449 1382 Prin-uas,
1466 1345 1589 1378 active:
1614 1345 1670 1377 de-

920 1391 1038 1427 turbes,
1053 1391 1198 1434 dejicias.
1237 1392 1373 1422 Stantem
1385 1391 1569 1424 columnam,
1583 1394 1672 1420 stans

918 1440 951 1466 et
978 1435 1092 1466 florens
1121 1433 1226 1465 adhuc
1261 1433 1442 1476 imperium,
1473 1431 1561 1481 quod
1597 1442 1671 1463 cum

919 1483 1023 1509 stante
1047 1478 1195 1508 columna
1211 1483 1414 1519 comparatur
1431 1488 1439 1514 3
1458 1475 1535 1507 hinc
1552 1475 1671 1518 passim

919 1520 1105 1563 reipublicae
1121 1526 1225 1552 status
1237 1522 1371 1555 coricati,
1391 1520 1585 1561 labefactari,
1597 1524 1674 1550 cett.

920 1563 1049 1596 dicitur.
1095 1564 1148 1596 Cl.
1165 1563 1300 1595 Mitsch.
1315 1563 1347 1594 in
1371 1562 1454 1594 hanc
1479 1561 1672 1593 sententiam

919 1606 1032 1638 laudat
1061 1607 1157 1638 Pind.
1183 1606 1279 1648 Pyth.
1302 1606 1345 1642 iv,
1369 1607 1446 1641 484,
1469 1610 1502 1637 et
1529 1606 1672 1636 Pausan.

918 1649 965 1686 iii,
997 1651 1027 1681 7.
1085 1651 1250 1686 cessantes,
1286 1659 1391 1680 moras
1421 1654 1584 1680 nectentes
1613 1657 1672 1680 nec

919 1693 1026 1724 statim
1043 1703 1128 1724 arma
1143 1693 1349 1735 arripientes3
1374 1694 1414 1723 ad
1435 1703 1534 1727 arma,
1550 1701 1625 1723 cum
1642 1691 1672 1722 vi

920 1735 1035 1778 repetit
1050 1746 1142 1767 voces
1157 1738 1196 1767 ad
1219 1747 1318 1771 amna,
1334 1737 1374 1766 ad
1393 1747 1491 1770 arma,
1509 1745 1600 1777 quas,
1617 1734 1673 1776 qui

920 1778 953 1809 in
981 1778 1146 1822 repentino
1172 1779 1313 1810 tumultu
1344 1778 1384 1809 ad
1411 1787 1499 1809 arma
1524 1782 1673 1813 evocant,

921 1821 1093 1853 identidem
1122 1828 1262 1864 repetere
1292 1821 1408 1853 solent.
1465 1820 1561 1852 Ovid.
1590 1821 1674 1852 Met.

922 1864 977 1901 xii,
995 1866 1072 1902 241,
1090 1865 1298 1906 Certatimque
1313 1875 1410 1896 ovines
1425 1876 1486 1894 uno
1501 1875 1562 1902 ore,
1574 1875 1674 1901 arma,

921 1919 1005 1939 arma
1024 1910 1214 1949 loquuntur:
1238 1908 1282 1939 cf.
1300 1907 1394 1948 Virg.
1410 1908 1490 1938 AEn.
1505 1906 1540 1943 ii,
1557 1907 1634 1938 668.

967 1952 1107 1983 17—20.
1143 1950 1340 1982 Sententiam
1368 1951 1509 1991 potentie
1540 1956 1600 1980 tuae
1626 1961 1674 1981 ce-

920 1995 990 2025 dere
1017 1996 1125 2026 debent
1151 1996 1252 2025 omnia
1276 1993 1376 2036 lyrica
1401 1992 1596 2024 sublimitate
1618 2003 1674 2024 ex·

920 2037 1035 2079 pressit
1048 2048 1102 2079 per
1117 2037 1337 2068 adumbratam
1354 2036 1524 2078 imaginem
1544 2035 1677 2067 Necessi-

922 2082 1006 2118 tatis,
1022 2091 1094 2122 quae
1112 2080 1268 2118 Fortnnae,
1292 2085 1327 2111 ut
1342 2079 1412 2122 ejus
1429 2079 1585 2114 ministra,
1601 2090 1674 2110 cum

920 2123 1152 2159 instrumentis,
1173 2124 1212 2155 ad
1231 2133 1280 2155 res
1299 2122 1515 2154 indissolubili
1530 2122 1675 2155 firmitate

919 2167 1107 2198 muniendas
1121 2166 1335 2202 validissimis,
1350 2165 1528 2209 praecedere
1537 2166 1676 2207 fingitur.

921 2210 1003 2241 Cum
1031 2210 1214 2242 Necessitas
1241 2210 1403 2246 Fortunae,
1429 2214 1465 2240 ut
1487 2209 1530 2240 ita
1554 2209 1673 2247 dicam,

920 2252 962 2284 sit
991 2254 1192 2290 attributum,
1224 2258 1296 2295 apte
1323 2253 1391 2295 jam
1420 2252 1478 2283 illa
1508 2262 1674 2294 personam

919 2294 1036 2328 induit.
1093 2297 1190 2333 Serva,
1226 2296 1306 2332 dira,
1331 2294 1551 2333 inexorabilis,
1582 2295 1673 2335 δεινὴ

921 2339 1077 2382 κρατερά.
1104 2340 1212 2371 Clavus
1222 2339 1493 2381 trabales,quibus
1504 2339 1543 2370 ad
1558 2339 1675 2370 aedium

920 2383 1026 2414 trabes
1055 2383 1234 2415 firmissime
1265 2382 1461 2425 copulandas
1492 2381 1568 2412 olim
1605 2388 1674 2414 ute-

921 2426 1055 2465 bantur;
1071 2437 1145 2457 cum
1162 2426 1318 2469 ejusmodi
1330 2427 1414 2457 clavo
1427 2427 1541 2457 trabali
1554 2425 1676 2456 sistitur

923 2469 1077 2505 Fortuna,
1106 2475 1143 2501 ut
1167 2472 1314 2502 observat
1338 2469 1379 2500 ad
1410 2469 1442 2500 h.
1468 2469 1490 2500 l.
1520 2468 1610 2504 Jani,
1641 2469 1676 2500 in

922 2512 1041 2544 Causei
1068 2514 1187 2544 Museo
1215 2513 1313 2544 Rom.
1339 2513 1379 2544 T.
1407 2512 1429 2547 i,
1455 2523 1487 2556 p.
1515 2513 1569 2547 72,
1596 2513 1676 2543 Tab.

923 2556 1034 2592 xxviii,
1061 2561 1094 2588 et
1116 2556 1200 2599 apud
1225 2557 1344 2599 Spenc.
1367 2556 1451 2597 Tab.v
1475 2554 1564 2590 xxiii,
1588 2566 1620 2586 n.
1644 2559 1676 2592 5,

924 2611 957 2642 p.
983 2600 1069 2638 1513
1095 2599 1169 2631 hinc
1193 2600 1277 2642 apud
1302 2599 1375 2632 Cic.
1402 2600 1493 2630 Verr.
1513 2609 1543 2634 v,
1563 2599 1618 2635 21,
1641 2605 1678 2630 ut

925 2644 1114 2682 beneficium,
1137 2644 1387 2684 quemadmodum
1411 2643 1541 2679 dicitur,
1565 2643 1680 2673 trabali

926 2687 1011 2717 clavo
1019 2687 1150 2728 figeret,
1173 2686 1205 2717 h.
1227 2697 1257 2718 e.
1281 2684 1495 2716 firmissimum
1520 2685 1678 2724 efficeret;

927 2730 1058 2761 Petron.
1072 2739 1102 2760 c.
1118 2730 1170 2760 75.
1202 2729 1304 2766 Nosti,
1318 2731 1396 2770 qaod
1409 2730 1498 2760 semel
1514 2730 1677 2764 destinavi,

927 2774 1012 2804 clavo
1036 2774 1150 2804 trabali
1167 2774 1272 2815 fixum
1294 2780 1349 2809 est,
1374 2772 1406 2802 h.
1429 2783 1458 2803 e.
1481 2771 1680 2803 immutabile

926 2821 987 2848 est.
1049 2816 1101 2848 Cl.
1132 2816 1267 2848 Mitsch.
1294 2815 1328 2847 in
1357 2815 1441 2846 hanc
1474 2825 1538 2847 rem
1570 2815 1679 2846 laudat

926 2859 1044 2891 AEsch.
1059 2859 1175 2902 Suppl.
1186 2860 1263 2891 949.
1298 2859 1413 2890 Cuneus
1426 2870 1520 2889 mana
1537 2859 1677 2896 Gestaris,

923 2902 992 2944 jam
1009 2913 1072 2934 non
1093 2901 1136 2934 ad
1149 2902 1392 2938 diffindendum,
1409 2902 1464 2934 sed
1481 2901 1520 2932 ad
1537 2901 1678 2943 compin-

928 2945 1067 2988 gendum
1075 2950 1108 2978 et
1117 2945 1238 2977 firmius
1245 2944 1545 2987 coagmentandum.
1565 2944 1680 2979 Uncus,

929 2988 1044 3020 hamus
1076 2988 1194 3020 ferreus
1231 2990 1319 3028 (nos,
1355 2987 1544 3027 Klammer),
1585 2986 1680 3027 cujus

931 3042 1009 3063 usus
1031 3031 1094 3064 fuit
1114 3031 1145 3063 in
1169 3031 1329 3074 lapidibus
1350 3030 1470 3062 firmius
1496 3029 1681 3072 jungendis,
