<?xml version="1.0" encoding="UTF-8"?>
<!DOCTYPE html PUBLIC "-//W3C//DTD XHTML 1.0 Transitional//EN"
    "http://www.w3.org/TR/xhtml1/DTD/xhtml1-transitional.dtd">
<html xmlns="http://www.w3.org/1999/xhtml" xml:lang="en" lang="en">
 <head>
  <title>
</title>
<meta http-equiv="Content-Type" content="text/html;charset=utf-8" />
  <meta name='ocr-system' content='tesseract 3.04.00' />
  <meta name='ocr-capabilities' content='ocr_page ocr_carea ocr_par ocr_line ocrx_word'/>
</head>
<body>
  <div class='ocr_page' id='page_1' title='image "./operahorac00horauoft_0273.png"; bbox 0 0 1884 3288; ppageno 0'>
   <div class='ocr_carea' id='block_1_1' title="bbox 13 27 34 228">
    <p class='ocr_par' dir='ltr' id='par_1_1' title="bbox 13 27 34 228">
     <span class='ocr_line' id='line_1_1' title="bbox 13 27 34 228; textangle 90"><span class='ocrx_word' id='word_1_1' title='bbox 13 145 34 228; x_wconf 44' lang='grc' dir='ltr'>’φυῇ-ο</span> <span class='ocrx_word' id='word_1_2' title='bbox 19 136 22 137; x_wconf 54' lang='lat'>¹</span> <span class='ocrx_word' id='word_1_3' title='bbox 17 83 30 126; x_wconf 63' lang='lat'>·,=&gt;-.·⁴</span> <span class='ocrx_word' id='word_1_4' title='bbox 19 55 27 71; x_wconf 86' lang='lat'>·.·</span> <span class='ocrx_word' id='word_1_5' title='bbox 19 27 28 46; x_wconf 52' lang='lat'>2-</span> 
     </span>
    </p>
   </div>
   <div class='ocr_carea' id='block_1_2' title="bbox 0 2277 65 2450">
    <p class='ocr_par' dir='ltr' id='par_1_2' title="bbox 0 2277 65 2450">
     <span class='ocr_line' id='line_1_2' title="bbox 0 2277 65 2408; baseline 0 -50"><span class='ocrx_word' id='word_1_6' title='bbox 0 2277 65 2408; x_wconf 95' lang='lat' dir='ltr'>   </span> 
     </span>
     <span class='ocr_line' id='line_1_3' title="bbox 0 2408 65 2450; baseline 0 838"><span class='ocrx_word' id='word_1_7' title='bbox 0 2408 65 2450; x_wconf 95' lang='lat' dir='ltr'> </span> 
     </span>
    </p>
   </div>
   <div class='ocr_carea' id='block_1_3' title="bbox 635 179 1075 230">
    <p class='ocr_par' dir='ltr' id='par_1_3' title="bbox 635 179 1075 230">
     <span class='ocr_line' id='line_1_4' title="bbox 635 179 1075 230; baseline -0.014 -4"><span class='ocrx_word' id='word_1_8' title='bbox 635 180 860 227; x_wconf 73' lang='lat' dir='ltr'>LIBER</span> <span class='ocrx_word' id='word_1_9' title='bbox 890 179 974 230; x_wconf 89' lang='lat' dir='ltr'>IV,</span> <span class='ocrx_word' id='word_1_10' title='bbox 1008 180 1075 221; x_wconf 70' lang='lat'>12.</span> 
     </span>
    </p>
   </div>
   <div class='ocr_carea' id='block_1_4' title="bbox 1542 179 1628 221">
    <p class='ocr_par' dir='ltr' id='par_1_4' title="bbox 1542 179 1628 221">
     <span class='ocr_line' id='line_1_5' title="bbox 1542 179 1628 221; baseline -0.012 0"><span class='ocrx_word' id='word_1_11' title='bbox 1542 179 1628 221; x_wconf 67' lang='lat'>233</span> 
     </span>
    </p>
   </div>
   <div class='ocr_carea' id='block_1_5' title="bbox 234 279 1253 747">
    <p class='ocr_par' dir='ltr' id='par_1_5' title="bbox 234 279 1253 747">
     <span class='ocr_line' id='line_1_6' title="bbox 318 279 1142 336; baseline -0.008 -8"><span class='ocrx_word' id='word_1_12' title='bbox 318 284 564 328; x_wconf 85' lang='lat' dir='ltr'>Adduxere</span> <span class='ocrx_word' id='word_1_13' title='bbox 585 283 700 325; x_wconf 83' lang='lat' dir='ltr'>sitim</span> <span class='ocrx_word' id='word_1_14' title='bbox 719 288 934 336; x_wconf 85' lang='lat' dir='ltr'>tempora,</span> <span class='ocrx_word' id='word_1_15' title='bbox 956 279 1142 335; x_wconf 83' lang='lat' dir='ltr'>virgili:</span> 
     </span>
     <span class='ocr_line' id='line_1_7' title="bbox 321 348 1253 409; baseline -0.006 -13"><span class='ocrx_word' id='word_1_16' title='bbox 321 354 412 396; x_wconf 87' lang='lat' dir='ltr'>Sed</span> <span class='ocrx_word' id='word_1_17' title='bbox 431 365 630 409; x_wconf 83' lang='lat' dir='ltr'>pressum</span> <span class='ocrx_word' id='word_1_18' title='bbox 652 349 832 392; x_wconf 86' lang='lat' dir='ltr'>Calibus</span> <span class='ocrx_word' id='word_1_19' title='bbox 854 349 1017 391; x_wconf 88' lang='lat' dir='ltr'>ducere</span> <span class='ocrx_word' id='word_1_20' title='bbox 1041 348 1253 390; x_wconf 89' lang='lat' dir='ltr'>Liberum</span> 
     </span>
     <span class='ocr_line' id='line_1_8' title="bbox 234 415 1160 478; baseline -0.008 -14"><span class='ocrx_word' id='word_1_21' title='bbox 234 422 288 464; x_wconf 87' lang='grc'>15</span> <span class='ocrx_word' id='word_1_22' title='bbox 318 421 366 463; x_wconf 86' lang='lat' dir='ltr'>Si</span> <span class='ocrx_word' id='word_1_23' title='bbox 386 420 534 478; x_wconf 84' lang='lat' dir='ltr'>gestis,</span> <span class='ocrx_word' id='word_1_24' title='bbox 550 420 762 474; x_wconf 85' lang='lat' dir='ltr'>juvenum</span> <span class='ocrx_word' id='word_1_25' title='bbox 781 417 991 459; x_wconf 87' lang='lat' dir='ltr'>nobilium</span> <span class='ocrx_word' id='word_1_26' title='bbox 1012 415 1160 466; x_wconf 88' lang='lat' dir='ltr'>cliens,</span> 
     </span>
     <span class='ocr_line' id='line_1_9' title="bbox 662 485 1202 528; baseline -0.004 0"><span class='ocrx_word' id='word_1_27' title='bbox 662 485 822 528; x_wconf 89' lang='lat' dir='ltr'>Nardo</span> <span class='ocrx_word' id='word_1_28' title='bbox 842 485 942 527; x_wconf 88' lang='lat' dir='ltr'>vina</span> <span class='ocrx_word' id='word_1_29' title='bbox 961 485 1202 527; x_wconf 87' lang='lat' dir='ltr'>merebere.</span> 
     </span>
     <span class='ocr_line' id='line_1_10' title="bbox 317 544 1139 611; baseline -0.006 -13"><span class='ocrx_word' id='word_1_30' title='bbox 317 544 463 599; x_wconf 76' lang='lat' dir='ltr'>Nardi</span> <span class='ocrx_word' id='word_1_31' title='bbox 482 569 642 611; x_wconf 85' lang='lat' dir='ltr'>parvus</span> <span class='ocrx_word' id='word_1_32' title='bbox 664 568 781 609; x_wconf 83' lang='lat' dir='ltr'>onyx</span> <span class='ocrx_word' id='word_1_33' title='bbox 803 553 946 596; x_wconf 89' lang='lat' dir='ltr'>eliciet</span> <span class='ocrx_word' id='word_1_34' title='bbox 966 553 1139 602; x_wconf 85' lang='lat' dir='ltr'>eadum,</span> 
     </span>
     <span class='ocr_line' id='line_1_11' title="bbox 318 620 1188 678; baseline -0.005 -13"><span class='ocrx_word' id='word_1_35' title='bbox 318 623 411 672; x_wconf 86' lang='lat' dir='ltr'>Qui</span> <span class='ocrx_word' id='word_1_36' title='bbox 429 638 546 665; x_wconf 89' lang='lat' dir='ltr'>nunc</span> <span class='ocrx_word' id='word_1_37' title='bbox 569 621 774 678; x_wconf 85' lang='lat' dir='ltr'>Sulpiciis</span> <span class='ocrx_word' id='word_1_38' title='bbox 796 622 982 663; x_wconf 85' lang='lat' dir='ltr'>accubat</span> <span class='ocrx_word' id='word_1_39' title='bbox 1003 620 1188 670; x_wconf 86' lang='lat' dir='ltr'>horreis,</span> 
     </span>
     <span class='ocr_line' id='line_1_12' title="bbox 316 689 1212 747; baseline -0.004 -14"><span class='ocrx_word' id='word_1_40' title='bbox 316 691 430 747; x_wconf 88' lang='lat' dir='ltr'>Spes</span> <span class='ocrx_word' id='word_1_41' title='bbox 451 691 616 733; x_wconf 85' lang='lat' dir='ltr'>donare</span> <span class='ocrx_word' id='word_1_42' title='bbox 637 705 771 731; x_wconf 86' lang='lat' dir='ltr'>novas</span> <span class='ocrx_word' id='word_1_43' title='bbox 792 689 956 744; x_wconf 44' lang='lat' dir='ltr'>largum</span> <span class='ocrx_word' id='word_1_44' title='bbox 979 703 1212 743; x_wconf 83' lang='lat' dir='ltr'>amaraque</span> 
     </span>
    </p>
   </div>
   <div class='ocr_carea' id='block_1_6' title="bbox 228 759 287 802">
    <p class='ocr_par' dir='ltr' id='par_1_6' title="bbox 228 759 287 802">
     <span class='ocr_line' id='line_1_13' title="bbox 228 759 287 802; baseline 0 0"><span class='ocrx_word' id='word_1_45' title='bbox 228 759 287 802; x_wconf 74' lang='lat'>20</span> 
     </span>
    </p>
   </div>
   <div class='ocr_carea' id='block_1_7' title="bbox 664 755 1239 799">
    <p class='ocr_par' dir='ltr' id='par_1_7' title="bbox 664 755 1239 799">
     <span class='ocr_line' id='line_1_14' title="bbox 664 755 1239 799; baseline -0.002 0"><span class='ocrx_word' id='word_1_46' title='bbox 664 757 879 799; x_wconf 74' lang='lat' dir='ltr'>Curatum</span> <span class='ocrx_word' id='word_1_47' title='bbox 900 755 1047 798; x_wconf 88' lang='lat' dir='ltr'>eluere</span> <span class='ocrx_word' id='word_1_48' title='bbox 1069 756 1239 798; x_wconf 85' lang='lat' dir='ltr'>efficax.</span> 
     </span>
    </p>
   </div>
   <div class='ocr_carea' id='block_1_8' title="bbox 296 825 1227 949">
    <p class='ocr_par' dir='ltr' id='par_1_8' title="bbox 296 825 1227 949">
     <span class='ocr_line' id='line_1_15' title="bbox 296 825 1227 882; baseline -0.003 -13"><span class='ocrx_word' id='word_1_49' title='bbox 296 826 392 869; x_wconf 86' lang='lat' dir='ltr'>·Ad</span> <span class='ocrx_word' id='word_1_50' title='bbox 413 841 512 882; x_wconf 89' lang='lat' dir='ltr'>quae</span> <span class='ocrx_word' id='word_1_51' title='bbox 533 825 571 867; x_wconf 85' lang='lat' dir='ltr'>si</span> <span class='ocrx_word' id='word_1_52' title='bbox 589 840 801 881; x_wconf 83' lang='lat' dir='ltr'>properas</span> <span class='ocrx_word' id='word_1_53' title='bbox 830 825 1007 880; x_wconf 85' lang='lat' dir='ltr'>gaudia,</span> <span class='ocrx_word' id='word_1_54' title='bbox 1030 839 1129 867; x_wconf 90' lang='lat' dir='ltr'>cum</span> <span class='ocrx_word' id='word_1_55' title='bbox 1150 831 1227 866; x_wconf 89' lang='lat' dir='ltr'>tua.</span> 
     </span>
     <span class='ocr_line' id='line_1_16' title="bbox 317 893 1191 949; baseline -0.002 -13"><span class='ocrx_word' id='word_1_56' title='bbox 317 893 463 936; x_wconf 85' lang='lat' dir='ltr'>Velox</span> <span class='ocrx_word' id='word_1_57' title='bbox 483 908 627 935; x_wconf 86' lang='lat' dir='ltr'>merce</span> <span class='ocrx_word' id='word_1_58' title='bbox 648 893 771 934; x_wconf 86' lang='lat' dir='ltr'>veni:</span> <span class='ocrx_word' id='word_1_59' title='bbox 804 908 892 934; x_wconf 89' lang='lat' dir='ltr'>non</span> <span class='ocrx_word' id='word_1_60' title='bbox 913 907 996 949; x_wconf 85' lang='lat' dir='ltr'>ego</span> <span class='ocrx_word' id='word_1_61' title='bbox 1019 900 1063 935; x_wconf 90' lang='lat' dir='ltr'>te</span> <span class='ocrx_word' id='word_1_62' title='bbox 1084 893 1191 934; x_wconf 89' lang='lat' dir='ltr'>meis</span> 
     </span>
    </p>
   </div>
   <div class='ocr_carea' id='block_1_9' title="bbox 85 1005 837 1393">
    <p class='ocr_par' dir='ltr' id='par_1_9' title="bbox 85 1005 837 1393">
     <span class='ocr_line' id='line_1_17' title="bbox 85 1005 832 1050; baseline -0.001 -12"><span class='ocrx_word' id='word_1_63' title='bbox 85 1015 159 1038; x_wconf 80' lang='lat' dir='ltr'>voro</span> <span class='ocrx_word' id='word_1_64' title='bbox 184 1005 226 1038; x_wconf 80' lang='lat' dir='ltr'>ab</span> <span class='ocrx_word' id='word_1_65' title='bbox 250 1005 320 1050; x_wconf 83' lang='lat' dir='ltr'>ipso</span> <span class='ocrx_word' id='word_1_66' title='bbox 347 1007 488 1038; x_wconf 79' lang='lat' dir='ltr'><strong>Homero</strong></span> <span class='ocrx_word' id='word_1_67' title='bbox 515 1005 633 1048; x_wconf 78' lang='lat' dir='ltr'>odyss,</span> <span class='ocrx_word' id='word_1_68' title='bbox 657 1006 723 1043; x_wconf 88' lang='lat' dir='ltr'>xix,</span> <span class='ocrx_word' id='word_1_69' title='bbox 756 1008 832 1043; x_wconf 83' lang='grc'>522,</span> 
     </span>
     <span class='ocr_line' id='line_1_18' title="bbox 86 1049 834 1103; baseline 0 -22"><span class='ocrx_word' id='word_1_70' title='bbox 86 1049 144 1081; x_wconf 82' lang='lat' dir='ltr'>ubi</span> <span class='ocrx_word' id='word_1_71' title='bbox 157 1059 228 1081; x_wconf 84' lang='lat' dir='ltr'>eam</span> <span class='ocrx_word' id='word_1_72' title='bbox 243 1049 306 1081; x_wconf 77' lang='lat' dir='ltr'>sub</span> <span class='ocrx_word' id='word_1_73' title='bbox 321 1050 400 1081; x_wconf 87' lang='lat' dir='ltr'>veris</span> <span class='ocrx_word' id='word_1_74' title='bbox 414 1049 507 1081; x_wconf 88' lang='lat' dir='ltr'>initio</span> <span class='ocrx_word' id='word_1_75' title='bbox 522 1049 655 1103; x_wconf 87' lang='lat' dir='ltr'>pulchre</span> <span class='ocrx_word' id='word_1_76' title='bbox 665 1057 834 1082; x_wconf 82' lang='lat' dir='ltr'><strong>canentem</strong></span> 
     </span>
     <span class='ocr_line' id='line_1_19' title="bbox 86 1091 833 1142; baseline 0.001 -19"><span class='ocrx_word' id='word_1_77' title='bbox 86 1092 252 1130; x_wconf 74' lang='lat' dir='ltr'>describit,</span> <span class='ocrx_word' id='word_1_78' title='bbox 267 1091 362 1125; x_wconf 70' lang='grc' dir='ltr'>παῖδ’</span> <span class='ocrx_word' id='word_1_79' title='bbox 377 1091 638 1142; x_wconf 78' lang='grc' dir='ltr'>ἀλοφυρομένη”</span> <span class='ocrx_word' id='word_1_80' title='bbox 642 1095 767 1125; x_wconf 84' lang='grc' dir='ltr'>Ῑτυλον</span> <span class='ocrx_word' id='word_1_81' title='bbox 781 1094 833 1136; x_wconf 84' lang='grc' dir='ltr'>φί-</span> 
     </span>
     <span class='ocr_line' id='line_1_20' title="bbox 86 1134 834 1178; baseline 0 -11"><span class='ocrx_word' id='word_1_82' title='bbox 86 1135 153 1168; x_wconf 83' lang='grc' dir='ltr'>λον</span> <span class='ocrx_word' id='word_1_83' title='bbox 181 1134 318 1173; x_wconf 84' lang='lat' dir='ltr'>dicatur,</span> <span class='ocrx_word' id='word_1_84' title='bbox 356 1135 399 1167; x_wconf 88' lang='lat' dir='ltr'>cf.</span> <span class='ocrx_word' id='word_1_85' title='bbox 429 1143 504 1168; x_wconf 87' lang='lat' dir='ltr'>ante</span> <span class='ocrx_word' id='word_1_86' title='bbox 541 1135 648 1167; x_wconf 89' lang='lat' dir='ltr'>omnia</span> <span class='ocrx_word' id='word_1_87' title='bbox 683 1137 747 1178; x_wconf 91' lang='lat' dir='ltr'>Sop</span> <span class='ocrx_word' id='word_1_88' title='bbox 749 1136 834 1168; x_wconf 87' lang='lat' dir='ltr'>hoel.</span> 
     </span>
     <span class='ocr_line' id='line_1_21' title="bbox 87 1177 836 1218; baseline 0 -8"><span class='ocrx_word' id='word_1_89' title='bbox 87 1177 210 1210; x_wconf 81' lang='lat' dir='ltr'>Electr.</span> <span class='ocrx_word' id='word_1_90' title='bbox 241 1179 312 1216; x_wconf 76' lang='grc'>147,</span> <span class='ocrx_word' id='word_1_91' title='bbox 339 1185 372 1211; x_wconf 89' lang='lat' dir='ltr'>et</span> <span class='ocrx_word' id='word_1_92' title='bbox 395 1177 440 1210; x_wconf 88' lang='lat' dir='ltr'>ibi</span> <span class='ocrx_word' id='word_1_93' title='bbox 463 1178 652 1210; x_wconf 56' lang='lat' dir='ltr'>Scholiastx</span> <span class='ocrx_word' id='word_1_94' title='bbox 643 1202 653 1218; x_wconf 88' lang='lat'>,</span> <span class='ocrx_word' id='word_1_95' title='bbox 687 1179 836 1211; x_wconf 87' lang='lat' dir='ltr'>dulcissi</span> 
     </span>
     <span class='ocr_line' id='line_1_22' title="bbox 86 1220 836 1264; baseline 0.003 -12"><span class='ocrx_word' id='word_1_96' title='bbox 86 1231 159 1253; x_wconf 80' lang='lat' dir='ltr'>mus</span> <span class='ocrx_word' id='word_1_97' title='bbox 171 1220 309 1264; x_wconf 83' lang='lat' dir='ltr'>denique</span> <span class='ocrx_word' id='word_1_98' title='bbox 325 1221 471 1253; x_wconf 84' lang='lat' dir='ltr'>lusciniae</span> <span class='ocrx_word' id='word_1_99' title='bbox 487 1227 602 1253; x_wconf 87' lang='lat' dir='ltr'>cantus</span> <span class='ocrx_word' id='word_1_100' title='bbox 626 1222 675 1253; x_wconf 88' lang='lat' dir='ltr'>vel</span> <span class='ocrx_word' id='word_1_101' title='bbox 698 1222 836 1254; x_wconf 84' lang='lat' dir='ltr'>maxime</span> 
     </span>
     <span class='ocr_line' id='line_1_23' title="bbox 86 1262 836 1313; baseline 0 -17"><span class='ocrx_word' id='word_1_102' title='bbox 86 1262 130 1296; x_wconf 72' lang='lat' dir='ltr'>ad</span> <span class='ocrx_word' id='word_1_103' title='bbox 144 1273 195 1302; x_wconf 70' lang='lat' dir='ltr'>aa,</span> <span class='ocrx_word' id='word_1_104' title='bbox 209 1274 284 1313; x_wconf 76' lang='lat' dir='ltr'>qnae</span> <span class='ocrx_word' id='word_1_105' title='bbox 297 1264 438 1296; x_wconf 75' lang='lat' dir='ltr'>suaviter</span> <span class='ocrx_word' id='word_1_106' title='bbox 458 1265 520 1296; x_wconf 84' lang='lat' dir='ltr'>sub</span> <span class='ocrx_word' id='word_1_107' title='bbox 542 1275 614 1296; x_wconf 88' lang='lat' dir='ltr'>vere</span> <span class='ocrx_word' id='word_1_108' title='bbox 637 1274 693 1296; x_wconf 86' lang='lat' dir='ltr'>nos</span> <span class='ocrx_word' id='word_1_109' title='bbox 714 1265 836 1297; x_wconf 85' lang='lat' dir='ltr'>deleni-</span> 
     </span>
     <span class='ocr_line' id='line_1_24' title="bbox 86 1306 836 1357; baseline 0.001 -18"><span class='ocrx_word' id='word_1_110' title='bbox 86 1311 160 1344; x_wconf 73' lang='lat' dir='ltr'>unt,</span> <span class='ocrx_word' id='word_1_111' title='bbox 189 1306 364 1357; x_wconf 74' lang='lat' dir='ltr'>pertineat.</span> <span class='ocrx_word' id='word_1_112' title='bbox 398 1307 548 1349; x_wconf 82' lang='lat' dir='ltr'>equidem</span> <span class='ocrx_word' id='word_1_113' title='bbox 570 1309 724 1350; x_wconf 55' lang='lat' dir='ltr'>infelicem</span> <span class='ocrx_word' id='word_1_114' title='bbox 751 1320 836 1340; x_wconf 82' lang='lat' dir='ltr'>ovem</span> 
     </span>
     <span class='ocr_line' id='line_1_25' title="bbox 87 1349 837 1393; baseline 0 -11"><span class='ocrx_word' id='word_1_115' title='bbox 87 1349 129 1382; x_wconf 70' lang='lat' dir='ltr'>de</span> <span class='ocrx_word' id='word_1_116' title='bbox 142 1349 281 1383; x_wconf 67' lang='grc'>1115011113</span> <span class='ocrx_word' id='word_1_117' title='bbox 296 1350 441 1393; x_wconf 82' lang='lat' dir='ltr'>accipere</span> <span class='ocrx_word' id='word_1_118' title='bbox 459 1350 579 1381; x_wconf 88' lang='lat' dir='ltr'>malim.</span> <span class='ocrx_word' id='word_1_119' title='bbox 625 1351 782 1382; x_wconf 80' lang='lat' dir='ltr'>Fabulam</span> <span class='ocrx_word' id='word_1_120' title='bbox 797 1352 837 1382; x_wconf 87' lang='lat' dir='ltr'>de</span> 
     </span>
    </p>
   </div>
   <div class='ocr_carea' id='block_1_10' title="bbox 11 1392 837 1432">
    <p class='ocr_par' dir='ltr' id='par_1_10' title="bbox 10 1388 837 1432">
     <span class='ocr_line' id='line_1_26' title="bbox 11 1392 837 1432; baseline -0.002 -5.002"><span class='ocrx_word' id='word_1_121' title='bbox 11 1403 27 1432; x_wconf 73' lang='lat'>,⁴</span> <span class='ocrx_word' id='word_1_122' title='bbox 86 1392 215 1427; x_wconf 67' lang='lat' dir='ltr'>Procne</span> <span class='ocrx_word' id='word_1_123' title='bbox 227 1398 262 1426; x_wconf 85' lang='lat' dir='ltr'>et</span> <span class='ocrx_word' id='word_1_124' title='bbox 275 1393 458 1425; x_wconf 79' lang='lat' dir='ltr'>Philomela</span> <span class='ocrx_word' id='word_1_125' title='bbox 481 1393 666 1425; x_wconf 82' lang='lat' dir='ltr'>felicissime</span> <span class='ocrx_word' id='word_1_126' title='bbox 689 1395 837 1426; x_wconf 86' lang='lat' dir='ltr'>tractavit</span> 
     </span>
    </p>
   </div>
   <div class='ocr_carea' id='block_1_11' title="bbox 65 1434 838 1479">
    <p class='ocr_par' dir='ltr' id='par_1_11' title="bbox 65 1434 838 1479">
     <span class='ocr_line' id='line_1_27' title="bbox 65 1434 838 1479; baseline 0 -10"><span class='ocrx_word' id='word_1_127' title='bbox 65 1434 186 1469; x_wconf 60' lang='grc' dir='ltr'>ΰνὶᾶ.</span> <span class='ocrx_word' id='word_1_128' title='bbox 200 1436 284 1469; x_wconf 76' lang='lat' dir='ltr'>Met.</span> <span class='ocrx_word' id='word_1_129' title='bbox 297 1436 342 1474; x_wconf 74' lang='lat' dir='ltr'>vi,</span> <span class='ocrx_word' id='word_1_130' title='bbox 358 1437 423 1468; x_wconf 77' lang='lat'>425</span> <span class='ocrx_word' id='word_1_131' title='bbox 444 1447 516 1479; x_wconf 82' lang='lat' dir='ltr'>sqq.</span> <span class='ocrx_word' id='word_1_132' title='bbox 563 1437 711 1477; x_wconf 59' lang='lat' dir='ltr'>Cecropiae</span> <span class='ocrx_word' id='word_1_133' title='bbox 733 1439 838 1469; x_wconf 80' lang='lat' dir='ltr'>domus</span> 
     </span>
    </p>
   </div>
   <div class='ocr_carea' id='block_1_12' title="bbox 22 1479 835 1523">
    <p class='ocr_par' dir='ltr' id='par_1_12' title="bbox 22 1479 835 1523">
     <span class='ocr_line' id='line_1_28' title="bbox 22 1479 835 1523; baseline 0 -12"><span class='ocrx_word' id='word_1_134' title='bbox 22 1485 36 1523; x_wconf 62' lang='lat' dir='ltr'><strong>j</strong></span> <span class='ocrx_word' id='word_1_135' title='bbox 87 1479 254 1514; x_wconf 62' lang='lat' dir='ltr'>Eur-num</span> <span class='ocrx_word' id='word_1_136' title='bbox 278 1481 482 1521; x_wconf 79' lang='lat' dir='ltr'>opprobrium,</span> <span class='ocrx_word' id='word_1_137' title='bbox 511 1490 584 1522; x_wconf 82' lang='lat' dir='ltr'>quae</span> <span class='ocrx_word' id='word_1_138' title='bbox 611 1490 735 1522; x_wconf 79' lang='lat' dir='ltr'>semper</span> <span class='ocrx_word' id='word_1_139' title='bbox 755 1480 835 1511; x_wconf 88' lang='lat' dir='ltr'>exti</span> 
     </span>
    </p>
   </div>
   <div class='ocr_carea' id='block_1_13' title="bbox 86 1522 840 1565">
    <p class='ocr_par' dir='ltr' id='par_1_13' title="bbox 86 1522 840 1565">
     <span class='ocr_line' id='line_1_29' title="bbox 86 1522 840 1565; baseline 0 -10"><span class='ocrx_word' id='word_1_140' title='bbox 86 1525 160 1555; x_wconf 59' lang='lat' dir='ltr'>&amp;ra</span> <span class='ocrx_word' id='word_1_141' title='bbox 184 1528 234 1554; x_wconf 74' lang='lat' dir='ltr'>est</span> <span class='ocrx_word' id='word_1_142' title='bbox 258 1522 389 1555; x_wconf 69' lang='lat' dir='ltr'>familiae</span> <span class='ocrx_word' id='word_1_143' title='bbox 415 1533 484 1554; x_wconf 82' lang='lat' dir='ltr'>suae</span> <span class='ocrx_word' id='word_1_144' title='bbox 505 1523 719 1565; x_wconf 88' lang='lat' dir='ltr'>opprobrium,</span> <span class='ocrx_word' id='word_1_145' title='bbox 744 1523 840 1555; x_wconf 82' lang='lat' dir='ltr'>dede-</span> 
     </span>
    </p>
   </div>
   <div class='ocr_carea' id='block_1_14' title="bbox 12 1565 840 1608">
    <p class='ocr_par' dir='ltr' id='par_1_14' title="bbox 12 1565 840 1608">
     <span class='ocr_line' id='line_1_30' title="bbox 12 1565 840 1608; baseline 0 -10"><span class='ocrx_word' id='word_1_146' title='bbox 12 1574 34 1598; x_wconf 31' lang='lat' dir='ltr'>&#39;af</span> <span class='ocrx_word' id='word_1_147' title='bbox 88 1575 163 1601; x_wconf 73' lang='lat' dir='ltr'>cus.</span> <span class='ocrx_word' id='word_1_148' title='bbox 174 1565 331 1608; x_wconf 76' lang='grc' dir='ltr'>ἔλεγχος,</span> <span class='ocrx_word' id='word_1_149' title='bbox 340 1565 481 1604; x_wconf 82' lang='grc' dir='ltr'>ὄνειδος,</span> <span class='ocrx_word' id='word_1_150' title='bbox 498 1565 532 1596; x_wconf 89' lang='lat' dir='ltr'>h.</span> <span class='ocrx_word' id='word_1_151' title='bbox 545 1577 576 1596; x_wconf 84' lang='lat' dir='ltr'>e.</span> <span class='ocrx_word' id='word_1_152' title='bbox 588 1577 660 1608; x_wconf 80' lang='lat' dir='ltr'>quae</span> <span class='ocrx_word' id='word_1_153' title='bbox 675 1577 840 1608; x_wconf 87' lang='lat' dir='ltr'>nunquam</span> 
     </span>
    </p>
   </div>
   <div class='ocr_carea' id='block_1_15' title="bbox 86 1607 844 2256">
    <p class='ocr_par' dir='ltr' id='par_1_15' title="bbox 89 1607 839 1657">
     <span class='ocr_line' id='line_1_31' title="bbox 89 1607 839 1657; baseline 0.001 -17"><span class='ocrx_word' id='word_1_154' title='bbox 89 1607 198 1641; x_wconf 81' lang='lat' dir='ltr'>eluere</span> <span class='ocrx_word' id='word_1_155' title='bbox 233 1614 267 1640; x_wconf 88' lang='lat' dir='ltr'>et</span> <span class='ocrx_word' id='word_1_156' title='bbox 301 1609 480 1650; x_wconf 81' lang='lat' dir='ltr'>abstergere</span> <span class='ocrx_word' id='word_1_157' title='bbox 516 1609 632 1657; x_wconf 69' lang='lat' dir='ltr'>poterit</span> <span class='ocrx_word' id='word_1_158' title='bbox 665 1611 839 1646; x_wconf 83' lang='lat' dir='ltr'>maculam,</span> 
     </span>
    </p>

    <p class='ocr_par' dir='ltr' id='par_1_16' title="bbox 86 1651 844 2256">
     <span class='ocr_line' id='line_1_32' title="bbox 113 1651 840 1694; baseline 0.001 -11"><span class='ocrx_word' id='word_1_159' title='bbox 113 1661 187 1684; x_wconf 76' lang='grc'>113111</span> <span class='ocrx_word' id='word_1_160' title='bbox 214 1652 303 1693; x_wconf 77' lang='lat' dir='ltr'>genti</span> <span class='ocrx_word' id='word_1_161' title='bbox 330 1661 399 1684; x_wconf 81' lang='lat' dir='ltr'>suae</span> <span class='ocrx_word' id='word_1_162' title='bbox 426 1651 591 1694; x_wconf 85' lang='lat' dir='ltr'>Cecropiae</span> <span class='ocrx_word' id='word_1_163' title='bbox 618 1652 840 1684; x_wconf 85' lang='lat' dir='ltr'>crudelissimo</span> 
     </span>
     <span class='ocr_line' id='line_1_33' title="bbox 89 1661 838 1744; baseline -0.001 -17"><span class='ocrx_word' id='word_1_164' title='bbox 89 1661 233 1727; x_wconf 52' lang='lat' dir='ltr'>*fl-einen</span> <span class='ocrx_word' id='word_1_165' title='bbox 255 1694 424 1744; x_wconf 73' lang='lat' dir='ltr'>adspersit.</span> <span class='ocrx_word' id='word_1_166' title='bbox 470 1695 522 1726; x_wconf 89' lang='lat' dir='ltr'>De</span> <span class='ocrx_word' id='word_1_167' title='bbox 537 1705 616 1726; x_wconf 88' lang='lat' dir='ltr'>voce</span> <span class='ocrx_word' id='word_1_168' title='bbox 634 1698 838 1735; x_wconf 76' lang='lat' dir='ltr'>opprobrium,</span> 
     </span>
     <span class='ocr_line' id='line_1_34' title="bbox 90 1737 839 1787; baseline 0 -17"><span class='ocrx_word' id='word_1_169' title='bbox 90 1737 135 1771; x_wconf 76' lang='lat' dir='ltr'>ef</span> <span class='ocrx_word' id='word_1_170' title='bbox 148 1746 225 1787; x_wconf 49' lang='lat' dir='ltr'>lup..</span> <span class='ocrx_word' id='word_1_171' title='bbox 243 1737 284 1769; x_wconf 74' lang='lat' dir='ltr'>ad</span> <span class='ocrx_word' id='word_1_172' title='bbox 307 1748 344 1774; x_wconf 80' lang='grc'>11,</span> <span class='ocrx_word' id='word_1_173' title='bbox 371 1739 422 1774; x_wconf 88' lang='grc'>13,</span> <span class='ocrx_word' id='word_1_174' title='bbox 446 1739 478 1769; x_wconf 98' lang='lat'><strong>4</strong></span> <span class='ocrx_word' id='word_1_175' title='bbox 524 1738 684 1779; x_wconf 77' lang='lat' dir='ltr'>Cecropiae,</span> <span class='ocrx_word' id='word_1_176' title='bbox 700 1738 839 1785; x_wconf 80' lang='lat' dir='ltr'>Atticae3</span> 
     </span>
     <span class='ocr_line' id='line_1_35' title="bbox 89 1778 839 1823; baseline 0 -10"><span class='ocrx_word' id='word_1_177' title='bbox 89 1779 169 1813; x_wconf 68' lang='lat' dir='ltr'>fnit</span> <span class='ocrx_word' id='word_1_178' title='bbox 168 1780 260 1813; x_wconf 79' lang='lat' dir='ltr'>enim</span> <span class='ocrx_word' id='word_1_179' title='bbox 282 1781 405 1813; x_wconf 84' lang='lat' dir='ltr'>Procne</span> <span class='ocrx_word' id='word_1_180' title='bbox 429 1780 618 1817; x_wconf 77' lang='lat' dir='ltr'>Pandionis,</span> <span class='ocrx_word' id='word_1_181' title='bbox 642 1791 693 1823; x_wconf 76' lang='lat' dir='ltr'>reg</span> <span class='ocrx_word' id='word_1_182' title='bbox 698 1781 724 1812; x_wconf 87' lang='lat' dir='ltr'>is</span> <span class='ocrx_word' id='word_1_183' title='bbox 741 1778 839 1813; x_wconf 85' lang='lat' dir='ltr'>Athe·</span> 
     </span>
     <span class='ocr_line' id='line_1_36' title="bbox 91 1823 839 1864; baseline -0.001 -7"><span class='ocrx_word' id='word_1_184' title='bbox 91 1823 268 1862; x_wconf 74' lang='lat' dir='ltr'>niensium,</span> <span class='ocrx_word' id='word_1_185' title='bbox 287 1823 373 1856; x_wconf 72' lang='lat' dir='ltr'>filia.</span> <span class='ocrx_word' id='word_1_186' title='bbox 421 1824 518 1860; x_wconf 77' lang='lat' dir='ltr'>Male,</span> <span class='ocrx_word' id='word_1_187' title='bbox 554 1830 619 1855; x_wconf 74' lang='lat' dir='ltr'>tam</span> <span class='ocrx_word' id='word_1_188' title='bbox 649 1825 839 1864; x_wconf 85' lang='lat' dir='ltr'>crudeliter;</span> 
     </span>
     <span class='ocr_line' id='line_1_37' title="bbox 89 1866 841 1904; baseline -0.003 -3"><span class='ocrx_word' id='word_1_189' title='bbox 89 1867 220 1900; x_wconf 62' lang='lat' dir='ltr'>Procas</span> <span class='ocrx_word' id='word_1_190' title='bbox 234 1866 332 1904; x_wconf 86' lang='lat' dir='ltr'>enim,</span> <span class='ocrx_word' id='word_1_191' title='bbox 349 1871 384 1898; x_wconf 88' lang='lat' dir='ltr'>ut</span> <span class='ocrx_word' id='word_1_192' title='bbox 406 1866 559 1898; x_wconf 85' lang='lat' dir='ltr'>incestam</span> <span class='ocrx_word' id='word_1_193' title='bbox 582 1866 685 1898; x_wconf 86' lang='lat' dir='ltr'>mariti</span> <span class='ocrx_word' id='word_1_194' title='bbox 708 1868 841 1899; x_wconf 77' lang='grc' dir='ltr'>5111Ἱο-</span> 
     </span>
     <span class='ocr_line' id='line_1_38' title="bbox 93 1909 842 1953; baseline -0.001 -10"><span class='ocrx_word' id='word_1_195' title='bbox 93 1910 139 1943; x_wconf 79' lang='lat' dir='ltr'>rei</span> <span class='ocrx_word' id='word_1_196' title='bbox 153 1909 320 1942; x_wconf 80' lang='lat' dir='ltr'>libidinem</span> <span class='ocrx_word' id='word_1_197' title='bbox 335 1909 552 1946; x_wconf 86' lang='lat' dir='ltr'>ulcisceretur,</span> <span class='ocrx_word' id='word_1_198' title='bbox 574 1916 746 1942; x_wconf 83' lang='lat' dir='ltr'>mactatum</span> <span class='ocrx_word' id='word_1_199' title='bbox 770 1921 842 1953; x_wconf 88' lang='lat' dir='ltr'>par-</span> 
     </span>
     <span class='ocr_line' id='line_1_39' title="bbox 93 1952 839 2005; baseline 0 -20"><span class='ocrx_word' id='word_1_200' title='bbox 93 1963 170 1985; x_wconf 75' lang='lat' dir='ltr'>vum</span> <span class='ocrx_word' id='word_1_201' title='bbox 191 1953 326 1985; x_wconf 76' lang='lat' dir='ltr'>filiolum</span> <span class='ocrx_word' id='word_1_202' title='bbox 351 1953 427 1995; x_wconf 81' lang='lat' dir='ltr'>Ityn</span> <span class='ocrx_word' id='word_1_203' title='bbox 451 1952 506 1984; x_wconf 89' lang='lat' dir='ltr'>isti</span> <span class='ocrx_word' id='word_1_204' title='bbox 528 1953 724 2003; x_wconf 85' lang='lat' dir='ltr'>epulandum</span> <span class='ocrx_word' id='word_1_205' title='bbox 745 1965 839 2005; x_wconf 82' lang='lat' dir='ltr'>appo</span> 
     </span>
     <span class='ocr_line' id='line_1_40' title="bbox 91 1995 842 2039; baseline 0 -11"><span class='ocrx_word' id='word_1_206' title='bbox 91 1995 199 2029; x_wconf 66' lang='lat' dir='ltr'>suinae</span> <span class='ocrx_word' id='word_1_207' title='bbox 211 1995 340 2028; x_wconf 84' lang='lat' dir='ltr'>dicitur.</span> <span class='ocrx_word' id='word_1_208' title='bbox 386 1996 518 2039; x_wconf 79' lang='lat' dir='ltr'>Regum,</span> <span class='ocrx_word' id='word_1_209' title='bbox 528 1996 631 2028; x_wconf 86' lang='lat' dir='ltr'>Terei.</span> <span class='ocrx_word' id='word_1_210' title='bbox 674 1997 819 2029; x_wconf 77' lang='lat' dir='ltr'>Dicunt</span> <span class='ocrx_word' id='word_1_211' title='bbox 809 2009 842 2028; x_wconf 85' lang='grc' dir='ltr'>ιη</span> 
     </span>
     <span class='ocr_line' id='line_1_41' title="bbox 90 2039 840 2090; baseline 0 -18"><span class='ocrx_word' id='word_1_212' title='bbox 90 2041 349 2090; x_wconf 72' lang='lat' dir='ltr'>memgmmine</span> <span class='ocrx_word' id='word_1_213' title='bbox 362 2045 438 2072; x_wconf 87' lang='lat' dir='ltr'>cett.</span> <span class='ocrx_word' id='word_1_214' title='bbox 477 2039 688 2076; x_wconf 64' lang='lat' dir='ltr'>Dulcissimo,</span> <span class='ocrx_word' id='word_1_215' title='bbox 703 2051 775 2089; x_wconf 82' lang='lat' dir='ltr'>quae</span> <span class='ocrx_word' id='word_1_216' title='bbox 791 2051 840 2072; x_wconf 91' lang='lat' dir='ltr'>se-</span> 
     </span>
     <span class='ocr_line' id='line_1_42' title="bbox 90 2082 842 2127; baseline 0 -12"><span class='ocrx_word' id='word_1_217' title='bbox 90 2082 215 2127; x_wconf 71' lang='lat' dir='ltr'>qnitur.</span> <span class='ocrx_word' id='word_1_218' title='bbox 229 2093 248 2115; x_wconf 88' lang='lat' dir='ltr'>e</span> <span class='ocrx_word' id='word_1_219' title='bbox 262 2082 329 2115; x_wconf 70' lang='lat' dir='ltr'>vita</span> <span class='ocrx_word' id='word_1_220' title='bbox 349 2082 512 2125; x_wconf 79' lang='lat' dir='ltr'>pastoritia</span> <span class='ocrx_word' id='word_1_221' title='bbox 528 2082 716 2114; x_wconf 86' lang='lat' dir='ltr'>adumbrata</span> <span class='ocrx_word' id='word_1_222' title='bbox 737 2084 842 2124; x_wconf 85' lang='lat' dir='ltr'>imago</span> 
     </span>
     <span class='ocr_line' id='line_1_43' title="bbox 86 2125 842 2170; baseline -0.001 -11"><span class='ocrx_word' id='word_1_223' title='bbox 86 2134 135 2159; x_wconf 56' lang='lat' dir='ltr'>veo</span> <span class='ocrx_word' id='word_1_224' title='bbox 144 2126 253 2168; x_wconf 70' lang='lat' dir='ltr'>tnagis</span> <span class='ocrx_word' id='word_1_225' title='bbox 263 2136 376 2170; x_wconf 68' lang='lat' dir='ltr'>capere</span> <span class='ocrx_word' id='word_1_226' title='bbox 391 2132 423 2158; x_wconf 87' lang='lat' dir='ltr'>et</span> <span class='ocrx_word' id='word_1_227' title='bbox 437 2125 594 2158; x_wconf 82' lang='lat' dir='ltr'>delectare</span> <span class='ocrx_word' id='word_1_228' title='bbox 611 2127 750 2158; x_wconf 84' lang='lat' dir='ltr'>debebat</span> <span class='ocrx_word' id='word_1_229' title='bbox 767 2127 842 2159; x_wconf 91' lang='lat' dir='ltr'>Vir-</span> 
     </span>
     <span class='ocr_line' id='line_1_44' title="bbox 94 2168 842 2218; baseline 0.003 -18"><span class='ocrx_word' id='word_1_230' title='bbox 94 2168 222 2212; x_wconf 74' lang='lat' dir='ltr'>gilium,</span> <span class='ocrx_word' id='word_1_231' title='bbox 248 2179 316 2218; x_wconf 71' lang='lat' dir='ltr'>quo</span> <span class='ocrx_word' id='word_1_232' title='bbox 338 2168 441 2218; x_wconf 85' lang='lat' dir='ltr'>magis</span> <span class='ocrx_word' id='word_1_233' title='bbox 463 2179 503 2200; x_wconf 88' lang='lat' dir='ltr'>ea</span> <span class='ocrx_word' id='word_1_234' title='bbox 533 2169 573 2200; x_wconf 87' lang='lat' dir='ltr'>ad</span> <span class='ocrx_word' id='word_1_235' title='bbox 603 2169 742 2200; x_wconf 90' lang='lat' dir='ltr'>indolem</span> <span class='ocrx_word' id='word_1_236' title='bbox 779 2170 842 2202; x_wconf 80' lang='lat' dir='ltr'>fere</span> 
     </span>
     <span class='ocr_line' id='line_1_45' title="bbox 91 2211 844 2256; baseline -0.001 -11"><span class='ocrx_word' id='word_1_237' title='bbox 91 2211 410 2249; x_wconf 70' lang='lat' dir='ltr'>eorumearminum,</span> <span class='ocrx_word' id='word_1_238' title='bbox 422 2211 455 2243; x_wconf 88' lang='lat' dir='ltr'>in</span> <span class='ocrx_word' id='word_1_239' title='bbox 479 2211 596 2254; x_wconf 88' lang='lat' dir='ltr'>quibus</span> <span class='ocrx_word' id='word_1_240' title='bbox 619 2212 674 2244; x_wconf 89' lang='lat' dir='ltr'>ille</span> <span class='ocrx_word' id='word_1_241' title='bbox 696 2213 844 2256; x_wconf 84' lang='lat' dir='ltr'>princeps</span> 
     </span>
    </p>
   </div>
   <div class='ocr_carea' id='block_1_16' title="bbox 2 2253 845 2380">
    <p class='ocr_par' dir='ltr' id='par_1_17' title="bbox 2 2253 843 2376">
     <span class='ocr_line' id='line_1_46' title="bbox 13 2253 843 2304; baseline -0.001 -16"><span class='ocrx_word' id='word_1_242' title='bbox 13 2253 55 2298; x_wconf 98' lang='grc'><strong>5,</strong></span> <span class='ocrx_word' id='word_1_243' title='bbox 89 2254 199 2288; x_wconf 63' lang='lat' dir='ltr'>amr</span> <span class='ocrx_word' id='word_1_244' title='bbox 206 2254 373 2288; x_wconf 73' lang='lat' dir='ltr'>Romanos</span> <span class='ocrx_word' id='word_1_245' title='bbox 396 2260 507 2304; x_wconf 83' lang='lat' dir='ltr'>poetas</span> <span class='ocrx_word' id='word_1_246' title='bbox 537 2261 597 2291; x_wconf 86' lang='lat' dir='ltr'>est,</span> <span class='ocrx_word' id='word_1_247' title='bbox 629 2255 704 2287; x_wconf 82' lang='lat' dir='ltr'>data</span> <span class='ocrx_word' id='word_1_248' title='bbox 737 2266 843 2299; x_wconf 87' lang='lat' dir='ltr'>opera,</span> 
     </span>
     <span class='ocr_line' id='line_1_47' title="bbox 8 2293 845 2341; baseline 0.004 -14"><span class='ocrx_word' id='word_1_249' title='bbox 8 2293 49 2330; x_wconf 62' lang='lat'>²5..</span> <span class='ocrx_word' id='word_1_250' title='bbox 87 2303 135 2334; x_wconf 67' lang='lat' dir='ltr'>-nt</span> <span class='ocrx_word' id='word_1_251' title='bbox 154 2297 289 2338; x_wconf 73' lang='lat' dir='ltr'>videtur,</span> <span class='ocrx_word' id='word_1_252' title='bbox 313 2298 489 2341; x_wconf 76' lang='lat' dir='ltr'>composita</span> <span class='ocrx_word' id='word_1_253' title='bbox 513 2303 547 2330; x_wconf 89' lang='lat' dir='ltr'>et</span> <span class='ocrx_word' id='word_1_254' title='bbox 568 2298 762 2331; x_wconf 87' lang='lat' dir='ltr'>concinnata</span> <span class='ocrx_word' id='word_1_255' title='bbox 784 2306 845 2331; x_wconf 86' lang='lat' dir='ltr'>est.</span> 
     </span>
     <span class='ocr_line' id='line_1_48' title="bbox 2 2341 280 2380; baseline 0 -6"><span class='ocrx_word' id='word_1_256' title='bbox 2 2371 3 2374; x_wconf 75' lang='grc'>,</span> <span class='ocrx_word' id='word_1_257' title='bbox 37 2349 40 2356; x_wconf 89' lang='grc'><strong>’</strong></span> <span class='ocrx_word' id='word_1_258' title='bbox 58 2341 211 2380; x_wconf 58' lang='grc' dir='ltr'>’,ἄλυπα</span> <span class='ocrx_word' id='word_1_259' title='bbox 226 2343 280 2374; x_wconf 77' lang='lat' dir='ltr'>cui</span> 
     </span>
    </p>
   </div>
   <div class='ocr_carea' id='block_1_17' title="bbox 46 2342 845 2466">
    <p class='ocr_par' dir='ltr' id='par_1_18' title="bbox 83 2342 845 2464">
     <span class='ocr_line' id='line_1_49' title="bbox 292 2342 845 2386; baseline 0.002 -13"><span class='ocrx_word' id='word_1_260' title='bbox 292 2351 386 2386; x_wconf 72' lang='lat' dir='ltr'>pecus</span> <span class='ocrx_word' id='word_1_261' title='bbox 395 2347 471 2374; x_wconf 86' lang='lat' dir='ltr'>cett.</span> <span class='ocrx_word' id='word_1_262' title='bbox 489 2342 590 2374; x_wconf 79' lang='lat' dir='ltr'>Pana.</span> <span class='ocrx_word' id='word_1_263' title='bbox 636 2342 746 2385; x_wconf 85' lang='lat' dir='ltr'>Nigri,</span> <span class='ocrx_word' id='word_1_264' title='bbox 762 2342 845 2386; x_wconf 87' lang='lat' dir='ltr'>pini-</span> 
     </span>
     <span class='ocr_line' id='line_1_50' title="bbox 46 2371 844 2466; baseline 0 -49"><span class='ocrx_word' id='word_1_265' title='bbox 46 2382 179 2466; x_wconf 46' lang='lat' dir='ltr'>g.</span> <span class='ocrx_word' id='word_1_266' title='bbox 199 2384 369 2461; x_wconf 50' lang='grc' dir='ltr'>εἰὲἰξη</span> <span class='ocrx_word' id='word_1_267' title='bbox 345 2384 369 2423; x_wconf 83' lang='grc'>1,</span> <span class='ocrx_word' id='word_1_268' title='bbox 383 2383 440 2422; x_wconf 88' lang='grc'>21,</span> <span class='ocrx_word' id='word_1_269' title='bbox 457 2385 490 2416; x_wconf 88' lang='lat'>7.</span> <span class='ocrx_word' id='word_1_270' title='bbox 537 2385 645 2423; x_wconf 83' lang='lat' dir='ltr'>Colles,</span> <span class='ocrx_word' id='word_1_271' title='bbox 666 2371 703 2417; x_wconf 58' lang='lat' dir='ltr'>uot</span> <span class='ocrx_word' id='word_1_272' title='bbox 717 2387 844 2418; x_wconf 86' lang='lat' dir='ltr'>Maena-</span> 
     </span>
    </p>
   </div>
   <div class='ocr_carea' id='block_1_18' title="bbox 878 1005 1642 2471">
    <p class='ocr_par' dir='ltr' id='par_1_19' title="bbox 878 1005 1642 2471">
     <span class='ocr_line' id='line_1_51' title="bbox 879 1005 1630 1048; baseline -0.001 -11"><span class='ocrx_word' id='word_1_273' title='bbox 879 1006 949 1037; x_wconf 87' lang='lat' dir='ltr'>sine</span> <span class='ocrx_word' id='word_1_274' title='bbox 983 1016 1082 1037; x_wconf 84' lang='lat' dir='ltr'>causa</span> <span class='ocrx_word' id='word_1_275' title='bbox 1118 1011 1225 1037; x_wconf 85' lang='lat' dir='ltr'>autem</span> <span class='ocrx_word' id='word_1_276' title='bbox 1268 1005 1419 1037; x_wconf 84' lang='lat' dir='ltr'>Horatius</span> <span class='ocrx_word' id='word_1_277' title='bbox 1459 1005 1630 1048; x_wconf 83' lang='lat' dir='ltr'>Virgilium</span> 
     </span>
     <span class='ocr_line' id='line_1_52' title="bbox 879 1050 1631 1091; baseline 0 -11"><span class='ocrx_word' id='word_1_278' title='bbox 879 1059 974 1080; x_wconf 91' lang='lat' dir='ltr'>suum</span> <span class='ocrx_word' id='word_1_279' title='bbox 992 1051 1234 1089; x_wconf 75' lang='lat' dir='ltr'>nunejssvenum</span> <span class='ocrx_word' id='word_1_280' title='bbox 1250 1051 1396 1080; x_wconf 80' lang='lat' dir='ltr'>nobilium</span> <span class='ocrx_word' id='word_1_281' title='bbox 1417 1050 1558 1080; x_wconf 79' lang='lat' dir='ltr'>clientem</span> <span class='ocrx_word' id='word_1_282' title='bbox 1575 1060 1631 1091; x_wconf 88' lang='lat' dir='ltr'>ap-</span> 
     </span>
     <span class='ocr_line' id='line_1_53' title="bbox 878 1091 1632 1141; baseline 0 -18"><span class='ocrx_word' id='word_1_283' title='bbox 878 1092 1016 1141; x_wconf 83' lang='lat' dir='ltr'>pellasse</span> <span class='ocrx_word' id='word_1_284' title='bbox 1038 1092 1188 1131; x_wconf 83' lang='lat' dir='ltr'>videtur3</span> <span class='ocrx_word' id='word_1_285' title='bbox 1218 1093 1296 1123; x_wconf 90' lang='lat' dir='ltr'>latet</span> <span class='ocrx_word' id='word_1_286' title='bbox 1319 1091 1417 1129; x_wconf 89' lang='lat' dir='ltr'>enirn,</span> <span class='ocrx_word' id='word_1_287' title='bbox 1443 1092 1504 1123; x_wconf 87' lang='lat' dir='ltr'>nisi</span> <span class='ocrx_word' id='word_1_288' title='bbox 1526 1092 1632 1129; x_wconf 85' lang='lat' dir='ltr'>fallor,</span> 
     </span>
     <span class='ocr_line' id='line_1_54' title="bbox 879 1116 1632 1184; baseline 0 -18"><span class='ocrx_word' id='word_1_289' title='bbox 879 1136 912 1166; x_wconf 90' lang='lat' dir='ltr'>in</span> <span class='ocrx_word' id='word_1_290' title='bbox 930 1135 989 1166; x_wconf 90' lang='lat' dir='ltr'>hac</span> <span class='ocrx_word' id='word_1_291' title='bbox 1006 1116 1221 1184; x_wconf 84' lang='lat' dir='ltr'>appellatione</span> <span class='ocrx_word' id='word_1_292' title='bbox 1239 1136 1333 1178; x_wconf 87' lang='lat' dir='ltr'>jocus</span> <span class='ocrx_word' id='word_1_293' title='bbox 1357 1135 1420 1166; x_wconf 80' lang='lat' dir='ltr'>fere</span> <span class='ocrx_word' id='word_1_294' title='bbox 1439 1135 1513 1166; x_wconf 88' lang='lat' dir='ltr'>hic:</span> <span class='ocrx_word' id='word_1_295' title='bbox 1538 1135 1632 1166; x_wconf 82' lang='grc'>(111111-</span> 
     </span>
     <span class='ocr_line' id='line_1_55' title="bbox 881 1178 1631 1226; baseline 0.003 -18"><span class='ocrx_word' id='word_1_296' title='bbox 881 1178 975 1209; x_wconf 88' lang='lat' dir='ltr'>modo</span> <span class='ocrx_word' id='word_1_297' title='bbox 1000 1190 1019 1210; x_wconf 90' lang='lat' dir='ltr'>a</span> <span class='ocrx_word' id='word_1_298' title='bbox 1041 1184 1073 1210; x_wconf 85' lang='lat' dir='ltr'>te</span> <span class='ocrx_word' id='word_1_299' title='bbox 1097 1178 1263 1221; x_wconf 88' lang='lat' dir='ltr'>impetrare</span> <span class='ocrx_word' id='word_1_300' title='bbox 1294 1178 1412 1226; x_wconf 85' lang='lat' dir='ltr'>poteris</span> <span class='ocrx_word' id='word_1_301' title='bbox 1442 1178 1514 1215; x_wconf 89' lang='lat' dir='ltr'>hoc,</span> <span class='ocrx_word' id='word_1_302' title='bbox 1546 1183 1583 1209; x_wconf 85' lang='lat' dir='ltr'>ut</span> <span class='ocrx_word' id='word_1_303' title='bbox 1613 1189 1631 1210; x_wconf 93' lang='lat' dir='ltr'>e</span> 
     </span>
     <span class='ocr_line' id='line_1_56' title="bbox 881 1221 1632 1269; baseline 0 -17"><span class='ocrx_word' id='word_1_304' title='bbox 881 1221 1007 1263; x_wconf 88' lang='lat' dir='ltr'>fastigio</span> <span class='ocrx_word' id='word_1_305' title='bbox 1031 1227 1084 1253; x_wconf 82' lang='lat' dir='ltr'>tuo</span> <span class='ocrx_word' id='word_1_306' title='bbox 1107 1221 1295 1259; x_wconf 85' lang='lat' dir='ltr'>descendas,</span> <span class='ocrx_word' id='word_1_307' title='bbox 1317 1227 1350 1253; x_wconf 91' lang='lat' dir='ltr'>et</span> <span class='ocrx_word' id='word_1_308' title='bbox 1367 1231 1521 1269; x_wconf 81' lang='lat' dir='ltr'>Juvenum</span> <span class='ocrx_word' id='word_1_309' title='bbox 1538 1221 1632 1252; x_wconf 91' lang='lat' dir='ltr'>nobi-</span> 
     </span>
     <span class='ocr_line' id='line_1_57' title="bbox 881 1264 1634 1314; baseline 0.001 -20"><span class='ocrx_word' id='word_1_310' title='bbox 881 1264 959 1295; x_wconf 90' lang='lat' dir='ltr'>lium</span> <span class='ocrx_word' id='word_1_311' title='bbox 993 1264 1188 1296; x_wconf 85' lang='lat' dir='ltr'>consortium</span> <span class='ocrx_word' id='word_1_312' title='bbox 1224 1275 1299 1296; x_wconf 88' lang='lat' dir='ltr'>curn</span> <span class='ocrx_word' id='word_1_313' title='bbox 1330 1264 1478 1314; x_wconf 84' lang='lat' dir='ltr'>pauperis</span> <span class='ocrx_word' id='word_1_314' title='bbox 1506 1264 1634 1296; x_wconf 84' lang='lat' dir='ltr'>Horatii</span> 
     </span>
     <span class='ocr_line' id='line_1_58' title="bbox 881 1307 1632 1350; baseline 0.001 -12"><span class='ocrx_word' id='word_1_315' title='bbox 881 1307 1032 1339; x_wconf 86' lang='lat' dir='ltr'>societate</span> <span class='ocrx_word' id='word_1_316' title='bbox 1048 1313 1220 1350; x_wconf 87' lang='lat' dir='ltr'>permutes.</span> <span class='ocrx_word' id='word_1_317' title='bbox 1259 1308 1367 1338; x_wconf 78' lang='lat' dir='ltr'>Nardo</span> <span class='ocrx_word' id='word_1_318' title='bbox 1381 1310 1454 1338; x_wconf 85' lang='lat' dir='ltr'>vina</span> <span class='ocrx_word' id='word_1_319' title='bbox 1470 1308 1632 1344; x_wconf 80' lang='lat' dir='ltr'>merebere</span> 
     </span>
     <span class='ocr_line' id='line_1_59' title="bbox 882 1349 1632 1392; baseline 0.003 -12"><span class='ocrx_word' id='word_1_320' title='bbox 882 1360 950 1392; x_wconf 87' lang='lat' dir='ltr'>pro,</span> <span class='ocrx_word' id='word_1_321' title='bbox 967 1356 1130 1391; x_wconf 88' lang='lat' dir='ltr'>unguento</span> <span class='ocrx_word' id='word_1_322' title='bbox 1146 1350 1292 1386; x_wconf 87' lang='lat' dir='ltr'>nardino,</span> <span class='ocrx_word' id='word_1_323' title='bbox 1309 1349 1396 1392; x_wconf 88' lang='lat' dir='ltr'>quod</span> <span class='ocrx_word' id='word_1_324' title='bbox 1418 1355 1523 1382; x_wconf 84' lang='lat' dir='ltr'>tecum</span> <span class='ocrx_word' id='word_1_325' title='bbox 1546 1355 1632 1382; x_wconf 87' lang='lat' dir='ltr'>attu-</span> 
     </span>
     <span class='ocr_line' id='line_1_60' title="bbox 880 1393 1633 1435; baseline 0.001 -12"><span class='ocrx_word' id='word_1_326' title='bbox 880 1393 967 1429; x_wconf 86' lang='lat' dir='ltr'>leris,</span> <span class='ocrx_word' id='word_1_327' title='bbox 997 1393 1096 1435; x_wconf 84' lang='lat' dir='ltr'>gratis</span> <span class='ocrx_word' id='word_1_328' title='bbox 1124 1403 1142 1423; x_wconf 92' lang='lat' dir='ltr'>a</span> <span class='ocrx_word' id='word_1_329' title='bbox 1168 1393 1211 1424; x_wconf 92' lang='lat' dir='ltr'>ud</span> <span class='ocrx_word' id='word_1_330' title='bbox 1239 1403 1290 1424; x_wconf 87' lang='lat' dir='ltr'>me</span> <span class='ocrx_word' id='word_1_331' title='bbox 1327 1393 1436 1424; x_wconf 90' lang='lat' dir='ltr'>vinum</span> <span class='ocrx_word' id='word_1_332' title='bbox 1472 1393 1633 1425; x_wconf 88' lang='lat' dir='ltr'>Calenum</span> 
     </span>
     <span class='ocr_line' id='line_1_61' title="bbox 882 1436 1634 1478; baseline 0 -11"><span class='ocrx_word' id='word_1_333' title='bbox 882 1436 991 1475; x_wconf 78' lang='lat' dir='ltr'>bibes3</span> <span class='ocrx_word' id='word_1_334' title='bbox 1015 1447 1092 1473; x_wconf 78' lang='lat' dir='ltr'>srve,</span> <span class='ocrx_word' id='word_1_335' title='bbox 1111 1446 1129 1466; x_wconf 84' lang='lat' dir='ltr'>a</span> <span class='ocrx_word' id='word_1_336' title='bbox 1154 1447 1188 1467; x_wconf 87' lang='lat' dir='ltr'>er</span> <span class='ocrx_word' id='word_1_337' title='bbox 1209 1442 1314 1467; x_wconf 90' lang='lat' dir='ltr'>tecum</span> <span class='ocrx_word' id='word_1_338' title='bbox 1338 1442 1538 1478; x_wconf 83' lang='lat' dir='ltr'>unguentum</span> <span class='ocrx_word' id='word_1_339' title='bbox 1562 1446 1634 1468; x_wconf 90' lang='lat' dir='ltr'>nar-</span> 
     </span>
     <span class='ocr_line' id='line_1_62' title="bbox 881 1478 1632 1522; baseline 0.001 -12"><span class='ocrx_word' id='word_1_340' title='bbox 881 1478 1005 1516; x_wconf 89' lang='lat' dir='ltr'>dinum,</span> <span class='ocrx_word' id='word_1_341' title='bbox 1031 1479 1117 1522; x_wconf 90' lang='lat' dir='ltr'>quod</span> <span class='ocrx_word' id='word_1_342' title='bbox 1142 1490 1201 1521; x_wconf 86' lang='lat' dir='ltr'>ego</span> <span class='ocrx_word' id='word_1_343' title='bbox 1230 1479 1305 1510; x_wconf 85' lang='lat' dir='ltr'>vino</span> <span class='ocrx_word' id='word_1_344' title='bbox 1334 1479 1458 1511; x_wconf 91' lang='lat' dir='ltr'>Caleno</span> <span class='ocrx_word' id='word_1_345' title='bbox 1485 1490 1632 1511; x_wconf 86' lang='lat' dir='ltr'>remune-</span> 
     </span>
     <span class='ocr_line' id='line_1_63' title="bbox 884 1522 1636 1564; baseline 0.001 -11"><span class='ocrx_word' id='word_1_346' title='bbox 884 1523 986 1554; x_wconf 80' lang='lat' dir='ltr'>rabor.</span> <span class='ocrx_word' id='word_1_347' title='bbox 1031 1523 1082 1554; x_wconf 87' lang='lat' dir='ltr'>De</span> <span class='ocrx_word' id='word_1_348' title='bbox 1111 1525 1204 1554; x_wconf 82' lang='lat' dir='ltr'>nardi</span> <span class='ocrx_word' id='word_1_349' title='bbox 1231 1522 1358 1558; x_wconf 77' lang='lat' dir='ltr'>frutice,</span> <span class='ocrx_word' id='word_1_350' title='bbox 1385 1533 1403 1554; x_wconf 93' lang='lat' dir='ltr'>e</span> <span class='ocrx_word' id='word_1_351' title='bbox 1430 1522 1524 1564; x_wconf 87' lang='lat' dir='ltr'>cujus</span> <span class='ocrx_word' id='word_1_352' title='bbox 1552 1523 1636 1554; x_wconf 82' lang='lat' dir='ltr'>loliis</span> 
     </span>
     <span class='ocr_line' id='line_1_64' title="bbox 884 1565 1637 1608; baseline 0.003 -12"><span class='ocrx_word' id='word_1_353' title='bbox 884 1571 916 1596; x_wconf 90' lang='lat' dir='ltr'>et</span> <span class='ocrx_word' id='word_1_354' title='bbox 942 1566 1040 1608; x_wconf 85' lang='lat' dir='ltr'>spicis</span> <span class='ocrx_word' id='word_1_355' title='bbox 1066 1571 1263 1607; x_wconf 77' lang='lat' dir='ltr'>unguentum</span> <span class='ocrx_word' id='word_1_356' title='bbox 1294 1565 1541 1608; x_wconf 79' lang='lat' dir='ltr'>exprimebatur,</span> <span class='ocrx_word' id='word_1_357' title='bbox 1571 1565 1637 1598; x_wconf 87' lang='lat' dir='ltr'>vid.</span> 
     </span>
     <span class='ocr_line' id='line_1_65' title="bbox 886 1608 1635 1651; baseline 0.003 -12"><span class='ocrx_word' id='word_1_358' title='bbox 886 1608 973 1640; x_wconf 87' lang='lat' dir='ltr'>Pliu.</span> <span class='ocrx_word' id='word_1_359' title='bbox 997 1608 1052 1644; x_wconf 86' lang='lat' dir='ltr'>xii,</span> <span class='ocrx_word' id='word_1_360' title='bbox 1082 1611 1133 1644; x_wconf 78' lang='lat'>12,</span> <span class='ocrx_word' id='word_1_361' title='bbox 1161 1609 1231 1645; x_wconf 87' lang='lat' dir='ltr'>xiii,</span> <span class='ocrx_word' id='word_1_362' title='bbox 1258 1610 1291 1640; x_wconf 85' lang='lat'>2.</span> <span class='ocrx_word' id='word_1_363' title='bbox 1337 1609 1441 1640; x_wconf 88' lang='lat' dir='ltr'>Simili</span> <span class='ocrx_word' id='word_1_364' title='bbox 1468 1609 1532 1641; x_wconf 86' lang='lat' dir='ltr'>sere</span> <span class='ocrx_word' id='word_1_365' title='bbox 1558 1608 1635 1651; x_wconf 90' lang='lat' dir='ltr'>joco</span> 
     </span>
     <span class='ocr_line' id='line_1_66' title="bbox 884 1652 1639 1690; baseline 0.001 -8"><span class='ocrx_word' id='word_1_366' title='bbox 884 1652 1059 1683; x_wconf 77' lang='lat' dir='ltr'>Fabullum</span> <span class='ocrx_word' id='word_1_367' title='bbox 1074 1653 1114 1683; x_wconf 90' lang='lat' dir='ltr'>ad</span> <span class='ocrx_word' id='word_1_368' title='bbox 1131 1662 1258 1683; x_wconf 75' lang='lat' dir='ltr'>coenam</span> <span class='ocrx_word' id='word_1_369' title='bbox 1278 1658 1373 1683; x_wconf 84' lang='lat' dir='ltr'>vocat</span> <span class='ocrx_word' id='word_1_370' title='bbox 1394 1652 1545 1684; x_wconf 83' lang='lat' dir='ltr'>Catullus</span> <span class='ocrx_word' id='word_1_371' title='bbox 1569 1653 1639 1690; x_wconf 86' lang='lat' dir='ltr'>xiii,</span> 
     </span>
     <span class='ocr_line' id='line_1_67' title="bbox 884 1694 1636 1737; baseline 0.004 -13"><span class='ocrx_word' id='word_1_372' title='bbox 884 1695 925 1725; x_wconf 90' lang='lat' dir='ltr'>ab</span> <span class='ocrx_word' id='word_1_373' title='bbox 950 1696 1085 1726; x_wconf 84' lang='lat' dir='ltr'>Horatio</span> <span class='ocrx_word' id='word_1_374' title='bbox 1110 1700 1235 1726; x_wconf 88' lang='lat' dir='ltr'>tantum</span> <span class='ocrx_word' id='word_1_375' title='bbox 1259 1694 1444 1737; x_wconf 84' lang='lat' dir='ltr'>discrepans</span> <span class='ocrx_word' id='word_1_376' title='bbox 1470 1705 1520 1730; x_wconf 91' lang='lat' dir='ltr'>eo,</span> <span class='ocrx_word' id='word_1_377' title='bbox 1548 1696 1636 1737; x_wconf 91' lang='lat' dir='ltr'>quod</span> 
     </span>
     <span class='ocr_line' id='line_1_68' title="bbox 886 1737 1636 1779; baseline 0.001 -11"><span class='ocrx_word' id='word_1_378' title='bbox 886 1738 1068 1775; x_wconf 85' lang='lat' dir='ltr'>Fabullum,</span> <span class='ocrx_word' id='word_1_379' title='bbox 1084 1737 1239 1779; x_wconf 87' lang='lat' dir='ltr'>quidquid</span> <span class='ocrx_word' id='word_1_380' title='bbox 1255 1737 1296 1768; x_wconf 86' lang='lat' dir='ltr'>ad</span> <span class='ocrx_word' id='word_1_381' title='bbox 1317 1738 1433 1768; x_wconf 88' lang='lat' dir='ltr'>bonam</span> <span class='ocrx_word' id='word_1_382' title='bbox 1457 1743 1490 1768; x_wconf 88' lang='lat' dir='ltr'>et</span> <span class='ocrx_word' id='word_1_383' title='bbox 1513 1737 1636 1769; x_wconf 86' lang='lat' dir='ltr'>lautam</span> 
     </span>
     <span class='ocr_line' id='line_1_69' title="bbox 884 1780 1635 1829; baseline 0.001 -18"><span class='ocrx_word' id='word_1_384' title='bbox 884 1790 1013 1812; x_wconf 85' lang='lat' dir='ltr'>coenam</span> <span class='ocrx_word' id='word_1_385' title='bbox 1029 1782 1196 1829; x_wconf 75' lang='lat' dir='ltr'>pertine-it,</span> <span class='ocrx_word' id='word_1_386' title='bbox 1211 1791 1321 1812; x_wconf 86' lang='lat' dir='ltr'>secum</span> <span class='ocrx_word' id='word_1_387' title='bbox 1344 1781 1454 1812; x_wconf 85' lang='lat' dir='ltr'>afferre</span> <span class='ocrx_word' id='word_1_388' title='bbox 1472 1780 1576 1822; x_wconf 86' lang='lat' dir='ltr'>jubet,</span> <span class='ocrx_word' id='word_1_389' title='bbox 1601 1791 1635 1813; x_wconf 85' lang='lat' dir='ltr'>se</span> 
     </span>
     <span class='ocr_line' id='line_1_70' title="bbox 885 1823 1637 1866; baseline 0.003 -12"><span class='ocrx_word' id='word_1_390' title='bbox 885 1830 991 1855; x_wconf 87' lang='lat' dir='ltr'>autem</span> <span class='ocrx_word' id='word_1_391' title='bbox 1007 1824 1052 1854; x_wconf 84' lang='lat' dir='ltr'>nil</span> <span class='ocrx_word' id='word_1_392' title='bbox 1075 1834 1135 1854; x_wconf 84' lang='grc'>11151</span> <span class='ocrx_word' id='word_1_393' title='bbox 1152 1829 1350 1866; x_wconf 85' lang='lat' dir='ltr'>unguentum</span> <span class='ocrx_word' id='word_1_394' title='bbox 1374 1823 1545 1866; x_wconf 85' lang='lat' dir='ltr'>pretiosum</span> <span class='ocrx_word' id='word_1_395' title='bbox 1560 1824 1637 1856; x_wconf 84' lang='lat' dir='ltr'>dare</span> 
     </span>
     <span class='ocr_line' id='line_1_71' title="bbox 886 1867 1636 1909; baseline 0.001 -12"><span class='ocrx_word' id='word_1_396' title='bbox 886 1877 979 1909; x_wconf 84' lang='lat' dir='ltr'>posse</span> <span class='ocrx_word' id='word_1_397' title='bbox 995 1867 1050 1898; x_wconf 88' lang='lat' dir='ltr'>ait.</span> <span class='ocrx_word' id='word_1_398' title='bbox 1097 1867 1201 1898; x_wconf 65' lang='lat' dir='ltr'>Narda</span> <span class='ocrx_word' id='word_1_399' title='bbox 1224 1878 1339 1907; x_wconf 80' lang='lat' dir='ltr'>parvus</span> <span class='ocrx_word' id='word_1_400' title='bbox 1361 1878 1440 1908; x_wconf 72' lang='lat' dir='ltr'>onya:</span> <span class='ocrx_word' id='word_1_401' title='bbox 1463 1868 1562 1898; x_wconf 74' lang='lat' dir='ltr'>eliciet</span> <span class='ocrx_word' id='word_1_402' title='bbox 1584 1879 1636 1898; x_wconf 81' lang='lat' dir='ltr'>co-</span> 
     </span>
     <span class='ocr_line' id='line_1_72' title="bbox 885 1911 1635 1950; baseline 0 -9"><span class='ocrx_word' id='word_1_403' title='bbox 885 1912 970 1948; x_wconf 81' lang='lat' dir='ltr'>dum,</span> <span class='ocrx_word' id='word_1_404' title='bbox 997 1911 1059 1945; x_wconf 76' lang='lat' dir='ltr'>Qui</span> <span class='ocrx_word' id='word_1_405' title='bbox 1082 1922 1166 1941; x_wconf 80' lang='lat' dir='ltr'>nunc</span> <span class='ocrx_word' id='word_1_406' title='bbox 1189 1911 1335 1950; x_wconf 78' lang='lat' dir='ltr'>Sulpiciis</span> <span class='ocrx_word' id='word_1_407' title='bbox 1357 1911 1486 1941; x_wconf 74' lang='lat' dir='ltr'>accubat</span> <span class='ocrx_word' id='word_1_408' title='bbox 1509 1911 1635 1947; x_wconf 80' lang='lat' dir='ltr'>horreis,</span> 
     </span>
     <span class='ocr_line' id='line_1_73' title="bbox 887 1952 1635 2001; baseline 0.001 -18"><span class='ocrx_word' id='word_1_409' title='bbox 887 1952 920 1984; x_wconf 90' lang='lat' dir='ltr'>h.</span> <span class='ocrx_word' id='word_1_410' title='bbox 941 1964 971 1985; x_wconf 88' lang='lat' dir='ltr'>e.</span> <span class='ocrx_word' id='word_1_411' title='bbox 996 1953 1094 1984; x_wconf 88' lang='lat' dir='ltr'>allato</span> <span class='ocrx_word' id='word_1_412' title='bbox 1118 1953 1202 1984; x_wconf 91' lang='lat' dir='ltr'>euim</span> <span class='ocrx_word' id='word_1_413' title='bbox 1229 1963 1247 1984; x_wconf 90' lang='lat' dir='ltr'>a</span> <span class='ocrx_word' id='word_1_414' title='bbox 1274 1958 1304 1984; x_wconf 87' lang='lat' dir='ltr'>te</span> <span class='ocrx_word' id='word_1_415' title='bbox 1330 1953 1461 1984; x_wconf 85' lang='lat' dir='ltr'>vasculo</span> <span class='ocrx_word' id='word_1_416' title='bbox 1486 1963 1635 2001; x_wconf 77' lang='lat' dir='ltr'>unguen-</span> 
     </span>
     <span class='ocr_line' id='line_1_74' title="bbox 887 1995 1637 2038; baseline 0.003 -12"><span class='ocrx_word' id='word_1_417' title='bbox 887 1996 978 2033; x_wconf 82' lang='lat' dir='ltr'>tario,</span> <span class='ocrx_word' id='word_1_418' title='bbox 1003 1995 1094 2027; x_wconf 88' lang='lat' dir='ltr'>nardi</span> <span class='ocrx_word' id='word_1_419' title='bbox 1116 1996 1222 2038; x_wconf 86' lang='lat' dir='ltr'>pleno,</span> <span class='ocrx_word' id='word_1_420' title='bbox 1245 1995 1385 2027; x_wconf 85' lang='lat' dir='ltr'>vicissim</span> <span class='ocrx_word' id='word_1_421' title='bbox 1406 2006 1466 2037; x_wconf 88' lang='lat' dir='ltr'>ego</span> <span class='ocrx_word' id='word_1_422' title='bbox 1480 1996 1548 2028; x_wconf 83' lang='lat' dir='ltr'>vmi</span> <span class='ocrx_word' id='word_1_423' title='bbox 1571 1997 1637 2028; x_wconf 83' lang='lat' dir='ltr'>Ca-</span> 
     </span>
     <span class='ocr_line' id='line_1_75' title="bbox 885 2038 1638 2082; baseline 0.003 -13"><span class='ocrx_word' id='word_1_424' title='bbox 885 2038 951 2070; x_wconf 89' lang='lat' dir='ltr'>leni</span> <span class='ocrx_word' id='word_1_425' title='bbox 966 2039 1096 2075; x_wconf 89' lang='lat' dir='ltr'>cadum,</span> <span class='ocrx_word' id='word_1_426' title='bbox 1112 2049 1152 2070; x_wconf 86' lang='lat' dir='ltr'>ex</span> <span class='ocrx_word' id='word_1_427' title='bbox 1176 2038 1312 2082; x_wconf 86' lang='lat' dir='ltr'>Sulpicii</span> <span class='ocrx_word' id='word_1_428' title='bbox 1334 2039 1490 2082; x_wconf 84' lang='lat' dir='ltr'>apotheca</span> <span class='ocrx_word' id='word_1_429' title='bbox 1511 2039 1638 2071; x_wconf 88' lang='lat' dir='ltr'>vinaria</span> 
     </span>
     <span class='ocr_line' id='line_1_76' title="bbox 884 2081 1638 2131; baseline 0.004 -19"><span class='ocrx_word' id='word_1_430' title='bbox 884 2081 1097 2124; x_wconf 83' lang='lat' dir='ltr'>depromtum,</span> <span class='ocrx_word' id='word_1_431' title='bbox 1116 2082 1219 2114; x_wconf 85' lang='lat' dir='ltr'>afferri</span> <span class='ocrx_word' id='word_1_432' title='bbox 1232 2083 1368 2131; x_wconf 79' lang='lat' dir='ltr'>jubebo.</span> <span class='ocrx_word' id='word_1_433' title='bbox 1402 2083 1503 2123; x_wconf 75' lang='lat' dir='ltr'>Onyx,</span> <span class='ocrx_word' id='word_1_434' title='bbox 1521 2089 1584 2114; x_wconf 85' lang='lat' dir='ltr'>tarn</span> <span class='ocrx_word' id='word_1_435' title='bbox 1598 2083 1638 2115; x_wconf 93' lang='lat' dir='ltr'>de</span> 
     </span>
     <span class='ocr_line' id='line_1_77' title="bbox 885 2125 1638 2168; baseline 0.003 -12"><span class='ocrx_word' id='word_1_436' title='bbox 885 2135 1011 2166; x_wconf 85' lang='lat' dir='ltr'>gemma</span> <span class='ocrx_word' id='word_1_437' title='bbox 1049 2127 1138 2168; x_wconf 86' lang='lat' dir='ltr'>(quae</span> <span class='ocrx_word' id='word_1_438' title='bbox 1175 2126 1215 2158; x_wconf 90' lang='lat' dir='ltr'>ob</span> <span class='ocrx_word' id='word_1_439' title='bbox 1249 2125 1504 2161; x_wconf 87' lang='lat' dir='ltr'>similitudinem,</span> <span class='ocrx_word' id='word_1_440' title='bbox 1538 2137 1638 2168; x_wconf 89' lang='lat' dir='ltr'>quam</span> 
     </span>
     <span class='ocr_line' id='line_1_78' title="bbox 885 2168 1639 2211; baseline 0.001 -11"><span class='ocrx_word' id='word_1_441' title='bbox 885 2179 959 2200; x_wconf 89' lang='lat' dir='ltr'>cum</span> <span class='ocrx_word' id='word_1_442' title='bbox 984 2169 1154 2211; x_wconf 79' lang='lat' dir='ltr'>digitorum</span> <span class='ocrx_word' id='word_1_443' title='bbox 1182 2168 1346 2210; x_wconf 85' lang='lat' dir='ltr'>unguibus</span> <span class='ocrx_word' id='word_1_444' title='bbox 1376 2169 1485 2206; x_wconf 88' lang='lat' dir='ltr'>habet,</span> <span class='ocrx_word' id='word_1_445' title='bbox 1513 2169 1639 2202; x_wconf 79' lang='lat' dir='ltr'>Graecis</span> 
     </span>
     <span class='ocr_line' id='line_1_79' title="bbox 887 2211 1640 2262; baseline 0 -18"><span class='ocrx_word' id='word_1_446' title='bbox 887 2212 969 2248; x_wconf 81' lang='grc' dir='ltr'><strong><em>ὄνυξ</em></strong></span> <span class='ocrx_word' id='word_1_447' title='bbox 983 2218 1096 2244; x_wconf 88' lang='lat' dir='ltr'>vocata</span> <span class='ocrx_word' id='word_1_448' title='bbox 1112 2211 1191 2252; x_wconf 87' lang='lat' dir='ltr'>est),</span> <span class='ocrx_word' id='word_1_449' title='bbox 1213 2223 1311 2262; x_wconf 82' lang='lat' dir='ltr'>quam</span> <span class='ocrx_word' id='word_1_450' title='bbox 1332 2211 1372 2244; x_wconf 90' lang='lat' dir='ltr'>de</span> <span class='ocrx_word' id='word_1_451' title='bbox 1396 2222 1563 2248; x_wconf 85' lang='lat' dir='ltr'>marmore,</span> <span class='ocrx_word' id='word_1_452' title='bbox 1584 2223 1640 2244; x_wconf 88' lang='lat' dir='ltr'>ex-</span> 
     </span>
     <span class='ocr_line' id='line_1_80' title="bbox 888 2255 1642 2298; baseline 0.001 -12"><span class='ocrx_word' id='word_1_453' title='bbox 888 2261 1009 2287; x_wconf 89' lang='lat' dir='ltr'>ternam</span> <span class='ocrx_word' id='word_1_454' title='bbox 1042 2255 1179 2297; x_wconf 51' lang='lat' dir='ltr'>onychis</span> <span class='ocrx_word' id='word_1_455' title='bbox 1213 2255 1349 2298; x_wconf 87' lang='lat' dir='ltr'>speciem</span> <span class='ocrx_word' id='word_1_456' title='bbox 1382 2256 1546 2292; x_wconf 83' lang='lat' dir='ltr'>referente,</span> <span class='ocrx_word' id='word_1_457' title='bbox 1574 2256 1642 2288; x_wconf 89' lang='lat' dir='ltr'>sive</span> 
     </span>
     <span class='ocr_line' id='line_1_81' title="bbox 889 2298 1642 2335; baseline 0.001 -6"><span class='ocrx_word' id='word_1_458' title='bbox 889 2300 1079 2335; x_wconf 74' lang='lat' dir='ltr'>alabastrite,</span> <span class='ocrx_word' id='word_1_459' title='bbox 1115 2298 1244 2331; x_wconf 88' lang='lat' dir='ltr'>dicitur.</span> <span class='ocrx_word' id='word_1_460' title='bbox 1300 2299 1376 2331; x_wconf 83' lang='lat' dir='ltr'>Jam</span> <span class='ocrx_word' id='word_1_461' title='bbox 1406 2309 1480 2330; x_wconf 92' lang='lat' dir='ltr'>cum</span> <span class='ocrx_word' id='word_1_462' title='bbox 1509 2300 1642 2331; x_wconf 86' lang='lat' dir='ltr'>vascula</span> 
     </span>
     <span class='ocr_line' id='line_1_82' title="bbox 890 2341 1640 2384; baseline 0.001 -11"><span class='ocrx_word' id='word_1_463' title='bbox 890 2341 1103 2384; x_wconf 86' lang='lat' dir='ltr'>unguentaria</span> <span class='ocrx_word' id='word_1_464' title='bbox 1148 2342 1263 2374; x_wconf 90' lang='lat' dir='ltr'>rimum</span> <span class='ocrx_word' id='word_1_465' title='bbox 1292 2342 1420 2384; x_wconf 88' lang='lat' dir='ltr'>quidem</span> <span class='ocrx_word' id='word_1_466' title='bbox 1448 2352 1488 2373; x_wconf 85' lang='lat' dir='ltr'>ex</span> <span class='ocrx_word' id='word_1_467' title='bbox 1515 2344 1640 2384; x_wconf 82' lang='lat' dir='ltr'>onyche,</span> 
     </span>
     <span class='ocr_line' id='line_1_83' title="bbox 889 2385 1640 2427; baseline 0.001 -10"><span class='ocrx_word' id='word_1_468' title='bbox 889 2396 1028 2426; x_wconf 85' lang='lat' dir='ltr'>gemma,</span> <span class='ocrx_word' id='word_1_469' title='bbox 1045 2385 1160 2417; x_wconf 87' lang='lat' dir='ltr'>deine</span> <span class='ocrx_word' id='word_1_470' title='bbox 1144 2395 1215 2417; x_wconf 82' lang='lat' dir='ltr'>eex</span> <span class='ocrx_word' id='word_1_471' title='bbox 1237 2387 1363 2427; x_wconf 80' lang='lat' dir='ltr'>onyche,</span> <span class='ocrx_word' id='word_1_472' title='bbox 1379 2395 1547 2422; x_wconf 85' lang='lat' dir='ltr'>marmore,</span> <span class='ocrx_word' id='word_1_473' title='bbox 1563 2396 1640 2418; x_wconf 92' lang='lat' dir='ltr'>con-</span> 
     </span>
     <span class='ocr_line' id='line_1_84' title="bbox 889 2428 1642 2471; baseline 0.003 -12"><span class='ocrx_word' id='word_1_474' title='bbox 889 2429 1079 2467; x_wconf 84' lang='lat' dir='ltr'>ficerentur3</span> <span class='ocrx_word' id='word_1_475' title='bbox 1104 2429 1224 2460; x_wconf 85' lang='lat' dir='ltr'>factum</span> <span class='ocrx_word' id='word_1_476' title='bbox 1238 2436 1296 2465; x_wconf 80' lang='lat' dir='ltr'>est,</span> <span class='ocrx_word' id='word_1_477' title='bbox 1313 2435 1350 2461; x_wconf 91' lang='lat' dir='ltr'>ut</span> <span class='ocrx_word' id='word_1_478' title='bbox 1361 2428 1511 2471; x_wconf 90' lang='lat' dir='ltr'>quodque</span> <span class='ocrx_word' id='word_1_479' title='bbox 1527 2439 1642 2461; x_wconf 85' lang='lat' dir='ltr'>vascu-</span> 
     </span>
    </p>
   </div>
   <div class='ocr_carea' id='block_1_19' title="bbox 0 2538 227 3288">
    <p class='ocr_par' dir='ltr' id='par_1_20' title="bbox 0 2538 227 3288">
     <span class='ocr_line' id='line_1_85' title="bbox 0 2538 227 2708; baseline 0 -45"><span class='ocrx_word' id='word_1_480' title='bbox 0 2538 227 2708; x_wconf 95' lang='lat' dir='ltr'>      </span> 
     </span>
     <span class='ocr_line' id='line_1_86' title="bbox 0 2708 202 2837; baseline 0 -42"><span class='ocrx_word' id='word_1_481' title='bbox 0 2708 202 2837; x_wconf 95' lang='lat' dir='ltr'>    </span> 
     </span>
     <span class='ocr_line' id='line_1_87' title="bbox 0 2837 207 2996; baseline 0 -29"><span class='ocrx_word' id='word_1_482' title='bbox 0 2837 207 2996; x_wconf 95' lang='lat' dir='ltr'>   </span> 
     </span>
     <span class='ocr_line' id='line_1_88' title="bbox 0 2996 204 3288; baseline 0 0"><span class='ocrx_word' id='word_1_483' title='bbox 0 2996 204 3288; x_wconf 95' lang='lat' dir='ltr'>  </span> 
     </span>
    </p>
   </div>
   <div class='ocr_carea' id='block_1_20' title="bbox 61 2466 1653 3034">
    <p class='ocr_par' dir='ltr' id='par_1_21' title="bbox 61 2466 1643 2558">
     <span class='ocr_line' id='line_1_89' title="bbox 66 2466 1643 2520; baseline 0 -15"><span class='ocrx_word' id='word_1_484' title='bbox 66 2466 118 2514; x_wconf 14' lang='lat'>¹4:1⁴7</span> <span class='ocrx_word' id='word_1_485' title='bbox 137 2471 283 2505; x_wconf 68' lang='lat'>-13-24.</span> <span class='ocrx_word' id='word_1_486' title='bbox 305 2472 471 2503; x_wconf 65' lang='lat' dir='ltr'>Adduxere</span> <span class='ocrx_word' id='word_1_487' title='bbox 484 2473 565 2503; x_wconf 77' lang='lat' dir='ltr'>sitim</span> <span class='ocrx_word' id='word_1_488' title='bbox 582 2478 734 2520; x_wconf 63' lang='lat' dir='ltr'>tempora:</span> <span class='ocrx_word' id='word_1_489' title='bbox 758 2482 844 2504; x_wconf 90' lang='lat' dir='ltr'>nunc</span> <span class='ocrx_word' id='word_1_490' title='bbox 867 2471 958 2512; x_wconf 50' lang='lat' dir='ltr'>plum</span> <span class='ocrx_word' id='word_1_491' title='bbox 981 2472 1242 2514; x_wconf 83' lang='lat' dir='ltr'>unguentarium.</span> <span class='ocrx_word' id='word_1_492' title='bbox 1266 2472 1332 2504; x_wconf 85' lang='lat' dir='ltr'>sive</span> <span class='ocrx_word' id='word_1_493' title='bbox 1357 2483 1396 2504; x_wconf 86' lang='lat' dir='ltr'>ex</span> <span class='ocrx_word' id='word_1_494' title='bbox 1415 2483 1552 2514; x_wconf 88' lang='lat' dir='ltr'>gemma,</span> <span class='ocrx_word' id='word_1_495' title='bbox 1575 2474 1643 2505; x_wconf 87' lang='lat' dir='ltr'>sive</span> 
     </span>
     <span class='ocr_line' id='line_1_90' title="bbox 61 2513 1641 2558; baseline -0.001 -9"><span class='ocrx_word' id='word_1_496' title='bbox 61 2547 63 2551; x_wconf 72' lang='grc'>,</span> <span class='ocrx_word' id='word_1_497' title='bbox 80 2513 183 2553; x_wconf 39' lang='lat' dir='ltr'>ami</span> <span class='ocrx_word' id='word_1_498' title='bbox 190 2514 361 2548; x_wconf 69' lang='lat' dir='ltr'>amoenitas</span> <span class='ocrx_word' id='word_1_499' title='bbox 374 2519 406 2546; x_wconf 85' lang='lat' dir='ltr'>et</span> <span class='ocrx_word' id='word_1_500' title='bbox 421 2514 498 2546; x_wconf 88' lang='lat' dir='ltr'>solis</span> <span class='ocrx_word' id='word_1_501' title='bbox 519 2514 608 2547; x_wconf 86' lang='lat' dir='ltr'>calor</span> <span class='ocrx_word' id='word_1_502' title='bbox 631 2515 716 2546; x_wconf 89' lang='lat' dir='ltr'>sitim</span> <span class='ocrx_word' id='word_1_503' title='bbox 743 2515 844 2547; x_wconf 87' lang='lat' dir='ltr'>addu-</span> <span class='ocrx_word' id='word_1_504' title='bbox 889 2526 929 2546; x_wconf 85' lang='lat' dir='ltr'>ex</span> <span class='ocrx_word' id='word_1_505' title='bbox 954 2526 1120 2551; x_wconf 90' lang='lat' dir='ltr'>marmore,</span> <span class='ocrx_word' id='word_1_506' title='bbox 1148 2526 1214 2547; x_wconf 83' lang='lat' dir='ltr'>sive</span> <span class='ocrx_word' id='word_1_507' title='bbox 1237 2526 1276 2547; x_wconf 86' lang='lat' dir='ltr'>ex</span> <span class='ocrx_word' id='word_1_508' title='bbox 1299 2526 1494 2558; x_wconf 88' lang='lat' dir='ltr'>quocunque</span> <span class='ocrx_word' id='word_1_509' title='bbox 1510 2515 1573 2546; x_wconf 82' lang='lat' dir='ltr'>alio</span> <span class='ocrx_word' id='word_1_510' title='bbox 1594 2516 1641 2548; x_wconf 90' lang='lat' dir='ltr'>la·</span> 
     </span>
    </p>

    <p class='ocr_par' dir='ltr' id='par_1_22' title="bbox 32 2557 1645 2687">
     <span class='ocr_line' id='line_1_91' title="bbox 86 2557 1642 2606; baseline -0.001 -13"><span class='ocrx_word' id='word_1_511' title='bbox 86 2558 182 2596; x_wconf 43' lang='grc' dir='ltr'>ἢ..</span> <span class='ocrx_word' id='word_1_512' title='bbox 207 2557 244 2590; x_wconf 80' lang='grc'>11.</span> <span class='ocrx_word' id='word_1_513' title='bbox 266 2569 296 2591; x_wconf 88' lang='grc'>0.</span> <span class='ocrx_word' id='word_1_514' title='bbox 319 2557 449 2590; x_wconf 85' lang='lat' dir='ltr'>bibendi</span> <span class='ocrx_word' id='word_1_515' title='bbox 473 2557 681 2600; x_wconf 80' lang='lat' dir='ltr'>cupiditatem</span> <span class='ocrx_word' id='word_1_516' title='bbox 706 2558 846 2591; x_wconf 87' lang='lat' dir='ltr'>excitare</span> <span class='ocrx_word' id='word_1_517' title='bbox 890 2558 964 2601; x_wconf 89' lang='lat' dir='ltr'>pide</span> <span class='ocrx_word' id='word_1_518' title='bbox 988 2564 1190 2592; x_wconf 87' lang='lat' dir='ltr'>excavatum,</span> <span class='ocrx_word' id='word_1_519' title='bbox 1212 2570 1292 2600; x_wconf 73' lang='lat' dir='ltr'>onyx</span> <span class='ocrx_word' id='word_1_520' title='bbox 1314 2559 1548 2606; x_wconf 81' lang='lat' dir='ltr'>appellaretur:</span> <span class='ocrx_word' id='word_1_521' title='bbox 1577 2559 1642 2591; x_wconf 92' lang='lat' dir='ltr'>vid.</span> 
     </span>
     <span class='ocr_line' id='line_1_92' title="bbox 101 2601 1644 2645; baseline 0.003 -15.784"><span class='ocrx_word' id='word_1_522' title='bbox 101 2632 112 2636; x_wconf 59' lang='grc'><strong>-</strong></span> <span class='ocrx_word' id='word_1_523' title='bbox 255 2601 402 2634; x_wconf 74' lang='lat' dir='ltr'>Liberum</span> <span class='ocrx_word' id='word_1_524' title='bbox 427 2601 553 2632; x_wconf 79' lang='lat' dir='ltr'>Calibus</span> <span class='ocrx_word' id='word_1_525' title='bbox 573 2612 718 2641; x_wconf 78' lang='lat' dir='ltr'>pressum,</span> <span class='ocrx_word' id='word_1_526' title='bbox 736 2601 846 2633; x_wconf 87' lang='lat' dir='ltr'>vinum</span> <span class='ocrx_word' id='word_1_527' title='bbox 891 2602 1031 2644; x_wconf 85' lang='lat' dir='ltr'>Boettig.</span> <span class='ocrx_word' id='word_1_528' title='bbox 1075 2603 1226 2638; x_wconf 72' lang='lat' dir='ltr'>Accubai,</span> <span class='ocrx_word' id='word_1_529' title='bbox 1240 2608 1396 2638; x_wconf 84' lang='lat' dir='ltr'>servatur,</span> <span class='ocrx_word' id='word_1_530' title='bbox 1411 2602 1568 2645; x_wconf 86' lang='lat' dir='ltr'>repositus</span> <span class='ocrx_word' id='word_1_531' title='bbox 1583 2609 1644 2634; x_wconf 88' lang='lat' dir='ltr'>est.</span> 
     </span>
     <span class='ocr_line' id='line_1_93' title="bbox 119 2643 1645 2695; baseline 0 -19"><span class='ocrx_word' id='word_1_532' title='bbox 119 2658 124 2663; x_wconf 63' lang='grc'>·’</span> <span class='ocrx_word' id='word_1_533' title='bbox 149 2653 184 2671; x_wconf 55' lang='lat'>²³2</span> <span class='ocrx_word' id='word_1_534' title='bbox 227 2655 273 2681; x_wconf 81' lang='lat' dir='ltr'>m,</span> <span class='ocrx_word' id='word_1_535' title='bbox 298 2645 340 2676; x_wconf 72' lang='lat' dir='ltr'>nb</span> <span class='ocrx_word' id='word_1_536' title='bbox 365 2644 445 2676; x_wconf 82' lang='lat' dir='ltr'>urbe</span> <span class='ocrx_word' id='word_1_537' title='bbox 471 2645 559 2676; x_wconf 80' lang='lat' dir='ltr'>Cales</span> <span class='ocrx_word' id='word_1_538' title='bbox 585 2643 620 2676; x_wconf 85' lang='lat' dir='ltr'>in</span> <span class='ocrx_word' id='word_1_539' title='bbox 646 2645 844 2687; x_wconf 89' lang='lat' dir='ltr'>Campania:</span> <span class='ocrx_word' id='word_1_540' title='bbox 890 2645 1036 2695; x_wconf 80' lang='lat' dir='ltr'>Sulpiciis</span> <span class='ocrx_word' id='word_1_541' title='bbox 1068 2646 1194 2677; x_wconf 83' lang='lat' dir='ltr'>horreis.</span> <span class='ocrx_word' id='word_1_542' title='bbox 1242 2646 1396 2677; x_wconf 76' lang='lat' dir='ltr'>Horreum</span> <span class='ocrx_word' id='word_1_543' title='bbox 1422 2646 1462 2677; x_wconf 86' lang='lat' dir='ltr'>de</span> <span class='ocrx_word' id='word_1_544' title='bbox 1489 2645 1645 2687; x_wconf 87' lang='lat' dir='ltr'>apotheca</span> 
     </span>
    </p>

    <p class='ocr_par' dir='ltr' id='par_1_23' title="bbox 68 2657 1653 3034">
     <span class='ocr_line' id='line_1_94' title="bbox 92 2657 1644 2734; baseline 0 -15"><span class='ocrx_word' id='word_1_545' title='bbox 92 2687 174 2734; x_wconf 51' lang='lat' dir='ltr'><em>Q</em></span> <span class='ocrx_word' id='word_1_546' title='bbox 186 2686 211 2727; x_wconf 84' lang='lat' dir='ltr'>i,</span> <span class='ocrx_word' id='word_1_547' title='bbox 232 2688 288 2725; x_wconf 77' lang='lat'>20,</span> <span class='ocrx_word' id='word_1_548' title='bbox 309 2688 343 2724; x_wconf 87' lang='grc'>9,</span> <span class='ocrx_word' id='word_1_549' title='bbox 370 2687 437 2719; x_wconf 78' lang='lat' dir='ltr'>Uva</span> <span class='ocrx_word' id='word_1_550' title='bbox 466 2687 581 2719; x_wconf 80' lang='lat' dir='ltr'>Caleno</span> <span class='ocrx_word' id='word_1_551' title='bbox 602 2689 695 2729; x_wconf 80' lang='lat' dir='ltr'>praelo</span> <span class='ocrx_word' id='word_1_552' title='bbox 718 2690 846 2720; x_wconf 79' lang='lat' dir='ltr'>domita.</span> <span class='ocrx_word' id='word_1_553' title='bbox 891 2688 1025 2725; x_wconf 83' lang='lat' dir='ltr'>vinaria,</span> <span class='ocrx_word' id='word_1_554' title='bbox 1041 2694 1078 2720; x_wconf 87' lang='lat' dir='ltr'>ut</span> <span class='ocrx_word' id='word_1_555' title='bbox 1092 2699 1163 2731; x_wconf 87' lang='lat' dir='ltr'>sup.</span> <span class='ocrx_word' id='word_1_556' title='bbox 1181 2687 1228 2725; x_wconf 90' lang='lat' dir='ltr'>iii,</span> <span class='ocrx_word' id='word_1_557' title='bbox 1243 2690 1298 2726; x_wconf 83' lang='lat'>28,</span> <span class='ocrx_word' id='word_1_558' title='bbox 1317 2689 1349 2720; x_wconf 92' lang='lat'>7.</span> <span class='ocrx_word' id='word_1_559' title='bbox 1387 2657 1587 2731; x_wconf 85' lang='lat' dir='ltr'>Porphyrion</span> <span class='ocrx_word' id='word_1_560' title='bbox 1603 2689 1644 2720; x_wconf 90' lang='lat' dir='ltr'>ad</span> 
     </span>
     <span class='ocr_line' id='line_1_95' title="bbox 68 2729 1647 2774; baseline -0.001 -11"><span class='ocrx_word' id='word_1_561' title='bbox 68 2729 226 2770; x_wconf 48' lang='lat' dir='ltr'>{Dinon</span> <span class='ocrx_word' id='word_1_562' title='bbox 228 2730 373 2773; x_wconf 81' lang='lat' dir='ltr'>,largius</span> <span class='ocrx_word' id='word_1_563' title='bbox 386 2730 515 2762; x_wconf 86' lang='lat' dir='ltr'>bibere.</span> <span class='ocrx_word' id='word_1_564' title='bbox 538 2730 582 2762; x_wconf 85' lang='lat' dir='ltr'>cf.</span> <span class='ocrx_word' id='word_1_565' title='bbox 604 2741 676 2774; x_wconf 90' lang='lat' dir='ltr'>sup.</span> <span class='ocrx_word' id='word_1_566' title='bbox 695 2731 734 2762; x_wconf 85' lang='lat' dir='ltr'>ad</span> <span class='ocrx_word' id='word_1_567' title='bbox 758 2733 780 2768; x_wconf 91' lang='lat' dir='ltr'>i,</span> <span class='ocrx_word' id='word_1_568' title='bbox 800 2733 850 2768; x_wconf 83' lang='lat'>17,</span> <span class='ocrx_word' id='word_1_569' title='bbox 894 2731 927 2762; x_wconf 88' lang='lat' dir='ltr'>h.</span> <span class='ocrx_word' id='word_1_570' title='bbox 943 2731 966 2763; x_wconf 87' lang='grc'>1·.</span> <span class='ocrx_word' id='word_1_571' title='bbox 985 2733 1117 2772; x_wconf 73' lang='lat' dir='ltr'>Sulpicii</span> <span class='ocrx_word' id='word_1_572' title='bbox 1133 2733 1238 2764; x_wconf 77' lang='lat' dir='ltr'>Galbae</span> <span class='ocrx_word' id='word_1_573' title='bbox 1261 2733 1368 2764; x_wconf 75' lang='lat' dir='ltr'>hom-ea</span> <span class='ocrx_word' id='word_1_574' title='bbox 1389 2734 1480 2768; x_wconf 82' lang='lat' dir='ltr'>dicit,</span> <span class='ocrx_word' id='word_1_575' title='bbox 1503 2733 1647 2773; x_wconf 75' lang='lat' dir='ltr'>hodieque</span> 
     </span>
     <span class='ocr_line' id='line_1_96' title="bbox 78 2757 1646 2816; baseline 0 -10"><span class='ocrx_word' id='word_1_576' title='bbox 78 2760 147 2811; x_wconf 66' lang='lat'>‘22</span> <span class='ocrx_word' id='word_1_577' title='bbox 201 2757 356 2806; x_wconf 75' lang='lat' dir='ltr'>Juvenum</span> <span class='ocrx_word' id='word_1_578' title='bbox 381 2775 529 2805; x_wconf 78' lang='lat' dir='ltr'>nobilium</span> <span class='ocrx_word' id='word_1_579' title='bbox 555 2775 662 2810; x_wconf 75' lang='lat' dir='ltr'>cliens,</span> <span class='ocrx_word' id='word_1_580' title='bbox 688 2785 707 2805; x_wconf 94' lang='lat' dir='ltr'>o</span> <span class='ocrx_word' id='word_1_581' title='bbox 732 2779 766 2806; x_wconf 83' lang='lat' dir='ltr'>tu</span> <span class='ocrx_word' id='word_1_582' title='bbox 796 2775 853 2816; x_wconf 88' lang='lat' dir='ltr'>qui</span> <span class='ocrx_word' id='word_1_583' title='bbox 898 2774 1004 2806; x_wconf 77' lang='lat' dir='ltr'>Galbae</span> <span class='ocrx_word' id='word_1_584' title='bbox 1028 2777 1135 2806; x_wconf 73' lang='lat' dir='ltr'>hoii-ea</span> <span class='ocrx_word' id='word_1_585' title='bbox 1159 2777 1240 2813; x_wconf 72' lang='lat' dir='ltr'>vino,</span> <span class='ocrx_word' id='word_1_586' title='bbox 1263 2777 1337 2811; x_wconf 85' lang='lat' dir='ltr'>oleo,</span> <span class='ocrx_word' id='word_1_587' title='bbox 1354 2777 1559 2816; x_wconf 74' lang='lat' dir='ltr'>similibusque</span> <span class='ocrx_word' id='word_1_588' title='bbox 1575 2777 1646 2806; x_wconf 79' lang='lat' dir='ltr'>aliis</span> 
     </span>
     <span class='ocr_line' id='line_1_97' title="bbox 190 2816 1647 2865; baseline 0 -16"><span class='ocrx_word' id='word_1_589' title='bbox 190 2827 258 2849; x_wconf 79' lang='lat' dir='ltr'>nm</span> <span class='ocrx_word' id='word_1_590' title='bbox 280 2816 435 2848; x_wconf 85' lang='lat' dir='ltr'>nobilium</span> <span class='ocrx_word' id='word_1_591' title='bbox 459 2817 560 2859; x_wconf 84' lang='lat' dir='ltr'>gratia</span> <span class='ocrx_word' id='word_1_592' title='bbox 583 2827 621 2848; x_wconf 88' lang='grc'>30</span> <span class='ocrx_word' id='word_1_593' title='bbox 647 2817 752 2865; x_wconf 77' lang='lat' dir='ltr'>favore</span> <span class='ocrx_word' id='word_1_594' title='bbox 769 2818 852 2849; x_wconf 67' lang='grc'>11110-</span> <span class='ocrx_word' id='word_1_595' title='bbox 896 2818 1013 2861; x_wconf 74' lang='lat' dir='ltr'>referta</span> <span class='ocrx_word' id='word_1_596' title='bbox 1029 2825 1124 2855; x_wconf 79' lang='lat' dir='ltr'>sunt,</span> <span class='ocrx_word' id='word_1_597' title='bbox 1149 2818 1259 2850; x_wconf 89' lang='lat' dir='ltr'>vinum</span> <span class='ocrx_word' id='word_1_598' title='bbox 1277 2818 1374 2860; x_wconf 89' lang='lat' dir='ltr'>igitur</span> <span class='ocrx_word' id='word_1_599' title='bbox 1396 2819 1556 2850; x_wconf 88' lang='lat' dir='ltr'>Calenum</span> <span class='ocrx_word' id='word_1_600' title='bbox 1572 2829 1647 2850; x_wconf 88' lang='lat' dir='ltr'>ven-</span> 
     </span>
     <span class='ocr_line' id='line_1_98' title="bbox 181 2843 1650 2905; baseline -0.001 -13"><span class='ocrx_word' id='word_1_601' title='bbox 181 2857 246 2903; x_wconf 59' lang='lat' dir='ltr'>‘qui</span> <span class='ocrx_word' id='word_1_602' title='bbox 273 2859 435 2892; x_wconf 82' lang='lat' dir='ltr'>nobilibus</span> <span class='ocrx_word' id='word_1_603' title='bbox 456 2860 628 2902; x_wconf 85' lang='lat' dir='ltr'>juvenibus</span> <span class='ocrx_word' id='word_1_604' title='bbox 652 2870 687 2891; x_wconf 85' lang='lat' dir='ltr'>es</span> <span class='ocrx_word' id='word_1_605' title='bbox 714 2860 744 2892; x_wconf 89' lang='lat' dir='ltr'>iu</span> <span class='ocrx_word' id='word_1_606' title='bbox 773 2861 852 2892; x_wconf 86' lang='lat' dir='ltr'>deli·</span> <span class='ocrx_word' id='word_1_607' title='bbox 897 2860 1032 2893; x_wconf 87' lang='lat' dir='ltr'>debatur</span> <span class='ocrx_word' id='word_1_608' title='bbox 1066 2843 1150 2905; x_wconf 81' lang='lat' dir='ltr'>aptid</span> <span class='ocrx_word' id='word_1_609' title='bbox 1183 2861 1372 2904; x_wconf 85' lang='lat' dir='ltr'>Sulpicium.</span> <span class='ocrx_word' id='word_1_610' title='bbox 1433 2863 1505 2902; x_wconf 80' lang='lat' dir='ltr'>Spes</span> <span class='ocrx_word' id='word_1_611' title='bbox 1537 2863 1650 2892; x_wconf 81' lang='lat' dir='ltr'>donare</span> 
     </span>
     <span class='ocr_line' id='line_1_99' title="bbox 181 2903 1651 2954; baseline -0.001 -18"><span class='ocrx_word' id='word_1_612' title='bbox 181 2904 317 2946; x_wconf 57' lang='lat' dir='ltr'>eliens,</span> <span class='ocrx_word' id='word_1_613' title='bbox 335 2913 405 2942; x_wconf 83' lang='lat' dir='ltr'>nos,</span> <span class='ocrx_word' id='word_1_614' title='bbox 429 2903 617 2952; x_wconf 78' lang='lat' dir='ltr'>Gi&#39;mstling.</span> <span class='ocrx_word' id='word_1_615' title='bbox 650 2904 712 2935; x_wconf 87' lang='lat' dir='ltr'>Per</span> <span class='ocrx_word' id='word_1_616' title='bbox 725 2906 858 2944; x_wconf 79' lang='lat' dir='ltr'>juvenes</span> <span class='ocrx_word' id='word_1_617' title='bbox 901 2916 992 2936; x_wconf 76' lang='lat' dir='ltr'>notas</span> <span class='ocrx_word' id='word_1_618' title='bbox 1018 2905 1135 2948; x_wconf 77' lang='lat' dir='ltr'>largus,</span> <span class='ocrx_word' id='word_1_619' title='bbox 1164 2905 1278 2937; x_wconf 84' lang='lat' dir='ltr'>Graece</span> <span class='ocrx_word' id='word_1_620' title='bbox 1306 2916 1374 2954; x_wconf 68' lang='lat' dir='ltr'>pro,</span> <span class='ocrx_word' id='word_1_621' title='bbox 1407 2905 1515 2946; x_wconf 85' lang='lat' dir='ltr'>largus</span> <span class='ocrx_word' id='word_1_622' title='bbox 1546 2915 1651 2943; x_wconf 86' lang='lat' dir='ltr'>novae,</span> 
     </span>
     <span class='ocr_line' id='line_1_100' title="bbox 203 2928 1650 2991; baseline -0.001 -12"><span class='ocrx_word' id='word_1_623' title='bbox 203 2958 223 2985; x_wconf 58' lang='lat'>¹4</span> <span class='ocrx_word' id='word_1_624' title='bbox 239 2945 330 2979; x_wconf 76' lang='grc'>1131111</span> <span class='ocrx_word' id='word_1_625' title='bbox 352 2928 450 2979; x_wconf 79' lang='lat' dir='ltr'>dubie</span> <span class='ocrx_word' id='word_1_626' title='bbox 473 2946 580 2978; x_wconf 88' lang='lat' dir='ltr'>innuit</span> <span class='ocrx_word' id='word_1_627' title='bbox 603 2947 759 2984; x_wconf 84' lang='lat' dir='ltr'>Nerones,</span> <span class='ocrx_word' id='word_1_628' title='bbox 785 2947 857 2979; x_wconf 89' lang='lat' dir='ltr'>Au·</span> <span class='ocrx_word' id='word_1_629' title='bbox 902 2958 999 2989; x_wconf 82' lang='lat' dir='ltr'>quam</span> <span class='ocrx_word' id='word_1_630' title='bbox 1014 2947 1126 2984; x_wconf 82' lang='lat' dir='ltr'>donat,</span> <span class='ocrx_word' id='word_1_631' title='bbox 1143 2948 1230 2991; x_wconf 77' lang='lat' dir='ltr'>spei:</span> <span class='ocrx_word' id='word_1_632' title='bbox 1253 2959 1326 2990; x_wconf 87' lang='lat' dir='ltr'>sup.</span> <span class='ocrx_word' id='word_1_633' title='bbox 1337 2948 1449 2986; x_wconf 86' lang='lat' dir='ltr'>iu,21,</span> <span class='ocrx_word' id='word_1_634' title='bbox 1465 2949 1516 2984; x_wconf 88' lang='grc'>13,</span> <span class='ocrx_word' id='word_1_635' title='bbox 1528 2947 1566 2978; x_wconf 83' lang='grc'>(10</span> <span class='ocrx_word' id='word_1_636' title='bbox 1583 2957 1650 2978; x_wconf 89' lang='lat' dir='ltr'>am·</span> 
     </span>
     <span class='ocr_line' id='line_1_101' title="bbox 180 2989 1653 3034; baseline -0.001 -12"><span class='ocrx_word' id='word_1_637' title='bbox 180 2989 378 3032; x_wconf 54' lang='lat' dir='ltr'>Wgnos,</span> <span class='ocrx_word' id='word_1_638' title='bbox 388 2990 533 3022; x_wconf 86' lang='lat' dir='ltr'>Drusum</span> <span class='ocrx_word' id='word_1_639' title='bbox 549 2994 582 3023; x_wconf 83' lang='lat' dir='ltr'>et</span> <span class='ocrx_word' id='word_1_640' title='bbox 592 2989 776 3031; x_wconf 87' lang='lat' dir='ltr'>Tiberium,</span> <span class='ocrx_word' id='word_1_641' title='bbox 796 3001 860 3023; x_wconf 89' lang='lat' dir='ltr'>non</span> <span class='ocrx_word' id='word_1_642' title='bbox 904 2991 1015 3034; x_wconf 85' lang='lat' dir='ltr'>phora,</span> <span class='ocrx_word' id='word_1_643' title='bbox 1042 2992 1089 3023; x_wconf 87' lang='grc' dir='ltr'>Ίιι</span> <span class='ocrx_word' id='word_1_644' title='bbox 1112 3003 1192 3033; x_wconf 83' lang='lat' dir='ltr'>spem</span> <span class='ocrx_word' id='word_1_645' title='bbox 1215 2993 1336 3024; x_wconf 76' lang='lat' dir='ltr'>reducis</span> <span class='ocrx_word' id='word_1_646' title='bbox 1360 2993 1510 3022; x_wconf 79' lang='lat' dir='ltr'>mentibus</span> <span class='ocrx_word' id='word_1_647' title='bbox 1533 2991 1653 3027; x_wconf 63' lang='lat' dir='ltr'>linaiis,-</span> 
     </span>
    </p>
   </div>
  </div>
 </body>
</html>
