1904 3314
337 200 421 241 336

449 301 520 344 Ne
540 301 699 344 biberis
721 299 868 342 diluta.

874 198 1304 241 SATIRARUM

928 301 1050 342 Foris
1071 309 1137 342 est
1158 316 1344 356 promus,
1367 308 1409 341 et
1430 307 1567 342 atrum

449 368 700 410 Defendens
721 369 860 423 pisces
880 367 1037 408 hiemat
1059 383 1171 409 mare
1189 386 1198 419 3
1230 383 1326 409 cum
1347 367 1433 409 sale
1454 369 1576 422 panis

449 435 698 476 Lati-antem
719 435 980 476 stomachum
1000 435 1110 475 bene
1129 435 1272 476 leniet.

814 501 917 542 Non
939 501 980 541 in
1001 515 1100 542 caro
1121 501 1269 542 nidore
1290 501 1486 555 voluptas

448 501 539 548 Qui
557 502 755 556 partum?

361 568 418 609 20
448 567 633 617 Summa,
658 568 732 608 sed
754 568 796 607 in
817 575 858 608 te
879 567 972 620 ipso
995 573 1073 607 est.

1334 434 1461 475 Unde
1484 441 1621 489 putas,
1643 441 1718 476 aut

1134 566 1206 607 Tu
1227 566 1504 621 pulmentaria
1525 581 1668 621 quaere

447 635 653 676 Sudando
671 651 680 684 ;
712 634 912 688 pinguem
933 633 1042 674 vitiis
1063 632 1288 687 albumque
1311 648 1449 687 neque
1471 641 1613 674 ostrea

445 701 542 742 Nec
565 715 724 750 scarus,
747 707 820 740 aut
841 700 999 754 poterit
1021 701 1245 754 peregrina
1260 701 1411 754 juvare
1430 700 1578 754 lagois.

445 767 534 808 Vix
554 774 695 808 tamen
716 767 904 820 eripiam,
926 767 1066 820 posito
1087 781 1266 820 pavone,
1288 766 1390 808 velis
1412 767 1515 820 quin

448 833 546 874 Hoc
567 834 725 887 potius,
747 848 873 886 quam
893 832 1047 886 gallina
1067 841 1235 887 tergere
1254 832 1455 887 palatum,

360 901 415 941 25
447 900 689 954 Corruptus
711 900 827 940 vanis
849 914 991 940 rerum
1009 916 1017 949 3
1050 899 1150 953 quia
1169 906 1320 940 veneat
1342 914 1445 940 auro

353 826 356 829 ι
379 816 396 823 -n

329 1009 545 1051 gantissimus!
570 1010 645 1040 dum
668 1009 705 1045 is,
722 1020 813 1050 quem
834 1010 906 1052 pilae
924 1009 1061 1040 studium

329 1037 436 1092 agitat,
452 1057 515 1082 tam
533 1052 668 1082 suaviter
681 1051 761 1082 inter
776 1051 948 1082 ludendum
965 1051 1060 1081 affici-

327 1100 389 1129 tur,
403 1099 439 1124 ut
452 1104 490 1124 ne
504 1094 615 1125 sentiat
627 1093 751 1135 quidem
767 1094 934 1133 graviorem
950 1093 1061 1123 virium

327 1135 543 1166 intentionem.

374 1179 422 1209 13.
447 1178 603 1208 Cedentem
615 1187 697 1212 aera,
709 1177 784 1207 dum
799 1175 904 1206 discus
919 1185 990 1206 aera
1004 1186 1058 1217 pe-

325 1225 437 1254 netrat,
454 1229 506 1250 aer
519 1220 549 1250 ei
563 1218 656 1250 cedit.

367 1263 417 1292 14.
442 1261 615 1297 Extuderit,
630 1259 790 1291 tundendo
806 1258 944 1301 ejecerit,
961 1269 1058 1301 pepu-

320 1303 410 1342 lerit3
434 1303 488 1334 sed
515 1303 688 1338 Bentleius,
715 1303 791 1343 quia
818 1303 978 1332 extundme
1006 1312 1056 1335 ea,

319 1356 382 1386 qua
401 1356 484 1376 nunc
506 1346 640 1387 positum
660 1351 718 1379 est,
733 1344 958 1391 significatione
982 1343 1055 1373 alibi

322 1397 384 1418 non
407 1392 561 1423 occurrat,
581 1397 635 1434 pro
656 1388 805 1417 eatuderit
823 1385 909 1416 unici
930 1385 1056 1416 Codicis

321 1429 503 1460 auctoritate
526 1428 653 1470 recepit,
676 1429 843 1467 expulerim·
865 1438 934 1468 quae
953 1433 1056 1458 tamen

320 1471 413 1502 lectio
430 1477 512 1502 recte
526 1471 592 1512 jam
615 1470 683 1501 aliis
705 1469 915 1511 inteipretatio
934 1471 992 1500 τοῦ
1008 1481 1055 1500 ea:-

322 1515 438 1544 1uderit
454 1513 519 1543 visa
535 1518 590 1544 est.

369 1557 418 1589 15,
444 1556 494 1585 16.
540 1555 608 1585 Nisi
632 1555 788 1594 Hymettia
814 1554 903 1583 mella
928 1553 1056 1583 Falerno

324 1597 370 1627 Ne
385 1599 503 1632 biberis,
518 1597 589 1628 bibe
605 1602 671 1627 tum
687 1596 765 1626 nihil
786 1595 883 1629 aliud,
902 1594 961 1625 nisi
977 1597 1055 1625 mul-

322 1649 410 1675 snm‚·
435 1639 479 1669 sic
508 1638 589 1669 enim
617 1644 743 1668 vocatur
771 1643 863 1684 potus
888 1647 906 1668 e
931 1636 1002 1667 vino
1027 1642 1058 1668 et

322 1680 414 1711 melle
427 1680 554 1728 optimo
577 1679 758 1716 consectus;
781 1678 862 1709 sicut
884 1684 986 1709 autem
1013 1679 1055 1708 vi-

321 1732 407 1758 num,
426 1721 457 1752 in
474 1732 547 1762 agro
571 1721 703 1752 Falerno
721 1702 779 1752 su’b
795 1726 900 1752 monte
921 1720 1058 1752 Massico

322 1769 442 1799 natum,
465 1763 506 1794 ad
527 1763 599 1794 vina
620 1763 846 1810 praestantiora,
869 1763 913 1793 ita
935 1763 994 1793 mel
1019 1763 1058 1793 ab

322 1807 434 1847 apibus
459 1806 488 1836 in
513 1812 618 1837 monte
641 1806 787 1853 Hymetto
809 1815 840 1835 ιιι
861 1805 967 1836 Attica
991 1805 1056 1836 col-

322 1848 436 1879 lectum
454 1848 512 1890 (cf.
535 1859 607 1889 sup.
634 1847 696 1878 Od.
718 1847 751 1885 ii,
766 1848 797 1883 6,
817 1848 855 1877 14
859 1846 886 1886 ,)
904 1848 942 1877 ad
963 1847 1055 1877 mella

321 1890 439 1931 optima
474 1890 672 1921 referebatur.
717 1889 860 1920 Laudant
895 1890 933 1920 de
968 1890 1057 1919 mulsi

321 1932 516 1962 confectione
539 1932 682 1962 Macrob.
707 1933 774 1961 Sat.
794 1931 846 1966 vii,
864 1933 914 1964 12.
933 1942 963 1972 p.
983 1932 1056 1968 668,

321 1973 396 2004 edit.
413 1974 524 2008 Zeun„
540 1975 620 2003 unde
635 1980 675 2003 est
692 1974 770 2003 illud
782 1974 981 2012 proverbium,
997 1984 1053 2012 quo

317 2017 444 2054 pulones
481 2022 625 2050 utuntur,
665 2015 810 2051 Mulsum,
851 2016 926 2055 quod
966 2016 1054 2055 probe

322 2063 471 2097 temperffes
487 2059 667 2087 miscendum
687 2067 743 2086 esse
763 2067 834 2087 novo
855 2057 1008 2097 Hymettia
1027 2063 1054 2087 et

322 2101 421 2130 vetulo
439 2099 585 2129 Falerno:
610 2099 651 2130 cs.
665 2099 790 2130 Colum.
806 2098 839 2133 ii,
857 2101 909 2129 41.

371 2143 421 2172 17.
467 2142 636 2189 Defendens
660 2142 768 2179 pisces:
793 2150 864 2170 cum
888 2145 1054 2181 tempestas

321 2183 411 2214 saevit
426 2182 456 2213 in
473 2183 560 2220 mari,
575 2182 676 2230 pisces
691 2181 760 2223 capi
777 2187 954 2223 nequeunt;
977 2187 1053 2212 tern-

322 2230 426 2266 pestas
449 2224 544 2265 igitur
565 2224 665 2266 pisces
685 2223 824 2254 defendit
839 2224 878 2254 ab
896 2223 1054 2254 hominum

321 2267 453 2298 insidiis.
498 2267 618 2298 Hiemat
649 2264 846 2307 (χειμάζει),
872 2271 1053 2307 tempestate

323 2309 476 2351 agitatur-3
499 2309 543 2340 sic
560 2310 648 2339 hiems
665 2298 822 2350 (χειμὼν)
839 2313 1012 2349 tempestas.

368 2353 418 2389 18,
436 2352 485 2382 19.
518 2351 604 2381 Unde
625 2359 726 2390 putus,
747 2356 801 2380 unt
827 2350 889 2384 Qui
911 2351 1054 2389 partum?

322 2394 419 2434 (utv
438 2394 469 2429 7,
489 2393 552 2423 Cur
572 2391 661 2431 hoc?)
711 2392 813 2426 Unde,
831 2397 884 2422 aut
904 2402 966 2432 qua
985 2397 1052 2422 tan-

320 2436 391 2466 dem
414 2445 444 2465 re
467 2434 538 2472 alia,
561 2433 619 2465 nisi
642 2435 732 2470 fame,
757 2434 838 2464 hanc
863 2434 1054 2471 felicitatem,

320 2487 383 2518 qua
398 2477 486 2519 panis
500 2487 570 2507 cum
586 2476 649 2507 sale
664 2476 720 2506 tibi
737 2476 814 2507 bene
830 2476 921 2518 sapit,
936 2459 1054 2518 partaui

318 2529 383 2551 esse
398 2524 511 2561 putas
500 2520 512 2541 ‘⁹

367 2562 415 2592 19.
438 2561 477 2592 In
491 2572 559 2591 caro
574 2562 689 2596 nidore,
707 2561 738 2591 in
754 2559 843 2590 multi
860 2559 947 2601 pretii
964 2559 1052 2595 cibis,

318 2613 449 2653 quorum
466 2603 558 2634 odore
574 2613 662 2633 nares
677 2602 825 2644 cupedias
842 2601 1052 2649 appetentium

317 2647 510 2686 supinantur,
528 2651 562 2676 ut
580 2644 911 2686 loquiturNosterinf
933 2645 998 2674 Sat.
1019 2655 1050 2680 11,

358 2730 413 2760 20.
435 2729 501 2760 Tu·
493 2753 499 2759 .
524 2730 563 2760 de
578 2729 608 2759 vi
628 2728 817 2770 pronominis
833 2735 866 2758 tu
884 2727 916 2758 in
934 2728 1050 2758 formu-

316 2772 366 2807 lis,
387 2771 501 2813 quibus
524 2777 678 2813 praecepta
699 2772 822 2804 dantur,
846 2771 988 2812 exempla
1010 2770 1049 2801 ad

315 2813 400 2845 hunc
429 2813 532 2844 locum
561 2813 687 2853 collegit
718 2813 925 2843 lleindorfiuS.
972 2813 1048 2842 Pul-

317 2857 464 2886 memoria
480 2866 575 2896 quaere
597 2856 760 2886 Smlando:
783 2866 837 2902 pro
855 2854 987 2893 vulgari,
1004 2854 1048 2885 la-

314 2899 389 2928 bola
403 2903 435 2929 et
449 2899 536 2933 suda,
553 2903 586 2928 ut
600 2897 730 2934 esurias,
745 2896 878 2927 suaviter
901 2895 1046 2927 Horatius

313 2940 403 2976 dixit,
431 2939 572 2971 sudando
592 2950 696 2981 quaere
720 2938 950 2982 pulmentaria;
975 2948 1045 2968 nam

1104 1010 1156 1039 cui
1179 1010 1360 1040 stomachus⁴
1380 1015 1447 1051 post
1460 1010 1595 1041 laborem
1618 1009 1734 1041 bellum
1753 1008 1836 1040 indi-

1104 1051 1158 1086 cit,
1174 1052 1202 1082 ei
1221 1051 1292 1082 vilis
1313 1052 1402 1082 cibus
1421 1058 1469 1083 est
1490 1062 1544 1093 pro
1567 1051 1794 1093 pulmentariis,
1810 1051 1837 1082 is

1104 1103 1184 1140 pane
1207 1093 1290 1123 sicco
1306 1103 1394 1140 aeque
1415 1094 1588 1124 delectatur
1606 1103 1642 1124 ac
1659 1094 1836 1140 pulmenta-

1105 1134 1169 1170 riis,
1196 1141 1228 1165 et
1255 1134 1382 1176 proinde
1412 1145 1466 1176 per
1495 1135 1607 1165 samem
1636 1133 1748 1176 quaerit
1776 1132 1837 1166 sibi

1102 1176 1331 1216 quodammodo
1354 1176 1570 1218 pulmentaria.
1614 1177 1704 1213 Sunt,
1750 1176 1780 1208 ui
1803 1176 1836 1208 in

1103 1218 1161 1248 hoc
1185 1219 1253 1249 loco
1278 1219 1408 1249 Horatio
1428 1219 1620 1250 obversatum
1643 1228 1710 1250 esse
1753 1218 1837 1250 icant

1103 1261 1271 1295 Socratem,
1298 1260 1364 1302 qui,
1390 1271 1460 1291 cum
1489 1271 1586 1308 usque
1610 1259 1650 1291 ad
1677 1270 1835 1302 vesperam

1103 1304 1194 1341 (sunt
1209 1304 1300 1334 verba
1321 1302 1482 1334 Ciceronis
1506 1302 1538 1332 in
1555 1303 1676 1339 Quaest.
1693 1303 1786 1334 Tunc.
1802 1314 1833 1338 ν,

1100 1345 1158 1381 34)
1189 1345 1365 1376 contentius
1395 1344 1579 1380 ambularet,
1606 1344 1835 1386 quaesitumque

1098 1391 1180 1416 esset
1201 1397 1237 1417 ex
1259 1397 1306 1420 eo,
1323 1397 1417 1428 quare
1440 1386 1470 1417 id
1492 1386 1616 1422 faceret,
1633 1385 1833 1428 responderit,

1099 1438 1143 1464 se,
1164 1438 1227 1470 quo
1247 1428 1358 1459 melius
1380 1433 1530 1463 coenaret,
1550 1428 1702 1459 obsonare
1725 1428 1834 1459 ambu-

1100 1452 1192 1500 laiido
1207 1470 1331 1501 samem.
1366 1471 1574 1501 Patrne-nemin
1590 1469 1656 1500 sive
1668 1471 1835 1509 pulmenta,

1099 1511 1137 1542 de
1152 1512 1246 1542 variis
1264 1512 1353 1547 cibis,
1369 1512 1483 1553 quibus
1498 1511 1598 1552 prisca
1620 1516 1710 1542 aetate
1725 1517 1835 1553 praeter

1100 1553 1231 1595 pultem,
1247 1559 1276 1584 et
1298 1559 1400 1596 postea
1424 1559 1533 1595 praeter
1549 1563 1673 1594 panem,
1689 1553 1834 1584 frueban-

1101 1603 1150 1625 tur
1175 1595 1326 1632 homines,
1346 1601 1378 1626 et
1400 1594 1528 1643 proinde
1550 1595 1590 1626 de
1612 1595 1692 1626 cibis
1708 1605 1834 1638 quoque

1100 1637 1285 1668 lautioribus
1301 1643 1331 1668 et
1345 1637 1596 1679 jucundioribus.

1142 1681 1195 1715 21,
1207 1681 1260 1710 22.
1278 1680 1427 1720 Pinguem
1441 1681 1533 1713 vitiis,
1545 1679 1672 1710 obesum
1686 1679 1725 1710 ob
1738 1678 1832 1711 vitam

1101 1722 1238 1756 mollem,
1259 1721 1415 1762 ignavam
1433 1727 1464 1753 et
1487 1721 1696 1758 luxuriosam;
1718 1722 1833 1752 album.

1101 1775 1165 1804 qne,
1182 1763 1341 1795 hominum
1364 1764 1446 1796 enirn
1467 1762 1584 1794 lautius
1598 1768 1628 1794 et
1642 1763 1770 1795 mollius
1785 1764 1833 1794 vi·

1103 1806 1239 1836 ventium
1256 1806 1361 1836 vultus
1383 1805 1446 1837 albi
1461 1806 1522 1836 fere
1543 1805 1654 1836 coloris
1666 1815 1732 1837 esse
1746 1806 1832 1837 solet.

1100 1848 1184 1879 Hinc
1207 1847 1265 1878 inf.
1290 1859 1320 1879 v.
1343 1849 1395 1884 76,
1419 1849 1508 1884 tides,
1531 1853 1568 1878 ut
1588 1848 1723 1887 pallidus
1741 1850 1834 1880 omnis

1102 1891 1192 1920 Coena
1222 1892 1366 1931 desurgat
1394 1892 1496 1921 dubia.
1541 1890 1646 1921 Ostrea
1672 1890 1832 1931 (Auster),

1099 1932 1221 1963 duabus
1250 1915 1389 1974 syllabis,
1415 1938 1450 1963 ut
1479 1942 1549 1973 sup.
1577 1932 1643 1963 Sat.
1669 1933 1692 1969 i,
1718 1933 1749 1968 8,
1777 1933 1830 1968 45,

1095 1985 1189 2010 cer-,ea
1207 1974 1489 2016 pronunciandum.
1525 1973 1655 2004 Scarus:
1681 1973 1743 2004 vid.
1758 1983 1830 2016 sup.

1097 2016 1135 2046 ad
1152 2017 1252 2058 Epod.
1267 2017 1298 2053 2,
1315 2017 1366 2047 50.
1413 2017 1576 2058 Peregrina
1592 2017 1703 2056 lagois:
1725 2015 1831 2048 Schol.

1099 2059 1215 2099 Porpli.
1234 2061 1297 2089 atis
1318 2059 1443 2098 leporini
1466 2059 1594 2095 calm-is,-
1618 2057 1726 2089 Schol.
1742 2058 1831 2096 Aer„

1101 2100 1208 2141 Lagois
1223 2103 1297 2135 avis,
1315 2112 1377 2140 qua:
1391 2111 1508 2131 emnem
1524 2102 1630 2150 leporis
1645 2101 1749 2130 habene
1762 2111 1830 2140 per-

1097 2143 1226 2172 hibetur.
1262 2143 1325 2172 Aut
1340 2149 1381 2175 est
1393 2153 1488 2184 genus
1501 2144 1599 2182 piscis,
1614 2143 1718 2183 quod
1707 2153 1737 2172 ιιι
1754 2144 1833 2173 mari

1099 2184 1178 2214 Italo
1199 2195 1255 2213 non
1274 2186 1438 2215 invenitur.
1483 2185 1535 2215 De
1559 2184 1654 2226 pisce,
1671 2184 1724 2225 qui
1747 2184 1830 2226 apud

1099 2235 1155 2255 nos
1177 2225 1291 2256 dicitur
1314 2226 1661 2266 Seehase,Cyclop1erus
1687 2226 1829 2266 Lampus,

1097 2266 1188 2298 Linn.
1211 2267 1262 2297 vix
1293 2267 1422 2307 cogitari
1448 2273 1559 2309 potest,
1581 2267 1654 2309 quia
1678 2277 1717 2298 ne
1738 2277 1829 2300 escu-

1096 2309 1180 2339 lenta
1196 2308 1321 2350 quidem
1336 2315 1382 2340 est
1397 2309 1465 2351 ejus
1479 2319 1561 2340 caro.

1138 2352 1179 2381 23
1195 2361 1265 2392 sqq.
1299 2351 1353 2381 Vix
1370 2359 1464 2382 tamen
1481 2353 1619 2392 eripiam,
1635 2356 1718 2387 cett„
1735 2351 1830 2382 nihil-

1096 2393 1221 2423 ominus
1243 2399 1358 2429 tamen,
1382 2394 1407 2424 si
1431 2403 1509 2434 pavo
1530 2403 1595 2424 una
1617 2402 1688 2424 cum
1711 2393 1831 2434 gallina

1098 2435 1129 2464 iu
1147 2444 1252 2465 mensa
1267 2435 1427 2476 appositus
1442 2435 1492 2472 sit,
1506 2434 1557 2465 vix
1569 2440 1600 2466 te
1614 2434 1738 2466 retineri
1750 2436 1830 2483 pati·

1097 2477 1167 2513 eris,
1188 2477 1264 2517 quin
1291 2477 1420 2518 pavonis
1446 2477 1561 2519 potius,
1584 2486 1678 2525 quarn
1705 2476 1829 2518 gallinas

1094 2529 1187 2549 carne
1207 2519 1342 2559 palatum
1365 2519 1553 2562 permulcere
1575 2518 1695 2561 cupias,
1715 2519 1828 2562 decep-

1094 2566 1143 2608 tus
1168 2561 1289 2592 scilicet
1304 2571 1382 2592 vana
1405 2561 1444 2592 ob
1460 2567 1617 2593 externam
1633 2571 1733 2592 rerum
1757 2572 1827 2603 spe-

1095 2602 1172 2633 ciem
1186 2603 1342 2644 opinione,
1354 2603 1429 2645 quia
1442 2613 1510 2634 rara
1524 2602 1593 2634 avis
1603 2613 1716 2644 magno
1732 2604 1830 2646 pretio

1094 2651 1214 2681 teneat,
1238 2651 1268 2676 et
1290 2645 1365 2686 quia
1390 2655 1480 2687 pavo.
1502 2655 1575 2676 cum
1600 2645 1731 2676 caudam
1755 2646 1825 2694 pul-

1094 2687 1253 2718 cherrimis
1274 2687 1428 2718 coloribus
1447 2687 1625 2718 distinctam
1641 2686 1762 2728 pandit,
1773 2688 1826 2729 ju-

1095 2730 1233 2760 cundum
1251 2730 1465 2777 spectaculum
1477 2729 1622 2771 praebeat.
1660 2729 1716 2759 Vix
1730 2735 1827 2760 tamen

1090 2773 1213 2811 eripiam
1235 2777 1310 2802 cett.
1330 2771 1398 2802 scil.
1413 2770 1480 2807 tibi,
1496 2771 1527 2802 h.
1542 2780 1570 2801 e.
1591 2781 1629 2801 ex
1651 2770 1755 2802 animo
1772 2777 1826 2802 tuo

1091 2814 1222 2844 evellam
1244 2823 1352 2844 vanam
1375 2813 1462 2844 illam
1481 2812 1670 2860 opinionem,
1686 2822 1748 2860 qua
1769 2823 1823 2855 pa-

1092 2855 1180 2886 vonis
1195 2853 1286 2897 (quia
1303 2855 1399 2886 carior
1412 2860 1467 2889 est,
1479 2860 1511 2886 et
1526 2853 1754 2902 pulchrioribus
1769 2865 1822 2885 co-

1090 2897 1207 2928 loribus
1230 2896 1417 2945 distinctus)
1441 2906 1562 2927 carnem
1589 2895 1714 2937 gallinae
1737 2897 1822 2928 carni

1091 2940 1314 2980 praeferendam
1329 2938 1498 2970 existimas.
