1904 3314
43 2796 66 2841 ᾗ
95 2800 305 2841 petentium
327 2797 383 2828 alii
410 2807 541 2829 scurrae.

664 191 888 239 LIBER
921 195 980 247 ΙΙ,
1011 196 1052 238 ’7.

1544 195 1632 237 419

201 299 337 348 Quod
358 314 571 356 nusquam
591 299 670 342 tibi
691 300 748 342 sit
767 300 1021 355 potandum.
1083 299 1113 341 J
1117 300 1275 342 usserit
1296 301 1352 342 ad
1374 315 1419 343 se

202 368 424 411 Maecenas
447 382 590 410 serum
611 368 693 409 sub
713 366 875 408 lumina
895 368 1036 422 prima
1056 368 1204 410 venire

202 435 460 478 Convivam:
483 435 669 477 Nemon’
690 434 831 477 oleum
853 434 938 476 fert
960 435 1079 476 ocius
1097 437 1114 477 2
1144 437 1294 491 ecquis

113 503 172 545 35
203 502 370 546 Audit?
402 518 499 546 cum
519 518 676 558 magno
697 502 886 544 blateras
907 501 1109 552 clamore,
1132 502 1341 558 furisque.

201 571 411 618 Mulvius,
434 578 478 613 et
499 585 676 620 scurrae,
697 571 777 612 tibi
797 585 881 612 non
904 570 1135 612 referenda
1150 572 1332 625 precati,

202 639 464 694 Discedunt.

527 638 718 688 Etenim,
741 638 881 680 fateor
901 653 983 688 me,
1007 638 1170 679 dixerit
1190 637 1276 688 ille,

202 707 321 749 Duci
340 713 491 748 ventre
511 705 675 757 levem;
708 721 860 748 nasum
882 706 1034 748 nidore
1057 707 1260 761 supinor:

202 774 466 826 Imbecillus,
488 775 620 826 iners,
642 775 678 816 si
699 774 806 829 quid
827 774 905 824 vis,
927 774 1057 824 adde,
1079 770 1256 830 popino.

114 843 173 884 40
201 842 290 894 Tu,
315 858 448 898 quum
471 843 543 893 sis,
566 843 686 897 quod
708 857 806 897 ego,
828 849 872 883 et
894 841 1091 883 fortassis
1114 842 1311 897 nequior,
1334 841 1449 884 ultro

201 910 438 961 Insectere,
459 910 578 952 velut
597 910 778 969 melior?
810 910 1044 965 verbisque
1066 910 1237 952 decoris

201 979 424 1022 Obvolvas
445 979 592 1020 vitium
611 981 628 1021 ἲ
659 974 795 1029 Quid,
820 979 856 1020 si
877 994 944 1020 me
966 978 1138 1020 stultior
1159 979 1255 1034 ipso

202 1047 466 1103 Quingentis
487 1054 603 1089 emto
621 1047 840 1089 drachmis
862 1047 1147 1102 deprenderis
1164 1049 1180 1088 2
1212 1046 1357 1089 Aufer

202 1115 281 1157 Me
303 1114 425 1157 vultu
446 1123 609 1157 terrere
627 1133 636 1166 ;
668 1130 856 1166 manum,
881 1114 1239 1170 stomachumque
1261 1122 1435 1166 tenet03

115 1184 175 1226 45
203 1183 338 1234 Dum,
360 1199 459 1238 quae
481 1183 671 1239 Crispini
692 1184 842 1225 docuit
862 1198 930 1225 me
946 1184 1124 1238 janitor,
1147 1184 1246 1225 edo.

202 1251 272 1294 Te
293 1257 453 1308 conjux
475 1251 614 1293 aliena
634 1252 777 1307 capit3
810 1252 1084 1293 meretricula
1107 1253 1279 1294 Davum
1297 1269 1306 1293 ε

202 1319 366 1362 Peccat
386 1327 486 1362 uter
506 1319 705 1362 nostrum
726 1334 855 1362 cruce
878 1320 1052 1375 dignius
1070 1322 1086 1362 ἲ
1117 1319 1247 1362 Acris
1268 1321 1343 1363 ubi
1366 1335 1433 1362 me

201 1387 377 1431 Natura
395 1388 601 1438 incendit,
625 1389 707 1430 sub
728 1387 844 1429 clara
864 1389 982 1430 nuda
1002 1387 1180 1430 lucerna

203 1456 505 1512 Quaecumque
526 1457 702 1512 excepit
722 1455 937 1511 turgentis
958 1457 1140 1498 verbera
1162 1457 1328 1506 caudae,

131 1593 274 1625 32-42.
295 1591 427 1624 Jusserit
451 1594 491 1624 ad
517 1604 547 1624 se
572 1593 731 1629 Maenas,
756 1597 832 1624 cett.

88 1637 204 1669 Nexus
218 1641 251 1668 et
268 1646 399 1668 sensus:
426 1635 488 1667 Sed
509 1635 592 1672 vide,
608 1646 703 1678 quam
725 1646 835 1676 parum

86 1679 147 1711 tibi
172 1679 206 1711 in
234 1679 294 1711 hac
319 1689 447 1721 quoque
474 1689 506 1710 re
530 1679 675 1711 constes!
711 1678 836 1716 Quodsi

87 1722 173 1755 enim
187 1723 354 1754 Maecenas
367 1727 398 1754 te
413 1722 498 1764 apud
510 1732 544 1754 se
554 1731 681 1754 coenare
694 1721 835 1763 jusserit,

88 1765 155 1798 alta
175 1766 284 1798 statim
305 1774 382 1796 voce
401 1775 507 1796 servos
525 1775 690 1802 convocas,
709 1775 758 1796 res
781 1775 835 1795 ne-

87 1808 241 1841 cessarias
265 1807 369 1840 afferri
389 1808 498 1851 jubeS,
521 1813 554 1840 et
575 1808 670 1840 celeri
694 1808 775 1849 pede
798 1807 838 1838 ad

89 1862 218 1884 coenam
234 1861 291 1894 pro
334 1861 395 1882 ras.
439 1851 478 1883 Id
495 1861 568 1882 cum
586 1851 693 1882 vident
708 1860 836 1886 scurrae,

89 1905 176 1927 nunc
194 1905 214 1926 a.
230 1901 261 1926 te
304 1894 443 1926 iscedere
458 1893 553 1936 jussi,
571 1899 614 1929 te,
634 1894 710 1925 licet
726 1893 838 1924 vitium

88 1937 212 1970 decoris
227 1938 332 1969 verbis
347 1942 446 1978 tegas,
464 1942 500 1968 ut
521 1937 680 1969 hominem
698 1937 840 1979 nequitia

88 1980 153 2012 sibi
179 1980 266 2012 haud
296 1979 605 2023 cedentem-rident
631 1986 840 2022 carpuntque.

90 2025 197 2056 Serum
212 2025 379 2059 convivam,
393 2022 451 2065 qui
465 2033 546 2058 sero,
564 2023 596 2055 h.
618 2034 646 2055 e.
660 2023 838 2065 vespertino

90 2072 230 2110 tempore
243 2066 350 2106 venit3
374 2074 411 2097 ut
432 2070 618 2107 vespertinus
638 2068 750 2106 hospes,
771 2067 838 2097 Sat.

90 2109 126 2148 ii,
141 2112 174 2147 4,
194 2110 245 2141 17.
283 2110 344 2141 Sub
357 2110 475 2140 lumina
487 2111 599 2150 prima,
612 2115 648 2141 ut
662 2109 721 2140 inf.
736 2109 838 2151 Epist.

89 2152 125 2192 ii,
140 2154 174 2191 2,
190 2154 246 2190 98,
261 2154 301 2184 ad
312 2154 413 2193 prima
429 2154 560 2190 lumina,
574 2153 614 2184 de
630 2151 738 2195 primis
750 2158 837 2184 teue-

89 2195 168 2232 bris,
191 2196 247 2228 ubi
264 2195 388 2227 lumina
408 2195 440 2227 in
461 2196 609 2227 domibus
632 2194 764 2227 accendi
786 2205 838 2226 so-

90 2238 172 2271 lent.

133 2283 190 2314 34.
215 2281 335 2319 Oleum,
353 2281 493 2313 lucerna.
511 2281 644 2318 scilicet,
666 2291 738 2323 quae
758 2287 837 2313 tem-

92 2335 168 2367 pore
184 2324 284 2357 noctis
298 2324 450 2357 euntibus
468 2324 550 2356 viam
570 2324 714 2362 illustret,
729 2324 838 2356 insun-

91 2367 246 2401 denudum.

133 2411 191 2443 35.
213 2410 367 2442 Blatems.
411 2409 575 2442 Blaterare
592 2410 632 2442 de
653 2409 693 2441 iis
714 2410 770 2453 qui
791 2410 839 2442 in-

91 2453 223 2486 condita.
249 2454 346 2485 verba
359 2455 502 2495 jaciunt,
532 2454 627 2484 modo
657 2454 716 2485 hoc
747 2455 841 2485 modo

92 2495 174 2528 illud
186 2496 252 2530 fieri
263 2496 392 2538 jubent,
405 2502 442 2527 ut
455 2497 558 2528 solent
574 2497 639 2529 heri
655 2496 842 2529 festinanter

92 2550 114 2572 e
126 2540 222 2572 domo
237 2539 364 2572 abituri.
409 2539 630 2581 Pro-furisque
645 2539 679 2570 in
699 2540 844 2582 pluribus

94 2581 198 2616 codd.
209 2582 362 2626 fug-isque
374 2593 386 2620 ,·
411 2582 467 2614 sed
490 2581 523 2612 in
547 2581 682 2614 lectione
694 2583 846 2624 furisque

93 2625 200 2669 iunge
218 2625 358 2657 hominis
377 2635 442 2668 prae
461 2624 662 2656 festinatione
684 2625 746 2656 huc
766 2626 845 2658 illuc

92 2667 300 2702 discurrentis
320 2674 353 2700 et
381 2667 606 2700 tumultuantis
628 2667 765 2700 vividius
790 2679 844 2700 ex-

93 2720 201 2755 pressa
215 2717 275 2744 est.

138 2755 193 2787 36.
238 2755 391 2790 Mulvius,
422 2762 452 2786 et
481 2765 606 2788 scurrae,
640 2754 786 2786 Mulvius
816 2759 848 2787 et

591 2797 659 2828 Tibi
682 2809 741 2828 non
764 2798 846 2839 refe-

64 2856 66 2859 v
96 2842 194 2873 mdo
211 2842 341 2882 precati,
355 2850 485 2877 scurrae,
502 2839 587 2883 quia,
607 2839 788 2872 discedente
809 2841 849 2872 ad

53 2886 61 2915 ζ.
96 2880 310 2916 Buteonem
345 2883 492 2919 Horatio,
525 2883 597 2926 ipsi,
631 2894 715 2914 nunc
750 2893 845 2914 coena

45 2930 63 2962 ἶ·’,
97 2925 184 2970 quud
204 2937 278 2959 eum
299 2925 415 2962 delusi,
435 2925 596 2958 discedere
618 2925 788 2962 debebant,
806 2926 846 2958 de

97 2967 160 3001 hac
174 2978 209 3002 n
226 2968 430 3011 indignantes
445 2969 598 3001 conviciis
614 2969 844 3012 persequeban-

98 3015 152 3043 tm·
171 3012 350 3049 Horatium,
374 3022 437 3044 non
461 3011 586 3054 quidem
610 3012 714 3054 palam
737 3017 769 3043 et
791 3023 844 3044 co·
898 3057 918 3087 2

831 3067 851 3086 E
866 3066 883 3088 e

881 1602 947 1623 ram
970 1592 1051 1635 ipso,
1076 1592 1131 1625 sed
1155 1592 1238 1624 clam
1263 1598 1295 1625 et
1316 1591 1399 1625 inter
1421 1603 1476 1634 se;
1500 1599 1532 1625 et
1554 1593 1629 1626 hinc

879 1647 941 1667 non
971 1636 1132 1678 referenda
1164 1638 1248 1678 (non
1283 1636 1442 1668 audienda
1477 1637 1629 1679 Horatio)

876 1682 994 1719 precati
1011 1678 1212 1721 (imprecati)
1227 1679 1390 1711 dicuntur.

923 1723 977 1758 37,
1002 1724 1056 1753 38.
1082 1723 1360 1754 Etenim—dixerit
1383 1724 1456 1754 ille:
1484 1722 1552 1765 jam
1580 1734 1630 1756 se·

881 1771 1023 1806 quuntur
1040 1765 1132 1796 verba
1154 1764 1211 1796 illa
1234 1777 1292 1796 non
1314 1765 1490 1808 referenda,
1514 1766 1631 1808 quibus

881 1818 997 1839 scurrae
1014 1814 1176 1839 coenatum
1193 1814 1321 1839 euntem
1339 1808 1510 1840 Horatium
1526 1810 1630 1842 insec-

882 1850 939 1881 tati
954 1850 1115 1882 dicuntur.
1162 1852 1283 1883 Dixerit
1302 1853 1365 1888 ille,
1379 1851 1471 1883 illum
1489 1853 1632 1894 (Mulvi-

882 1891 956 1934 um)
972 1894 1022 1925 his
1037 1894 1100 1926 fere
1120 1894 1222 1926 verbis
1241 1905 1332 1925 usum
1351 1905 1422 1927 esse
1443 1901 1540 1937 puta:
1569 1896 1632 1927 Fa-

884 1942 951 1967 teor
964 1947 1014 1968 me
1029 1947 1098 1969 esse
1110 1948 1250 1968 scurram
1266 1943 1298 1969 et
1312 1938 1473 1969 hominem
1488 1938 1631 1975 inertem,

884 1979 940 2021 qui
965 1979 1077 2011 humili
1100 1986 1167 2012 arte
1190 1980 1324 2012 aliorum
1352 1991 1464 2013 coeuas
1486 1981 1631 2030 appetit;

882 2022 937 2054 sed
966 2027 1012 2058 tu,
1037 2023 1163 2058 Horati,
1182 2023 1238 2066 qui
1261 2029 1414 2065 tanquam
1443 2024 1556 2056 melior
1582 2035 1632 2056 me

883 2071 998 2097 tractas
1026 2065 1228 2102 insolentius,
1255 2066 1339 2098 idem
1369 2067 1456 2115 quod
1480 2077 1552 2109 ego,
1577 2070 1632 2100 sed

884 2109 944 2140 sub
974 2109 1081 2152 specie
1109 2109 1300 2147 honestiore,
1329 2110 1419 2148 facis,
1444 2116 1478 2142 et
1503 2111 1634 2144 sortasse

883 2162 934 2183 me
962 2163 996 2184 es
1027 2151 1170 2194 nequior.
1215 2154 1268 2184 Me
1296 2154 1378 2184 Daci
1400 2161 1504 2185 ventre
1529 2155 1632 2191 levem,

883 2205 934 2226 me
964 2205 1034 2227 esse
1061 2195 1222 2227 hominem
1247 2196 1360 2234 levem,
1385 2196 1442 2238 qui
1466 2202 1575 2229 ventre
1598 2209 1632 2230 se

882 2237 957 2269 duci
972 2238 1091 2281 patitur
1106 2239 1145 2270 ad
1160 2238 1312 2271 humilem
1327 2246 1438 2275 artem,
1450 2250 1515 2281 qua
1527 2251 1636 2273 scurra

882 2291 942 2322 ego
971 2282 1090 2313 mensis
1118 2281 1267 2313 ditiorum
1299 2282 1461 2315 adbibear.
1517 2284 1635 2316 Ναειιηι

883 2326 989 2356 nidore
1010 2328 1147 2366 supinor,
1173 2326 1287 2357 Graece
1312 2337 1380 2369 pro,
1404 2336 1504 2358 nasus
1526 2327 1635 2360 nidore

886 2367 1059 2410 (nidorem,
1083 2369 1114 2400 h.
1137 2378 1165 2399 e.
1190 2379 1321 2400 suavem
1341 2369 1485 2401 ciborum
1509 2371 1635 2402 odorem

885 2411 1063 2452 captando)
1080 2411 1259 2454 supinatur,
1275 2423 1399 2443 sursum
1416 2413 1562 2445 trahitur.

929 2455 985 2486 39.
1008 2455 1042 2485 Si
1062 2457 1135 2496 quid
1151 2458 1208 2491 vis,
1225 2457 1314 2492 adde,
1332 2461 1421 2498 potes
1436 2467 1564 2498 quoque
1582 2457 1638 2488 ad-

885 2495 982 2536 dere3
1012 2508 1068 2540 pro
1096 2497 1230 2538 vulgari,
1255 2505 1417 2540 praeterea.
1462 2499 1638 2532 Commode

887 2539 926 2571 de
942 2540 1001 2572 hac
1023 2540 1177 2583 loquendi
1195 2541 1332 2573 formula
1354 2542 1488 2573 laudant
1507 2543 1578 2575 Cic.
1597 2543 1638 2574 ad

890 2583 991 2615 Attic.
1028 2584 1084 2620 vii,
1122 2585 1155 2621 2,
1197 2585 1338 2616 Tironem
1379 2586 1486 2617 Putris
1523 2599 1638 2629 aegrum

889 2627 1013 2667 reliqui,
1038 2629 1264 2664 adolescentem,
1285 2634 1320 2658 nt
1343 2630 1433 2666 nosti,
1453 2636 1482 2659 et
1504 2632 1595 2665 adde,
1614 2633 1640 2661 si

891 2671 965 2710 quid
982 2671 1038 2705 vis,
1055 2672 1204 2710 probum:
1229 2672 1308 2702 nihil
1328 2674 1392 2703 vidi
1412 2673 1532 2704 melius.
1580 2674 1639 2704 Po-

889 2714 973 2752 pino,
988 2723 1084 2755 quem
1100 2718 1207 2745 venter
1221 2713 1255 2745 in
1271 2714 1405 2757 popinas
1421 2715 1511 2746 ducit

937 2756 991 2791 40.
1013 2758 1066 2787 41.
1095 2757 1196 2792 Ultro,
1217 2757 1365 2800 insuper:
1393 2757 1455 2789 vid.
1480 2758 1643 2791 Drakenb.

893 2798 931 2829 ad
950 2798 1018 2830 Liv.
1038 2799 1084 2836 xl,
1106 2801 1157 2836 12,
1173 2802 1188 2840 ᾖ
1206 2801 1238 2835 4,
1255 2806 1287 2831 et
1305 2801 1413 2832 Graev.
1436 2801 1477 2832 ad
1497 2801 1567 2833 Cic.
1586 2813 1642 2845 pro

895 2841 1011 2879 Quint.
1029 2844 1084 2874 ⁵23.
1133 2843 1195 2875 Sed
1216 2843 1317 2886 possis
1335 2855 1462 2886 quoque
1486 2846 1570 2875 ultro
1589 2856 1642 2876 ex-

889 2884 1022 2926 plicare,
1052 2891 1177 2929 sponte,
1210 2897 1266 2929 pro
1296 2886 1412 2923 lubitu,
1439 2886 1508 2918 sine
1533 2897 1642 2924 causa,

889 2934 936 2964 ut,
960 2930 1045 2960 ultro
1066 2941 1221 2965 accusare,
1244 2931 1328 2961 ultro
1350 2932 1501 2971 injuriam
1511 2930 1644 2972 fucere.-

890 2971 1018 3003 Terent.
1042 2972 1179 3015 Adelph.
1205 2973 1248 3010 iv,
1272 2974 1304 3010 3,
1327 2974 1362 3004 3.
1410 2973 1570 3008 Insectere,
1595 2982 1643 3004 sc.

890 3023 953 3046 me.
