1904 3314
315 187 404 228 400

853 187 1286 232 SATIRARUM

431 289 615 346 Flagitat
633 291 854 333 immorsus
875 293 1015 342 refici3
1047 294 1150 346 quin
1171 293 1309 334 omnia
1328 293 1458 342 malit,

430 357 712 412 Quaecunque
733 358 956 400 immundis
973 359 1138 400 fervent
1158 358 1282 400 allata
1302 359 1485 413 popinis.

433 423 516 465 Est
536 439 679 478 operae
700 426 883 478 pretium
905 425 1086 479 duplicis
1116 440 1372 479 pernoscere
1387 426 1496 480 juris

429 489 654 531 Naturam.
716 490 905 545 Simplex
927 506 950 532 e
971 491 1086 532 dulci
1106 499 1272 533 constat
1293 493 1415 542 olivo,

353 556 408 596 65
441 555 571 602 Quod
591 557 739 610 pingui
759 558 936 598 miscere
957 571 1071 598 mero
1092 559 1310 612 muriaque
1332 559 1514 606 decebit,

430 621 534 662 Non
555 621 634 662 alia
655 637 779 676 quam
800 637 884 676 qua
906 623 1113 677 Byzantia
1132 625 1275 677 putuit
1295 639 1406 665 orca.

431 687 530 728 Hoc
551 689 625 728 ubi
647 689 868 730 confusum
892 690 1017 729 sectis
1038 689 1241 730 inferbuit
1260 690 1421 739 herbis,

430 753 698 808 Corycioque
716 769 839 795 croco
862 769 1056 808 sparsum
1078 756 1209 804 stetit,
1233 756 1407 809 insuper
1426 754 1560 796 addes

428 819 585 861 Pressa
606 821 863 862 Venafranae
879 821 996 874 quod
1018 822 1148 862 bacca
1163 821 1323 862 remisit
1343 821 1477 862 olivae.

344 886 398 926 70
428 885 596 927 Picenis
619 887 777 927 cedunt
796 888 931 940 pomis
953 887 1152 927 Tiburtia
1174 902 1322 938 succo;

428 952 542 992 Nam
564 950 668 992 facie
688 959 907 1006 praestant.

355 1082 407 1111 60.
435 1081 544 1111 Hiuis:
562 1080 668 1112 Schol.
681 1082 789 1122 Cruq.,
802 1082 877 1112 hillu
887 1081 1038 1122 significat

313 1124 489 1153 intestinum
503 1124 623 1159 salsum,
639 1125 694 1158 vel,
713 1132 747 1153 ut
768 1125 824 1153 alii
838 1123 1037 1164 ‹licitum-far-

313 1171 377 1195 tum
404 1166 561 1195 salsitium.
606 1165 850 1205 Intelligendum
883 1170 930 1195 est
955 1164 1038 1195 haud

311 1206 407 1236 dubie
435 1217 533 1245 genus
555 1206 712 1246 quoddam
737 1206 931 1237 farciminum
956 1206 1041 1237 fumo

311 1247 500 1278 duraturum.
545 1248 741 1284 Rectissime,
754 1254 789 1279 ut
804 1248 935 1284 videtur,
953 1247 1042 1279 vertit

313 1289 456 1324 Vossius,
472 1289 503 1319 K
505 1291 685 1320 nackwurst.

357 1332 412 1362 61.
430 1333 565 1372 Flagitat
575 1334 726 1362 immorsus
738 1332 837 1373 refici:
854 1331 1041 1367 stomachus,

311 1372 489 1403 fortioribus
518 1373 621 1413 potius
649 1373 736 1408 cibis,
765 1383 859 1414 perna
889 1378 921 1403 et
947 1373 1042 1410 hillis,

313 1414 475 1445 vellicatus
513 1419 543 1444 et
580 1414 755 1452 incitatuss
777 1415 924 1455 languore
957 1414 1040 1445 refici

313 1457 412 1497 cupit.
458 1456 615 1486 Immorsus
639 1457 847 1496 significanter
869 1467 935 1497 pro,
960 1466 1042 1486 mor-

311 1497 414 1528 dendo
426 1497 595 1535 incitatus;
618 1499 803 1528 salsamenta
818 1497 900 1529 enim
917 1498 963 1527 vel
981 1498 1042 1528 cibi

312 1539 376 1570 sale
393 1539 538 1570 macerati
557 1539 709 1575 mordent,
725 1546 830 1574 urunt,
849 1545 879 1570 et
899 1548 1044 1580 pungunt

311 1581 518 1616 stomachum,
540 1587 571 1612 et
597 1581 641 1612 sic
666 1592 780 1612 novum
806 1581 1042 1611 incitamentum

310 1622 339 1653 ei
356 1623 538 1653 immittunt.
583 1623 646 1660 Qui
665 1633 731 1664 pro,
749 1626 902 1653 immersus
922 1623 1044 1652 malunt

315 1663 389 1704 legi,
420 1667 453 1694 in
482 1675 605 1700 morsus,
636 1665 822 1704 elegantiam
856 1664 950 1705 hujus
982 1663 1042 1695 loci

311 1715 372 1736 non
389 1706 561 1747 percepisse
577 1706 727 1737 videntur.

353 1749 406 1778 62.
424 1749 506 1782 Quin.
522 1750 618 1778 omnia
631 1750 729 1783 malit,
745 1749 943 1787 Quaecunque,
956 1753 1039 1783 cett„

309 1789 341 1819 h.
364 1799 394 1820 e.
419 1789 481 1819 imo
504 1800 645 1820 marcens
662 1790 840 1820 stomachus
862 1792 958 1820 omnia
980 1790 1039 1820 ser·

310 1831 393 1866 cula,
418 1842 596 1871 quotcunque
617 1843 650 1862 ex
674 1834 834 1862 immundis
855 1833 971 1870 popinis
994 1833 1040 1862 al-

312 1874 376 1902 lata
387 1872 526 1914 fervent,
543 1875 642 1908 malit,
659 1884 753 1914 quam
773 1874 940 1904 lactucam.
985 1875 1040 1903 Al-

311 1914 520 1954 latajervent:
535 1915 710 1955 elegantius
709 1917 835 1956 jer-vent
844 1925 897 1956 pro
908 1915 1041 1955 vulgari,

310 1955 481 1986 afferuntur
496 1956 654 1993 ferventia,
670 1957 699 1987 h.
714 1967 741 1987 e.
755 1957 948 1998 vaporantia,

353 1998 492 2028 63-69.
518 1997 570 2028 Est
584 2009 676 2036 operte
688 2001 820 2038 pretium
834 2000 964 2037 duplicis
973 2009 1039 2037 per-

309 2049 426 2069 noscere
437 2041 524 2078 juris
548 2040 710 2070 Naturam.
754 2041 825 2070 Jam
850 2040 975 2080 sapiens
997 2039 1040 2070 rei

309 2079 501 2121 coquinariae
538 2081 646 2111 doctor
678 2086 782 2111 noster
814 2082 854 2111 ad
887 2087 1042 2122 praecepta

310 2132 381 2163 quae
395 2121 515 2162 dejure
531 2122 656 2164 duplice
671 2123 800 2153 daturus
816 2128 873 2158 est,
890 2128 1040 2163 tanquam

310 2165 350 2195 ad
366 2173 428 2195 rem
444 2163 590 2203 gravioris
601 2164 748 2195 momenti
763 2164 914 2198 animum,
932 2165 1039 2194 adver-

309 2211 373 2237 tere
395 2205 487 2246 jubet
507 2205 708 2246 discipulum,
732 2205 850 2241 dicens,
875 2205 928 2235 Est
949 2216 1040 2244 operae

305 2250 663 2287 pretium—pernoscere.
702 2247 867 2277 Horatium
880 2246 912 2276 in
925 2246 982 2276 hac
994 2247 1039 2277 lo-

308 2289 426 2330 quendi
444 2288 587 2324 formula,
605 2297 647 2320 est
664 2300 756 2328 oper-ee
772 2290 905 2327 pretium
922 2299 1039 2328 pernos-

308 2341 386 2366 cere,
409 2329 565 2361 imitatum
587 2341 654 2362 esse
676 2330 826 2369 Ennium,
846 2340 918 2360 cum
942 2330 1040 2361 Hein-

307 2372 405 2404 dorfio
421 2372 606 2404 contendere
622 2373 715 2404 nolim
730 2383 738 2411 ;
762 2377 871 2413 sponte
892 2372 1039 2402 Horatius

307 2414 342 2445 in
377 2414 458 2445 hanc
489 2415 648 2455 vulgarem
683 2415 869 2445 locutionem
905 2413 1039 2444 incidere

307 2461 438 2497 poterat,
462 2454 508 2485 uti
534 2460 604 2498 post
633 2456 798 2487 Horatium
823 2456 971 2486 Juvenal.
996 2455 1039 2492 vi,

307 2499 383 2534 474,
401 2503 432 2528 et
445 2497 536 2528 Pers.
556 2498 598 2534 vi,
614 2499 647 2528 9.
694 2498 796 2529 Aliter
812 2507 844 2528 se
860 2497 952 2528 habet
966 2507 1038 2539 sup.

306 2539 330 2577 i,
350 2541 383 2576 2,
401 2541 455 2574 37,
471 2538 589 2570 Audire
611 2546 652 2570 est
670 2551 761 2579 operae
779 2541 920 2579 pretium,
937 2550 1038 2578 proce-

307 2583 376 2612 dere
387 2587 465 2612 recte
475 2593 486 2619 ‚·
514 2591 584 2612 nam
599 2587 680 2612 totus
693 2581 744 2612 hic
759 2590 866 2612 versus
878 2586 923 2611 est
933 2581 1039 2617 Ennii,

309 2627 346 2653 ut
363 2622 407 2653 ibi
425 2634 463 2654 ex
483 2623 589 2655 Schol.
606 2625 679 2654 Acr.
694 2629 726 2654 et
744 2623 860 2665 Porph.
879 2622 1041 2654 discimus.

309 2665 403 2702 Quod
418 2665 528 2696 attinet
540 2665 580 2696 ad
595 2665 832 2707 descriptionem
838 2667 925 2704 juris
936 2666 1039 2703 dupli-

306 2709 348 2738 cit
374 2713 404 2738 et
429 2708 583 2746 simplicis,
613 2717 669 2748 ego
693 2717 804 2737 manco
827 2706 860 2736 in
885 2706 1038 2737 sententia

306 2757 414 2790 quam,
430 2749 567 2780 nondum
586 2749 733 2790 inspectis
748 2748 877 2779 aliorum
889 2748 1039 2789 interpre-

306 2790 488 2827 tationibus,
505 2791 544 2822 de
562 2791 620 2822 hoc
643 2791 710 2822 loco
730 2799 937 2831 susceperam.
981 2790 1038 2821 Jus

307 2832 409 2874 (quod
423 2832 508 2874 apud
524 2842 581 2863 nos
595 2832 770 2874 appellatur
785 2831 899 2866 Brizhe.
915 2837 947 2862 et
961 2842 1035 2864 voce

307 2873 544 2915 Franeogallica
578 2873 690 2915 Saoce)
718 2874 839 2913 simplex
865 2878 922 2908 est,
953 2873 1036 2915 quod

307 2919 430 2947 constat
444 2926 462 2948 e
475 2915 560 2948 dulci
576 2916 670 2952 oliva,
682 2915 790 2957 pingui
807 2925 902 2950 mero,
919 2915 1034 2946 muria-

967 951 1191 994 Venucula
1211 953 1407 993 convenit
1428 951 1519 993 ollis
1535 969 1544 1002 3

1081 1091 1141 1121 que
1162 1081 1348 1123 Byzantina.
1395 1081 1439 1111 At
1462 1082 1514 1112 hoc
1541 1084 1583 1112 'us
1604 1082 1735 1122 simplex,
1761 1080 1816 1112 ubi

1083 1123 1175 1153 sectis
1190 1129 1221 1154 et
1235 1122 1381 1153 admixtis
1401 1122 1514 1163 quibus
1537 1133 1585 1153 am
1604 1123 1706 1154 herbis
1721 1123 1814 1155 infer-

1083 1164 1161 1200 buit,
1185 1170 1216 1195 et
1238 1171 1402 1206 postquam
1425 1174 1515 1195 croco
1537 1174 1736 1206 conspersum
1757 1165 1815 1196 ali-

1084 1206 1233 1247 quamdiu
1262 1207 1357 1242 stetit,
1387 1211 1419 1237 et
1450 1206 1576 1248 insuper
1602 1205 1741 1238 additum
1769 1212 1816 1238 est

1085 1247 1188 1278 oleum
1212 1248 1434 1285 Venafranum,
1451 1258 1512 1278 non
1532 1247 1730 1291 amplius-jus
1744 1250 1815 1279 rim-

1083 1291 1159 1328 pler,
1174 1289 1228 1321 sed
1243 1292 1353 1329 duplex
1369 1295 1507 1320 vocatur.

1128 1333 1179 1362 64.
1208 1332 1234 1361 E
1259 1333 1356 1367 dulci,
1381 1331 1413 1361 h.
1435 1341 1465 1362 e.
1494 1335 1629 1366 recente,
1653 1341 1715 1362 non
1741 1340 1813 1362 ran-

1086 1372 1167 1403 cido.

1127 1415 1178 1445 65.
1210 1415 1326 1456 Pingui
1352 1425 1450 1444 mero:
1481 1424 1537 1444 nos
1559 1423 1684 1456 quoquo
1706 1414 1813 1446 vinum

1085 1456 1220 1486 crassius
1246 1462 1277 1487 et
1304 1455 1446 1487 tenacius
1470 1455 1504 1486 in
1528 1456 1696 1487 vernacula
1721 1466 1815 1488 voca·

1086 1507 1166 1532 mus,
1189 1498 1305 1538 senen,
1342 1499 1523 1528 klebrichten
1557 1497 1669 1534 Wein5
1711 1498 1816 1529 vinum

1086 1539 1180 1578 igitur
1208 1542 1322 1580 pingue
1350 1546 1378 1569 et
1406 1540 1540 1578 plenum,
1569 1539 1620 1570 cui
1649 1540 1815 1581 opponitur

1086 1587 1184 1616 tenue,
1209 1582 1293 1612 Cels.
1313 1581 1334 1617 i,
1354 1582 1386 1615 6,
1405 1592 1559 1621 nunquam
1579 1582 1683 1612 vinum
1704 1583 1815 1612 salsum

1088 1624 1182 1652 bibere
1202 1625 1329 1662 expedit,
1345 1633 1381 1653 ne
1400 1629 1489 1653 tenue
1508 1624 1626 1663 quidem
1639 1630 1696 1654 aut
1715 1625 1815 1660 dulae,

1086 1666 1134 1694 sed
1163 1671 1314 1695 austerum
1342 1671 1371 1695 et
1398 1665 1525 1703 plenius.
1579 1665 1756 1705 Mur-inque,
1783 1671 1816 1697 et

1086 1706 1258 1746 liquamine
1293 1717 1331 1737 ex
1368 1706 1519 1748 piscibus,
1557 1706 1740 1738 nominatim
1776 1717 1814 1738 ox

1085 1747 1211 1788 thynnis
1241 1749 1341 1790 (Lake
1374 1759 1429 1779 von
1460 1748 1702 1790 Thuri-fischeri),
1739 1748 1813 1780 hinc

1085 1790 1219 1820 additur.

1127 1832 1181 1862 66.
1206 1831 1274 1862 Νοη
1289 1833 1351 1862 alia
1367 1843 1455 1872 quam
1471 1843 1530 1872 qua
1548 1832 1696 1872 Byzantia
1708 1834 1817 1871 putuit

1085 1884 1163 1909 orca,
1186 1883 1239 1914 pro
1261 1873 1380 1914 vulgari
1405 1879 1436 1904 et
1458 1873 1613 1916 simplice,
1632 1873 1688 1904 sed
1715 1873 1814 1905 muria

1085 1915 1272 1956 Byzantina.
1301 1917 1380 1946 orca
1408 1914 1535 1956 (testa),
1563 1915 1596 1945 in
1623 1924 1686 1955 qua
1713 1915 1814 1947 muria

1085 1957 1273 1993 servabatur,
1285 1967 1303 1987 a
1313 1957 1440 1998 thynnis
1451 1957 1490 1988 ad
1505 1955 1690 1998 Byzantium
1701 1957 1813 1999 captis,

1084 1998 1197 2029 dicitur
1209 1999 1368 2039 Byzantia.
1408 1999 1505 2033 Quam
1519 2010 1579 2039 qua
1588 2000 1702 2038 putuit,
1716 2009 1813 2040 quam

1082 2041 1193 2111 muria,
1210 2041 1259 2082 cuj
1266 2051 1300 2071 us
1317 2040 1454 2082 graviore
1468 2041 1560 2071 odore
1571 2045 1650 2071 testa
1663 2041 1814 2082 Byzantia

1083 2091 1101 2110 o
1117 2088 1174 2112 uit.

1125 2125 1177 2153 67.
1201 2123 1266 2154 Hoc
1286 2125 1348 2161 ubi,
1364 2129 1455 2155 cett.:
1481 2125 1533 2154 ubi
1549 2124 1601 2155 hoc
1613 2123 1668 2165 jus
1682 2122 1812 2166 simplex

1083 2167 1167 2195 sectis
1183 2166 1278 2195 herbis
1292 2166 1446 2206 confusum
1465 2166 1479 2204 <
1484 2165 1668 2206 permixtum
1682 2171 1714 2196 et
1728 2175 1813 2196 com-

1084 2206 1235 2246 positum)
1266 2207 1424 2247 inser-buit,
1451 2208 1491 2237 ad
1516 2207 1619 2248 ignem
1644 2206 1758 2239 servem
1781 2214 1813 2239 et

1085 2253 1214 2277 aestuare
1229 2247 1337 2288 coepit.
1583 2268 1586 2269 γ

1125 2289 1178 2319 68.
1204 2289 1340 2328 Corycio,
1364 2288 1523 2330 epitheton
1545 2299 1669 2324 ornans,
1693 2289 1734 2320 ab
1755 2300 1811 2332 op-

1083 2329 1157 2371 pido
1172 2335 1203 2360 et
1217 2330 1357 2371 ejusdem
1378 2330 1512 2360 nominis
1529 2330 1737 2372 promontorio
1757 2332 1813 2363 Co-

1082 2383 1153 2412 ryco
1169 2372 1201 2402 in
1218 2372 1342 2405 Cilicia.
1359 2372 1414 2402 ubi
1433 2372 1568 2413 optimus
1586 2383 1687 2403 crocus
1702 2382 1811 2405 nasce-

1082 2414 1192 2445 batur:
1219 2413 1302 2444 Ptin.
1324 2414 1366 2444 H.
1385 2414 1429 2444 N.
1448 2414 1512 2451 xxi,
1535 2415 1584 2444 17.
1627 2414 1730 2450 Stetit,
1749 2415 1810 2446 sci-

1083 2455 1155 2487 licet
1177 2454 1382 2496 aliquamdiu,
1396 2455 1470 2486 dum
1485 2455 1659 2494 deferbuit5
1679 2456 1734 2488 sed
1748 2457 1810 2488 sor-

1082 2502 1162 2529 tasse
1201 2497 1348 2539 explicari
1385 2506 1510 2538 quoque
1548 2502 1660 2539 potest,
1698 2499 1811 2530 stando

1082 2539 1278 2581 coagulatum
1310 2539 1359 2570 vel
1388 2545 1531 2570 coactum
1561 2545 1618 2570 ott.
1659 2539 1699 2570 In
1728 2540 1809 2572 hanc

1082 2582 1320 2623 explicationem
1342 2581 1512 2617 Gesner-us,
1531 2585 1554 2600 ‘³
1565 2581 1667 2619 Stetit,
1689 2581 1810 2614 videtur

1083 2622 1223 2655 indicare
1246 2622 1491 2658 consistentiam,
1513 2633 1606 2665 quam
1634 2629 1756 2661 vocant,
1778 2630 1811 2655 et

1083 2665 1320 2696 crassitudinem
1333 2664 1413 2706 juris
1433 2675 1451 2696 a
1464 2671 1591 2697 coctura
1608 2670 1640 2696 et
1658 2665 1809 2696 admixtis

1081 2707 1171 2738 rebus
1181 2706 1310 2738 siccis:’'
1323 2712 1354 2738 et
1362 2707 1526 2739 Turnebus
1536 2706 1568 2738 in
1579 2706 1711 2738 Advers.
1719 2709 1741 2742 i,
1755 2708 1808 2744 28,

1082 2748 1171 2780 Stetit
1194 2750 1347 2789 eleganter
1369 2749 1468 2786 dimin·
1497 2759 1568 2779 nam
1591 2759 1655 2789 quae
1683 2749 1807 2789 liquidi-

1081 2802 1132 2822 ora
1150 2797 1238 2822 eraut
1252 2796 1280 2821 et
1294 2791 1475 2827 humidiora,
1490 2791 1543 2821 ubi
1556 2791 1689 2830 aliqu-om
1699 2793 1808 2831 adepta

1077 2839 1150 2863 sunt
1176 2834 1322 2873 coquendo
1345 2834 1566 2868 concretionem,
1592 2837 1672 2863 staro
1697 2833 1806 2864 dicun·

1079 2881 1142 2905 tur.
1186 2874 1282 2916 Apud
1298 2883 1354 2904 nos
1367 2883 1492 2916 quoque
1506 2873 1714 2906 conficiuntur
1732 2873 1806 2910 cibi,

1077 2926 1157 2956 quos
1185 2915 1354 2958 appellant,
1387 2915 1600 2948 Gestandenes.
1644 2915 1716 2947 Fuit
1744 2915 1806 2947 for-
