1904 3314
826 202 1256 246 SATIRARUM

466 303 712 346 Reticulum
730 305 851 358 panis
871 304 1042 346 venales
1062 306 1171 345 inter
1187 309 1341 345 onusto

465 370 595 411 Forte
616 370 746 411 vehas
766 371 959 420 humero,
981 371 1112 418 nihilo
1131 370 1230 424 plus
1251 370 1448 424 accipiaS,
1471 383 1598 423 quam

467 436 556 485 Qui
576 435 634 476 nil
655 437 846 490 portarit.

906 436 989 478 Vel
1011 436 1092 486 dic,
1115 437 1219 490 quid
1237 435 1395 477 referat
1414 435 1526 475 intra

381 501 436 541 50
465 501 648 542 Naturae
668 502 775 547 fines
797 502 965 551 viventi,
982 503 1137 556 jugera
1157 508 1326 542 centum
1346 515 1400 541 an

465 567 587 608 Mille
607 570 726 609 aret?

787 567 849 608 At
870 583 997 608 suave
1019 575 1097 617 est,
1119 582 1174 608 ex
1194 583 1346 621 magno
1366 566 1513 608 tollere
1534 581 1698 608 acervo.

466 634 586 674 Dum
605 649 659 675 ex
680 649 811 688 parvo
832 635 955 675 nobis
978 635 1238 674 tantumdem
1257 634 1428 674 haurire
1449 632 1678 686 relinquas,

467 700 556 744 Cur
577 707 651 741 tua
670 700 768 754 plus
787 699 936 740 laudes
958 700 1137 740 cumeris
1160 700 1354 753 granaria
1374 699 1559 740 nostris?

465 765 529 806 Ut
550 767 627 806 tibi
649 767 683 806 si
704 767 756 806 sit
779 781 887 820 opus
908 765 1059 818 liquidi
1079 779 1164 805 non
1183 764 1362 818 amplius
1384 779 1504 813 urna,

380 832 436 871 55
465 832 549 874 Vel
569 833 736 885 cyatho,
759 839 802 872 et
823 832 954 879 dicas,
978 831 1140 885 Magno
1162 831 1215 871 de
1234 831 1407 871 flumine
1428 830 1580 880 malim,

468 898 609 944 Quam
631 913 685 939 ex
705 899 786 938 hoc
808 896 1026 945 fonticulo,
1049 898 1310 937 tantumdem
1331 911 1510 938 sumere.

1571 895 1640 938 Eo
1659 896 1724 946 fit,

466 963 638 1004 Plenior
660 971 706 1004 ut
728 964 763 1003 si
783 977 890 1016 quos
912 962 1096 1002 delectet
1117 962 1239 1014 copia
1253 961 1388 1014 justo,

466 1030 574 1069 Cum
594 1030 688 1083 ripa
709 1028 831 1069 simul
852 1028 1019 1069 avulsos
1041 1027 1149 1067 ferat
1170 1026 1357 1066 Aufidus
1379 1040 1498 1067 acer:

462 1093 526 1135 At
546 1096 619 1148 qui
640 1094 790 1135 tantuli
811 1101 925 1148 eget,
947 1100 1107 1146 quanto
1128 1099 1194 1132 est
1214 1107 1336 1145 opus,
1357 1093 1392 1132 is
1413 1106 1552 1146 neque
1571 1091 1671 1133 limo

385 1161 449 1200 60·
470 1160 709 1201 Turbatam
728 1160 871 1200 haurit
891 1173 1055 1213 aquam,
1078 1172 1216 1211 neque
1237 1158 1363 1198 vitam
1383 1158 1535 1198 amittit
1555 1159 1599 1199 in
1609 1157 1750 1200 undis.

464 1225 526 1266 At.
547 1227 659 1267 bona
679 1241 778 1280 pars
799 1225 1028 1273 hominum,
1054 1225 1235 1278 decepta
1257 1224 1455 1277 cupidine
1475 1223 1595 1274 falso,

465 1292 540 1332 Nil
561 1293 662 1332 satis
683 1299 762 1340 est,
786 1292 946 1344 inquit;
977 1291 1077 1343 quia
1098 1291 1216 1339 tanti,
1238 1297 1442 1343 quantum
1468 1290 1644 1340 habeas,
1666 1292 1736 1332 sis.

465 1357 583 1403 Quid
606 1357 733 1398 facias
755 1357 842 1397 illi?
868 1358 1023 1411 jubeas
1045 1356 1241 1396 miserum
1263 1370 1372 1405 esse,
1387 1356 1569 1398 libenter

464 1424 688 1469 Quatenus
710 1424 753 1464 id
776 1423 899 1472 facit3
931 1429 979 1463 ut
999 1422 1173 1476 quidam
1193 1429 1448 1463 memoratur
1468 1422 1653 1464 Athenis

378 1491 433 1530 65
465 1489 674 1530 Sordidus
697 1504 744 1530 ac
766 1490 883 1530 dives
905 1488 1053 1542 populi
1072 1495 1341 1529 contemnere
1362 1502 1487 1530 voces

293 1589 416 1618 subsuta
433 1598 494 1618 non
511 1588 550 1618 ad
571 1594 658 1623 veste,
682 1587 736 1619 sed
759 1587 797 1618 ad
820 1589 926 1617 instita
949 1586 1026 1616 refe-

295 1629 391 1659 renda
414 1635 481 1667 est;
517 1635 548 1659 et
572 1629 615 1660 sic
641 1631 712 1659 auri
742 1631 856 1668 pondus
883 1629 1030 1669 defossum

295 1672 438 1709 deponere
467 1671 536 1706 erit,
568 1670 721 1701 defossum
749 1680 908 1710 reponere,
941 1679 1029 1710 sepo-

296 1721 380 1748 nere,
409 1712 584 1748 recondere,
608 1712 656 1742 vel
680 1711 863 1753 simpliciter
888 1721 954 1752 pro,
975 1713 1024 1741 de-

286 1753 408 1794 fodere.
462 1754 622 1788 Timidum,
647 1753 880 1784 accommodate
907 1754 947 1783 ad
976 1752 1024 1782 in-

296 1796 420 1835 genium
437 1795 573 1826 hominis
587 1795 681 1825 avari.

340 1838 393 1873 43,
406 1838 464 1867 44„
480 1838 577 1872 Quod,
592 1837 662 1867 ideo
684 1837 742 1867 hoc
766 1836 866 1877 juvat,
888 1835 974 1876 quia,
1000 1838 1026 1866 si

295 1881 488 1913 comminuas,
515 1884 589 1909 cett.
616 1889 724 1908 aurum
749 1880 975 1913 comminuitur,
1002 1877 1028 1906 si

296 1929 386 1949 usum
399 1930 437 1949 ex
453 1929 489 1950 eo
503 1919 618 1960 capias,
635 1926 666 1950 at
681 1931 718 1950 ex
731 1929 805 1949 auro
821 1919 941 1949 defosso
954 1929 1029 1949 usus

297 1959 367 2001 capi
384 1960 502 2000 nequit.
547 1962 629 1994 Quid.
644 1962 728 1991 habet
742 1962 865 2000 pulchri
879 1967 1029 1990 construc—

299 2008 347 2032 tus
362 2003 506 2032 acer-vus?
529 2001 686 2032 simillime
708 2002 867 2032 Theocrit.
890 2002 952 2039 xvi,
975 2003 1028 2039 22,

298 2043 482 2085 Δαιμόνιοι,
507 2044 539 2074 τί
561 2043 590 2074 δὲ
610 2043 721 2085 κέρδος
743 2044 760 2074 ὁ
782 2043 899 2085 μύριος
917 2043 1026 2075 ἔνδοθι

236 2107 241 2112 -
298 2086 423 2126 χρυσὸς
438 2085 614 2124 Κείμενοςς

341 2128 394 2162 45,
412 2128 464 2157 46.
488 2127 591 2156 Miltia
603 2127 771 2167 frumenti,
787 2131 859 2156 cett.
883 2126 1025 2166 quamvis

298 2173 422 2198 centum
438 2167 536 2198 millia
547 2167 717 2198 modiorum
733 2167 876 2197 frumenti
888 2173 1026 2198 terantur

298 2209 330 2239 in
347 2220 417 2240 area
431 2215 497 2244 tua,
514 2210 553 2239 ob
569 2210 626 2240 hoc
644 2215 745 2239 tamen
757 2211 814 2250 (ob
831 2210 909 2238 hanc
921 2214 1024 2239 tamen

297 2251 436 2292 copiam)
453 2261 513 2282 non
531 2251 602 2292 plus
612 2258 715 2281 venter
724 2256 806 2286 tuus,
818 2260 911 2291 quam
924 2261 1023 2287 meus,

297 2293 419 2334 capiet:
434 2293 598 2334 frumenta
617 2303 686 2334 quae
704 2292 880 2322 terebantur
894 2292 924 2322 in
942 2302 1024 2328 area,

297 2333 329 2364 h.
345 2343 374 2364 e.
389 2334 421 2364 in
437 2344 510 2375 agro
526 2334 579 2364 ubi
603 2335 640 2364 ad
664 2333 806 2364 terendas
829 2334 932 2373 fruges
955 2344 1024 2365 area

296 2374 379 2406 facta
401 2382 459 2410 est,
483 2376 524 2406 cf.
546 2386 614 2417 sup.
639 2376 679 2406 ad
704 2375 766 2405 Od.
789 2375 811 2410 i,
832 2377 859 2410 1,
883 2377 932 2411 10,
955 2375 1022 2416 jam

296 2419 360 2456 ipsa
383 2428 455 2448 area
478 2423 571 2447 terere
590 2417 722 2447 dicitur:
747 2417 866 2447 Tibull.
882 2417 902 2451 i,
920 2419 951 2451 5,
969 2419 1021 2453 22,

297 2460 377 2489 Area
393 2462 463 2490 dum
479 2469 577 2489 messes
597 2461 654 2490 sole
676 2459 789 2489 calente
812 2466 907 2495 tene,-
933 2459 1021 2499 Virg.

298 2501 380 2532 Geo.
406 2501 429 2538 i,
457 2502 527 2535 192,
557 2501 759 2541 Nequicquam
785 2502 912 2541 pingues
935 2503 1020 2540 palea

295 2548 369 2573 teret
383 2553 452 2573 area
465 2543 586 2573 culmos.
634 2543 697 2573 Hoc
712 2552 777 2582 pro,
794 2543 834 2572 ob
855 2542 925 2576 hoe.
941 2543 1019 2579 ideo,

294 2585 407 2625 passim
432 2583 515 2625 apud
549 2585 716 2615 Nostrum:
753 2586 817 2614 Sat.
849 2583 870 2618 i,
899 2586 929 2620 2,
957 2586 1013 2622 813

295 2627 360 2657 Sat.
383 2626 404 2663 i,
427 2628 458 2662 3,
482 2627 543 2664 933
567 2627 632 2657 Sat.
655 2626 677 2661 i,
701 2627 730 2661 4,
754 2627 795 2663 93
819 2626 850 2660 6,
875 2627 911 2656 41
931 2632 962 2656 et
979 2628 1024 2658 52

293 2673 325 2698 et
341 2669 380 2698 87
394 2678 402 2705 ;
425 2669 457 2702 9,
474 2669 504 2698 8.

335 2710 387 2740 47.
417 2709 602 2747 Retio-ulum,
626 2707 760 2739 mantica
785 2708 850 2739 sive
875 2719 957 2750 pera,
982 2719 1018 2740 ex

292 2750 349 2782 reti
362 2756 520 2782 contexta.

334 2793 388 2823 50.
416 2792 545 2823 Viventi.
589 2791 651 2823 Vix
674 2791 771 2826 locus,
788 2795 874 2832 puto,
890 2791 1020 2823 idoneus

289 2844 329 2865 ex
358 2833 417 2864 scri
441 2839 506 2865 torn
534 2834 651 2882 aliquo,
681 2833 735 2874 qui
773 2832 895 2863 Horatii
928 2839 1018 2864 aetate

289 2875 377 2911 vixit,
394 2845 495 2907 alieni
504 2881 624 2918 poterit,
643 2874 695 2906 ubi
710 2874 907 2915 impersonali
923 2877 1017 2916 refert

285 2918 418 2958 junctus
441 2917 484 2948 sit
500 2918 636 2949 dativus.
692 2917 831 2948 Fuerunt
845 2915 948 2957 igitur,
962 2917 1016 2958 qui

1071 1586 1182 1616 viventi
1199 1587 1393 1617 mutarentin
1407 1588 1543 1618 viventis.
1565 1587 1717 1629 Equidem
1730 1598 1796 1621 ma·

1070 1626 1137 1662 lim,
1167 1628 1218 1657 Vel
1243 1630 1302 1664 dic,
1327 1630 1399 1668 quid
1423 1630 1547 1670 reserat,
1563 1631 1648 1660 intra
1670 1630 1798 1662 Natura

1063 1669 1145 1708 fines
1168 1671 1267 1700 vivens
1292 1681 1364 1700 uum
1379 1673 1493 1712 jugera
1511 1677 1629 1702 centum
1647 1683 1687 1703 an
1707 1673 1799 1704 Mine

1068 1711 1154 1740 aret?
1176 1711 1223 1741 vel
1248 1711 1311 1748 dic,
1336 1713 1411 1752 quid
1438 1712 1544 1753 prosit,
1559 1723 1634 1744 num
1657 1719 1796 1751 centum,

1070 1761 1110 1781 an
1135 1751 1220 1782 mille
1242 1753 1353 1794 jugera
1378 1759 1444 1784 aret
1465 1753 1545 1785 iutra
1573 1759 1692 1787 natum
1718 1756 1798 1787 fines

1069 1792 1185 1829 vivens,
1203 1794 1234 1824 h.
1248 1805 1276 1825 e.
1291 1794 1396 1826 fruens
1415 1795 1453 1826 iis
1468 1806 1538 1836 quae
1560 1802 1670 1828 natura
1690 1802 1797 1839 pontu-

1069 1834 1111 1865 lat
1127 1846 1135 1871 ;
1159 1847 1327 1871 num—an,
1342 1843 1377 1867 ut
1398 1837 1456 1868 inf.
1471 1839 1537 1868 Sat.
1553 1837 1587 1872 ii,
1603 1838 1636 1874 5,
1653 1840 1708 1875 58,
1723 1850 1797 1872 num

1061 1876 1151 1916 furis
1161 1878 1256 1908 ?—an
1282 1879 1383 1909 ludis?
1426 1879 1570 1910 Fortasse
1593 1883 1704 1917 vivens,
1723 1891 1796 1912 cum

1071 1923 1141 1958 post
1159 1918 1240 1949 hanc
1265 1930 1372 1951 vocem
1393 1920 1564 1952 excidisset⁴
1581 1933 1665 1960 num,
1679 1923 1720 1954 ab
1739 1922 1797 1955 ho-

1070 1959 1153 1989 mine
1177 1961 1281 2001 aliquo
1309 1961 1414 1992 latiuae
1439 1963 1556 2003 linguae
1582 1962 1738 2005 imperito,
1762 1969 1800 1996 ut

1071 2007 1167 2032 metro
1183 2009 1384 2039 succurreret.
1400 2010 1553 2035 mutatum
1569 2010 1615 2036 eet
1627 2007 1659 2036 in
1673 2007 1798 2038 viventi.

1111 2044 1164 2073 52.
1189 2045 1383 2076 Tantumdem
1412 2047 1548 2082 haurire,
1576 2046 1696 2084 tollere,
1725 2059 1796 2091 pro-

1069 2093 1163 2114 mere.

1111 2127 1165 2156 53.
1190 2127 1335 2157 Cameris.
1366 2127 1471 2159 Schol.
1487 2127 1565 2160 Ace.
1580 2141 1730 2162 cumeram
1747 2133 1798 2164 'dt'-

1068 2168 1161 2197 cimus
1175 2179 1226 2198 vus
1238 2168 1342 2209 ingens
1352 2171 1523 2207 vimineum,
1533 2173 1565 2202 in
1578 2173 1797 2214 quofmmmta

1067 2211 1249 2240 conduntur.
1292 2210 1342 2240 Sic
1357 2212 1416 2249 ipse
1429 2212 1503 2241 alibi
1517 2213 1631 2252 (Epist.
1641 2214 1664 2250 i,
1679 2215 1709 2251 7,
1723 2215 1796 2256 30).

1067 2250 1135 2280 Sive
1149 2262 1272 2282 cumerae
1294 2253 1441 2283 dicuntur
1455 2263 1524 2283 vasa
1539 2257 1797 2295 fictilia,.similiu

1067 2293 1166 2326 doliis,
1197 2293 1248 2322 ubi
1275 2293 1470 2332 frumentum
1499 2305 1586 2326 suum
1617 2299 1796 2336 reponebant

1067 2335 1218 2372 agricolae.
1265 2334 1364 2364 Tertio
1393 2346 1516 2366 cwnerae
1548 2339 1698 2368 dicuntur.
1725 2349 1795 2371 vasa

1065 2377 1194 2411 minora,
1220 2387 1281 2416 quae
1300 2378 1422 2415 capiunt
1442 2379 1572 2418 quinquo
1591 2381 1648 2409 sive
1667 2390 1715 2411 sex
1730 2392 1791 2412 mo-

1066 2418 1138 2452 dios,
1164 2429 1227 2457 quoe
1249 2419 1356 2459 lingua
1381 2418 1556 2450 Sabinorum
1576 2422 1722 2453 trimodioe
1745 2424 1792 2454 di-

1064 2466 1188 2489 cuutur.
1233 2459 1389 2490 Granaria
1402 2460 1474 2500 (ubi
1486 2471 1583 2500 grana
1593 2462 1794 2503 frugum-ser-

1064 2499 1205 2540 vantur),
1226 2511 1293 2537 nos,
1318 2502 1565 2540 frucht-Bb'den,
1588 2502 1793 2538 Frucht-Ma-

1061 2552 1179 2582 gazme.

1107 2586 1159 2614 54.
1183 2584 1309 2624 Liquidi
1332 2584 1490 2625 (liquoris,
1513 2586 1622 2628 aquae)
1645 2594 1799 2624 unimur

1064 2624 1120 2655 inf.
1146 2626 1213 2655 Sat.
1240 2625 1262 2660 i,
1290 2628 1320 2661 5,
1343 2628 1396 2662 91,
1420 2638 1509 2664 urna,
1531 2639 1586 2660 vas
1607 2629 1792 2671 aquarium:

1065 2677 1131 2701 nos,
1153 2667 1386 2708 Wasser-Krug,
1408 2669 1655 2703 Wassor—Eimer.

1107 2710 1160 2739 55.
1178 2709 1304 2748 Cyntho,
1314 2710 1378 2750 jam
1391 2710 1430 2741 de
1441 2721 1512 2742 vase
1523 2712 1650 2753 aquario
1663 2713 1800 2754 minore„

1064 2760 1136 2786 nos,
1150 2750 1272 2788 Becher,
1290 2751 1383 2782 Glas:
1406 2751 1432 2782 si
1458 2758 1579 2794 spectes
1598 2765 1789 2793 mensuram,

1062 2802 1146 2822 urna*
1164 2792 1342 2824 continebat
1361 2798 1493 2834 quatuor
1513 2795 1651 2836 congios,
1666 2799 1798 2840 congiar-

1061 2843 1114 2864 sex
1126 2834 1285 2872 sextarios,
1301 2835 1457 2866 sextarius
1480 2837 1643 2869 duodecim
1662 2841 1792 2879 cyathos.

1102 2877 1242 2907 56—58.
1269 2877 1311 2907 Ex
1334 2877 1397 2912 hoc,
1422 2884 1494 2908 ante
1519 2879 1613 2920 pedes
1635 2886 1792 2913 manante.

1062 2918 1138 2956 Eofi
1141 2925 1163 2954 t,
1173 2923 1245 2950 cett.
1255 2928 1379 2950 sensus:
1398 2918 1470 2951 hinc
1483 2920 1527 2956 fit,
1539 2926 1575 2952 ut
1585 2920 1618 2958 ii,
1628 2921 1684 2962 qui
1694 2931 1790 2964 parvo

1729 2965 1742 2986 e
