1904 3314
320 189 405 230 338

859 191 1288 236 SATIRARUM

438 284 563 343 Vih's,
585 308 680 335 cum
700 302 849 350 patera
867 304 1030 350 gustus,
1053 297 1268 351 Campana
1288 296 1494 352 supellex.

441 358 614 402 Deinde
635 375 687 402 eo
706 363 948 412 dormitum,
970 377 1055 404 non
1076 363 1296 412 sollicitus,
1317 363 1420 404 mihi
1440 363 1557 417 quod
1576 377 1670 405 cras

330 424 411 465 120
440 425 712 481 Sui-gendum
731 430 784 470 sit
803 444 939 479 mane,
961 430 1184 471 obeundus
1206 430 1396 484 Marsya,
1415 430 1488 483 qui
1509 443 1555 471 se

438 491 619 535 Vultum
638 495 750 536 ferre
771 503 899 551 negat
919 495 1157 537 Noviorum
1177 510 1304 550 posse
1325 496 1512 536 minoris.

439 555 513 598 Ad
534 567 727 612 quartam
743 561 867 614 jaceo
884 577 893 601 ε
925 567 1023 614 post
1044 561 1153 602 hanc
1174 577 1320 616 vagor,
1337 569 1411 603 aut
1431 577 1527 616 ego,
1547 560 1659 602 lecto

438 622 532 665 Aut
553 626 725 680 scripto,
747 627 863 680 quod
883 641 949 667 me
971 627 1148 668 tacitum
1163 628 1299 682 juvet,
1323 642 1460 682 ungor
1480 627 1603 676 olivo,

437 689 541 731 Non
561 706 647 745 quo
667 692 874 733 fraudatis
896 693 1136 733 immundus
1159 694 1295 734 Natta
1314 693 1516 735 lucernis.

331 756 411 797 1525
438 755 524 798 Ast
542 759 618 799 ubi
637 773 703 800 me
724 759 883 800 fessum
906 759 969 800 sol
989 761 1126 801 acrior
1146 762 1207 801 ire
1227 761 1412 802 lavatum

435 822 687 874 Admonuit,
709 825 828 879 fugio
848 840 1043 880 campum
1060 825 1284 880 lusumque
1306 827 1528 881 trigonem.

438 889 628 931 Pransus
650 886 735 932 non
756 892 894 941 avide,
915 899 1119 945 quantum
1139 892 1381 946 interpellet
1400 893 1515 933 inani

436 954 602 997 Ventre
623 958 734 998 diem
755 958 924 1006 durare,
945 959 1204 999 domesticus
1224 959 1347 1000 otior.

1408 958 1518 1000 Haec
1538 965 1605 1000 est

438 1021 541 1063 Vita
563 1022 798 1064 solutorum
819 1025 972 1064 misera
992 1025 1220 1064 ambitione
1241 1024 1458 1078 gravique.

327 1088 407 1128 130
436 1088 520 1129 His
539 1103 604 1129 me
625 1089 820 1130 consolor
839 1091 1050 1130 vloturum
1072 1090 1258 1139 suavius,
1281 1103 1329 1130 ac
1351 1091 1393 1135 si⁴

437 1155 642 1202 Quaestor
661 1170 779 1205 avus,
801 1163 923 1210 pater
943 1162 1072 1210 atque
1093 1170 1228 1206 meuS,
1252 1163 1521 1212 patruusque
1541 1155 1708 1198 fuisset.

367 1276 547 1306 116—118.
576 1275 669 1316 Lapis
695 1277 800 1307 albus:
830 1276 938 1308 Schol.
962 1276 1051 1313 Aer„

320 1328 419 1347 mensa
438 1329 611 1353 marmorea,
632 1331 718 1358 quam
738 1326 843 1350 vocant
864 1319 1051 1359 Delphicam.

322 1359 384 1390 Sed
411 1359 487 1394 Fea,
514 1360 567 1400 qui
597 1359 688 1391 docte
714 1366 745 1392 et
773 1361 896 1402 copiose
925 1361 963 1390 de
993 1360 1051 1391 hoc

321 1400 391 1431 loco
419 1400 569 1443 disputat,
592 1403 694 1432 album
721 1404 846 1442 lapidem
874 1401 989 1444 accipit
1014 1401 1053 1433 de

319 1444 484 1483 engytheca
506 1454 556 1474 seu
578 1444 639 1474 basi
660 1455 795 1475 vasorum
814 1446 1052 1475 collocandorum

321 1495 410 1515 causa
440 1492 549 1524 parata
577 1488 608 1516 in
640 1487 750 1523 abacis,
780 1488 842 1524 ubi,
873 1488 944 1526 quia
974 1493 1053 1516 stare

318 1537 374 1565 per
389 1538 417 1558 se
429 1529 590 1568 nequibant
602 1529 722 1567 pocula,
729 1527 835 1570 fundo
849 1539 948 1559 eorum.
961 1529 1052 1567 sphae-

320 1570 396 1604 rico,
415 1580 473 1600 non
494 1571 597 1609 plano,
616 1576 652 1600 ut
672 1571 703 1600 in
722 1572 840 1605 nostris,
861 1571 922 1599 basi
943 1571 1053 1600 insere-

320 1610 447 1641 bantur.
495 1612 608 1642 Pocula
617 1613 687 1646 duo,
699 1621 753 1653 par
763 1612 966 1653 poculorum;
989 1610 1053 1641 sin-

321 1652 404 1691 gulis
416 1653 499 1683 enim
510 1653 720 1688 coenantibus.
733 1660 768 1684 ut
778 1653 919 1684 observat
934 1653 1053 1683 Turne-

320 1693 381 1724 bus
403 1695 435 1725 in
458 1695 590 1726 Advers.
608 1694 652 1730 ix,
677 1696 726 1732 19,
745 1702 800 1736 par
815 1695 997 1737 poculorum
1018 1694 1051 1724 in

319 1745 428 1766 mensa
441 1737 558 1778 apponi
569 1737 697 1767 solebat.
731 1737 875 1772 Echinus,
889 1736 1052 1767 vasculum

319 1778 445 1818 epulare
467 1779 506 1809 ad
529 1779 656 1809 formam
679 1778 782 1809 echini
803 1779 959 1810 effictum:
987 1784 1051 1809 vet.

321 1820 442 1856 Schol.,
465 1820 612 1852 Echinum
632 1823 709 1851 dixit
731 1832 781 1851 vas
799 1832 922 1855 oeneum,
946 1822 978 1850 in
997 1832 1053 1860 quo

320 1862 426 1892 calices
451 1864 605 1894 lavantur.
650 1862 711 1893 Sed
739 1863 800 1894 Fea
825 1863 863 1893 ad
891 1862 973 1893 hanc
1001 1873 1052 1893 vo-

321 1913 389 1934 cem
412 1904 499 1935 haec:
524 1906 687 1941 “echinus,
707 1915 818 1946 nempe
838 1905 947 1935 concha
970 1906 1053 1942 salis,

321 1954 391 1992 sup.
411 1946 476 1976 Sat.
491 1945 512 1983 i,
528 1947 559 1982 3,
579 1948 630 1981 14,
647 1948 778 1977 salinum
795 1947 857 1977 Od.
878 1946 910 1982 ii,
930 1947 980 1982 16,
1000 1948 1050 1982 14,

320 1997 396 2028 quia
417 1988 535 2018 concha
558 1989 650 2019 fiebat
671 1999 709 2020 ex
732 1990 843 2019 echinis
864 1989 1052 2025 concharum,

321 2033 357 2058 ut
377 2034 463 2060 notat
482 2029 586 2060 Acron
609 2031 648 2071 ac}
667 2030 732 2061 Od.
750 2030 783 2066 ii,
800 2032 831 2067 7,
847 2029 926 2061 23.’'
970 2030 1050 2061 Gut-

320 2076 380 2106 tus,
411 2081 429 2101 a
453 2077 557 2113 gutta,
586 2073 748 2103 vasculum
780 2083 798 2103 e
827 2082 890 2113 quo
916 2071 1052 2112 liquores

317 2112 464 2152 guttatim
502 2112 760 2152 demittebantur5
798 2124 860 2154 quo
897 2113 1053 2154 praecipue

316 2155 486 2186 utebantur
507 2155 539 2186 in
562 2166 592 2186 re
613 2155 731 2192 divina,
754 2156 838 2186 unde
857 2162 964 2196 gultus
983 2155 1049 2196 jam

319 2205 392 2227 cum
406 2203 509 2237 patera
527 2197 738 2238 conjungitur.
787 2197 939 2236 Campana
952 2198 1050 2235 supel-

320 2238 376 2273 lex,
390 2238 463 2280 quia
478 2245 554 2270 terra
569 2240 600 2270 in
619 2239 793 2281 Campania
808 2239 890 2269 vasis
903 2238 1052 2269 fictilibus

320 2281 475 2328 praecipue
494 2281 695 2312 conficiendis
713 2287 786 2323 apta
807 2281 874 2311 suit.
918 2280 969 2311 Sic
991 2280 1049 2312 inf.

321 2322 388 2353 Sat.
403 2322 437 2358 in,
454 2324 485 2358 3,
502 2325 574 2359 144,
592 2323 745 2363 Campana
760 2324 870 2354 trulla.

366 2365 437 2395 120.
482 2366 620 2406 IlIarsyn,
653 2365 703 2396 vel
737 2366 894 2405 Marsyas:
940 2364 1046 2396 Schol-

321 2405 431 2448 Cruq„
449 2406 575 2448 Mausya
597 2414 698 2438 statua
720 2414 783 2438 erat
802 2418 857 2447 pro
875 2409 988 2441 rostr1's,
1009 2410 1048 2439 ad

319 2458 407 2487 quam
423 2449 553 2479 solebant
570 2451 725 2480 convenire
742 2450 897 2484 causidici,
915 2450 965 2488 qui
985 2450 1050 2481 lites

319 2496 348 2521 et
365 2493 482 2531 negotia
499 2493 669 2522 tractabant
683 2498 711 2521 et
725 2491 944 2531 componebant.
991 2491 1048 2522 Lo-

319 2542 371 2562 cus
382 2539 478 2563 autem
498 2545 598 2564 nomeu
615 2545 632 2562 ιι
648 2535 894 2572 statum-accepit,
909 2535 986 2572 quod
1008 2536 1050 2566 ibi

317 2584 413 2605 causer
429 2577 480 2616 agi
495 2577 626 2606 solebant
642 2582 668 2606 et
685 2577 852 2606 vadimonia
868 2576 944 2604 sisti.

366 2617 437 2648 l2l.
458 2617 787 2648 Noviorum—minoris
799 2629 808 2647 .·
824 2616 930 2647 Schol.
941 2616 1050 2658 Cruq.,

322 2657 426 2689 Minor
454 2661 531 2689 enim
563 2660 723 2690 Norint-um
753 2661 793 2690 ad
818 2660 893 2689 hanc
920 2665 1074 2691 statuam.

318 2701 700 2742 turpissimefoenerabalur
710 2712 821 2731 summo
830 2711 935 2737 mane;
959 2712 1051 2741 quare

309 2744 436 2782 jocatur
456 2743 615 2778 Horatius,
636 2745 781 2783 inquiem,
801 2743 954 2783 Marsyam
975 2745 1051 2774 alte-

1095 1288 1161 1307 ram
1182 1288 1304 1308 manum
1327 1278 1431 1309 habere
1448 1282 1575 1308 erectam
1598 1275 1660 1319 (qs.
1683 1275 1828 1307 &rufiaci

1100 1319 1186 1360 Virg.
1204 1320 1276 1351 AEn.
1295 1319 1338 1355 iv,
1354 1319 1426 1360 58),
1441 1321 1481 1350 ad
1499 1319 1684 1358 depellendos
1705 1318 1826 1353 Novius,

1095 1363 1171 1401 quod
1185 1371 1285 1391 eorum
1292 1361 1516 1402 faeneratorum
1532 1362 1747 1401 impudentiam
1766 1371 1827 1391 non

1094 1409 1183 1442 posset
1198 1404 1353 1434 sustinere.

1141 1445 1212 1475 123.
1235 1445 1322 1475 Lecto
1338 1446 1401 1475 Aut
1414 1446 1534 1484 scripto,
1551 1445 1628 1485 quod
1643 1454 1688 1474 me
1699 1445 1827 1475 tacitum

1085 1488 1188 1526 juvet,
1218 1492 1382 1527 postquam
1411 1486 1473 1526 legi
1500 1491 1554 1516 aut
1587 1484 1712 1527 scripsi*
1731 1486 1828 1528 quod,

1096 1527 1188 1558 tacite
1203 1538 1326 1558 mecum
1340 1527 1504 1568 agitatum,
1519 1537 1569 1558 me
1582 1527 1726 1559 delectet.

1142 1570 1212 1600 124.
1258 1570 1325 1600 Non.
1354 1581 1421 1610 quo,
1451 1574 1526 1600 cett.
1555 1579 1617 1601 non
1646 1569 1702 1600 tali
1732 1569 1827 1606 olivo,

1096 1611 1196 1652 quali,
1217 1611 1353 1642 lucernis
1372 1610 1538 1648 subducto,
1558 1612 1728 1642 immundas
1748 1611 1826 1654 (im-

1097 1663 1202 1694 purus,
1225 1653 1385 1694 sordidus)
1408 1655 1504 1684 Natta
1531 1653 1608 1695 ungi
1629 1653 1720 1685 solet.
1761 1653 1827 1684 Lu·

1093 1697 1188 1725 cernis
1193 1696 1368 1736 fraudatis,
1383 1705 1427 1726 sc.
1442 1695 1520 1726 oleo.

1140 1738 1210 1767 126.
1234 1737 1403 1785 Lusumquq
1426 1737 1691 1784 trigonam:·pilae
1720 1732 1830 1773 ludus,

1095 1778 1127 1809 in
1158 1779 1280 1810 balneis
1308 1789 1463 1821 praecipue
1494 1788 1630 1821 coi-pons
1662 1779 1826 1810 exercendi

1095 1830 1191 1851 causa
1210 1820 1381 1856 institutus,
1397 1821 1477 1857 ideo,
1493 1820 1576 1862 quod
1594 1825 1655 1852 tres
1673 1820 1826 1856 ludentes.

1094 1873 1224 1903 quorum
1247 1863 1325 1894 alter
1347 1864 1387 1894 ab
1408 1863 1502 1894 altero
1522 1862 1617 1910 pilam
1638 1861 1826 1905 excipiebat,

1094 1904 1127 1935 in
1160 1905 1306 1944 trianguli
1340 1905 1470 1946 figuram
1505 1905 1553 1936 dis
1609 1904 1655 1940 iti.
1686 1904 1824 1941 stabant,

1095 1948 1193 1988 trigon
1211 1947 1414 1989 (τρίγωνον)
1431 1947 1554 1989 appella
1577 1952 1657 1977 atur.

1140 1989 1209 2020 127.
1241 1990 1408 2024 Quantum,
1434 1995 1508 2020 cett.
1538 1993 1658 2020 tantum
1685 1987 1825 2030 quidem,

1094 2036 1246 2070 quantum
1277 2033 1459 2072 interpellet,
1487 2031 1518 2062 h.
1543 2040 1573 2062 e.
1598 2029 1760 2077 prohibeat
1785 2031 1824 2062 τὸ
1861 2065 1867 2069 ,

1093 2075 1217 2109 durare,
1241 2074 1455 2104 necessitatem
1477 2071 1610 2104 durandi
1631 2071 1719 2103 diem>
1738 2071 1826 2104 inani
1872 2079 1876 2084 '

1096 2122 1212 2150 ventre,
1226 2114 1256 2146 h.
1271 2125 1299 2145 e.
1313 2114 1477 2146 esuriendo
1491 2115 1573 2146 diem
1584 2113 1742 2156 exigendi.

1141 2157 1210 2186 128.
1254 2157 1437 2188 Domesticus
1471 2160 1558 2193 otior,
1588 2156 1671 2187 intra
1698 2155 1825 2187 domum

1094 2206 1192 2228 meam
1210 2199 1380 2229 contineor.

1139 2239 1210 2269 129.
1240 2239 1308 2269 Vita
1333 2241 1507 2276 solutorum,
1530 2244 1604 2270 cett.
1632 2239 1695 2270 vita
1719 2249 1825 2270 eorum

1092 2279 1147 2320 qui
1175 2281 1264 2311 liberi
1286 2287 1359 2312 sunt
1385 2282 1424 2312 ab
1452 2281 1603 2312 honorum
1629 2290 1824 2322 consequen-

1092 2322 1200 2352 dorum
1229 2323 1345 2360 studio,
1371 2333 1443 2354 cum
1473 2322 1592 2354 miseris
1620 2327 1651 2354 ct
1679 2323 1826 2364 gravibus

1091 2363 1174 2394 curis
1185 2364 1365 2406 conjuncto.

1138 2407 1208 2436 130.
1234 2407 1302 2442 His,
1325 2407 1364 2438 ad
1383 2406 1450 2438 haec
1470 2406 1541 2437 vitm
1559 2411 1714 2449 praecepta
1734 2406 1824 2439 ehad
1870 2403 1875 2438 ἦ

1092 2447 1147 2477 has
1161 2449 1342 2479 sententias.

1140 2491 1207 2521 131.
1233 2491 1366 2524 Quoestor
1380 2501 1464 2527 avus,
1480 2494 1554 2521 cett.
1567 2489 1718 2522 invidiose
1733 2495 1825 2533 poeta

1091 2541 1146 2573 pro
1161 2534 1263 2562 consul
1281 2533 1328 2564 vel
1343 2539 1452 2573 proetor
1471 2531 1587 2562 dixisse
1606 2530 1728 2563 videtur
1742 2544 1822 2574 quae-
1867 2543 1871 2566 ζ
1901 2553 1904 2555 -

1091 2580 1161 2609 stor,
1192 2574 1267 2615 quia
1295 2580 1471 2617 quaestores,
1501 2573 1679 2604 divitiarum
1709 2584 1823 2618 conge·
1867 2581 1871 2590 ’

1091 2616 1255 2646 rendamm
1288 2617 1458 2658 cupiditate
1485 2615 1627 2652 infames,
1662 2625 1726 2646 non
1755 2626 1822 2647 raro

1092 2658 1234 2700 exempla
1257 2660 1432 2693 exstabant.
1450 2657 1490 2688 de
1508 2667 1640 2698 quorum
1661 2657 1824 2690 nobilitate

1092 2709 1200 2741 parum
1217 2710 1250 2731 se
1261 2701 1380 2742 jactare
1396 2705 1523 2742 possent
1536 2704 1674 2742 nepotes.

1882 0 1904 129 l
