1884 3288
658 221 884 264 LIBER
918 221 953 272 Ι,
992 223 1027 263 l.
1601 223 1628 263 3

352 326 442 368 Seu
461 325 552 366 visa
572 330 641 366 est
660 322 817 365 catulis
838 337 967 365 cerva
986 321 1208 373 fidelibus,

349 393 439 435 Seu
458 392 578 448 rupit
599 398 760 433 teretes
782 389 962 432 Marsus
983 405 1091 446 aper
1111 390 1283 446 plagas.

352 461 431 503 Me
452 455 679 503 doctarum
699 459 844 501 ederae
864 459 1044 514 praemia
1065 457 1273 501 frontium

264 530 323 572 30
352 529 436 571 Dis
457 529 639 571 miscent
660 527 831 583 superis
848 543 857 568 ε
889 541 957 568 me
977 526 1171 582 gelidum
1192 543 1343 569 nemus

351 595 747 652 Nympharumque
766 593 883 637 leves
905 610 1003 638 cum
1025 594 1194 650 Satyris
1216 595 1340 637 chori

354 666 600 708 Secernunt
621 662 809 719 populo:
843 663 879 704 si
899 678 1042 718 neque
1064 663 1193 705 tibias

355 733 555 789 Euterpe
576 732 768 781 cohibet,
791 746 872 773 nec
895 730 1184 787 Polyhymnia

355 801 578 844 Lesboum
598 799 762 855 refugit
782 799 964 841 tendere
983 800 1203 842 barbiton.

269 869 327 911 35
358 868 533 917 Quodsi
552 883 619 910 me
639 867 785 924 lyricis
803 867 975 909 vatibus
998 867 1167 919 inseris,

315 967 336 990 .
356 936 542 980 Sublimi
560 936 713 979 feriam
734 935 878 979 sidera
898 936 1073 978 vertice.

110 1063 167 1100 29,
198 1064 252 1096 30.
289 1062 342 1096 Me
375 1065 534 1097 docturum
569 1065 663 1097 ederae
699 1067 825 1106 praemia

55 1105 219 1150 finalium
246 1107 305 1139 Dis
330 1110 456 1140 miscent
483 1110 611 1149 superis,
641 1108 674 1140 h.
705 1119 734 1140 e.
765 1119 825 1150 ego

67 1159 140 1182 sum
166 1155 272 1193 poeta,
299 1156 332 1183 et
356 1156 518 1193 poetarum
543 1151 686 1194 praemio,
713 1161 828 1183 corona

38 1208 43 1222 ι
66 1192 232 1228 ederacea,
258 1193 385 1225 cinctus
413 1194 543 1225 deorum
574 1194 724 1226 admittor
751 1205 829 1226 con-

67 1235 155 1268 cilio.
199 1237 308 1268 Poetae
333 1237 419 1268 enim
443 1236 564 1274 divino,
587 1248 652 1280 quo
676 1244 828 1279 aguntur,

39 1320 41 1322 Ι
65 1277 172 1311 furore
197 1279 283 1321 pleni
306 1279 368 1311 diis
390 1279 553 1316 interesse,
583 1291 701 1322 eosque
729 1282 832 1312 videre

69 1321 154 1364 (Od.
176 1321 212 1358 ii,
239 1323 289 1360 19,
313 1323 353 1364 2)
377 1328 410 1354 et
430 1325 542 1354 audire
565 1323 648 1364 (Od.
673 1323 718 1362 iii,
734 1325 766 1359 4,
790 1325 829 1364 6)

49 1364 132 1397 'sibi
169 1365 331 1397 videntur.
390 1365 518 1397 Edem.-
555 1368 659 1402 edera,
699 1367 831 1398 Baccho

36 1414 171 1450 J‘sacra,
200 1419 292 1451 aeque
320 1419 357 1440 ac
386 1408 507 1446 laurus,
539 1416 716 1451 poetarum,
749 1420 831 1451 prae-

33 1473 39 1487 ς
69 1451 164 1494 cipue
185 1451 310 1483 Bacchi
324 1451 436 1484 laudes
451 1452 648 1487 canentium,
665 1452 831 1495 praemium

32 1491 49 1532 ’ᾗ
70 1499 168 1536 atque
183 1493 322 1536 insigne.
345 1494 438 1537 Virg.
455 1495 527 1526 Ecl.
546 1495 599 1532 vii,
615 1497 670 1534 25,
690 1496 831 1528 pastores

69 1538 163 1569 edera
190 1545 370 1580 crescentem
400 1545 506 1569 ornate
535 1546 665 1579 poetam.
714 1539 829 1570 Docta-

69 1591 141 1612 rum
145 1581 320 1624 frontium,
334 1581 499 1613 doctorum
514 1587 678 1624 poetarum
691 1593 698 1611 :
724 1583 834 1614 doctus

35 1626 38 1627 ⁷
70 1622 214 1667 (σοφὸς)
235 1623 376 1656 solemne
395 1631 571 1667 poetarum,
588 1624 741 1657 doctrinae
763 1625 831 1657 lau-

71 1667 144 1699 dem
166 1666 227 1699 sibi
252 1666 495 1706 vindicantium,
517 1667 692 1710 epitheton.
737 1669 831 1700 Cete-

71 1719 142 1741 rum
159 1709 382 1747 Wakefieldio,
400 1710 440 1742 Te
455 1712 624 1747 doctarum,
641 1717 678 1742 ut
693 1710 732 1742 ad
747 1712 832 1743 Μεθ-

32 1772 38 1775 —
69 1758 220 1785 tanatem
240 1753 404 1791 reseratur,
423 1764 479 1796 pro
501 1753 554 1784 Me
577 1756 736 1785 doctarum
759 1761 834 1786 cett.

73 1795 246 1838 legendum
275 1807 346 1829 esse
375 1796 581 1828 contendenti
616 1807 709 1828 nemo
739 1797 835 1830 facile

73 1839 512 1882 suffragabitur.—[Recepit
533 1845 640 1871 tamen
667 1839 834 1872 lectionem

72 1889 105 1914 ts
133 1882 167 1914 in
197 1881 291 1914 fidem
326 1888 360 1914 et
388 1882 570 1914 clientelam
607 1893 699 1914 suam
733 1884 836 1925 gravis

74 1929 227 1969 patronus
255 1924 498 1958 Illustrissimus
529 1925 664 1958 Wolfius
691 1926 725 1957 in
758 1926 853 1958 Litts

75 1968 173 2000 Anal.
190 1968 225 2006 ii,
243 1979 276 2012 p.
296 1969 358 2001 261
382 1979 453 2012 sqq.
498 1969 660 2001 Lubenter
678 1970 718 2000 ab
739 1969 836 2012 hujus

76 2011 187 2054 magni
209 2011 267 2044 viri
286 2012 476 2044 auctoritate
498 2018 625 2050 starem,
645 2012 707 2043 nisi
729 2019 837 2044 essent

99 2065 150 2087 uae
165 2065 216 2087 me
232 2055 323 2087 aliter
337 2055 377 2088 de
388 2054 447 2087 hoc
460 2054 530 2087 loco
543 2055 660 2087 sentire
672 2055 836 2098 juberent.

120 2097 244 2130 utentia
258 2098 356 2140 hujus
370 2097 468 2130 totius
486 2098 638 2140 carminis
651 2105 700 2130 est
719 2104 751 2130 et
766 2109 834 2130 ma-

27 2155 37 2181 }
76 2146 131 2173 net
153 2140 245 2174 baec:
269 2141 406 2173 Diversa
426 2141 532 2184 plane,
559 2142 737 2178 Maecenas,
761 2142 834 2174 vitae

33 2186 43 2210 Ἰ
76 2183 184 2216 studia
197 2189 361 2217 sectantur
374 2184 538 2224 homiues;
562 2184 644 2216 alius
662 2185 734 2220 hoc,
751 2185 835 2216 alius

27 2247 33 2263 ,-
77 2226 166 2259 alind
177 2227 405 2272 amplectitur;
426 2238 485 2269 ego
496 2238 628 2271 poeseos
638 2228 715 2259 mihi
731 2228 835 2270 delegi

26 2275 27 2278 ’
74 2270 239 2310 ιωᾶὶιιιιη
262 2270 376 2314 quodsi
397 2271 494 2313 igitur
514 2271 573 2302 tibi
596 2281 660 2302 nou
685 2271 837 2313 indignus

70 2313 198 2351 videar,
218 2314 275 2357 qui
293 2321 457 2358 poetarum
477 2314 574 2346 choro
596 2314 767 2350 adscribat,
786 2325 837 2347 me

28 2374 33 2393 -,
70 2355 299 2391 felicissimum
329 2357 520 2400 praedicabo.
574 2358 620 2388 At
650 2356 677 2388 si
708 2367 764 2400 pro
794 2370 839 2390 me

78 2398 196 2442 legeris
216 2406 256 2437 te,
271 2399 346 2432 erit:
371 2400 454 2432 alius
469 2401 541 2436 hoc,
558 2401 640 2432 alius
659 2399 747 2432 aliud
767 2406 836 2432 stu-

27 2446 38 2487 3ss
79 2442 168 2475 dium
191 2443 356 2486 sequitur3
380 2449 417 2475 tu
443 2454 478 2475 es
500 2450 604 2485 poeta,
628 2449 660 2475 et
682 2454 741 2485 ego
767 2454 839 2475 sum

23 2500 30 2518 ξ
78 2491 183 2529 poeta.
226 2487 405 2523 Maecenas.
428 2485 586 2530 quidquid
607 2486 647 2518 de
670 2486 740 2529 ejus
762 2487 839 2519 doc-

19 2539 40 2573 3',
78 2529 164 2561 trina
175 2533 208 2561 et
222 2539 354 2572 poeseos
367 2529 474 2561 studio
494 2529 622 2561 tradant
635 2529 842 2572 venduntque

28 2587 32 2603 ;
80 2572 262 2616 scriptores,
277 2583 342 2604 non
358 2573 419 2604 fuit
433 2578 546 2616 poeta3
570 2583 634 2604 non
654 2573 732 2615 ejus
746 2573 843 2604 fronti

28 2623 34 2639 ἑ
81 2613 218 2653 hedum,
234 2616 367 2660 praemia
384 2617 548 2648 doctorum
571 2621 748 2659 poetarum,
766 2627 842 2648 con·

23 2663 41 2697 *⁷
81 2658 275 2699 veniebant3
308 2670 386 2697 non,
418 2665 455 2691 ut
485 2665 578 2702 poeta
606 2659 772 2697 Horatius,
804 2669 838 2692 se

17 2730 20 2735 .
81 2700 213 2734 miscere
234 2706 358 2745 poterat
378 2701 440 2734 diis
462 2702 607 2745 superis:
632 2702 696 2734 imo
718 2702 746 2734 si
769 2713 841 2735 vere

70 2743 239 2794 nuntius
256 2745 434 2790 scripsisset
453 2752 505 2783 τε,-
530 2746 557 2777 si
581 2756 653 2778 vere
674 2746 840 2778 Maecena-

868 1070 932 1097 tem
959 1064 994 1096 in
1023 1065 1084 1097 hoc
1111 1064 1152 1096 ad
1181 1075 1254 1096 eum
1284 1063 1401 1107 scripto
1427 1061 1568 1095 carmine
1597 1067 1635 1094 ut
1656 1070 1667 1078 ⁸

870 1118 1021 1150 magnum
1037 1113 1162 1151 poetam
1183 1107 1395 1146 celebrasset3
1419 1111 1543 1149 apertus
1564 1117 1635 1148 pro-

873 1151 957 1183 fecto
986 1151 1070 1194 apud
1104 1161 1215 1182 omnes
1246 1151 1412 1182 Romanos
1442 1148 1635 1180 Maecenatis

873 1195 1019 1226 adulator
1031 1194 1199 1226 extitisset.
1248 1194 1400 1225 Horatius
1421 1203 1484 1224 non
1501 1191 1636 1232 gloriose

873 1244 906 1270 et
917 1238 1078 1280 jactanter
1091 1238 1245 1279 loquitur,
1263 1237 1318 1269 sed
1335 1237 1475 1279 loquitur
1490 1236 1525 1266 iit
1541 1241 1638 1277 poeta

873 1283 1010 1319 entheas,
1035 1280 1092 1323 qui
1110 1280 1228 1311 divinae
1252 1290 1383 1323 poeseos
1408 1279 1438 1310 vi
1462 1284 1494 1310 et
1521 1278 1637 1310 honore

875 1324 1012 1365 agitatus
1027 1334 1059 1355 se
1080 1323 1192 1355 miscet
1209 1323 1271 1355 diis
1289 1322 1423 1366 superis,
1440 1327 1472 1352 et
1487 1327 1523 1352 ut
1543 1327 1637 1362 poeta

876 1367 997 1409 lyricus
1022 1368 1147 1398 sublimi
1170 1368 1283 1398 vertice
1296 1366 1402 1409 ferire
1425 1364 1486 1396 sibi
1512 1364 1637 1396 videtur

876 1412 989 1441 sidera.
1037 1410 1119 1447 Quis
1133 1409 1494 1452 Horatiumjactatorem
1506 1407 1635 1443 habeat,

876 1452 902 1483 si
923 1453 1010 1484 canit
1031 1452 1095 1484 Od.
1111 1451 1146 1488 ii,
1161 1454 1216 1488 20,
1236 1451 1305 1484 Νυη
1327 1454 1456 1488 usitata,
1474 1462 1527 1482 nec
1550 1450 1637 1482 tenui

863 1495 964 1537 ferar·
987 1497 1109 1533 Penna,
1135 1502 1194 1527 etc.
1219 1495 1270 1527 vel
1298 1494 1363 1526 Od.
1389 1494 1436 1530 iii,
1459 1495 1514 1530 30,
1540 1493 1638 1535 Exegi

874 1545 1101 1571 monumentum
1122 1549 1180 1570 aere
1198 1541 1364 1579 perennius
1382 1538 1554 1578 Regalique
1573 1538 1638 1567 situ

878 1582 1083 1623 Pyramidum
1106 1583 1227 1613 altius?
1250 1582 1284 1612 Si
1310 1580 1462 1613 Horatius
1485 1581 1519 1610 in
1542 1590 1572 1611 v.
1594 1580 1638 1610 29

877 1625 916 1656 ad
938 1626 1151 1656 Maecenatem
1174 1630 1355 1656 convertere
1373 1623 1527 1655 voluisset
1542 1622 1638 1654 orati-

876 1678 981 1704 onem,
1014 1668 1122 1700 haecce
1151 1668 1214 1699 sere
1242 1667 1271 1699 ei
1296 1666 1504 1710 exprimenda
1528 1665 1641 1697 fuisset

877 1712 1050 1743 sententia:
1091 1711 1137 1743 Te
1169 1711 1262 1753 juvat
1295 1721 1400 1742 rerum
1436 1709 1638 1751 publicarum

877 1765 946 1786 esse
960 1760 1134 1786 curatorem
1150 1760 1183 1784 et
1198 1753 1454 1794 administrum]

921 1799 1064 1829 31—34.
1104 1797 1197 1828 Leues
1225 1796 1305 1828 refer
1336 1797 1377 1827 ad
1414 1794 1640 1838 Nympharum

879 1851 952 1872 cum
984 1839 1105 1882 Satyris
1135 1839 1322 1870 saltantium
1351 1838 1540 1880 agilitatem.
1586 1839 1639 1870 Se-

878 1890 1010 1915 cernunt
1038 1883 1161 1923 populo,
1187 1882 1290 1925 possis
1319 1882 1498 1925 explicare:
1530 1881 1639 1924 sejun-

880 1932 961 1968 gunt
975 1936 994 1957 a
1010 1925 1169 1958 consortio
1184 1931 1217 1957 et
1231 1925 1462 1956 consuetudine
1478 1935 1551 1956 cum
1569 1924 1642 1955 aliis

882 1969 1076 2004 hominibus,
1093 1967 1188 2000 mein
1209 1968 1382 2000 solitudine
1399 1969 1515 2009 (quam
1533 1974 1643 1998 amant

879 2013 1008 2055 poetae)
1023 2012 1204 2050 delectant3
1230 2011 1286 2042 sed
1308 2022 1382 2043 cum
1405 2017 1566 2042 secernunt
1588 2022 1642 2050 po·

875 2057 953 2096 pulo
981 2058 1032 2098 τῷ
1059 2055 1118 2086 Dis
1140 2056 1265 2086 miscent
1289 2056 1407 2095 superis
1435 2053 1639 2096 respondeat,

877 2098 989 2129 malim
1003 2098 1163 2140 explicare
1175 2111 1181 2128 ε
1207 2108 1258 2129 me
1269 2097 1472 2139 distinguunt
1481 2107 1500 2128 a
1511 2097 1642 2140 populo,

879 2141 963 2173 ultra
977 2141 1140 2182 vulgarem
1155 2141 1320 2172 hominum
1336 2146 1452 2172 sortem
1468 2141 1641 2175 extollunt.

878 2183 912 2215 in
937 2184 1119 2216 societatem
1146 2184 1278 2216 deorum
1308 2195 1359 2215 me
1387 2183 1564 2215 adducunt.
1609 2184 1643 2215 Si

878 2238 947 2270 pro,
963 2227 1132 2270 siqnidem.
1147 2226 1418 2269 quandoquidem.
1464 2226 1645 2267 Euterpe—

881 2271 1088 2313 Poluhymnia
1117 2281 1173 2313 pro
1208 2270 1322 2312 quavis
1352 2281 1455 2302 musa.
1509 2271 1645 2308 cohibet,

879 2308 1006 2351 retinet,
1035 2315 1183 2355 denegat.
1229 2313 1363 2356 Refugit
1387 2315 1509 2345 rendere
1537 2314 1644 2344 Lesbo-

881 2369 933 2388 um
952 2359 1105 2393 barbiton,
1126 2356 1274 2388 abhorret
1295 2367 1313 2387 a
1331 2357 1499 2388 tractando
1518 2356 1643 2388 barbito

883 2401 1017 2437 Lesbon,
1039 2400 1071 2431 h.
1093 2410 1121 2431 e.
1141 2410 1159 2431 a
1179 2399 1375 2431 carminibus
1392 2400 1514 2442 lyricis,
1537 2399 1647 2442 qualia

883 2443 958 2475 olim
991 2444 1124 2475 Alcaeus
1149 2442 1286 2474 Lesbius
1308 2449 1340 2474 et
1366 2443 1496 2486 Sappho
1528 2442 1646 2475 Lesbia

885 2487 1088 2519 cecinerunt:
1111 2487 1245 2521 tendere,
1263 2485 1349 2527 quod
1365 2486 1488 2529 proprie
1497 2487 1537 2517 de
1553 2486 1645 2518 chor-

886 2529 948 2566 dis,
976 2541 1049 2572 quae
1075 2530 1149 2571 lyrae
1176 2528 1398 2566 intenduntur,
1424 2529 1554 2567 dicitur,
1577 2529 1647 2571 jam

886 2584 955 2616 pro,
971 2573 1139 2608 moderari,
1155 2578 1342 2614 temperare,
1357 2578 1503 2604 tractare.

931 2617 986 2648 36.
1008 2615 1268 2658 Sublimiferiam
1288 2617 1388 2647 sidera
1411 2618 1542 2648 vertice:
1568 2615 1646 2646 sub-

883 2659 958 2692 lime
994 2665 1093 2702 caput
1131 2659 1170 2690 ad
1209 2658 1314 2690 sidera
1341 2669 1443 2701 usque
1481 2659 1646 2695 extollam,

884 2702 918 2734 h.
938 2713 968 2734 e.
990 2703 1030 2733 ad
1051 2702 1155 2734 sidera
1176 2712 1279 2744 usque
1302 2712 1417 2735 nomen
1438 2713 1542 2734 meum
1565 2703 1647 2735 cele-

884 2746 1036 2778 brabitur.
