1884 3288
314 229 371 270 50

872 220 1268 272 CARMINUM

600 331 771 387 Urget?
799 333 868 373 cui
890 333 1052 382 Pudor,
1074 339 1116 374 et
1137 333 1327 374 Justitiae
1349 348 1482 383 soror,

599 398 853 453 Incorrupta
873 399 1020 449 Fides,
1041 400 1240 453 nudaque
1262 399 1435 441 Veritas

656 464 843 511 Quando
864 464 995 505 ullum
1015 465 1199 506 inveniet
1221 468 1397 520 parem?

598 530 750 571 Multis
772 531 842 571 ille
862 532 985 571 bonis
1006 531 1158 575 flebilis
1180 533 1358 573 occidit:

517 598 569 637 10
598 597 721 639 Nulli
739 598 934 647 flebilior,
957 612 1082 651 quam
1104 598 1194 646 tibi,
1218 598 1386 652 Vin-gili.

596 663 668 704 Tu
691 665 849 705 frustra
869 665 981 718 pius,
1002 664 1114 705 heu!
1147 679 1233 705 non
1254 665 1314 705 ita
1333 665 1543 706 creditum

652 730 802 771 Poscis
824 729 1103 776 Quinctilium
1126 730 1259 771 Deos.

599 797 731 843 Quod
753 797 789 837 si
809 797 1014 838 Threicio
1034 797 1232 838 blandius
1255 796 1437 851 Orpheo

599 863 802 904 Auditam
823 863 1045 904 moderere
1066 864 1290 904 arboribus
1311 863 1455 912 fidem,

517 930 568 970 15
597 928 700 970 Non
721 945 839 970 vanae
859 929 1009 970 redeat
1030 930 1202 984 sanguis
1222 930 1407 983 imagini,

653 996 793 1042 Quam
813 996 932 1049 virga
953 995 1082 1036 semel
1103 995 1290 1044 horrida,

596 1062 701 1103 Non
721 1062 827 1103 lenis
848 1062 1048 1116 precibus
1070 1060 1156 1102 fata
1177 1061 1414 1108 recludere,

595 1127 735 1181 Nigro
757 1127 1007 1182 compulerit
1029 1126 1273 1167 Mercurius
1294 1126 1428 1180 gregi.

593 1195 787 1236 Durum!
821 1195 908 1235 Sed
927 1194 1062 1235 levius
1083 1194 1132 1235 fit
1153 1194 1371 1248 patientia,

508 1262 566 1303 20

313 1373 391 1403 AEn.
407 1372 449 1408 vi,
464 1372 558 1413 278).
577 1373 668 1403 modo
686 1379 856 1412 perpetuus,
877 1371 1042 1413 ἀτέρμων,

311 1416 405 1446 modo
415 1417 530 1457 longus,
540 1417 678 1457 μακρὸς,
690 1415 864 1456 νήγρετος,
878 1415 1040 1456 modoser-

309 1468 391 1492 reus,
402 1457 554 1498 χάλκεος,
564 1458 688 1492 dicitur,
699 1458 874 1488 sexcenties
884 1457 922 1488 de
934 1462 1039 1488 morte:

314 1500 405 1540 Virg.
422 1501 500 1530 AEn.
516 1501 559 1535 ix,
576 1501 650 1536 745,
666 1499 723 1530 Ilei
747 1501 827 1530 dura
846 1501 925 1540 quies
944 1500 1041 1529 oculos

309 1548 339 1572 et
353 1543 479 1583 ferreus
495 1548 583 1584 urget
602 1542 737 1578 Somnus,
753 1543 785 1572 in
801 1549 941 1572 (eternam
956 1544 1039 1571 clau-

310 1586 430 1614 duntur
443 1585 560 1615 lumina
574 1590 707 1615 noctem:
730 1583 771 1614 cf.
783 1584 822 1614 ad
832 1583 953 1614 Catull.
965 1594 993 1619 v,
1008 1585 1039 1614 6.

313 1627 372 1657 Cui
393 1627 505 1661 Pudor,
519 1633 547 1657 et
561 1626 695 1656 Justitiae
706 1637 800 1660 soror,
815 1631 888 1656 cett.
900 1625 970 1667 quis
983 1636 1039 1656 un-

310 1678 404 1709 quam
421 1668 544 1710 reperiri
559 1667 672 1709 poterit
680 1678 717 1698 eo
727 1667 905 1701 modestior,
918 1667 1043 1708 justior,

310 1710 457 1746 sanctior,
472 1715 504 1740 et
519 1710 701 1741 candidiori
731 1709 910 1743 Observent
932 1709 1046 1740 tirones

309 1752 344 1782 in
379 1751 543 1793 magnifico
579 1752 673 1793 hujus
703 1751 854 1793 simplicis
884 1752 1045 1782 sententiae

310 1801 420 1825 ornatu
438 1800 537 1836 poetae
555 1800 663 1825 artem.
707 1794 758 1824 De
775 1794 906 1829 Pudore,
922 1799 956 1824 ut
969 1794 1039 1830 deo,

309 1837 361 1867 Cl.
374 1837 505 1868 Mitsch.
522 1837 631 1867 laudat
646 1835 755 1877 Eurip.
770 1836 895 1877 Fragm.
912 1837 1041 1878 Hippoi.

307 1879 389 1920 apud
407 1879 495 1909 Stob.
519 1879 557 1909 T.
573 1880 625 1909 31.
671 1878 866 1918 Incorrupta,
886 1879 1041 1920 corrumpi

307 1921 425 1955 nescia,
441 1926 562 1956 sancta,
578 1920 772 1951 intemerata.

301 1964 304 1965 ⁷
353 1963 404 1999 11,
423 1965 474 1994 12.
502 1963 686 2005 Tvtji·ustra
707 1964 788 2001 pius,
814 1962 893 1991 heu!
917 1973 974 1992 non
996 1962 1039 1991 ita

308 2007 458 2036 creditum
475 2006 574 2035 Poscis
591 2006 792 2039 Quinctilium
804 2004 888 2034 Deos.
911 2005 1039 2039 Sensus,

308 2047 399 2078 docta
410 2046 560 2088 loquendi
576 2047 726 2078 brevitate
742 2046 835 2087 paulo
850 2045 1036 2086 impeditior,

307 2095 354 2120 est
384 2090 446 2120 fere
473 2089 523 2120 liic
537 2101 543 2119 :
578 2095 611 2119 tu
636 2098 816 2130 susceperas
839 2088 964 2129 quidem
990 2088 1040 2129 pia

307 2137 380 2162 vota
394 2143 448 2173 pro
463 2132 525 2162 vita
542 2131 709 2167 Quinctilii
725 2142 733 2168 ;
756 2129 811 2160 sed
828 2130 952 2164 frustra,
966 2140 1038 2159 nam

307 2174 386 2205 eheu
402 2174 409 2204 ἒ
436 2184 517 2205 nunc
540 2173 643 2215 poscis
657 2184 675 2204 a
690 2172 762 2208 diis,
778 2178 813 2202 ut
834 2171 966 2202 reddant
981 2171 1037 2202 tibi

309 2216 530 2253 Quinctilium,
557 2226 650 2257 quem
674 2216 750 2256 (nnn
774 2215 836 2251 ita)
860 2215 951 2254 longe
976 2213 1038 2245 alia

305 2258 496 2294 conditione,
513 2268 585 2294 non,
604 2265 636 2288 ut
654 2268 724 2288 eum
742 2258 818 2287 mori
844 2262 1036 2297 paterentur,

305 2301 360 2332 sed
378 2307 411 2332 ut
424 2311 495 2331 eum
510 2306 679 2334 servarent,
689 2310 795 2330 eorum
809 2299 882 2329 fidei
892 2298 1033 2329 credide-

305 2353 368 2374 ras.
426 2343 594 2378 Creditum,
630 2341 774 2373 nimirum
810 2351 848 2371 ex
875 2340 976 2382 prisco
1004 2346 1035 2371 et

305 2385 416 2426 priscis
426 2384 623 2426 opinionibus
638 2383 870 2415 accommodato
885 2382 1034 2423 loquendi

307 2438 377 2463 usu,
408 2427 462 2468 qui
491 2432 562 2457 vota
595 2425 782 2467 suscipiunt,
818 2425 877 2455 diis
917 2424 1036 2466 aliquid

304 2472 434 2505 credere,
460 2475 491 2500 et
510 2469 566 2505 (lii,
583 2469 667 2510 quod
687 2469 744 2498 sub
766 2474 904 2498 votorum
929 2466 1037 2498 condi-

306 2512 388 2543 tione
403 2511 442 2542 iis
456 2513 602 2542 creditum
618 2518 675 2547 est,
690 2512 793 2540 debere
808 2510 965 2540 dicuntur.

350 2555 486 2585 13-18,
508 2555 640 2584 Sensus:
667 2554 810 2595 quamvis
833 2551 956 2582 dulcius
979 2561 1032 2582 ca-

305 2607 393 2627 neres
406 2596 543 2637 Orpheo,
556 2596 605 2626 cui
619 2596 743 2626 arbores
759 2595 838 2625 adeo
854 2603 943 2624 aures
955 2605 1032 2635 prae-

303 2640 410 2674 buere,
443 2637 607 2675 Quinctilii
646 2643 748 2668 tamen
784 2637 899 2672 anima,
935 2637 1031 2667 semel

302 2681 505 2712 inexorabilis
533 2679 682 2711 Mercurii
723 2679 809 2718 virga
846 2678 886 2708 ad
919 2677 1033 2708 inferos

302 2723 478 2766 compulsa,
506 2733 663 2764 nunquam
700 2721 733 2752 in
766 2730 877 2762 corpus
906 2719 1031 2755 redibit,

302 2766 334 2797 h.
356 2776 385 2796 e.
413 2764 621 2802 Quinctilium
647 2764 741 2795 semel
766 2770 919 2793 mortuum
946 2762 1031 2793 haud

302 2809 333 2838 in
349 2807 444 2838 vitam
461 2807 630 2838 revocabis.
660 2806 846 2847 Nuperrime
862 2804 982 2846 prolata
997 2805 1029 2835 in

301 2851 375 2881 edit.
435 2848 666 2889 Vanderburgii
701 2848 793 2878 lectio
807 2858 813 2877 ε
863 2847 968 2881 Quid?
1005 2850 1030 2877 si

302 2891 565 2923 Threicio—Num
577 2903 611 2922 va
617 2902 658 2921 nae
669 2891 899 2930 redeat—gregi
910 2890 922 2918 ?
935 2899 1027 2929 quam

297 2940 456 2977 tantopere
472 2933 543 2965 aliis
559 2934 682 2975 placere
693 2932 795 2966 video,
811 2931 885 2962 mihi
900 2930 1025 2972 quidem

652 1262 878 1316 Quidquid
898 1262 1112 1316 corrigere
1132 1268 1198 1302 est
1215 1260 1349 1302 nefas.

1085 1370 1242 1402 citandam
1258 1381 1326 1402 esse
1341 1369 1524 1413 particulam
1540 1381 1612 1406 non,
1625 1380 1696 1401 cnm
1713 1370 1816 1412 gravi-

1086 1418 1149 1444 tate
1171 1414 1314 1455 positam,
1330 1414 1406 1444 satis
1426 1412 1538 1444 docent
1561 1412 1623 1444 alia
1645 1413 1726 1449 loca,
1743 1413 1816 1444 huic

1085 1462 1190 1486 nostro
1214 1456 1395 1486 simillima:
1426 1455 1485 1486 inf.
1506 1454 1550 1490 iv,
1576 1456 1609 1491 7,
1633 1456 1688 1491 21,
1713 1455 1816 1490 Quum

1084 1499 1169 1528 semel
1195 1500 1347 1534 occideris,
1375 1505 1402 1528 et
1427 1499 1463 1528 de
1485 1503 1512 1528 te
1534 1498 1690 1536 splendida
1716 1498 1817 1529 Minos

1085 1540 1114 1570 F
1113 1542 1204 1571 ecerit
1219 1542 1359 1575 arbitria,
1374 1540 1454 1575 Non,
1468 1539 1627 1580 Torquate,
1637 1550 1744 1580 genus,
1754 1551 1815 1570 non

1083 1588 1112 1612 te
1127 1583 1295 1623 facundia,
1310 1594 1369 1612 mm
1385 1589 1412 1612 te
1430 1581 1578 1612 Restituet
1591 1583 1710 1621 pieton
1732 1587 1765 1612 et
1779 1581 1815 1619 ii,

1086 1625 1136 1659 14,
1153 1625 1184 1660 5,
1204 1625 1271 1655 Non
1287 1626 1312 1655 si
1330 1626 1464 1661 trecenis,
1485 1630 1624 1664 quotquot
1646 1629 1720 1654 eunt
1741 1625 1815 1660 dies,

1086 1667 1301 1706 Amice,plnces
1310 1667 1332 1696 il
1336 1667 1547 1696 lacrimabilem
1558 1666 1690 1696 Plutona
1701 1667 1813 1703 tauris,-

1085 1708 1173 1739 etsie
1190 1709 1316 1750 passim.
1362 1708 1614 1749 Modererefidem
1626 1719 1636 1738 .·
1646 1709 1743 1749 fide-m
1753 1719 1814 1738 mn-

1087 1752 1203 1787 derari,
1219 1757 1253 1781 ut
1273 1752 1369 1791 lyram
1393 1757 1568 1790 temperare,
1590 1760 1656 1791 pro,
1679 1749 1814 1792 pulsare.

1083 1795 1229 1824 Auditum
1239 1794 1409 1824 arboribus.-
1425 1792 1576 1834 cf-sup.i,
1587 1793 1638 1828 12,
1654 1793 1708 1822 ll:
1725 1794 1812 1823 arbo-

1083 1836 1167 1865 ribus
1181 1840 1229 1866 est
1243 1845 1335 1866 casus
1352 1834 1472 1865 tertius.
1517 1835 1587 1865 Non
1605 1845 1689 1865 vanae
1709 1836 1813 1867 redeat

1084 1880 1206 1918 sanguis
1222 1879 1370 1919 imagini:
1396 1887 1478 1907 vana
1489 1875 1604 1918 imago,
1621 1876 1653 1906 h.
1667 1886 1697 1907 e.
1708 1877 1813 1908 anima

1083 1919 1150 1950 sine
1166 1929 1303 1960 corpore,
1327 1930 1388 1950 non
1410 1919 1516 1950 redeat
1529 1918 1559 1949 iu
1583 1928 1705 1960 corpuS,
1728 1920 1814 1960 quod

1084 1961 1145 1991 vim
1166 1962 1290 1992 vitalem
1316 1973 1333 1992 a
1357 1961 1509 2002 sanguine
1531 1961 1658 2002 accipit,
1674 1960 1707 1991 h.
1724 1971 1755 1992 e.
1779 1960 1812 1993 in

1082 2003 1178 2034 vitam
1196 2004 1374 2034 humanam.
1397 2005 1512 2034 Auimae
1526 2007 1727 2038 mortuorum,
1738 2004 1814 2045 quia

1078 2052 1236 2076 externam
1262 2045 1397 2087 speciem
1421 2045 1570 2086 corporis,
1588 2044 1674 2085 quod
1693 2044 1724 2076 in
1747 2045 1813 2076 vita

1081 2087 1268 2123 habuerunt,
1295 2094 1513 2129 repraesentare
1538 2087 1739 2128 putabantur,
1763 2088 1812 2118 di-

1081 2135 1197 2159 cuntur
1234 2132 1376 2171 imagines
1420 2130 1611 2171 (simulacra,
1649 2128 1810 2169 εἴδωλα);

1082 2171 1136 2202 sed
1148 2183 1228 2202 vana>
1239 2177 1271 2202 et
1282 2174 1395 2208 inanes,
1406 2171 1556 2212 sanguine
1567 2171 1695 2212 quippe,
1705 2181 1811 2208 carne,

1081 2219 1112 2244 et
1138 2214 1271 2249 ossibus,
1296 2214 1327 2244 h.
1349 2224 1379 2245 e.
1400 2224 1474 2244 vero
1501 2220 1532 2244 et
1557 2213 1658 2244 solido
1683 2223 1811 2256 corpore

1081 2255 1252 2286 desiitutae.
1298 2256 1336 2286 ln
1361 2255 1546 2287 sententiam
1569 2255 1731 2287 commode
1755 2257 1810 2288 el.

1076 2298 1212 2328 Mitsch.
1237 2298 1348 2329 laudat
1364 2299 1477 2329 AEsch.
1498 2299 1615 2339 Agam.
1641 2298 1724 2328 1026
1741 2308 1811 2340 sqq.

1078 2341 1121 2371 Τὸ
1138 2341 1243 2371 πεσὸν
1266 2339 1291 2371 δ’
1316 2341 1411 2374 ἅπαξ
1435 2340 1490 2371 ἐπὶ
1511 2341 1580 2381 γᾶν
1603 2339 1811 2382 Προπάροιθ

1079 2382 1202 2422 ἀνδρὸς
1227 2382 1417 2424 θανάσιμον
1439 2381 1559 2414 Μέλαν
1583 2381 1666 2425 αἷμα
1691 2382 1742 2419 τίς
1765 2383 1809 2415 ἂν

1081 2425 1193 2456 Πάλιν
1208 2423 1424 2467 ἀγκαλέσαιτ’
1439 2424 1613 2456 έπαέίδων.
1658 2425 1809 2461 Horrida,

1081 2467 1233 2498 horrorem
1249 2467 1438 2504 incutiente;
1454 2466 1512 2498 nisi
1528 2466 1630 2508 potius
1641 2466 1681 2497 ad
1691 2467 1809 2508 signifi-

1080 2509 1213 2540 cationis
1243 2509 1460 2551 proprietatem
1491 2508 1531 2539 de
1566 2509 1654 2550 virga
1689 2518 1810 2551 aspera,

1077 2551 1205 2582 ramulis
1221 2562 1332 2594 nempe
1354 2561 1475 2582 sursum
1497 2551 1609 2582 erectis
1629 2557 1806 2592 compacta,

1074 2594 1296 2635 explicandum
1325 2594 1384 2624 sit:
1423 2604 1516 2624 aurea
1547 2596 1635 2635 virga
1663 2593 1809 2625 tribuitur

1075 2636 1233 2667 Mercurio
1249 2635 1484 2677 ψυχοπομπῷ,
1500 2645 1570 2677 sup.
1582 2635 1605 2670 i,
1622 2636 1672 2671 10,
1689 2636 1740 2673 18,
1752 2636 1806 2667 ubi

1076 2677 1118 2708 cf.
1134 2684 1199 2708 not.
1245 2678 1314 2708 Non
1323 2680 1399 2708 lenis
1411 2678 1628 2719 precibusfata
1639 2677 1807 2716 recludere,

1076 2730 1136 2750 non
1153 2719 1283 2750 audiens
1305 2730 1424 2761 preces,
1441 2725 1477 2750 ut
1491 2719 1585 2754 viam,
1605 2729 1669 2760 qua
1693 2722 1747 2761 qui
1767 2731 1806 2752 ex

1077 2763 1138 2792 sato
1161 2762 1201 2793 ad
1229 2763 1348 2793 Orcum
1372 2761 1521 2792 destinati
1545 2767 1618 2792 sunt
1648 2761 1680 2792 in
1709 2761 1805 2793 vitam

1072 2805 1212 2839 redeant,
1233 2803 1375 2835 recludat
1395 2809 1427 2835 et
1445 2803 1585 2845 aperiat,
1610 2813 1682 2834 nam
1705 2805 1804 2845 (Pro-

1073 2852 1152 2887 pert.
1183 2847 1227 2881 iv,
1261 2847 1312 2881 11,
1344 2845 1394 2885 2),
1434 2846 1591 2876 Panditur
1626 2847 1666 2876 ad
1702 2847 1804 2878 nullas

1062 2891 1166 2928 janua
1192 2891 1283 2928 nigra
1303 2898 1412 2928 preces.
1442 2888 1578 2929 Oppian.
1603 2887 1740 2919 Halieut.
1762 2889 1803 2927 iv,

1070 2931 1144 2966 394,
1162 2929 1349 2969 ἀνέκβατος
1361 2930 1450 2968 ἀῖδος
1467 2930 1557 2968 εὐνὴ,
1576 2930 1628 2961 ubi
1645 2930 1733 2972 plura
1747 2941 1802 2961 ex-

295 2988 403 3020 parum
419 2977 534 3019 placet.
576 2977 675 3006 Immo
697 2974 781 3006 haud
804 2980 917 3006 temere
939 2973 1023 3004 solli·
1067 2973 1172 3014 empla
1187 2972 1217 3003 in
1235 2972 1315 3003 hanc
1338 2972 1525 3004 sententiam
1551 2972 1706 3014 congessit
1729 2972 1801 3003 Rit-
