1884 3288
338 191 417 231 164

889 191 1282 234 CARMINUM

487 291 530 331 -5
560 291 606 332 Si
623 306 708 332 non
728 290 957 344 Acrisium,
979 294 1154 349 virginis
1175 293 1332 334 abditae

561 357 794 400 Custodem
813 360 1028 414 pavidum,
1049 360 1221 414 Jupiter
1240 367 1284 401 et
1303 359 1454 401 Venus

558 423 797 467 Risissent:
829 425 920 467 fore
941 427 1052 468 enim
1072 433 1211 468 tutum
1229 427 1311 467 iter
1331 433 1374 467 et
1393 431 1545 479 patens

899 493 1116 534 Converso
1135 494 1178 533 in
1197 494 1382 547 pretium
1402 492 1514 534 Deo.

562 555 731 599 Aurum
750 574 828 613 per
848 560 1010 600 medios
1031 560 1090 600 ire
1115 558 1334 608 satellites,

482 622 532 662 10
562 623 622 664 Et
642 639 919 680 perrumpere
940 633 1052 667 amat
1074 639 1177 666 saxa
1196 625 1413 679 potentius

560 689 657 731 Ictu
677 691 892 733 fulmineo.

956 692 1156 733 Concidit
1175 691 1349 746 auguris

897 757 1049 812 Argivi
1069 759 1233 808 domus,
1256 759 1311 798 ob
1330 757 1495 798 lucrum

561 821 770 864 Demersa
790 824 934 865 exitio.

334 918 407 958 21),
433 919 578 953 mulieres
606 923 779 955 vinolentus
804 924 910 959 fuisse,
935 933 1061 966 operose

334 961 374 990 ad
398 962 429 992 h.
452 963 473 994 1.
495 963 587 996 docet
610 966 660 996 Cl.
688 967 820 998 Mitsch.
863 967 945 997 Faece
965 973 1061 1002 tenus,

336 1002 370 1039 ἐς
384 1003 512 1047 τρύγαε
537 1007 578 1037 cf.
591 1018 663 1049 sup.
679 1008 701 1044 i,
717 1010 770 1044 35,
786 1010 838 1040 27.

546 1090 742 1122 CARMEN
765 1092 858 1123 XVI.

355 1169 362 1176 -
379 1130 474 1166 Quod
500 1132 614 1174 saepius
643 1134 788 1164 Horatius
813 1133 974 1175 probatum
997 1133 1065 1168 ivit,

334 1176 406 1202 vitae
430 1171 575 1205 humanae
598 1174 776 1206 felicitatem
796 1185 858 1205 non
883 1175 914 1205 in
936 1184 1065 1215 magna-

336 1223 403 1243 rum
418 1224 511 1256 opum
533 1218 736 1258 possessione,
753 1217 806 1249 sed
820 1217 852 1247 in
874 1218 988 1253 animo,
1003 1227 1066 1247 non

334 1255 427 1296 plura
459 1267 553 1297 quam
585 1259 700 1299 quibus
733 1259 771 1290 ad
808 1259 903 1290 vitam
938 1259 1067 1290 honeste

333 1297 565 1338 transigendam
580 1311 658 1342 opus
673 1307 731 1338 est,
744 1306 919 1343 appetente,
934 1301 1065 1342 positam

334 1347 414 1374 esse,
436 1340 467 1370 id
487 1347 585 1373 semet
605 1343 707 1384 ipsum
727 1343 870 1385 exemplo
892 1353 1067 1384 proponens

337 1380 425 1411 novis
439 1384 658 1415 sententiarum
675 1385 846 1416 luminibus
865 1385 897 1415 in
913 1385 971 1415 hoc
987 1395 1065 1426 quo-

335 1433 397 1463 que
411 1425 548 1456 carmine
563 1427 682 1467 probat.
724 1426 953 1458 Sententiarum
969 1437 1067 1457 nexus

337 1470 385 1495 est
409 1465 472 1497 fere
495 1466 567 1498 hic:
598 1478 673 1500 auro
696 1469 774 1500 nihil
802 1479 870 1500 esse
895 1468 1065 1510 potentius,

337 1507 412 1537 satis
427 1508 550 1549 quidem
572 1517 706 1542 constat.
750 1511 838 1542 Auro
852 1511 934 1541 enim
955 1510 987 1540 in
1003 1516 1067 1541 tur-

336 1557 400 1580 rem
419 1550 569 1582 aheneam
584 1562 654 1593 quae
675 1554 808 1584 Danaen
827 1557 935 1583 contra
949 1552 1070 1584 adulte-

337 1600 388 1620 ros
409 1593 530 1624 munire
552 1594 696 1630 debebat,
725 1595 896 1637 penetravit
923 1596 942 1626 J
948 1594 1066 1636 upiter3

337 1642 413 1663 auro
431 1634 462 1664 in
483 1636 650 1677 perniciem
671 1637 773 1667 mariti
792 1637 840 1667 sui
861 1647 894 1667 se
914 1636 1068 1678 corrumpi

336 1684 429 1716 passa
443 1682 489 1707 est
510 1677 679 1720 Eriphyle3
702 1689 777 1709 auro
798 1679 888 1709 urbes
906 1689 1067 1720 expugna-

336 1715 382 1746 vit
395 1722 427 1747 et
446 1717 565 1749 vicinos
587 1730 674 1758 reges
689 1720 728 1751 de
749 1721 844 1762 gloria
865 1725 896 1750 et
917 1726 1068 1762 potestate

337 1768 444 1789 secum
466 1762 649 1792 aemulantes
665 1762 838 1804 suppressit
855 1762 1067 1793 Macedonum

336 1811 388 1831 rex
403 1802 570 1844 Philippus
582 1816 590 1843 3
605 1814 680 1835 auro
689 1805 823 1846 denique
835 1803 960 1835 navium
973 1805 1068 1836 duces

336 1843 375 1873 ad
390 1844 548 1884 perfidiam
570 1846 698 1877 adducti
716 1853 802 1877 sunt.
851 1847 966 1877 Verum
986 1847 1068 1878 enim

338 1895 410 1915 vero
431 1897 494 1927 quo
515 1887 587 1927 quis
609 1895 654 1919 est
680 1889 868 1930 opulentior,
891 1899 928 1919 eo
953 1889 1070 1930 majore

339 1927 428 1968 plura
451 1928 586 1960 habendi
610 1930 780 1972 cupiditate
803 1930 950 1971 agitatur.
992 1932 1069 1963 Jure

338 1969 508 2012 meritoque
537 1971 630 2012 igitur
656 1983 674 2003 a
701 1973 875 2004 divitiarum
905 1973 1068 2015 splendore

338 2011 496 2047 abhorrui.
511 2019 543 2044 et
555 2015 722 2055 tranquillo
733 2015 838 2046 animo
853 2015 884 2045 in
902 2026 933 2046 re
947 2015 1070 2046 modica

337 2059 368 2084 et
388 2059 544 2086 contemta
564 2057 772 2097 acquiescere,
788 2068 882 2098 quam
903 2058 986 2088 curis
999 2068 1068 2099 gra-

339 2095 477 2126 vioribus
492 2097 523 2127 in
538 2108 568 2128 re
586 2099 670 2129 lauta
685 2100 846 2135 macerari,
861 2100 972 2131 malui.
1016 2101 1068 2140 Ig-

339 2143 427 2168 norat
440 2139 523 2169 enim
535 2140 766 2172 latifundiorum
783 2152 938 2182 possessor
952 2141 1067 2173 dulcis-

339 2179 449 2210 simam
473 2181 557 2212 illam
583 2183 783 2224 voluptatem,
806 2175 1069 2226 quam⁶equidem

339 2232 377 2253 ex
403 2233 479 2264 puro
505 2226 580 2259 rivo,
607 2235 775 2266 paucorum
800 2226 943 2267 jugerum
970 2226 1068 2263 silvis,

339 2269 372 2295 et
403 2265 496 2306 agelli
529 2268 588 2298 rnei
622 2268 780 2299 fertilitate
812 2268 971 2309 percipio;
1008 2268 1070 2299 imo

339 2307 439 2338 multo
468 2307 523 2337 illo
549 2319 617 2339 sum
644 2310 784 2346 beatior;
815 2311 957 2351 quamvis
986 2310 1068 2341 enim

340 2359 443 2390 neque
451 2360 488 2380 ex
500 2351 591 2381 melle
605 2351 636 2381 in
651 2352 797 2383 Calabria
807 2358 960 2393 quaestum
977 2352 1068 2390 facio,

340 2401 444 2432 neque
472 2392 503 2422 in
534 2393 709 2434 Campania
736 2394 843 2424 vinum
872 2394 1070 2424 Formianum

341 2434 454 2469 condo,
477 2444 579 2475 neque
598 2446 704 2476 greges
724 2436 755 2466 in
778 2435 935 2478 praeclaris
956 2436 1070 2467 Galliae

341 2475 510 2518 Cisalpinae
526 2478 650 2518 pascuis
666 2478 715 2508 alo
731 2489 738 2514 ;
761 2489 859 2509 rerum
881 2478 1070 2509 necessaria·

340 2527 408 2548 rum
423 2524 527 2549 tamen
543 2519 625 2549 haud
637 2530 694 2560 ego
707 2521 811 2551 laboro
826 2520 942 2561 inopia.
985 2520 1069 2551 Con-

340 2565 442 2592 tracta
456 2566 559 2591 autem
579 2561 668 2602 plura
688 2562 822 2593 habendi
837 2562 1007 2603 cupiditate
1023 2562 1070 2592 in-

342 2607 390 2632 tra
404 2603 534 2643 exiguos
553 2613 694 2643 agrorum
711 2615 847 2634 meorum
871 2605 957 2639 fines,
978 2604 1071 2634 latius

341 2644 416 2675 mihi
440 2655 566 2686 regnare
588 2645 715 2676 videbor
738 2656 831 2686 quam
855 2646 880 2675 si
909 2646 1072 2677 continuos

342 2685 374 2716 in
399 2687 476 2717 Asia
503 2692 620 2718 tractus
646 2688 832 2728 possideam.
879 2688 943 2724 Qui
974 2689 1072 2719 multa

340 2733 464 2770 petunt,
477 2739 635 2770 nunquam
649 2730 792 2760 exsatiari
805 2736 946 2771 possunt.
981 2731 1070 2760 Mul.

341 2775 373 2800 to
392 2771 515 2802 felicius
532 2771 626 2812 igitur
647 2777 678 2802 et
697 2771 896 2813 tranquillius
916 2772 1026 2803 vivunt
1039 2772 1071 2803 in

338 2822 371 2844 re
385 2813 506 2844 modica
520 2813 692 2844 constituti.

383 2856 477 2887 1—8.
504 2856 557 2887 Ad
582 2856 737 2895 vulgarem
769 2855 953 2886 sententiam
979 2866 1067 2886 exor-

339 2897 488 2933 nandam.
509 2897 620 2928 “nihil
643 2904 703 2928 tam
725 2898 878 2928 munitum
899 2907 965 2927 esse
985 2898 1068 2938 quod

338 2950 401 2971 non
418 2950 492 2971 auro
502 2940 671 2982 expugnari
687 2939 815 2981 possit‚'’
826 2940 958 2982 primum
973 2939 1069 2970 utitur

995 823 1167 864 Diffidit
1186 824 1357 864 urbium

1104 923 1247 964 exemplo
1262 923 1402 957 Danaes,
1417 931 1512 963 quam
1528 931 1567 952 ne
1576 919 1758 952 firmissimis
1766 919 1836 962 qui·
1858 934 1860 936 ·

1106 963 1176 994 dem
1198 964 1398 995 munimentis
1413 964 1488 994 satis
1507 968 1604 994 tutam
1623 963 1663 994 ab
1678 962 1834 994 adultero-

1107 1015 1175 1035 rum
1190 1015 1264 1036 auro
1283 1011 1428 1048 praestare
1446 1004 1546 1047 potuit
1561 1004 1712 1036 Acrisius.
1757 1005 1835 1036 Sua-

1107 1047 1187 1078 viter
1215 1053 1316 1078 autem
1347 1048 1502 1078 Venerem
1531 1051 1563 1078 et
1589 1047 1611 1078 J
1613 1056 1702 1077 ovem
1732 1045 1837 1078 risisse

1107 1089 1207 1129 fingit,
1224 1100 1296 1120 cum
1314 1089 1469 1120 Acrisium
1483 1098 1563 1119 vana
1577 1093 1686 1120 contra
1701 1089 1766 1119 auri
1781 1099 1837 1130 po-

1108 1131 1235 1161 tentiam
1250 1131 1349 1161 moliri
1363 1131 1514 1162 viderent.
1551 1130 1693 1163 Acrisius
1703 1129 1836 1166 scilicet,

1109 1182 1162 1202 rex
1186 1172 1370 1213 Argivorum
1393 1174 1447 1214 (ut
1468 1177 1573 1203 narrat
1593 1172 1672 1203 hanc
1698 1171 1837 1204 fabulam

1108 1214 1293 1256 Apollodor.
1312 1215 1345 1252 ii,
1364 1217 1377 1245 l
1401 1214 1503 1256 sqq.),
1515 1213 1555 1246 de
1569 1214 1639 1245 vitae
1659 1213 1797 1256 periculo
1818 1224 1838 1246 a

1109 1262 1220 1298 nepote
1243 1256 1412 1298 aliquando
1436 1257 1496 1288 sibi
1525 1256 1662 1287 timendo
1689 1255 1839 1288 divinitus

1109 1299 1258 1334 monitus,
1280 1299 1376 1330 filiam
1399 1308 1487 1331 suam
1510 1298 1644 1329 Danaen
1665 1296 1699 1328 in
1723 1307 1837 1330 aereum

1109 1340 1277 1371 thalamum
1294 1340 1469 1375 inclusisse,
1480 1345 1513 1371 et
1526 1339 1572 1371 sic
1587 1339 1678 1370 sortis
1691 1345 1837 1371 eventum

1108 1382 1232 1413 eludere
1246 1382 1380 1414 voluisse
1393 1382 1518 1413 dicitur.
1549 1381 1611 1413 Sed
1625 1380 1751 1424 Jupiter
1765 1392 1838 1413 cum

1108 1423 1141 1453 in
1170 1434 1299 1455 aureum
1327 1424 1455 1456 imbrem
1483 1433 1651 1455 conversus
1679 1433 1733 1466 per
1761 1430 1838 1455 recta

1110 1465 1182 1507 (διὰ
1199 1469 1258 1504 τῆς
1267 1466 1407 1508 ὀροφῆς)
1418 1466 1483 1497 sive
1493 1475 1545 1508 per
1553 1467 1684 1507 tegulam
1693 1465 1839 1507 (Terent.

1111 1509 1194 1538 Eun.
1212 1507 1257 1543 iii,
1274 1510 1305 1544 5,
1322 1508 1382 1548 35)
1400 1509 1433 1539 in
1449 1509 1579 1539 Danaes
1591 1507 1694 1538 sinum
1709 1507 1840 1539 descen-

1109 1549 1214 1587 disset,
1241 1561 1279 1581 ex
1309 1550 1364 1581 illa
1392 1549 1566 1592 procreavit
1594 1549 1754 1585 Perseum,
1785 1550 1840 1592 qui

1109 1597 1215 1632 postea
1230 1601 1321 1622 avum
1337 1602 1428 1623 suum
1446 1591 1604 1623 Acrisium
1619 1591 1797 1623 inconsulto
1808 1597 1840 1624 et

1110 1639 1222 1664 temere
1243 1633 1322 1665 disci
1341 1633 1429 1675 jactu
1451 1633 1602 1664 occidisse
1622 1632 1770 1664 traditur:
1794 1634 1839 1666 cf.

1111 1676 1230 1716 Hygin.
1247 1677 1323 1707 Fab.
1338 1675 1416 1708 lxiii.
1461 1675 1568 1706 Turris
1581 1686 1684 1711 aenea,
1699 1674 1840 1717 intellige

1111 1718 1292 1748 cubiculum
1315 1718 1364 1749 vel
1387 1719 1572 1752 thalamum.
1595 1716 1650 1748 ubi
1675 1727 1693 1748 a
1714 1717 1841 1759 potieris

1111 1769 1202 1790 sexus
1219 1761 1304 1791 aditu
1325 1761 1445 1792 secludi
1464 1759 1547 1802 apud
1563 1759 1692 1791 Graecos
1706 1759 1842 1801 virgines

1110 1802 1262 1838 solebant,
1276 1802 1530 1839 munitissimum,
1542 1811 1560 1832 e
1575 1811 1638 1844 quo
1651 1807 1750 1844 poetae
1766 1812 1840 1844 pos·

1111 1844 1236 1874 teriores
1257 1845 1397 1876 fecerunt
1417 1852 1532 1876 turrem
1552 1854 1671 1875 aeneam
1693 1843 1742 1874 vel
1763 1855 1838 1875 αα-

1111 1892 1182 1924 tam,
1200 1887 1312 1918 Claud.
1327 1887 1358 1917 in
1376 1888 1507 1929 Eutrop.
1520 1886 1543 1922 i,
1559 1887 1613 1917 82.
1656 1884 1686 1916 A
1731 1885 1843 1918 llodor.

1111 1927 1133 1959 l.
1159 1930 1188 1959 1.
1207 1929 1296 1965 dixit,
1320 1928 1485 1970 Ἀκρίσιος
1506 1928 1572 1960 ὑπὸ
1595 1928 1663 1970 γῆν
1685 1895 1841 1970 &Minoae

1110 1971 1361 2009 κατασκευάσας
1376 1971 1534 2012 χάλκεον,
1550 1971 1616 2009 τὴν
1630 1969 1772 2008 Δανάην
1786 1970 1840 2012 ἐφ-

1111 2013 1230 2054 ρούρει.
1276 2013 1371 2044 Paul.
1392 2014 1505 2044 Silent.
1526 2013 1588 2066 Ep.
1607 2012 1671 2048 xvi.
1686 2013 1707 2043 2
1729 2012 1839 2054 appel-

1110 2055 1154 2085 lat
1162 2055 1250 2086 illum
1260 2066 1412 2087 carcerem
1422 2055 1653 2097 χαλκελατους
1661 2053 1842 2095 θαλάμους

1111 2097 1153 2127 cf.
1181 2098 1232 2129 Cl.
1257 2098 1387 2128 Mitsch.
1411 2104 1444 2129 et
1469 2097 1607 2137 Boenig.
1651 2096 1799 2131 Romam,
1822 2107 1840 2128 e

1111 2139 1250 2170 trabibus
1272 2139 1406 2171 roboreis
1429 2145 1592 2175 contextoe,
1615 2138 1648 2169 h.
1671 2148 1700 2169 e.
1722 2138 1837 2177 firmae3

1113 2180 1186 2212 hine
1200 2183 1292 2212 robur
1306 2181 1345 2213 de
1359 2181 1428 2213 loco
1439 2182 1518 2213 bene
1529 2180 1650 2212 munito
1661 2179 1693 2210 in
1708 2180 1841 2211 carceri-

1112 2223 1191 2254 bus:
1216 2223 1259 2254 cf.
1277 2234 1347 2266 sup.
1365 2224 1404 2254 ad
1424 2222 1458 2259 ii,
1475 2225 1526 2259 13,
1543 2223 1594 2254 19.
1640 2221 1776 2264 Vigilum
1789 2234 1840 2254 σα-

1111 2276 1203 2296 num.-
1226 2266 1264 2296 de
1279 2275 1391 2297 cauum
1407 2264 1562 2306 gyuaeceis
1576 2263 1752 2295 additurum
1765 2274 1840 2295 cus·

1113 2308 1197 2338 todia
1216 2307 1348 2338 laudant
1370 2307 1530 2350 Aristoph.
1552 2305 1742 2348 Thesmoph.
1763 2307 1842 2338 423.

1115 2349 1235 2386 Tristes.
1253 2359 1298 2380 sc.
1325 2349 1533 2381 amatoribus:
1560 2347 1703 2380 similiter
1729 2348 1843 2380 Ovidio

1112 2391 1182 2422 Art.
1198 2392 1273 2422 Am.
1287 2392 1332 2427 iii,
1349 2393 1423 2427 601,
1440 2393 1535 2422 tristis
1552 2392 1689 2422 custodia
1700 2393 1778 2422 servi
1792 2389 1840 2421 di-

1113 2433 1205 2464 citur.
1252 2435 1430 2464 Mmzierant
1443 2435 1526 2469 satis,
1537 2433 1695 2474 eleganter
1709 2441 1776 2474 pro,
1791 2441 1842 2468 sa-

1114 2475 1153 2506 tis
1164 2476 1312 2507 muniisse
1322 2476 1517 2507 videbantur.
1554 2475 1677 2506 Manis-2
1687 2475 1723 2505 ab
1730 2475 1842 2516 aliquo,

1114 2528 1180 2559 pro,
1207 2518 1355 2550 adversus
1383 2518 1532 2560 aliquem,
1555 2522 1593 2548 ut
1617 2516 1776 2558 defendere
1805 2518 1842 2547 ab

1113 2562 1214 2601 aliquo
1228 2560 1400 2591 sexcenties
1413 2572 1422 2599 ς
1446 2562 1471 2590 si
1485 2571 1542 2590 non
1556 2560 1689 2590 risissent
1724 2568 1769 2594 ro,
1781 2557 1843 2590 nisi

1114 2602 1263 2637 risissent,
1282 2609 1313 2634 et
1332 2602 1391 2635 hoc
1411 2612 1466 2644 pro
1483 2599 1616 2641 vulgari,
1639 2600 1704 2632 nihi
1719 2601 1843 2631 ominus

1114 2650 1218 2676 tamen
1233 2644 1375 2676 riserunt.
1421 2643 1479 2675 Vel
1498 2643 1621 2685 explica
1639 2643 1722 2674 hune
1737 2643 1842 2673 locum

1114 2687 1178 2718 sic:
1202 2689 1377 2718 munierant
1394 2688 1464 2717 satis
1485 2687 1632 2716 inclusam
1652 2685 1792 2720 Danaas,
1810 2690 1843 2715 et

1114 2739 1198 2760 nunc
1227 2729 1350 2771 supple,
1376 2734 1409 2759 et
1435 2727 1573 2769 profecto
1600 2726 1676 2757 satis
1705 2726 1839 2757 Danaen

1114 2771 1262 2802 munituri
1284 2770 1416 2801 fuissent
1433 2770 1484 2811 (Si
1502 2769 1580 2808 non)
1595 2768 1654 2799 nisi
1673 2767 1797 2807 Jupiter
1813 2775 1842 2799 et

1118 2814 1216 2844 Venus
1238 2815 1387 2844 Acrisium
1411 2813 1554 2843 risissent.
1599 2810 1669 2842 Hac
1694 2809 1843 2840 orationis

1112 2856 1210 2885 forma
1234 2865 1310 2886 usus
1338 2863 1464 2895 quoque
1488 2857 1535 2884 est
1559 2852 1648 2893 Virg.
1674 2852 1751 2882 AEn.
1776 2851 1842 2889 viii,

1112 2899 1186 2933 522,
1211 2899 1286 2932 523,
1315 2897 1471 2936 Multaque
1497 2897 1576 2926 dura
1597 2905 1649 2926 sun
1670 2895 1752 2924 tristi
1774 2905 1840 2924 cum

1111 2942 1198 2970 corde
1216 2941 1376 2979 putabant,
1393 2944 1424 2970 et
1443 2937 1562 2968 diutius
1581 2936 1681 2967 multa
1694 2936 1771 2967 dura
1790 2945 1840 2967 se-
