<?xml version="1.0" encoding="UTF-8"?>
<!DOCTYPE html PUBLIC "-//W3C//DTD XHTML 1.0 Transitional//EN"
    "http://www.w3.org/TR/xhtml1/DTD/xhtml1-transitional.dtd">
<html xmlns="http://www.w3.org/1999/xhtml" xml:lang="en" lang="en">
 <head>
  <title>
</title>
<meta http-equiv="Content-Type" content="text/html;charset=utf-8" />
  <meta name='ocr-system' content='tesseract 3.04.00' />
  <meta name='ocr-capabilities' content='ocr_page ocr_carea ocr_par ocr_line ocrx_word'/>
</head>
<body>
  <div class='ocr_page' id='page_1' title='image "./operahorac00horauoft_0156.png"; bbox 0 0 1884 3288; ppageno 0'>
   <div class='ocr_carea' id='block_1_1' title="bbox 341 227 422 268">
    <p class='ocr_par' dir='ltr' id='par_1_1' title="bbox 341 227 422 268">
     <span class='ocr_line' id='line_1_1' title="bbox 341 227 422 268; baseline 0.012 -1"><span class='ocrx_word' id='word_1_1' title='bbox 341 227 422 268; x_wconf 89' lang='grc'><strong>116</strong></span> 
     </span>
    </p>
   </div>
   <div class='ocr_carea' id='block_1_2' title="bbox 895 190 1355 270">
    <p class='ocr_par' dir='ltr' id='par_1_2' title="bbox 895 190 1355 270">
     <span class='ocr_line' id='line_1_2' title="bbox 895 190 1355 270; baseline -0.002 0"><span class='ocrx_word' id='word_1_2' title='bbox 895 226 1290 270; x_wconf 89' lang='lat' dir='ltr'><strong>CARMINUM</strong></span> <span class='ocrx_word' id='word_1_3' title='bbox 1349 190 1355 200; x_wconf 32' lang='lat' dir='ltr'><em>l</em></span> 
     </span>
    </p>
   </div>
   <div class='ocr_carea' id='block_1_3' title="bbox 545 328 1473 978">
    <p class='ocr_par' dir='ltr' id='par_1_3' title="bbox 545 328 1473 978">
     <span class='ocr_line' id='line_1_3' title="bbox 569 328 1451 383; baseline 0.001 -15"><span class='ocrx_word' id='word_1_4' title='bbox 569 328 596 368; x_wconf 89' lang='lat'><em>5</em></span> <span class='ocrx_word' id='word_1_5' title='bbox 625 328 764 370; x_wconf 87' lang='lat' dir='ltr'><strong>Evoe!</strong></span> <span class='ocrx_word' id='word_1_6' title='bbox 794 329 955 371; x_wconf 89' lang='lat' dir='ltr'><strong>recenti</strong></span> <span class='ocrx_word' id='word_1_7' title='bbox 973 343 1092 370; x_wconf 89' lang='lat' dir='ltr'><strong>mens</strong></span> <span class='ocrx_word' id='word_1_8' title='bbox 1114 328 1300 383; x_wconf 83' lang='lat' dir='ltr'><strong>trepidat</strong></span> <span class='ocrx_word' id='word_1_9' title='bbox 1319 334 1451 378; x_wconf 88' lang='lat' dir='ltr'><strong>metu,</strong></span> 
     </span>
     <span class='ocr_line' id='line_1_4' title="bbox 627 394 1467 449; baseline -0.001 -14"><span class='ocrx_word' id='word_1_10' title='bbox 627 394 849 449; x_wconf 90' lang='lat' dir='ltr'><strong>Plenoque</strong></span> <span class='ocrx_word' id='word_1_11' title='bbox 870 394 1032 436; x_wconf 85' lang='lat' dir='ltr'><strong>Bacchi</strong></span> <span class='ocrx_word' id='word_1_12' title='bbox 1051 401 1227 449; x_wconf 87' lang='lat' dir='ltr'>pectore</span> <span class='ocrx_word' id='word_1_13' title='bbox 1247 395 1467 436; x_wconf 89' lang='lat' dir='ltr'><strong>turbidum</strong></span> 
     </span>
     <span class='ocr_line' id='line_1_5' title="bbox 684 461 1422 516; baseline -0.003 -13"><span class='ocrx_word' id='word_1_14' title='bbox 684 462 901 503; x_wconf 82' lang='lat' dir='ltr'><strong>Laetatur!</strong></span> <span class='ocrx_word' id='word_1_15' title='bbox 934 462 1069 503; x_wconf 86' lang='lat' dir='ltr'><strong>Evoe!</strong></span> <span class='ocrx_word' id='word_1_16' title='bbox 1101 476 1244 516; x_wconf 85' lang='lat' dir='ltr'><strong>parce,</strong></span> <span class='ocrx_word' id='word_1_17' title='bbox 1268 461 1422 502; x_wconf 87' lang='lat' dir='ltr'><strong>Liber!</strong></span> 
     </span>
     <span class='ocr_line' id='line_1_6' title="bbox 732 516 1473 582; baseline -0.003 -13"><span class='ocrx_word' id='word_1_18' title='bbox 732 516 888 578; x_wconf 60' lang='lat' dir='ltr'><strong>Parce]</strong></span> <span class='ocrx_word' id='word_1_19' title='bbox 911 529 1029 582; x_wconf 83' lang='lat' dir='ltr'><strong>gravi</strong></span> <span class='ocrx_word' id='word_1_20' title='bbox 1048 527 1277 568; x_wconf 86' lang='lat' dir='ltr'><strong>metuende</strong></span> <span class='ocrx_word' id='word_1_21' title='bbox 1298 527 1446 580; x_wconf 86' lang='lat' dir='ltr'><strong>thyrso</strong></span> <span class='ocrx_word' id='word_1_22' title='bbox 1463 528 1473 567; x_wconf 76' lang='lat' dir='ltr'><strong>l</strong></span> 
     </span>
     <span class='ocr_line' id='line_1_7' title="bbox 622 593 1435 649; baseline -0.004 -14"><span class='ocrx_word' id='word_1_23' title='bbox 622 594 707 635; x_wconf 87' lang='lat' dir='ltr'><strong>Fas</strong></span> <span class='ocrx_word' id='word_1_24' title='bbox 728 595 971 649; x_wconf 85' lang='lat' dir='ltr'><strong>pervicaces</strong></span> <span class='ocrx_word' id='word_1_25' title='bbox 992 600 1057 634; x_wconf 89' lang='lat' dir='ltr'><strong>est</strong></span> <span class='ocrx_word' id='word_1_26' title='bbox 1077 593 1178 634; x_wconf 88' lang='lat' dir='ltr'><strong>mihi</strong></span> <span class='ocrx_word' id='word_1_27' title='bbox 1199 593 1435 646; x_wconf 83' lang='lat' dir='ltr'><strong>ThyiadaS,</strong></span> 
     </span>
     <span class='ocr_line' id='line_1_8' title="bbox 545 659 1393 714; baseline -0.001 -14"><span class='ocrx_word' id='word_1_28' title='bbox 545 661 597 701; x_wconf 90' lang='lat'><strong>10</strong></span> <span class='ocrx_word' id='word_1_29' title='bbox 626 661 813 714; x_wconf 90' lang='lat' dir='ltr'><strong>Vinique</strong></span> <span class='ocrx_word' id='word_1_30' title='bbox 835 661 1009 709; x_wconf 85' lang='lat' dir='ltr'><strong>fontem,</strong></span> <span class='ocrx_word' id='word_1_31' title='bbox 1030 659 1152 701; x_wconf 86' lang='lat' dir='ltr'><strong>lactis</strong></span> <span class='ocrx_word' id='word_1_32' title='bbox 1173 666 1216 700; x_wconf 88' lang='lat' dir='ltr'><strong>et</strong></span> <span class='ocrx_word' id='word_1_33' title='bbox 1236 660 1393 700; x_wconf 86' lang='lat' dir='ltr'><strong>uberes</strong></span> 
     </span>
     <span class='ocr_line' id='line_1_9' title="bbox 679 726 1344 780; baseline -0.003 -13"><span class='ocrx_word' id='word_1_34' title='bbox 679 727 864 767; x_wconf 80' lang='lat' dir='ltr'><strong>cantare</strong></span> <span class='ocrx_word' id='word_1_35' title='bbox 884 727 1010 775; x_wconf 87' lang='lat' dir='ltr'><strong>rivos,</strong></span> <span class='ocrx_word' id='word_1_36' title='bbox 1033 733 1161 780; x_wconf 84' lang='lat' dir='ltr'><strong>atque</strong></span> <span class='ocrx_word' id='word_1_37' title='bbox 1182 726 1344 766; x_wconf 85' lang='lat' dir='ltr'><strong>truncis</strong></span> 
     </span>
     <span class='ocr_line' id='line_1_10' title="bbox 739 791 1349 846; baseline 0 -14"><span class='ocrx_word' id='word_1_38' title='bbox 739 792 885 846; x_wconf 84' lang='lat' dir='ltr'>Lapsa</span> <span class='ocrx_word' id='word_1_39' title='bbox 905 793 1016 833; x_wconf 81' lang='lat' dir='ltr'><strong>cavis</strong></span> <span class='ocrx_word' id='word_1_40' title='bbox 1038 793 1192 833; x_wconf 85' lang='lat' dir='ltr'><strong>iterare</strong></span> <span class='ocrx_word' id='word_1_41' title='bbox 1213 791 1349 832; x_wconf 86' lang='lat' dir='ltr'><strong>mella.</strong></span> 
     </span>
     <span class='ocr_line' id='line_1_11' title="bbox 624 859 1358 912; baseline -0.001 -13"><span class='ocrx_word' id='word_1_42' title='bbox 624 859 707 900; x_wconf 85' lang='lat' dir='ltr'><strong>Fas</strong></span> <span class='ocrx_word' id='word_1_43' title='bbox 728 866 771 899; x_wconf 89' lang='lat' dir='ltr'><strong>et</strong></span> <span class='ocrx_word' id='word_1_44' title='bbox 790 861 930 900; x_wconf 86' lang='lat' dir='ltr'><strong>beatae</strong></span> <span class='ocrx_word' id='word_1_45' title='bbox 951 859 1144 912; x_wconf 86' lang='lat' dir='ltr'><strong>conjugis</strong></span> <span class='ocrx_word' id='word_1_46' title='bbox 1166 859 1358 900; x_wconf 81' lang='lat' dir='ltr'><strong>additum</strong></span> 
     </span>
     <span class='ocr_line' id='line_1_12' title="bbox 623 924 1430 978; baseline -0.001 -12"><span class='ocrx_word' id='word_1_47' title='bbox 623 925 767 967; x_wconf 85' lang='lat' dir='ltr'><strong>Stellis</strong></span> <span class='ocrx_word' id='word_1_48' title='bbox 788 926 1008 974; x_wconf 85' lang='lat' dir='ltr'><strong>honorem,</strong></span> <span class='ocrx_word' id='word_1_49' title='bbox 1028 932 1226 978; x_wconf 86' lang='lat' dir='ltr'><strong>tectaque</strong></span> <span class='ocrx_word' id='word_1_50' title='bbox 1247 924 1430 966; x_wconf 88' lang='lat' dir='ltr'><strong>Penthei</strong></span> 
     </span>
    </p>
   </div>
   <div class='ocr_carea' id='block_1_4' title="bbox 541 992 591 1031">
    <p class='ocr_par' dir='ltr' id='par_1_4' title="bbox 541 992 591 1031">
     <span class='ocr_line' id='line_1_13' title="bbox 541 992 591 1031; baseline 0.02 -1"><span class='ocrx_word' id='word_1_51' title='bbox 541 992 591 1031; x_wconf 91' lang='lat'><strong>15</strong></span> 
     </span>
    </p>
   </div>
   <div class='ocr_carea' id='block_1_5' title="bbox 678 991 1240 1045">
    <p class='ocr_par' dir='ltr' id='par_1_5' title="bbox 678 991 1240 1045">
     <span class='ocr_line' id='line_1_14' title="bbox 678 991 1240 1045; baseline -0.002 -13"><span class='ocrx_word' id='word_1_52' title='bbox 678 991 873 1045; x_wconf 87' lang='lat' dir='ltr'><strong>Disjecta</strong></span> <span class='ocrx_word' id='word_1_53' title='bbox 894 1006 979 1032; x_wconf 89' lang='lat' dir='ltr'><strong>non</strong></span> <span class='ocrx_word' id='word_1_54' title='bbox 999 991 1084 1031; x_wconf 88' lang='lat' dir='ltr'><strong>leni</strong></span> <span class='ocrx_word' id='word_1_55' title='bbox 1105 992 1240 1039; x_wconf 85' lang='lat' dir='ltr'><strong>ruina,</strong></span> 
     </span>
    </p>
   </div>
   <div class='ocr_carea' id='block_1_6' title="bbox 621 1056 1507 1172">
    <p class='ocr_par' dir='ltr' id='par_1_6' title="bbox 621 1056 1507 1172">
     <span class='ocr_line' id='line_1_15' title="bbox 735 1056 1402 1110; baseline -0.003 -12"><span class='ocrx_word' id='word_1_56' title='bbox 735 1057 920 1098; x_wconf 88' lang='lat' dir='ltr'><strong>Thracis</strong></span> <span class='ocrx_word' id='word_1_57' title='bbox 941 1064 985 1098; x_wconf 88' lang='lat' dir='ltr'><strong>et</strong></span> <span class='ocrx_word' id='word_1_58' title='bbox 1005 1057 1181 1098; x_wconf 85' lang='lat' dir='ltr'><strong>exitium</strong></span> <span class='ocrx_word' id='word_1_59' title='bbox 1198 1056 1402 1110; x_wconf 83' lang='lat' dir='ltr'>Lycurgi.</span> 
     </span>
     <span class='ocr_line' id='line_1_16' title="bbox 621 1123 1507 1172; baseline 0 -8"><span class='ocrx_word' id='word_1_60' title='bbox 621 1123 693 1164; x_wconf 94' lang='lat' dir='ltr'><strong>Tu</strong></span> <span class='ocrx_word' id='word_1_61' title='bbox 713 1124 849 1165; x_wconf 86' lang='lat' dir='ltr'><strong>flectis</strong></span> <span class='ocrx_word' id='word_1_62' title='bbox 870 1137 1029 1172; x_wconf 84' lang='lat' dir='ltr'><strong>amnes,</strong></span> <span class='ocrx_word' id='word_1_63' title='bbox 1051 1129 1098 1163; x_wconf 89' lang='lat' dir='ltr'><strong>tu</strong></span> <span class='ocrx_word' id='word_1_64' title='bbox 1118 1137 1233 1164; x_wconf 88' lang='lat' dir='ltr'><strong>mare</strong></span> <span class='ocrx_word' id='word_1_65' title='bbox 1251 1123 1480 1164; x_wconf 83' lang='lat' dir='ltr'><strong>barbarum</strong></span> <span class='ocrx_word' id='word_1_66' title='bbox 1498 1139 1507 1164; x_wconf 89' lang='lat'><strong>:</strong></span> 
     </span>
    </p>
   </div>
   <div class='ocr_carea' id='block_1_7' title="bbox 335 1241 1074 3007">
    <p class='ocr_par' dir='ltr' id='par_1_7' title="bbox 337 1241 1072 1610">
     <span class='ocr_line' id='line_1_17' title="bbox 339 1241 1070 1284; baseline -0.001 -11"><span class='ocrx_word' id='word_1_67' title='bbox 339 1243 371 1273; x_wconf 88' lang='lat' dir='ltr'><strong>Si</strong></span> <span class='ocrx_word' id='word_1_68' title='bbox 388 1243 487 1274; x_wconf 86' lang='lat' dir='ltr'><strong>varios</strong></span> <span class='ocrx_word' id='word_1_69' title='bbox 503 1243 599 1284; x_wconf 82' lang='lat' dir='ltr'><strong>hujus</strong></span> <span class='ocrx_word' id='word_1_70' title='bbox 614 1242 760 1274; x_wconf 84' lang='lat' dir='ltr'>carminis</span> <span class='ocrx_word' id='word_1_71' title='bbox 776 1244 908 1278; x_wconf 83' lang='lat' dir='ltr'><strong>colores.</strong></span> <span class='ocrx_word' id='word_1_72' title='bbox 924 1248 955 1274; x_wconf 90' lang='lat' dir='ltr'><strong>et</strong></span> <span class='ocrx_word' id='word_1_73' title='bbox 973 1241 1070 1273; x_wconf 89' lang='lat' dir='ltr'><strong>subli-</strong></span> 
     </span>
     <span class='ocr_line' id='line_1_18' title="bbox 337 1285 1069 1326; baseline -0.003 -10"><span class='ocrx_word' id='word_1_74' title='bbox 337 1285 477 1316; x_wconf 79' lang='lat' dir='ltr'><strong>mitatem</strong></span> <span class='ocrx_word' id='word_1_75' title='bbox 499 1285 536 1316; x_wconf 87' lang='lat' dir='ltr'><strong>ad</strong></span> <span class='ocrx_word' id='word_1_76' title='bbox 559 1296 653 1326; x_wconf 88' lang='lat' dir='ltr'><strong>quam</strong></span> <span class='ocrx_word' id='word_1_77' title='bbox 676 1291 766 1326; x_wconf 88' lang='lat' dir='ltr'><strong>poeta</strong></span> <span class='ocrx_word' id='word_1_78' title='bbox 784 1285 890 1316; x_wconf 80' lang='lat' dir='ltr'><strong>in&#39;hoc</strong></span> <span class='ocrx_word' id='word_1_79' title='bbox 908 1286 1015 1326; x_wconf 80' lang='lat' dir='ltr'><strong><em>hymno</em></strong></span> <span class='ocrx_word' id='word_1_80' title='bbox 1036 1287 1069 1314; x_wconf 83' lang='lat' dir='ltr'><strong>in</strong></span> 
     </span>
     <span class='ocr_line' id='line_1_19' title="bbox 340 1326 1069 1369; baseline -0.001 -12"><span class='ocrx_word' id='word_1_81' title='bbox 340 1327 490 1358; x_wconf 82' lang='lat' dir='ltr'><strong>Bacchum</strong></span> <span class='ocrx_word' id='word_1_82' title='bbox 503 1327 578 1358; x_wconf 86' lang='lat' dir='ltr'><strong>eniti</strong></span> <span class='ocrx_word' id='word_1_83' title='bbox 587 1328 700 1362; x_wconf 85' lang='lat' dir='ltr'><strong>studet,</strong></span> <span class='ocrx_word' id='word_1_84' title='bbox 713 1328 910 1369; x_wconf 82' lang='lat' dir='ltr'><strong>spectaveris,</strong></span> <span class='ocrx_word' id='word_1_85' title='bbox 922 1327 950 1357; x_wconf 90' lang='lat' dir='ltr'><strong>ei</strong></span> <span class='ocrx_word' id='word_1_86' title='bbox 966 1326 1069 1357; x_wconf 85' lang='lat' dir='ltr'><strong>Graeci</strong></span> 
     </span>
     <span class='ocr_line' id='line_1_20' title="bbox 338 1369 1071 1411; baseline -0.003 -11"><span class='ocrx_word' id='word_1_87' title='bbox 338 1369 501 1411; x_wconf 88' lang='lat' dir='ltr'><strong>cujusdam</strong></span> <span class='ocrx_word' id='word_1_88' title='bbox 519 1376 618 1410; x_wconf 67' lang='lat' dir='ltr'><strong>poetae</strong></span> <span class='ocrx_word' id='word_1_89' title='bbox 637 1380 761 1400; x_wconf 89' lang='lat' dir='ltr'><strong>carmen</strong></span> <span class='ocrx_word' id='word_1_90' title='bbox 780 1380 817 1400; x_wconf 87' lang='lat' dir='ltr'><strong>ex</strong></span> <span class='ocrx_word' id='word_1_91' title='bbox 836 1379 947 1409; x_wconf 81' lang='lat' dir='ltr'><strong>genere</strong></span> <span class='ocrx_word' id='word_1_92' title='bbox 967 1369 1071 1409; x_wconf 85' lang='lat' dir='ltr'><strong>dithy-</strong></span> 
     </span>
     <span class='ocr_line' id='line_1_21' title="bbox 338 1410 1071 1447; baseline -0.001 -6"><span class='ocrx_word' id='word_1_93' title='bbox 338 1410 488 1445; x_wconf 83' lang='lat' dir='ltr'><strong>rambico.</strong></span> <span class='ocrx_word' id='word_1_94' title='bbox 507 1418 542 1442; x_wconf 91' lang='lat' dir='ltr'><strong>ut</strong></span> <span class='ocrx_word' id='word_1_95' title='bbox 563 1411 618 1442; x_wconf 87' lang='lat' dir='ltr'><strong>inf.</strong></span> <span class='ocrx_word' id='word_1_96' title='bbox 638 1411 682 1447; x_wconf 87' lang='lat' dir='ltr'><strong>iii,</strong></span> <span class='ocrx_word' id='word_1_97' title='bbox 706 1413 759 1447; x_wconf 79' lang='lat'><strong>25,</strong></span> <span class='ocrx_word' id='word_1_98' title='bbox 778 1412 975 1442; x_wconf 86' lang='lat' dir='ltr'><strong>obversatum</strong></span> <span class='ocrx_word' id='word_1_99' title='bbox 997 1421 1071 1446; x_wconf 86' lang='lat' dir='ltr'><strong>esse,</strong></span> 
     </span>
     <span class='ocr_line' id='line_1_22' title="bbox 338 1452 1072 1495; baseline 0 -13"><span class='ocrx_word' id='word_1_100' title='bbox 338 1452 387 1484; x_wconf 89' lang='lat' dir='ltr'><strong>vix</strong></span> <span class='ocrx_word' id='word_1_101' title='bbox 401 1453 524 1484; x_wconf 86' lang='lat' dir='ltr'><strong>dubites</strong></span> <span class='ocrx_word' id='word_1_102' title='bbox 536 1465 543 1483; x_wconf 76' lang='grc' dir='ltr'><strong>ε</strong></span> <span class='ocrx_word' id='word_1_103' title='bbox 567 1453 627 1484; x_wconf 89' lang='lat' dir='ltr'><strong>huc</strong></span> <span class='ocrx_word' id='word_1_104' title='bbox 640 1453 790 1495; x_wconf 82' lang='lat' dir='ltr'><strong>pertinere</strong></span> <span class='ocrx_word' id='word_1_105' title='bbox 802 1453 921 1484; x_wconf 85' lang='lat' dir='ltr'><strong>videtur</strong></span> <span class='ocrx_word' id='word_1_106' title='bbox 939 1453 1072 1483; x_wconf 81' lang='lat' dir='ltr'><strong>Pratinae</strong></span> 
     </span>
     <span class='ocr_line' id='line_1_23' title="bbox 340 1495 1072 1537; baseline -0.001 -11"><span class='ocrx_word' id='word_1_107' title='bbox 340 1495 525 1537; x_wconf 82' lang='grc' dir='ltr'>ὑπόρχημα</span> <span class='ocrx_word' id='word_1_108' title='bbox 548 1496 631 1537; x_wconf 87' lang='lat' dir='ltr'><strong>apud</strong></span> <span class='ocrx_word' id='word_1_109' title='bbox 656 1495 775 1526; x_wconf 87' lang='lat' dir='ltr'><strong>Athen.</strong></span> <span class='ocrx_word' id='word_1_110' title='bbox 803 1495 866 1532; x_wconf 86' lang='lat' dir='ltr'><strong>xiv,</strong></span> <span class='ocrx_word' id='word_1_111' title='bbox 889 1496 920 1530; x_wconf 80' lang='lat'><strong>2,</strong></span> <span class='ocrx_word' id='word_1_112' title='bbox 944 1505 974 1535; x_wconf 87' lang='lat' dir='ltr'><strong>p.</strong></span> <span class='ocrx_word' id='word_1_113' title='bbox 999 1495 1072 1530; x_wconf 89' lang='grc'><strong>617,</strong></span> 
     </span>
     <span class='ocr_line' id='line_1_24' title="bbox 337 1536 1071 1579; baseline -0.003 -11"><span class='ocrx_word' id='word_1_114' title='bbox 337 1539 421 1578; x_wconf 90' lang='lat' dir='ltr'><strong>quod</strong></span> <span class='ocrx_word' id='word_1_115' title='bbox 435 1538 501 1579; x_wconf 87' lang='lat' dir='ltr'><strong>jam</strong></span> <span class='ocrx_word' id='word_1_116' title='bbox 516 1548 570 1578; x_wconf 83' lang='lat' dir='ltr'><strong>per</strong></span> <span class='ocrx_word' id='word_1_117' title='bbox 587 1543 688 1579; x_wconf 83' lang='lat' dir='ltr'><strong>partes</strong></span> <span class='ocrx_word' id='word_1_118' title='bbox 703 1547 775 1567; x_wconf 89' lang='lat' dir='ltr'><strong>curn</strong></span> <span class='ocrx_word' id='word_1_119' title='bbox 796 1536 924 1568; x_wconf 87' lang='lat' dir='ltr'><strong>Horatio</strong></span> <span class='ocrx_word' id='word_1_120' title='bbox 943 1546 1071 1578; x_wconf 88' lang='lat' dir='ltr'><strong>compa-</strong></span> 
     </span>
     <span class='ocr_line' id='line_1_25' title="bbox 338 1579 778 1610; baseline 0.002 -1"><span class='ocrx_word' id='word_1_121' title='bbox 338 1579 418 1610; x_wconf 83' lang='lat' dir='ltr'><strong>ravit</strong></span> <span class='ocrx_word' id='word_1_122' title='bbox 433 1580 482 1610; x_wconf 90' lang='lat' dir='ltr'><strong>Cl.</strong></span> <span class='ocrx_word' id='word_1_123' title='bbox 500 1579 778 1610; x_wconf 74' lang='lat' dir='ltr'><strong>Mitscherlichius.</strong></span> 
     </span>
    </p>

    <p class='ocr_par' dir='ltr' id='par_1_8' title="bbox 336 1619 1074 2459">
     <span class='ocr_line' id='line_1_26' title="bbox 383 1619 1073 1660; baseline -0.003 -9"><span class='ocrx_word' id='word_1_124' title='bbox 383 1623 478 1652; x_wconf 89' lang='lat'><strong>1-4.</strong></span> <span class='ocrx_word' id='word_1_125' title='bbox 503 1622 643 1660; x_wconf 82' lang='lat' dir='ltr'><strong>Rupibus</strong></span> <span class='ocrx_word' id='word_1_126' title='bbox 655 1623 783 1656; x_wconf 79' lang='lat' dir='ltr'><strong>remotis,</strong></span> <span class='ocrx_word' id='word_1_127' title='bbox 799 1630 844 1650; x_wconf 89' lang='lat' dir='ltr'><strong>sc.</strong></span> <span class='ocrx_word' id='word_1_128' title='bbox 860 1621 900 1650; x_wconf 91' lang='lat' dir='ltr'><strong>ab</strong></span> <span class='ocrx_word' id='word_1_129' title='bbox 914 1619 1073 1651; x_wconf 89' lang='lat' dir='ltr'><strong>hominum</strong></span> 
     </span>
     <span class='ocr_line' id='line_1_27' title="bbox 338 1661 1074 1704; baseline -0.001 -12"><span class='ocrx_word' id='word_1_130' title='bbox 338 1668 507 1704; x_wconf 84' lang='lat' dir='ltr'><strong>conspectu</strong></span> <span class='ocrx_word' id='word_1_131' title='bbox 534 1669 565 1693; x_wconf 83' lang='lat' dir='ltr'><strong>et</strong></span> <span class='ocrx_word' id='word_1_132' title='bbox 590 1662 773 1703; x_wconf 79' lang='lat' dir='ltr'><strong>frequentia,</strong></span> <span class='ocrx_word' id='word_1_133' title='bbox 798 1661 883 1692; x_wconf 87' lang='lat' dir='ltr'><strong>solis.</strong></span> <span class='ocrx_word' id='word_1_134' title='bbox 929 1663 1074 1692; x_wconf 75' lang='lat' dir='ltr'><strong>Carmina</strong></span> 
     </span>
     <span class='ocr_line' id='line_1_28' title="bbox 338 1703 1070 1745; baseline -0.003 -11"><span class='ocrx_word' id='word_1_135' title='bbox 338 1705 499 1738; x_wconf 76' lang='lat' dir='ltr'><strong>docentem,</strong></span> <span class='ocrx_word' id='word_1_136' title='bbox 515 1705 640 1745; x_wconf 86' lang='lat' dir='ltr'><strong>choragi</strong></span> <span class='ocrx_word' id='word_1_137' title='bbox 656 1704 758 1745; x_wconf 83' lang='lat' dir='ltr'><strong>quasi,</strong></span> <span class='ocrx_word' id='word_1_138' title='bbox 774 1703 914 1735; x_wconf 84' lang='lat' dir='ltr'><strong>carmina</strong></span> <span class='ocrx_word' id='word_1_139' title='bbox 929 1703 1070 1745; x_wconf 87' lang='lat' dir='ltr'><strong>praecipi-</strong></span> 
     </span>
     <span class='ocr_line' id='line_1_29' title="bbox 336 1746 1072 1788; baseline -0.001 -12"><span class='ocrx_word' id='word_1_140' title='bbox 336 1746 429 1782; x_wconf 88' lang='lat' dir='ltr'><strong>entis,</strong></span> <span class='ocrx_word' id='word_1_141' title='bbox 458 1753 560 1788; x_wconf 83' lang='lat' dir='ltr'><strong>partes</strong></span> <span class='ocrx_word' id='word_1_142' title='bbox 587 1746 802 1777; x_wconf 75' lang='lat' dir='ltr'><strong>sustinentem.</strong></span> <span class='ocrx_word' id='word_1_143' title='bbox 847 1746 899 1776; x_wconf 88' lang='lat' dir='ltr'><strong>Sic</strong></span> <span class='ocrx_word' id='word_1_144' title='bbox 927 1747 1072 1776; x_wconf 83' lang='lat' dir='ltr'><strong>Bacchus</strong></span> 
     </span>
     <span class='ocr_line' id='line_1_30' title="bbox 337 1788 1072 1830; baseline -0.001 -11"><span class='ocrx_word' id='word_1_145' title='bbox 337 1798 454 1820; x_wconf 84' lang='lat' dir='ltr'><strong>canens</strong></span> <span class='ocrx_word' id='word_1_146' title='bbox 475 1794 602 1830; x_wconf 85' lang='lat' dir='ltr'><strong>apparet</strong></span> <span class='ocrx_word' id='word_1_147' title='bbox 624 1789 706 1830; x_wconf 86' lang='lat' dir='ltr'><strong>apud</strong></span> <span class='ocrx_word' id='word_1_148' title='bbox 731 1788 839 1829; x_wconf 85' lang='lat' dir='ltr'><strong>Eurip.</strong></span> <span class='ocrx_word' id='word_1_149' title='bbox 863 1788 982 1818; x_wconf 88' lang='lat' dir='ltr'><strong>Bacch.</strong></span> <span class='ocrx_word' id='word_1_150' title='bbox 1011 1788 1072 1818; x_wconf 86' lang='lat'><strong>150</strong></span> 
     </span>
     <span class='ocr_line' id='line_1_31' title="bbox 336 1829 1073 1878; baseline -0.001 -18"><span class='ocrx_word' id='word_1_151' title='bbox 336 1841 407 1878; x_wconf 80' lang='lat' dir='ltr'><strong>sqq.</strong></span> <span class='ocrx_word' id='word_1_152' title='bbox 420 1844 426 1861; x_wconf 91' lang='lat'>:</span> <span class='ocrx_word' id='word_1_153' title='bbox 451 1831 492 1862; x_wconf 87' lang='lat' dir='ltr'><strong>cf.</strong></span> <span class='ocrx_word' id='word_1_154' title='bbox 505 1831 602 1872; x_wconf 86' lang='lat' dir='ltr'><strong>Orph.</strong></span> <span class='ocrx_word' id='word_1_155' title='bbox 620 1832 737 1872; x_wconf 87' lang='lat' dir='ltr'><strong>Hymn.</strong></span> <span class='ocrx_word' id='word_1_156' title='bbox 752 1829 798 1865; x_wconf 87' lang='lat' dir='ltr'><strong>lii,</strong></span> <span class='ocrx_word' id='word_1_157' title='bbox 815 1832 846 1863; x_wconf 87' lang='lat'><strong>5,</strong></span> <span class='ocrx_word' id='word_1_158' title='bbox 857 1836 888 1860; x_wconf 86' lang='lat' dir='ltr'><strong>et</strong></span> <span class='ocrx_word' id='word_1_159' title='bbox 903 1829 948 1861; x_wconf 87' lang='lat' dir='ltr'><strong>sic</strong></span> <span class='ocrx_word' id='word_1_160' title='bbox 961 1829 1073 1872; x_wconf 84' lang='lat' dir='ltr'><strong>pariter</strong></span> 
     </span>
     <span class='ocr_line' id='line_1_32' title="bbox 336 1872 1071 1914; baseline -0.001 -11"><span class='ocrx_word' id='word_1_161' title='bbox 336 1874 460 1904; x_wconf 79' lang='lat' dir='ltr'><strong>Sllenus</strong></span> <span class='ocrx_word' id='word_1_162' title='bbox 484 1873 602 1914; x_wconf 85' lang='lat' dir='ltr'><strong>Satyris</strong></span> <span class='ocrx_word' id='word_1_163' title='bbox 622 1879 653 1903; x_wconf 88' lang='lat' dir='ltr'><strong>et</strong></span> <span class='ocrx_word' id='word_1_164' title='bbox 677 1873 832 1914; x_wconf 85' lang='lat' dir='ltr'><strong>Nymphae</strong></span> <span class='ocrx_word' id='word_1_165' title='bbox 855 1872 980 1903; x_wconf 87' lang='lat' dir='ltr'><strong>cuidam</strong></span> <span class='ocrx_word' id='word_1_166' title='bbox 1003 1882 1071 1902; x_wconf 86' lang='lat' dir='ltr'><strong>car-</strong></span> 
     </span>
     <span class='ocr_line' id='line_1_33' title="bbox 339 1914 1074 1956; baseline 0 -12"><span class='ocrx_word' id='word_1_167' title='bbox 339 1915 425 1946; x_wconf 90' lang='lat' dir='ltr'><strong>mina</strong></span> <span class='ocrx_word' id='word_1_168' title='bbox 439 1914 581 1956; x_wconf 85' lang='lat' dir='ltr'><strong>praecinit</strong></span> <span class='ocrx_word' id='word_1_169' title='bbox 591 1915 674 1956; x_wconf 84' lang='lat' dir='ltr'><strong>apud</strong></span> <span class='ocrx_word' id='word_1_170' title='bbox 690 1915 779 1955; x_wconf 86' lang='lat' dir='ltr'><strong>Virg.</strong></span> <span class='ocrx_word' id='word_1_171' title='bbox 794 1915 863 1945; x_wconf 86' lang='lat' dir='ltr'><strong>Ecl.</strong></span> <span class='ocrx_word' id='word_1_172' title='bbox 878 1914 920 1944; x_wconf 92' lang='lat' dir='ltr'><strong>vi.</strong></span> <span class='ocrx_word' id='word_1_173' title='bbox 953 1915 1074 1944; x_wconf 80' lang='lat' dir='ltr'><strong>Credite</strong></span> 
     </span>
     <span class='ocr_line' id='line_1_34' title="bbox 336 1955 1073 1997; baseline 0 -11"><span class='ocrx_word' id='word_1_174' title='bbox 336 1957 469 1996; x_wconf 76' lang='lat' dir='ltr'><strong>posteri!</strong></span> <span class='ocrx_word' id='word_1_175' title='bbox 493 1956 582 1997; x_wconf 86' lang='lat' dir='ltr'><strong>quasi</strong></span> <span class='ocrx_word' id='word_1_176' title='bbox 605 1957 646 1987; x_wconf 84' lang='lat' dir='ltr'><strong>rei</strong></span> <span class='ocrx_word' id='word_1_177' title='bbox 669 1962 731 1987; x_wconf 86' lang='lat' dir='ltr'><strong>tam</strong></span> <span class='ocrx_word' id='word_1_178' title='bbox 756 1967 843 1987; x_wconf 86' lang='lat' dir='ltr'><strong>novae</strong></span> <span class='ocrx_word' id='word_1_179' title='bbox 866 1962 895 1987; x_wconf 84' lang='lat' dir='ltr'><strong>et</strong></span> <span class='ocrx_word' id='word_1_180' title='bbox 923 1955 1073 1986; x_wconf 83' lang='lat' dir='ltr'><strong>inauditae</strong></span> 
     </span>
     <span class='ocr_line' id='line_1_35' title="bbox 337 1998 1073 2040; baseline 0 -12"><span class='ocrx_word' id='word_1_181' title='bbox 337 1998 428 2029; x_wconf 88' lang='lat' dir='ltr'><strong>fidem</strong></span> <span class='ocrx_word' id='word_1_182' title='bbox 451 1998 627 2039; x_wconf 82' lang='lat' dir='ltr'><strong>derogaturi</strong></span> <span class='ocrx_word' id='word_1_183' title='bbox 648 2000 710 2029; x_wconf 87' lang='lat' dir='ltr'><strong>sint</strong></span> <span class='ocrx_word' id='word_1_184' title='bbox 733 1998 858 2040; x_wconf 82' lang='lat' dir='ltr'><strong>posteri.</strong></span> <span class='ocrx_word' id='word_1_185' title='bbox 903 1999 1073 2038; x_wconf 82' lang='lat' dir='ltr'><strong>Nymphas-</strong></span> 
     </span>
     <span class='ocr_line' id='line_1_36' title="bbox 338 2040 1071 2082; baseline 0 -12"><span class='ocrx_word' id='word_1_186' title='bbox 338 2051 403 2080; x_wconf 82' lang='lat' dir='ltr'><strong>que,</strong></span> <span class='ocrx_word' id='word_1_187' title='bbox 428 2042 467 2072; x_wconf 88' lang='lat' dir='ltr'><strong>de</strong></span> <span class='ocrx_word' id='word_1_188' title='bbox 496 2041 663 2082; x_wconf 80' lang='lat' dir='ltr'><strong>Nymphis,</strong></span> <span class='ocrx_word' id='word_1_189' title='bbox 692 2046 728 2070; x_wconf 89' lang='lat' dir='ltr'><strong>ut</strong></span> <span class='ocrx_word' id='word_1_190' title='bbox 751 2040 869 2071; x_wconf 78' lang='lat' dir='ltr'><strong>Bacchi</strong></span> <span class='ocrx_word' id='word_1_191' title='bbox 894 2040 1071 2077; x_wconf 80' lang='lat' dir='ltr'><strong>comitibus,</strong></span> 
     </span>
     <span class='ocr_line' id='line_1_37' title="bbox 338 2082 1074 2124; baseline -0.001 -12"><span class='ocrx_word' id='word_1_192' title='bbox 338 2083 427 2124; x_wconf 88' lang='lat' dir='ltr'><strong>plura</strong></span> <span class='ocrx_word' id='word_1_193' title='bbox 450 2083 631 2114; x_wconf 82' lang='lat' dir='ltr'><strong>Graecorum</strong></span> <span class='ocrx_word' id='word_1_194' title='bbox 654 2088 814 2124; x_wconf 86' lang='lat' dir='ltr'><strong>poetarum</strong></span> <span class='ocrx_word' id='word_1_195' title='bbox 838 2082 906 2112; x_wconf 81' lang='lat' dir='ltr'><strong>loca</strong></span> <span class='ocrx_word' id='word_1_196' title='bbox 927 2082 1074 2112; x_wconf 82' lang='lat' dir='ltr'><strong>excitavit</strong></span> 
     </span>
     <span class='ocr_line' id='line_1_38' title="bbox 340 2123 1070 2174; baseline 0 -20"><span class='ocrx_word' id='word_1_197' title='bbox 340 2124 391 2155; x_wconf 86' lang='lat' dir='ltr'><strong>Cl.</strong></span> <span class='ocrx_word' id='word_1_198' title='bbox 405 2125 555 2163; x_wconf 85' lang='lat' dir='ltr'><strong>Mitsch.;</strong></span> <span class='ocrx_word' id='word_1_199' title='bbox 579 2124 651 2174; x_wconf 46' lang='lat' dir='ltr'><strong>hinc</strong></span> <span class='ocrx_word' id='word_1_200' title='bbox 669 2125 815 2154; x_wconf 86' lang='lat' dir='ltr'><strong>Bacchus</strong></span> <span class='ocrx_word' id='word_1_201' title='bbox 829 2124 883 2154; x_wconf 90' lang='lat' dir='ltr'><strong>inf.</strong></span> <span class='ocrx_word' id='word_1_202' title='bbox 892 2123 1000 2161; x_wconf 83' lang='lat' dir='ltr'><strong>iii,25,</strong></span> <span class='ocrx_word' id='word_1_203' title='bbox 1020 2125 1070 2160; x_wconf 86' lang='lat'><strong>14,</strong></span> 
     </span>
     <span class='ocr_line' id='line_1_39' title="bbox 338 2165 1070 2206; baseline -0.001 -9"><span class='ocrx_word' id='word_1_204' title='bbox 338 2166 497 2197; x_wconf 78' lang='lat' dir='ltr'><strong>Naiadum</strong></span> <span class='ocrx_word' id='word_1_205' title='bbox 539 2174 640 2206; x_wconf 78' lang='lat' dir='ltr'><strong>potens</strong></span> <span class='ocrx_word' id='word_1_206' title='bbox 682 2165 806 2196; x_wconf 85' lang='lat' dir='ltr'><strong>dicitur.</strong></span> <span class='ocrx_word' id='word_1_207' title='bbox 851 2167 1070 2205; x_wconf 73' lang='lat' dir='ltr'><strong>Capripdeum:</strong></span> 
     </span>
     <span class='ocr_line' id='line_1_40' title="bbox 337 2207 1069 2249; baseline 0.001 -11"><span class='ocrx_word' id='word_1_208' title='bbox 337 2207 481 2240; x_wconf 86' lang='lat' dir='ltr'><strong>similiter</strong></span> <span class='ocrx_word' id='word_1_209' title='bbox 503 2209 624 2240; x_wconf 85' lang='lat' dir='ltr'><strong>Graecis</strong></span> <span class='ocrx_word' id='word_1_210' title='bbox 647 2208 747 2249; x_wconf 83' lang='lat' dir='ltr'><strong>Satyri</strong></span> <span class='ocrx_word' id='word_1_211' title='bbox 773 2208 920 2239; x_wconf 87' lang='lat' dir='ltr'><strong>dicuntur</strong></span> <span class='ocrx_word' id='word_1_212' title='bbox 939 2207 1069 2249; x_wconf 79' lang='grc' dir='ltr'>αἰγίπο-</span> 
     </span>
     <span class='ocr_line' id='line_1_41' title="bbox 336 2250 1070 2292; baseline -0.004 -10"><span class='ocrx_word' id='word_1_213' title='bbox 336 2250 398 2287; x_wconf 67' lang='lat' dir='ltr'><strong>dec,</strong></span> <span class='ocrx_word' id='word_1_214' title='bbox 430 2250 649 2292; x_wconf 83' lang='grc' dir='ltr'>τραγόποδες.</span> <span class='ocrx_word' id='word_1_215' title='bbox 692 2252 824 2281; x_wconf 72' lang='lat' dir='ltr'><strong>Acuras:</strong></span> <span class='ocrx_word' id='word_1_216' title='bbox 854 2261 960 2280; x_wconf 81' lang='lat' dir='ltr'><strong>acuere</strong></span> <span class='ocrx_word' id='word_1_217' title='bbox 987 2250 1070 2280; x_wconf 88' lang='lat' dir='ltr'><strong>enim</strong></span> 
     </span>
     <span class='ocr_line' id='line_1_42' title="bbox 337 2291 1070 2333; baseline -0.001 -10"><span class='ocrx_word' id='word_1_218' title='bbox 337 2292 429 2333; x_wconf 88' lang='lat' dir='ltr'><strong>quasi</strong></span> <span class='ocrx_word' id='word_1_219' title='bbox 451 2302 540 2324; x_wconf 88' lang='lat' dir='ltr'><strong>aures</strong></span> <span class='ocrx_word' id='word_1_220' title='bbox 564 2295 649 2332; x_wconf 89' lang='lat' dir='ltr'><strong>(nos,</strong></span> <span class='ocrx_word' id='word_1_221' title='bbox 671 2294 719 2323; x_wconf 78' lang='lat' dir='ltr'><strong>die</strong></span> <span class='ocrx_word' id='word_1_222' title='bbox 743 2293 843 2322; x_wconf 84' lang='lat' dir='ltr'><strong>Ohren</strong></span> <span class='ocrx_word' id='word_1_223' title='bbox 863 2291 993 2331; x_wconf 77' lang='lat' dir='ltr'><strong>spitzen)</strong></span> <span class='ocrx_word' id='word_1_224' title='bbox 1022 2293 1070 2322; x_wconf 92' lang='lat' dir='ltr'><strong>di-</strong></span> 
     </span>
     <span class='ocr_line' id='line_1_43' title="bbox 338 2334 1068 2376; baseline -0.001 -11"><span class='ocrx_word' id='word_1_225' title='bbox 338 2342 466 2368; x_wconf 84' lang='lat' dir='ltr'><strong>cuntur,</strong></span> <span class='ocrx_word' id='word_1_226' title='bbox 483 2335 538 2376; x_wconf 89' lang='lat' dir='ltr'><strong>qui</strong></span> <span class='ocrx_word' id='word_1_227' title='bbox 553 2334 665 2376; x_wconf 88' lang='lat' dir='ltr'><strong>cupide</strong></span> <span class='ocrx_word' id='word_1_228' title='bbox 681 2341 712 2365; x_wconf 88' lang='lat' dir='ltr'><strong>et</strong></span> <span class='ocrx_word' id='word_1_229' title='bbox 725 2344 839 2374; x_wconf 85' lang='lat' dir='ltr'><strong>magna</strong></span> <span class='ocrx_word' id='word_1_230' title='bbox 855 2344 926 2365; x_wconf 90' lang='lat' dir='ltr'><strong>cum</strong></span> <span class='ocrx_word' id='word_1_231' title='bbox 943 2334 1068 2364; x_wconf 81' lang='lat' dir='ltr'><strong>attenti-</strong></span> 
     </span>
     <span class='ocr_line' id='line_1_44' title="bbox 337 2375 1070 2418; baseline 0.001 -12"><span class='ocrx_word' id='word_1_232' title='bbox 337 2386 397 2407; x_wconf 86' lang='lat' dir='ltr'><strong>one</strong></span> <span class='ocrx_word' id='word_1_233' title='bbox 419 2377 538 2418; x_wconf 91' lang='lat' dir='ltr'><strong>aliquid</strong></span> <span class='ocrx_word' id='word_1_234' title='bbox 558 2377 686 2408; x_wconf 84' lang='lat' dir='ltr'><strong>auribus</strong></span> <span class='ocrx_word' id='word_1_235' title='bbox 707 2375 877 2407; x_wconf 87' lang='lat' dir='ltr'><strong>imbibunt.</strong></span> <span class='ocrx_word' id='word_1_236' title='bbox 923 2376 1070 2408; x_wconf 82' lang='lat' dir='ltr'><strong>Similiter</strong></span> 
     </span>
     <span class='ocr_line' id='line_1_45' title="bbox 338 2418 971 2459; baseline 0 -11"><span class='ocrx_word' id='word_1_237' title='bbox 338 2418 396 2450; x_wconf 80' lang='lat' dir='ltr'><strong>inf.</strong></span> <span class='ocrx_word' id='word_1_238' title='bbox 411 2419 478 2450; x_wconf 86' lang='lat' dir='ltr'><strong>Sat.</strong></span> <span class='ocrx_word' id='word_1_239' title='bbox 494 2418 528 2455; x_wconf 89' lang='lat' dir='ltr'><strong>ii,</strong></span> <span class='ocrx_word' id='word_1_240' title='bbox 544 2421 575 2454; x_wconf 89' lang='lat'><strong>5,</strong></span> <span class='ocrx_word' id='word_1_241' title='bbox 590 2421 643 2454; x_wconf 86' lang='lat'><strong>95,</strong></span> <span class='ocrx_word' id='word_1_242' title='bbox 658 2428 746 2448; x_wconf 81' lang='lat' dir='ltr'><strong>aures</strong></span> <span class='ocrx_word' id='word_1_243' title='bbox 759 2420 971 2459; x_wconf 78' lang='lat' dir='ltr'><strong>substringere.</strong></span> 
     </span>
    </p>

    <p class='ocr_par' dir='ltr' id='par_1_9' title="bbox 335 2460 1071 3007">
     <span class='ocr_line' id='line_1_46' title="bbox 381 2460 1070 2503; baseline -0.003 -11"><span class='ocrx_word' id='word_1_244' title='bbox 381 2461 477 2492; x_wconf 69' lang='lat'><strong>5—8.</strong></span> <span class='ocrx_word' id='word_1_245' title='bbox 500 2462 594 2492; x_wconf 85' lang='lat' dir='ltr'><strong><em>Evoe!</em></strong></span> <span class='ocrx_word' id='word_1_246' title='bbox 620 2461 685 2503; x_wconf 87' lang='lat' dir='ltr'><strong>jam</strong></span> <span class='ocrx_word' id='word_1_247' title='bbox 712 2460 861 2496; x_wconf 86' lang='lat' dir='ltr'><strong>sentiens,</strong></span> <span class='ocrx_word' id='word_1_248' title='bbox 889 2471 921 2491; x_wconf 89' lang='lat' dir='ltr'><strong>se</strong></span> <span class='ocrx_word' id='word_1_249' title='bbox 950 2460 1070 2491; x_wconf 86' lang='lat' dir='ltr'><strong>Bacchi</strong></span> 
     </span>
     <span class='ocr_line' id='line_1_47' title="bbox 339 2502 1070 2543; baseline 0.001 -10"><span class='ocrx_word' id='word_1_250' title='bbox 339 2502 468 2534; x_wconf 87' lang='lat' dir='ltr'><strong>numine</strong></span> <span class='ocrx_word' id='word_1_251' title='bbox 499 2502 619 2543; x_wconf 83' lang='lat' dir='ltr'><strong>agitari,</strong></span> <span class='ocrx_word' id='word_1_252' title='bbox 651 2502 816 2538; x_wconf 86' lang='lat' dir='ltr'><strong>exclamat,</strong></span> <span class='ocrx_word' id='word_1_253' title='bbox 845 2509 880 2533; x_wconf 86' lang='lat' dir='ltr'><strong>ut</strong></span> <span class='ocrx_word' id='word_1_254' title='bbox 914 2502 1070 2534; x_wconf 86' lang='lat' dir='ltr'><strong>Bacchico</strong></span> 
     </span>
     <span class='ocr_line' id='line_1_48' title="bbox 337 2544 1070 2585; baseline 0.001 -11"><span class='ocrx_word' id='word_1_255' title='bbox 337 2544 439 2576; x_wconf 82' lang='lat' dir='ltr'><strong>surore</strong></span> <span class='ocrx_word' id='word_1_256' title='bbox 463 2555 546 2576; x_wconf 87' lang='lat' dir='ltr'><strong>corre</strong></span> <span class='ocrx_word' id='word_1_257' title='bbox 571 2545 594 2575; x_wconf 81' lang='lat' dir='ltr'><strong>ti</strong></span> <span class='ocrx_word' id='word_1_258' title='bbox 615 2544 788 2576; x_wconf 87' lang='lat' dir='ltr'><strong>exclamare</strong></span> <span class='ocrx_word' id='word_1_259' title='bbox 817 2545 981 2582; x_wconf 88' lang='lat' dir='ltr'><strong>solebant;</strong></span> <span class='ocrx_word' id='word_1_260' title='bbox 1007 2555 1070 2585; x_wconf 90' lang='lat' dir='ltr'><strong>qua</strong></span> 
     </span>
     <span class='ocr_line' id='line_1_49' title="bbox 337 2586 1069 2628; baseline -0.003 -10"><span class='ocrx_word' id='word_1_261' title='bbox 337 2586 463 2628; x_wconf 84' lang='lat' dir='ltr'><strong>quidem</strong></span> <span class='ocrx_word' id='word_1_262' title='bbox 485 2597 542 2618; x_wconf 88' lang='lat' dir='ltr'><strong>exc</strong></span> <span class='ocrx_word' id='word_1_263' title='bbox 558 2587 710 2617; x_wconf 82' lang='lat' dir='ltr'><strong>amatione</strong></span> <span class='ocrx_word' id='word_1_264' title='bbox 728 2586 767 2617; x_wconf 84' lang='lat' dir='ltr'><strong>ad</strong></span> <span class='ocrx_word' id='word_1_265' title='bbox 786 2587 916 2617; x_wconf 81' lang='lat' dir='ltr'><strong>furentis</strong></span> <span class='ocrx_word' id='word_1_266' title='bbox 935 2587 1069 2628; x_wconf 87' lang='lat' dir='ltr'><strong>speciem</strong></span> 
     </span>
     <span class='ocr_line' id='line_1_50' title="bbox 338 2628 1070 2670; baseline 0.001 -12"><span class='ocrx_word' id='word_1_267' title='bbox 338 2638 402 2670; x_wconf 82' lang='lat' dir='ltr'><strong>prae</strong></span> <span class='ocrx_word' id='word_1_268' title='bbox 425 2638 458 2660; x_wconf 86' lang='lat' dir='ltr'><strong>se</strong></span> <span class='ocrx_word' id='word_1_269' title='bbox 480 2629 636 2660; x_wconf 85' lang='lat' dir='ltr'><strong>ferendam</strong></span> <span class='ocrx_word' id='word_1_270' title='bbox 664 2628 740 2659; x_wconf 88' lang='lat' dir='ltr'><strong>nihil</strong></span> <span class='ocrx_word' id='word_1_271' title='bbox 763 2629 802 2659; x_wconf 90' lang='lat' dir='ltr'><strong>ab</strong></span> <span class='ocrx_word' id='word_1_272' title='bbox 826 2629 955 2660; x_wconf 85' lang='lat' dir='ltr'><strong>Horatio</strong></span> <span class='ocrx_word' id='word_1_273' title='bbox 986 2639 1070 2660; x_wconf 90' lang='lat' dir='ltr'><strong>nunc</strong></span> 
     </span>
     <span class='ocr_line' id='line_1_51' title="bbox 337 2670 1070 2712; baseline -0.001 -10"><span class='ocrx_word' id='word_1_274' title='bbox 337 2670 477 2702; x_wconf 85' lang='lat' dir='ltr'><strong>adhiberi</strong></span> <span class='ocrx_word' id='word_1_275' title='bbox 499 2671 600 2712; x_wconf 86' lang='lat' dir='ltr'><strong>potuit</strong></span> <span class='ocrx_word' id='word_1_276' title='bbox 623 2670 901 2702; x_wconf 88' lang='lat' dir='ltr'><strong>accommodatius.</strong></span> <span class='ocrx_word' id='word_1_277' title='bbox 946 2671 1070 2702; x_wconf 79' lang='lat' dir='ltr'><strong>Recenti</strong></span> 
     </span>
     <span class='ocr_line' id='line_1_52' title="bbox 338 2713 1071 2753; baseline 0 -10"><span class='ocrx_word' id='word_1_278' title='bbox 338 2716 418 2744; x_wconf 76' lang='lat' dir='ltr'><strong>mens</strong></span> <span class='ocrx_word' id='word_1_279' title='bbox 438 2715 570 2753; x_wconf 81' lang='lat' dir='ltr'><strong>trepidat</strong></span> <span class='ocrx_word' id='word_1_280' title='bbox 592 2719 685 2748; x_wconf 73' lang='lat' dir='ltr'><strong>metu,</strong></span> <span class='ocrx_word' id='word_1_281' title='bbox 709 2722 796 2743; x_wconf 88' lang='lat' dir='ltr'><strong>mens</strong></span> <span class='ocrx_word' id='word_1_282' title='bbox 818 2713 939 2744; x_wconf 89' lang='lat' dir='ltr'><strong>horrore</strong></span> <span class='ocrx_word' id='word_1_283' title='bbox 962 2723 1071 2744; x_wconf 89' lang='lat' dir='ltr'><strong>recens</strong></span> 
     </span>
     <span class='ocr_line' id='line_1_53' title="bbox 337 2754 1070 2796; baseline 0 -11"><span class='ocrx_word' id='word_1_284' title='bbox 337 2754 477 2786; x_wconf 83' lang='lat' dir='ltr'><strong>immisso</strong></span> <span class='ocrx_word' id='word_1_285' title='bbox 501 2755 650 2786; x_wconf 85' lang='lat' dir='ltr'><strong>tremiscit</strong></span> <span class='ocrx_word' id='word_1_286' title='bbox 672 2760 703 2786; x_wconf 87' lang='lat' dir='ltr'><strong>et</strong></span> <span class='ocrx_word' id='word_1_287' title='bbox 727 2754 876 2796; x_wconf 88' lang='lat' dir='ltr'><strong>quatitur.</strong></span> <span class='ocrx_word' id='word_1_288' title='bbox 920 2756 1070 2796; x_wconf 74' lang='lat' dir='ltr'><strong>Plenaque</strong></span> 
     </span>
     <span class='ocr_line' id='line_1_54' title="bbox 337 2796 1068 2837; baseline 0.001 -10"><span class='ocrx_word' id='word_1_289' title='bbox 337 2796 452 2828; x_wconf 78' lang='lat' dir='ltr'><strong>Bacchi</strong></span> <span class='ocrx_word' id='word_1_290' title='bbox 472 2803 610 2837; x_wconf 82' lang='lat' dir='ltr'><strong>pectore.-</strong></span> <span class='ocrx_word' id='word_1_291' title='bbox 634 2797 690 2828; x_wconf 80' lang='lat' dir='ltr'><strong>inf.</strong></span> <span class='ocrx_word' id='word_1_292' title='bbox 716 2796 761 2832; x_wconf 86' lang='lat' dir='ltr'><strong>iii,</strong></span> <span class='ocrx_word' id='word_1_293' title='bbox 785 2798 839 2831; x_wconf 82' lang='lat'><strong>25,</strong></span> <span class='ocrx_word' id='word_1_294' title='bbox 863 2798 895 2832; x_wconf 81' lang='lat'><strong>2,</strong></span> <span class='ocrx_word' id='word_1_295' title='bbox 922 2798 987 2831; x_wconf 77' lang='lat' dir='ltr'><strong>Quo</strong></span> <span class='ocrx_word' id='word_1_296' title='bbox 1014 2809 1068 2833; x_wconf 87' lang='lat' dir='ltr'><strong>me,</strong></span> 
     </span>
     <span class='ocr_line' id='line_1_55' title="bbox 337 2839 1068 2880; baseline 0.001 -11"><span class='ocrx_word' id='word_1_297' title='bbox 337 2839 465 2876; x_wconf 72' lang='lat' dir='ltr'><strong>Bacche.</strong></span> <span class='ocrx_word' id='word_1_298' title='bbox 494 2842 577 2880; x_wconf 80' lang='lat' dir='ltr'><strong>rapis</strong></span> <span class='ocrx_word' id='word_1_299' title='bbox 608 2842 655 2870; x_wconf 82' lang='lat' dir='ltr'><strong>tui</strong></span> <span class='ocrx_word' id='word_1_300' title='bbox 680 2839 832 2869; x_wconf 78' lang='lat' dir='ltr'><strong>Plenum?</strong></span> <span class='ocrx_word' id='word_1_301' title='bbox 861 2839 954 2870; x_wconf 91' lang='lat' dir='ltr'><strong>Ovid.</strong></span> <span class='ocrx_word' id='word_1_302' title='bbox 986 2840 1068 2870; x_wconf 89' lang='lat' dir='ltr'><strong>Fast.</strong></span> 
     </span>
     <span class='ocr_line' id='line_1_56' title="bbox 335 2881 1068 2922; baseline 0.003 -11"><span class='ocrx_word' id='word_1_303' title='bbox 335 2881 379 2918; x_wconf 82' lang='lat' dir='ltr'><strong>vi,</strong></span> <span class='ocrx_word' id='word_1_304' title='bbox 397 2882 472 2919; x_wconf 84' lang='lat'><strong>535,</strong></span> <span class='ocrx_word' id='word_1_305' title='bbox 495 2882 604 2922; x_wconf 78' lang='lat' dir='ltr'><strong>Fitque</strong></span> <span class='ocrx_word' id='word_1_306' title='bbox 625 2883 673 2912; x_wconf 83' lang='lat' dir='ltr'><strong>sui</strong></span> <span class='ocrx_word' id='word_1_307' title='bbox 691 2887 751 2912; x_wconf 77' lang='lat' dir='ltr'><strong>toto</strong></span> <span class='ocrx_word' id='word_1_308' title='bbox 765 2887 880 2920; x_wconf 81' lang='lat' dir='ltr'><strong>pectore</strong></span> <span class='ocrx_word' id='word_1_309' title='bbox 899 2883 988 2921; x_wconf 84' lang='lat' dir='ltr'><strong>plena</strong></span> <span class='ocrx_word' id='word_1_310' title='bbox 1011 2884 1068 2913; x_wconf 83' lang='lat' dir='ltr'><strong>dei.</strong></span> 
     </span>
     <span class='ocr_line' id='line_1_57' title="bbox 338 2923 1067 2966; baseline 0.003 -12"><span class='ocrx_word' id='word_1_311' title='bbox 338 2923 506 2955; x_wconf 78' lang='lat' dir='ltr'><strong>Turbidum</strong></span> <span class='ocrx_word' id='word_1_312' title='bbox 542 2934 608 2966; x_wconf 90' lang='lat' dir='ltr'><strong>pro,</strong></span> <span class='ocrx_word' id='word_1_313' title='bbox 641 2923 784 2961; x_wconf 82' lang='lat' dir='ltr'><strong>turbide3</strong></span> <span class='ocrx_word' id='word_1_314' title='bbox 828 2924 923 2954; x_wconf 82' lang='lat' dir='ltr'><strong>mixta</strong></span> <span class='ocrx_word' id='word_1_315' title='bbox 956 2934 1067 2966; x_wconf 85' lang='lat' dir='ltr'><strong>nempe</strong></span> 
     </span>
     <span class='ocr_line' id='line_1_58' title="bbox 336 2965 1065 3007; baseline 0.001 -11"><span class='ocrx_word' id='word_1_316' title='bbox 336 2965 444 2997; x_wconf 78' lang='lat' dir='ltr'><strong>laetitia</strong></span> <span class='ocrx_word' id='word_1_317' title='bbox 459 2965 518 2997; x_wconf 78' lang='lat' dir='ltr'><strong>fuit</strong></span> <span class='ocrx_word' id='word_1_318' title='bbox 530 2975 603 2997; x_wconf 87' lang='lat' dir='ltr'><strong>cum</strong></span> <span class='ocrx_word' id='word_1_319' title='bbox 619 2966 726 2997; x_wconf 81' lang='lat' dir='ltr'><strong>timore</strong></span> <span class='ocrx_word' id='word_1_320' title='bbox 741 2971 773 2997; x_wconf 82' lang='lat' dir='ltr'><strong>et</strong></span> <span class='ocrx_word' id='word_1_321' title='bbox 791 2965 885 2996; x_wconf 87' lang='lat' dir='ltr'><strong>animi</strong></span> <span class='ocrx_word' id='word_1_322' title='bbox 904 2966 1065 3007; x_wconf 82' lang='lat' dir='ltr'><strong>perturba-</strong></span> 
     </span>
    </p>
   </div>
   <div class='ocr_carea' id='block_1_8' title="bbox 1111 1239 1884 3007">
    <p class='ocr_par' dir='ltr' id='par_1_10' title="bbox 1112 1239 1847 1782">
     <span class='ocr_line' id='line_1_59' title="bbox 1112 1239 1844 1284; baseline 0.001 -11"><span class='ocrx_word' id='word_1_323' title='bbox 1112 1242 1209 1273; x_wconf 86' lang='lat' dir='ltr'><strong>tione.</strong></span> <span class='ocrx_word' id='word_1_324' title='bbox 1235 1242 1326 1273; x_wconf 66' lang='lat' dir='ltr'><strong>Eum!</strong></span> <span class='ocrx_word' id='word_1_325' title='bbox 1347 1243 1452 1283; x_wconf 69' lang='grc' dir='ltr'><strong>(έυοῖἰ</strong></span> <span class='ocrx_word' id='word_1_326' title='bbox 1477 1249 1514 1274; x_wconf 80' lang='lat' dir='ltr'><strong>ut</strong></span> <span class='ocrx_word' id='word_1_327' title='bbox 1535 1241 1602 1278; x_wconf 80' lang='grc' dir='ltr'><strong>εὗα,</strong></span> <span class='ocrx_word' id='word_1_328' title='bbox 1626 1239 1744 1281; x_wconf 77' lang='grc' dir='ltr'>εὐάν);</span> <span class='ocrx_word' id='word_1_329' title='bbox 1765 1241 1844 1284; x_wconf 81' lang='lat' dir='ltr'><strong>jam,</strong></span> 
     </span>
     <span class='ocr_line' id='line_1_60' title="bbox 1113 1283 1845 1326; baseline 0.003 -12"><span class='ocrx_word' id='word_1_330' title='bbox 1113 1294 1184 1314; x_wconf 90' lang='lat' dir='ltr'><strong>cum</strong></span> <span class='ocrx_word' id='word_1_331' title='bbox 1208 1284 1238 1314; x_wconf 88' lang='lat' dir='ltr'><strong>vi</strong></span> <span class='ocrx_word' id='word_1_332' title='bbox 1262 1284 1378 1326; x_wconf 85' lang='lat' dir='ltr'><strong>majore</strong></span> <span class='ocrx_word' id='word_1_333' title='bbox 1405 1285 1567 1316; x_wconf 83' lang='lat' dir='ltr'><strong>Bacchum</strong></span> <span class='ocrx_word' id='word_1_334' title='bbox 1590 1283 1624 1314; x_wconf 85' lang='lat' dir='ltr'><strong>in</strong></span> <span class='ocrx_word' id='word_1_335' title='bbox 1647 1293 1680 1316; x_wconf 83' lang='lat' dir='ltr'><strong>se</strong></span> <span class='ocrx_word' id='word_1_336' title='bbox 1703 1290 1845 1316; x_wconf 82' lang='lat' dir='ltr'><strong>ruentem</strong></span> 
     </span>
     <span class='ocr_line' id='line_1_61' title="bbox 1112 1326 1844 1364; baseline 0.001 -8"><span class='ocrx_word' id='word_1_337' title='bbox 1112 1326 1215 1359; x_wconf 78' lang='lat' dir='ltr'><strong>sentit.</strong></span> <span class='ocrx_word' id='word_1_338' title='bbox 1238 1326 1347 1356; x_wconf 87' lang='lat' dir='ltr'><strong>iterum</strong></span> <span class='ocrx_word' id='word_1_339' title='bbox 1370 1326 1551 1358; x_wconf 80' lang='lat' dir='ltr'><strong>bacchantis</strong></span> <span class='ocrx_word' id='word_1_340' title='bbox 1572 1335 1658 1357; x_wconf 85' lang='lat' dir='ltr'><strong>more</strong></span> <span class='ocrx_word' id='word_1_341' title='bbox 1678 1326 1844 1364; x_wconf 84' lang='lat' dir='ltr'><strong>exclamat,</strong></span> 
     </span>
     <span class='ocr_line' id='line_1_62' title="bbox 1115 1367 1846 1410; baseline 0.001 -12"><span class='ocrx_word' id='word_1_342' title='bbox 1115 1367 1281 1408; x_wconf 88' lang='lat' dir='ltr'><strong>deumque,</strong></span> <span class='ocrx_word' id='word_1_343' title='bbox 1297 1368 1387 1409; x_wconf 89' lang='lat' dir='ltr'><strong>quasi</strong></span> <span class='ocrx_word' id='word_1_344' title='bbox 1400 1376 1587 1410; x_wconf 79' lang='lat' dir='ltr'><strong>pectuscum</strong></span> <span class='ocrx_word' id='word_1_345' title='bbox 1602 1367 1679 1399; x_wconf 77' lang='lat' dir='ltr'><strong>ferre</strong></span> <span class='ocrx_word' id='word_1_346' title='bbox 1693 1373 1726 1399; x_wconf 85' lang='lat' dir='ltr'><strong>et</strong></span> <span class='ocrx_word' id='word_1_347' title='bbox 1736 1377 1846 1410; x_wconf 78' lang='lat' dir='ltr'><strong>capere</strong></span> 
     </span>
     <span class='ocr_line' id='line_1_63' title="bbox 1116 1409 1846 1458; baseline 0.001 -18"><span class='ocrx_word' id='word_1_348' title='bbox 1116 1416 1260 1450; x_wconf 80' lang='lat' dir='ltr'><strong>nequeat,</strong></span> <span class='ocrx_word' id='word_1_349' title='bbox 1280 1417 1316 1440; x_wconf 88' lang='lat' dir='ltr'><strong>ut</strong></span> <span class='ocrx_word' id='word_1_350' title='bbox 1334 1410 1394 1440; x_wconf 87' lang='lat' dir='ltr'><strong>sibi</strong></span> <span class='ocrx_word' id='word_1_351' title='bbox 1413 1416 1528 1458; x_wconf 81' lang='lat' dir='ltr'><strong>parcat,</strong></span> <span class='ocrx_word' id='word_1_352' title='bbox 1546 1409 1702 1451; x_wconf 86' lang='lat' dir='ltr'><strong>implorat.</strong></span> <span class='ocrx_word' id='word_1_353' title='bbox 1747 1410 1846 1441; x_wconf 78' lang='lat' dir='ltr'><strong>Gravi</strong></span> 
     </span>
     <span class='ocr_line' id='line_1_64' title="bbox 1116 1451 1846 1494; baseline 0.003 -13"><span class='ocrx_word' id='word_1_354' title='bbox 1116 1454 1270 1482; x_wconf 77' lang='lat' dir='ltr'><strong>metuende</strong></span> <span class='ocrx_word' id='word_1_355' title='bbox 1285 1453 1397 1492; x_wconf 70' lang='lat' dir='ltr'><strong>thyrso,</strong></span> <span class='ocrx_word' id='word_1_356' title='bbox 1412 1453 1528 1494; x_wconf 83' lang='lat' dir='ltr'><strong>injecto</strong></span> <span class='ocrx_word' id='word_1_357' title='bbox 1542 1451 1625 1484; x_wconf 87' lang='lat' dir='ltr'><strong>enim</strong></span> <span class='ocrx_word' id='word_1_358' title='bbox 1641 1451 1746 1493; x_wconf 85' lang='lat' dir='ltr'><strong>thyrso</strong></span> <span class='ocrx_word' id='word_1_359' title='bbox 1761 1452 1846 1483; x_wconf 83' lang='lat' dir='ltr'><strong>furo-</strong></span> 
     </span>
     <span class='ocr_line' id='line_1_65' title="bbox 1116 1493 1845 1541; baseline 0.001 -18"><span class='ocrx_word' id='word_1_360' title='bbox 1116 1504 1180 1524; x_wconf 85' lang='lat' dir='ltr'><strong>rem</strong></span> <span class='ocrx_word' id='word_1_361' title='bbox 1197 1493 1289 1524; x_wconf 87' lang='lat' dir='ltr'><strong>simul</strong></span> <span class='ocrx_word' id='word_1_362' title='bbox 1303 1493 1430 1535; x_wconf 84' lang='lat' dir='ltr'><strong>injicere</strong></span> <span class='ocrx_word' id='word_1_363' title='bbox 1447 1495 1616 1541; x_wconf 82' lang='lat' dir='ltr'><strong>putabatur</strong></span> <span class='ocrx_word' id='word_1_364' title='bbox 1635 1494 1803 1532; x_wconf 85' lang='lat' dir='ltr'><strong>Bacchus;</strong></span> <span class='ocrx_word' id='word_1_365' title='bbox 1825 1504 1845 1525; x_wconf 86' lang='lat' dir='ltr'><strong>a</strong></span> 
     </span>
     <span class='ocr_line' id='line_1_66' title="bbox 1115 1535 1845 1578; baseline 0.001 -12"><span class='ocrx_word' id='word_1_366' title='bbox 1115 1546 1179 1576; x_wconf 87' lang='lat' dir='ltr'><strong>qua</strong></span> <span class='ocrx_word' id='word_1_367' title='bbox 1201 1536 1338 1576; x_wconf 85' lang='lat' dir='ltr'><strong>graviore</strong></span> <span class='ocrx_word' id='word_1_368' title='bbox 1358 1538 1455 1577; x_wconf 85' lang='lat' dir='ltr'><strong>thyrs1</strong></span> <span class='ocrx_word' id='word_1_369' title='bbox 1477 1535 1507 1566; x_wconf 88' lang='lat' dir='ltr'><strong>vi</strong></span> <span class='ocrx_word' id='word_1_370' title='bbox 1528 1536 1593 1578; x_wconf 86' lang='lat' dir='ltr'><strong>ipse</strong></span> <span class='ocrx_word' id='word_1_371' title='bbox 1614 1535 1738 1576; x_wconf 80' lang='lat' dir='ltr'><strong>thyrsus</strong></span> <span class='ocrx_word' id='word_1_372' title='bbox 1760 1546 1845 1567; x_wconf 86' lang='lat' dir='ltr'><strong>nuuc</strong></span> 
     </span>
     <span class='ocr_line' id='line_1_67' title="bbox 1115 1577 1847 1619; baseline 0.003 -12"><span class='ocrx_word' id='word_1_373' title='bbox 1115 1577 1229 1607; x_wconf 81' lang='lat' dir='ltr'><strong>dicitur</strong></span> <span class='ocrx_word' id='word_1_374' title='bbox 1248 1580 1372 1618; x_wconf 77' lang='lat' dir='ltr'><strong>gravis.-</strong></span> <span class='ocrx_word' id='word_1_375' title='bbox 1396 1577 1536 1619; x_wconf 80' lang='lat' dir='ltr'><strong>apposite</strong></span> <span class='ocrx_word' id='word_1_376' title='bbox 1556 1577 1590 1608; x_wconf 88' lang='lat' dir='ltr'><strong>in</strong></span> <span class='ocrx_word' id='word_1_377' title='bbox 1608 1577 1690 1608; x_wconf 82' lang='lat' dir='ltr'><strong>hanc</strong></span> <span class='ocrx_word' id='word_1_378' title='bbox 1707 1587 1771 1609; x_wconf 89' lang='lat' dir='ltr'><strong>rem</strong></span> <span class='ocrx_word' id='word_1_379' title='bbox 1795 1578 1847 1610; x_wconf 89' lang='lat' dir='ltr'><strong>Cl.</strong></span> 
     </span>
     <span class='ocr_line' id='line_1_68' title="bbox 1117 1618 1844 1657; baseline 0.001 -7"><span class='ocrx_word' id='word_1_380' title='bbox 1117 1619 1244 1651; x_wconf 81' lang='lat' dir='ltr'><strong>Mitsch.</strong></span> <span class='ocrx_word' id='word_1_381' title='bbox 1271 1619 1378 1650; x_wconf 80' lang='lat' dir='ltr'><strong>laudat</strong></span> <span class='ocrx_word' id='word_1_382' title='bbox 1401 1619 1495 1650; x_wconf 90' lang='lat' dir='ltr'><strong>Ovid.</strong></span> <span class='ocrx_word' id='word_1_383' title='bbox 1522 1620 1633 1650; x_wconf 89' lang='lat' dir='ltr'><strong>Amor.</strong></span> <span class='ocrx_word' id='word_1_384' title='bbox 1664 1618 1709 1656; x_wconf 84' lang='lat' dir='ltr'><strong>iii,</strong></span> <span class='ocrx_word' id='word_1_385' title='bbox 1736 1621 1765 1657; x_wconf 93' lang='lat'><strong>1,</strong></span> <span class='ocrx_word' id='word_1_386' title='bbox 1790 1621 1844 1656; x_wconf 86' lang='lat'><strong>23,</strong></span> 
     </span>
     <span class='ocr_line' id='line_1_69' title="bbox 1119 1661 1844 1702; baseline 0.004 -12"><span class='ocrx_word' id='word_1_387' title='bbox 1119 1661 1243 1701; x_wconf 86' lang='lat' dir='ltr'><strong>Tempus</strong></span> <span class='ocrx_word' id='word_1_388' title='bbox 1265 1669 1330 1692; x_wconf 79' lang='lat' dir='ltr'><strong>erat</strong></span> <span class='ocrx_word' id='word_1_389' title='bbox 1353 1662 1452 1702; x_wconf 76' lang='lat' dir='ltr'><strong>thyrso</strong></span> <span class='ocrx_word' id='word_1_390' title='bbox 1475 1663 1596 1701; x_wconf 79' lang='lat' dir='ltr'><strong>pulsum</strong></span> <span class='ocrx_word' id='word_1_391' title='bbox 1618 1664 1758 1702; x_wconf 79' lang='lat' dir='ltr'><strong>graviore</strong></span> <span class='ocrx_word' id='word_1_392' title='bbox 1783 1673 1844 1693; x_wconf 79' lang='lat' dir='ltr'><strong>mo-</strong></span> 
     </span>
     <span class='ocr_line' id='line_1_70' title="bbox 1115 1703 1845 1741; baseline 0.004 -9"><span class='ocrx_word' id='word_1_393' title='bbox 1115 1705 1196 1734; x_wconf 82' lang='lat' dir='ltr'><strong>veri.-</strong></span> <span class='ocrx_word' id='word_1_394' title='bbox 1226 1703 1267 1734; x_wconf 88' lang='lat' dir='ltr'><strong>cf.</strong></span> <span class='ocrx_word' id='word_1_395' title='bbox 1294 1705 1426 1735; x_wconf 87' lang='lat' dir='ltr'><strong>eundem</strong></span> <span class='ocrx_word' id='word_1_396' title='bbox 1454 1703 1500 1740; x_wconf 86' lang='lat' dir='ltr'><strong>iii,</strong></span> <span class='ocrx_word' id='word_1_397' title='bbox 1531 1705 1581 1740; x_wconf 84' lang='lat'><strong>15,</strong></span> <span class='ocrx_word' id='word_1_398' title='bbox 1607 1704 1658 1740; x_wconf 87' lang='lat'><strong>17,</strong></span> <span class='ocrx_word' id='word_1_399' title='bbox 1682 1703 1776 1736; x_wconf 86' lang='lat' dir='ltr'><strong>Trist.</strong></span> <span class='ocrx_word' id='word_1_400' title='bbox 1802 1703 1845 1741; x_wconf 89' lang='lat' dir='ltr'><strong>iv,</strong></span> 
     </span>
     <span class='ocr_line' id='line_1_71' title="bbox 1117 1746 1216 1782; baseline 0.02 -8"><span class='ocrx_word' id='word_1_401' title='bbox 1117 1746 1216 1782; x_wconf 83' lang='lat'><strong>1,·43.</strong></span> 
     </span>
    </p>

    <p class='ocr_par' dir='ltr' id='par_1_11' title="bbox 1111 1786 1884 2407">
     <span class='ocr_line' id='line_1_72' title="bbox 1158 1786 1884 1829; baseline 0.003 -11"><span class='ocrx_word' id='word_1_402' title='bbox 1158 1789 1276 1819; x_wconf 81' lang='lat'><strong>9—12.</strong></span> <span class='ocrx_word' id='word_1_403' title='bbox 1301 1788 1446 1819; x_wconf 81' lang='lat' dir='ltr'><strong>Fas—est</strong></span> <span class='ocrx_word' id='word_1_404' title='bbox 1463 1788 1536 1818; x_wconf 77' lang='lat' dir='ltr'><strong>mihi</strong></span> <span class='ocrx_word' id='word_1_405' title='bbox 1552 1794 1686 1824; x_wconf 82' lang='lat' dir='ltr'><strong>cantare,</strong></span> <span class='ocrx_word' id='word_1_406' title='bbox 1699 1786 1798 1829; x_wconf 80' lang='lat' dir='ltr'><strong>pietas</strong></span> <span class='ocrx_word' id='word_1_407' title='bbox 1813 1787 1847 1820; x_wconf 87' lang='lat' dir='ltr'><strong>in</strong></span> <span class='ocrx_word' id='word_1_408' title='bbox 1882 1798 1884 1800; x_wconf 89' lang='lat'>·</span> 
     </span>
     <span class='ocr_line' id='line_1_73' title="bbox 1115 1829 1844 1871; baseline 0 -11"><span class='ocrx_word' id='word_1_409' title='bbox 1115 1829 1221 1866; x_wconf 90' lang='lat' dir='ltr'><strong>deum,</strong></span> <span class='ocrx_word' id='word_1_410' title='bbox 1239 1840 1257 1860; x_wconf 92' lang='lat' dir='ltr'><strong>a</strong></span> <span class='ocrx_word' id='word_1_411' title='bbox 1273 1840 1335 1871; x_wconf 93' lang='lat' dir='ltr'><strong>quo</strong></span> <span class='ocrx_word' id='word_1_412' title='bbox 1351 1840 1436 1870; x_wconf 85' lang='lat' dir='ltr'><strong>agor,</strong></span> <span class='ocrx_word' id='word_1_413' title='bbox 1451 1839 1468 1860; x_wconf 86' lang='lat' dir='ltr'><strong>a</strong></span> <span class='ocrx_word' id='word_1_414' title='bbox 1485 1840 1533 1861; x_wconf 89' lang='lat' dir='ltr'><strong>me</strong></span> <span class='ocrx_word' id='word_1_415' title='bbox 1547 1829 1693 1871; x_wconf 75' lang='lat' dir='ltr'><strong>exigitur</strong></span> <span class='ocrx_word' id='word_1_416' title='bbox 1709 1835 1844 1868; x_wconf 84' lang='lat' dir='ltr'><strong>cantem,</strong></span> 
     </span>
     <span class='ocr_line' id='line_1_74' title="bbox 1115 1872 1847 1914; baseline 0.001 -12"><span class='ocrx_word' id='word_1_417' title='bbox 1115 1878 1189 1902; x_wconf 87' lang='lat' dir='ltr'><strong>cett.</strong></span> <span class='ocrx_word' id='word_1_418' title='bbox 1235 1873 1382 1914; x_wconf 78' lang='lat' dir='ltr'><strong>Thyiades</strong></span> <span class='ocrx_word' id='word_1_419' title='bbox 1394 1873 1568 1911; x_wconf 75' lang='lat' dir='ltr'><strong>pervicaces,</strong></span> <span class='ocrx_word' id='word_1_420' title='bbox 1585 1872 1730 1903; x_wconf 79' lang='lat' dir='ltr'><strong>Bacchas</strong></span> <span class='ocrx_word' id='word_1_421' title='bbox 1744 1872 1847 1914; x_wconf 86' lang='lat' dir='ltr'><strong>pervi—</strong></span> 
     </span>
     <span class='ocr_line' id='line_1_75' title="bbox 1115 1913 1845 1956; baseline 0.003 -12"><span class='ocrx_word' id='word_1_422' title='bbox 1115 1914 1276 1945; x_wconf 85' lang='lat' dir='ltr'><strong>caciterin</strong></span> <span class='ocrx_word' id='word_1_423' title='bbox 1291 1915 1392 1945; x_wconf 83' lang='lat' dir='ltr'><strong>furore</strong></span> <span class='ocrx_word' id='word_1_424' title='bbox 1409 1921 1589 1956; x_wconf 80' lang='lat' dir='ltr'><strong>perstantes.</strong></span> <span class='ocrx_word' id='word_1_425' title='bbox 1636 1913 1761 1955; x_wconf 69' lang='lat' dir='ltr'><strong>Vimque</strong></span> <span class='ocrx_word' id='word_1_426' title='bbox 1794 1926 1845 1946; x_wconf 80' lang='lat' dir='ltr'><strong>on-</strong></span> 
     </span>
     <span class='ocr_line' id='line_1_76' title="bbox 1116 1956 1844 1998; baseline 0.003 -12"><span class='ocrx_word' id='word_1_427' title='bbox 1116 1963 1184 1992; x_wconf 79' lang='lat' dir='ltr'><strong>tem,</strong></span> <span class='ocrx_word' id='word_1_428' title='bbox 1201 1963 1275 1987; x_wconf 85' lang='lat' dir='ltr'><strong>cett.</strong></span> <span class='ocrx_word' id='word_1_429' title='bbox 1289 1963 1429 1988; x_wconf 84' lang='lat' dir='ltr'><strong>recenset</strong></span> <span class='ocrx_word' id='word_1_430' title='bbox 1443 1956 1589 1998; x_wconf 88' lang='lat' dir='ltr'><strong>quaedam</strong></span> <span class='ocrx_word' id='word_1_431' title='bbox 1604 1966 1746 1992; x_wconf 85' lang='lat' dir='ltr'><strong>munera,</strong></span> <span class='ocrx_word' id='word_1_432' title='bbox 1792 1966 1844 1988; x_wconf 87' lang='lat' dir='ltr'><strong>ac-</strong></span> 
     </span>
     <span class='ocr_line' id='line_1_77' title="bbox 1117 1998 1845 2040; baseline 0.001 -12"><span class='ocrx_word' id='word_1_433' title='bbox 1117 1998 1168 2029; x_wconf 93' lang='lat' dir='ltr'><strong>chi</strong></span> <span class='ocrx_word' id='word_1_434' title='bbox 1190 1999 1340 2030; x_wconf 86' lang='lat' dir='ltr'><strong>beneficio</strong></span> <span class='ocrx_word' id='word_1_435' title='bbox 1369 2009 1455 2030; x_wconf 81' lang='lat' dir='ltr'><strong>sacra</strong></span> <span class='ocrx_word' id='word_1_436' title='bbox 1477 1999 1547 2040; x_wconf 84' lang='lat' dir='ltr'><strong>ejus</strong></span> <span class='ocrx_word' id='word_1_437' title='bbox 1571 1998 1748 2030; x_wconf 84' lang='lat' dir='ltr'><strong>colentibus</strong></span> <span class='ocrx_word' id='word_1_438' title='bbox 1769 2008 1845 2030; x_wconf 90' lang='lat' dir='ltr'><strong>con-</strong></span> 
     </span>
     <span class='ocr_line' id='line_1_78' title="bbox 1115 2039 1847 2082; baseline 0.004 -12"><span class='ocrx_word' id='word_1_439' title='bbox 1115 2050 1212 2075; x_wconf 88' lang='lat' dir='ltr'><strong>cessa.</strong></span> <span class='ocrx_word' id='word_1_440' title='bbox 1245 2051 1282 2071; x_wconf 85' lang='lat' dir='ltr'><strong>ex</strong></span> <span class='ocrx_word' id='word_1_441' title='bbox 1316 2050 1418 2072; x_wconf 85' lang='lat' dir='ltr'><strong>aureae</strong></span> <span class='ocrx_word' id='word_1_442' title='bbox 1451 2040 1562 2074; x_wconf 77' lang='lat' dir='ltr'><strong>aetatis.</strong></span> <span class='ocrx_word' id='word_1_443' title='bbox 1591 2039 1630 2071; x_wconf 80' lang='lat' dir='ltr'><strong>ad</strong></span> <span class='ocrx_word' id='word_1_444' title='bbox 1663 2050 1757 2082; x_wconf 85' lang='lat' dir='ltr'><strong>quam</strong></span> <span class='ocrx_word' id='word_1_445' title='bbox 1790 2040 1847 2073; x_wconf 87' lang='lat' dir='ltr'><strong>illa</strong></span> 
     </span>
     <span class='ocr_line' id='line_1_79' title="bbox 1113 2082 1848 2124; baseline 0.005 -13"><span class='ocrx_word' id='word_1_446' title='bbox 1113 2083 1332 2120; x_wconf 82' lang='lat' dir='ltr'><strong>referebantur,</strong></span> <span class='ocrx_word' id='word_1_447' title='bbox 1347 2083 1473 2124; x_wconf 86' lang='lat' dir='ltr'><strong>ingenio</strong></span> <span class='ocrx_word' id='word_1_448' title='bbox 1489 2082 1683 2114; x_wconf 62' lang='lat' dir='ltr'><strong>aestimanda.</strong></span> <span class='ocrx_word' id='word_1_449' title='bbox 1721 2082 1848 2115; x_wconf 85' lang='lat' dir='ltr'><strong>Scilicet</strong></span> 
     </span>
     <span class='ocr_line' id='line_1_80' title="bbox 1113 2124 1844 2166; baseline 0.001 -12"><span class='ocrx_word' id='word_1_450' title='bbox 1113 2124 1270 2165; x_wconf 89' lang='lat' dir='ltr'><strong>Thyiades</strong></span> <span class='ocrx_word' id='word_1_451' title='bbox 1291 2125 1404 2165; x_wconf 86' lang='lat' dir='ltr'><strong>thyrsis</strong></span> <span class='ocrx_word' id='word_1_452' title='bbox 1427 2125 1492 2155; x_wconf 87' lang='lat' dir='ltr'><strong>suis</strong></span> <span class='ocrx_word' id='word_1_453' title='bbox 1513 2135 1531 2156; x_wconf 92' lang='lat' dir='ltr'><strong>e</strong></span> <span class='ocrx_word' id='word_1_454' title='bbox 1551 2130 1631 2156; x_wconf 85' lang='lat' dir='ltr'><strong>terra</strong></span> <span class='ocrx_word' id='word_1_455' title='bbox 1651 2133 1778 2166; x_wconf 76' lang='lat' dir='ltr'><strong>aquam,</strong></span> <span class='ocrx_word' id='word_1_456' title='bbox 1799 2125 1844 2155; x_wconf 83' lang='lat' dir='ltr'><strong>vi-</strong></span> 
     </span>
     <span class='ocr_line' id='line_1_81' title="bbox 1115 2166 1846 2202; baseline 0.003 -6"><span class='ocrx_word' id='word_1_457' title='bbox 1115 2176 1201 2200; x_wconf 85' lang='lat' dir='ltr'><strong>num,</strong></span> <span class='ocrx_word' id='word_1_458' title='bbox 1217 2173 1248 2197; x_wconf 85' lang='lat' dir='ltr'><strong>et</strong></span> <span class='ocrx_word' id='word_1_459' title='bbox 1263 2167 1324 2202; x_wconf 87' lang='lat' dir='ltr'><strong>lac,</strong></span> <span class='ocrx_word' id='word_1_460' title='bbox 1340 2177 1378 2198; x_wconf 88' lang='lat' dir='ltr'><strong>ex</strong></span> <span class='ocrx_word' id='word_1_461' title='bbox 1389 2166 1551 2198; x_wconf 84' lang='lat' dir='ltr'><strong>arboribus</strong></span> <span class='ocrx_word' id='word_1_462' title='bbox 1559 2172 1663 2198; x_wconf 81' lang='lat' dir='ltr'><strong>autem</strong></span> <span class='ocrx_word' id='word_1_463' title='bbox 1676 2167 1738 2198; x_wconf 85' lang='lat' dir='ltr'><strong>mel</strong></span> <span class='ocrx_word' id='word_1_464' title='bbox 1748 2166 1846 2198; x_wconf 86' lang='lat' dir='ltr'><strong>elicu-</strong></span> 
     </span>
     <span class='ocr_line' id='line_1_82' title="bbox 1114 2207 1847 2252; baseline 0.004 -15"><span class='ocrx_word' id='word_1_465' title='bbox 1114 2207 1173 2238; x_wconf 83' lang='lat' dir='ltr'><strong>isse</strong></span> <span class='ocrx_word' id='word_1_466' title='bbox 1187 2208 1334 2239; x_wconf 87' lang='lat' dir='ltr'><strong>dicuntur</strong></span> <span class='ocrx_word' id='word_1_467' title='bbox 1346 2221 1352 2239; x_wconf 92' lang='lat'><strong>:</strong></span> <span class='ocrx_word' id='word_1_468' title='bbox 1377 2209 1509 2240; x_wconf 90' lang='lat' dir='ltr'><strong>laudant</strong></span> <span class='ocrx_word' id='word_1_469' title='bbox 1523 2209 1555 2239; x_wconf 87' lang='lat' dir='ltr'><strong>in</strong></span> <span class='ocrx_word' id='word_1_470' title='bbox 1567 2209 1647 2239; x_wconf 81' lang='lat' dir='ltr'><strong>hanc</strong></span> <span class='ocrx_word' id='word_1_471' title='bbox 1657 2218 1721 2240; x_wconf 86' lang='lat' dir='ltr'><strong>rem</strong></span> <span class='ocrx_word' id='word_1_472' title='bbox 1737 2209 1847 2252; x_wconf 84' lang='lat' dir='ltr'><strong>Eurip.</strong></span> 
     </span>
     <span class='ocr_line' id='line_1_83' title="bbox 1114 2250 1844 2292; baseline 0.003 -12"><span class='ocrx_word' id='word_1_473' title='bbox 1114 2250 1233 2281; x_wconf 81' lang='lat' dir='ltr'><strong>Bacch.</strong></span> <span class='ocrx_word' id='word_1_474' title='bbox 1256 2252 1313 2281; x_wconf 84' lang='lat'><strong>142</strong></span> <span class='ocrx_word' id='word_1_475' title='bbox 1332 2261 1415 2292; x_wconf 83' lang='lat' dir='ltr'><strong>sqq..</strong></span> <span class='ocrx_word' id='word_1_476' title='bbox 1431 2250 1498 2282; x_wconf 80' lang='grc' dir='ltr'><strong>Ῥεῖ</strong></span> <span class='ocrx_word' id='word_1_477' title='bbox 1515 2250 1547 2282; x_wconf 85' lang='grc' dir='ltr'><strong>δὲ</strong></span> <span class='ocrx_word' id='word_1_478' title='bbox 1567 2250 1713 2292; x_wconf 77' lang='grc' dir='ltr'>γάλακτι</span> <span class='ocrx_word' id='word_1_479' title='bbox 1731 2250 1844 2288; x_wconf 73' lang='grc' dir='ltr'><strong>πέδον,</strong></span> 
     </span>
     <span class='ocr_line' id='line_1_84' title="bbox 1113 2290 1845 2335; baseline 0.003 -13"><span class='ocrx_word' id='word_1_480' title='bbox 1113 2290 1163 2333; x_wconf 84' lang='grc' dir='ltr'><strong>ῥεῖ</strong></span> <span class='ocrx_word' id='word_1_481' title='bbox 1178 2292 1204 2323; x_wconf 82' lang='grc' dir='ltr'><strong>δ’</strong></span> <span class='ocrx_word' id='word_1_482' title='bbox 1219 2292 1311 2334; x_wconf 76' lang='grc' dir='ltr'><strong>οἴνῳ,</strong></span> <span class='ocrx_word' id='word_1_483' title='bbox 1327 2292 1375 2335; x_wconf 79' lang='grc' dir='ltr'><strong>ῥεῖ</strong></span> <span class='ocrx_word' id='word_1_484' title='bbox 1389 2293 1422 2324; x_wconf 82' lang='grc' dir='ltr'><strong>δὲ</strong></span> <span class='ocrx_word' id='word_1_485' title='bbox 1437 2294 1596 2334; x_wconf 79' lang='grc' dir='ltr'>μελισσᾶν</span> <span class='ocrx_word' id='word_1_486' title='bbox 1611 2291 1755 2335; x_wconf 79' lang='grc' dir='ltr'>νέκταρι.</span> <span class='ocrx_word' id='word_1_487' title='bbox 1784 2293 1845 2324; x_wconf 80' lang='lat' dir='ltr'><strong>Ite-</strong></span> 
     </span>
     <span class='ocr_line' id='line_1_85' title="bbox 1111 2334 1846 2377; baseline 0.003 -13"><span class='ocrx_word' id='word_1_488' title='bbox 1111 2345 1194 2369; x_wconf 79' lang='lat' dir='ltr'><strong>rare,</strong></span> <span class='ocrx_word' id='word_1_489' title='bbox 1230 2334 1341 2366; x_wconf 84' lang='lat' dir='ltr'><strong>iterum</strong></span> <span class='ocrx_word' id='word_1_490' title='bbox 1375 2335 1548 2377; x_wconf 85' lang='lat' dir='ltr'><strong>iterumque</strong></span> <span class='ocrx_word' id='word_1_491' title='bbox 1582 2334 1708 2366; x_wconf 79' lang='lat' dir='ltr'><strong>laudare</strong></span> <span class='ocrx_word' id='word_1_492' title='bbox 1719 2347 1728 2375; x_wconf 70' lang='grc' dir='ltr'><strong><em>ς</em></strong></span> <span class='ocrx_word' id='word_1_493' title='bbox 1766 2335 1846 2367; x_wconf 87' lang='lat' dir='ltr'><strong>nihil</strong></span> 
     </span>
     <span class='ocr_line' id='line_1_86' title="bbox 1112 2377 1257 2407; baseline 0.014 -2"><span class='ocrx_word' id='word_1_494' title='bbox 1112 2385 1160 2406; x_wconf 88' lang='lat' dir='ltr'><strong>am</strong></span> <span class='ocrx_word' id='word_1_495' title='bbox 1186 2377 1257 2407; x_wconf 91' lang='lat' dir='ltr'><strong>lius.</strong></span> 
     </span>
    </p>

    <p class='ocr_par' dir='ltr' id='par_1_12' title="bbox 1111 2387 1858 3007">
     <span class='ocr_line' id='line_1_87' title="bbox 1158 2387 1843 2460; baseline 0.001 -11"><span class='ocrx_word' id='word_1_496' title='bbox 1158 2387 1293 2449; x_wconf 76' lang='lat' dir='ltr'><strong>lp3-20.</strong></span> <span class='ocrx_word' id='word_1_497' title='bbox 1337 2419 1496 2455; x_wconf 81' lang='lat' dir='ltr'><strong>Honorem,</strong></span> <span class='ocrx_word' id='word_1_498' title='bbox 1539 2417 1663 2460; x_wconf 80' lang='lat' dir='ltr'><strong>insigne</strong></span> <span class='ocrx_word' id='word_1_499' title='bbox 1705 2418 1843 2457; x_wconf 85' lang='lat' dir='ltr'><strong>honoris,</strong></span> 
     </span>
     <span class='ocr_line' id='line_1_88' title="bbox 1113 2461 1845 2503; baseline 0.003 -12"><span class='ocrx_word' id='word_1_500' title='bbox 1113 2470 1224 2502; x_wconf 88' lang='lat' dir='ltr'><strong>nempe</strong></span> <span class='ocrx_word' id='word_1_501' title='bbox 1267 2471 1412 2492; x_wconf 89' lang='lat' dir='ltr'><strong>coronam</strong></span> <span class='ocrx_word' id='word_1_502' title='bbox 1431 2473 1440 2498; x_wconf 94' lang='lat'><strong>·,</strong></span> <span class='ocrx_word' id='word_1_503' title='bbox 1485 2463 1632 2503; x_wconf 70' lang='lat' dir='ltr'><strong>conjugis,</strong></span> <span class='ocrx_word' id='word_1_504' title='bbox 1675 2461 1845 2499; x_wconf 82' lang='lat' dir='ltr'><strong>Ariadnes,</strong></span> 
     </span>
     <span class='ocr_line' id='line_1_89' title="bbox 1113 2501 1845 2546; baseline 0.001 -12"><span class='ocrx_word' id='word_1_505' title='bbox 1113 2505 1214 2538; x_wconf 82' lang='lat' dir='ltr'><strong>beatae,</strong></span> <span class='ocrx_word' id='word_1_506' title='bbox 1239 2508 1275 2533; x_wconf 87' lang='lat' dir='ltr'><strong>ut</strong></span> <span class='ocrx_word' id='word_1_507' title='bbox 1297 2503 1364 2534; x_wconf 89' lang='lat' dir='ltr'><strong>deae</strong></span> <span class='ocrx_word' id='word_1_508' title='bbox 1376 2514 1385 2541; x_wconf 94' lang='lat'>;</span> <span class='ocrx_word' id='word_1_509' title='bbox 1407 2501 1452 2535; x_wconf 84' lang='lat' dir='ltr'><strong>dii</strong></span> <span class='ocrx_word' id='word_1_510' title='bbox 1471 2503 1555 2534; x_wconf 83' lang='lat' dir='ltr'><strong>enim</strong></span> <span class='ocrx_word' id='word_1_511' title='bbox 1576 2505 1666 2539; x_wconf 72' lang='lat' dir='ltr'><strong>beati,</strong></span> <span class='ocrx_word' id='word_1_512' title='bbox 1689 2502 1845 2546; x_wconf 80' lang='grc' dir='ltr'>μάκαρες·</span> 
     </span>
     <span class='ocr_line' id='line_1_90' title="bbox 1113 2545 1847 2588; baseline 0.003 -13"><span class='ocrx_word' id='word_1_513' title='bbox 1113 2545 1152 2576; x_wconf 92' lang='lat' dir='ltr'><strong>de</strong></span> <span class='ocrx_word' id='word_1_514' title='bbox 1169 2545 1307 2576; x_wconf 87' lang='lat' dir='ltr'><strong>Ariadne</strong></span> <span class='ocrx_word' id='word_1_515' title='bbox 1325 2545 1406 2576; x_wconf 82' lang='lat' dir='ltr'><strong>inter</strong></span> <span class='ocrx_word' id='word_1_516' title='bbox 1423 2545 1496 2576; x_wconf 89' lang='lat' dir='ltr'><strong>deos</strong></span> <span class='ocrx_word' id='word_1_517' title='bbox 1513 2545 1610 2576; x_wconf 82' lang='lat' dir='ltr'><strong>relata</strong></span> <span class='ocrx_word' id='word_1_518' title='bbox 1624 2545 1687 2576; x_wconf 85' lang='lat' dir='ltr'><strong>vid.</strong></span> <span class='ocrx_word' id='word_1_519' title='bbox 1703 2545 1847 2588; x_wconf 81' lang='lat' dir='ltr'><strong>Propert.</strong></span> 
     </span>
     <span class='ocr_line' id='line_1_91' title="bbox 1113 2586 1843 2624; baseline 0.004 -8"><span class='ocrx_word' id='word_1_520' title='bbox 1113 2586 1158 2619; x_wconf 87' lang='lat' dir='ltr'><strong>iii.</strong></span> <span class='ocrx_word' id='word_1_521' title='bbox 1179 2589 1228 2622; x_wconf 84' lang='lat'><strong>15,</strong></span> <span class='ocrx_word' id='word_1_522' title='bbox 1247 2589 1279 2622; x_wconf 82' lang='lat'><strong>8,</strong></span> <span class='ocrx_word' id='word_1_523' title='bbox 1296 2593 1328 2618; x_wconf 82' lang='lat' dir='ltr'><strong>et</strong></span> <span class='ocrx_word' id='word_1_524' title='bbox 1341 2587 1386 2618; x_wconf 86' lang='lat' dir='ltr'><strong>ibi</strong></span> <span class='ocrx_word' id='word_1_525' title='bbox 1404 2587 1561 2618; x_wconf 85' lang='lat' dir='ltr'><strong>Broukh.:</strong></span> <span class='ocrx_word' id='word_1_526' title='bbox 1586 2589 1725 2618; x_wconf 72' lang='lat' dir='ltr'><strong>additum</strong></span> <span class='ocrx_word' id='word_1_527' title='bbox 1738 2589 1843 2624; x_wconf 73' lang='lat' dir='ltr'><strong>stellis,</strong></span> 
     </span>
     <span class='ocr_line' id='line_1_92' title="bbox 1114 2629 1846 2662; baseline 0.003 -2"><span class='ocrx_word' id='word_1_528' title='bbox 1114 2629 1153 2660; x_wconf 91' lang='lat' dir='ltr'><strong>de</strong></span> <span class='ocrx_word' id='word_1_529' title='bbox 1183 2629 1340 2660; x_wconf 85' lang='lat' dir='ltr'><strong>Ariadnes</strong></span> <span class='ocrx_word' id='word_1_530' title='bbox 1368 2638 1481 2661; x_wconf 83' lang='lat' dir='ltr'><strong>corona</strong></span> <span class='ocrx_word' id='word_1_531' title='bbox 1509 2629 1608 2660; x_wconf 84' lang='lat' dir='ltr'><strong>stellis</strong></span> <span class='ocrx_word' id='word_1_532' title='bbox 1635 2629 1755 2661; x_wconf 82' lang='lat' dir='ltr'><strong>incerta</strong></span> <span class='ocrx_word' id='word_1_533' title='bbox 1781 2629 1846 2662; x_wconf 86' lang='lat' dir='ltr'><strong>vid.</strong></span> 
     </span>
     <span class='ocr_line' id='line_1_93' title="bbox 1115 2671 1846 2713; baseline 0.003 -12"><span class='ocrx_word' id='word_1_534' title='bbox 1115 2671 1210 2702; x_wconf 85' lang='lat' dir='ltr'><strong>Ovid.</strong></span> <span class='ocrx_word' id='word_1_535' title='bbox 1227 2672 1312 2702; x_wconf 84' lang='lat' dir='ltr'><strong>Fast.</strong></span> <span class='ocrx_word' id='word_1_536' title='bbox 1327 2671 1372 2708; x_wconf 88' lang='lat' dir='ltr'><strong>iii,</strong></span> <span class='ocrx_word' id='word_1_537' title='bbox 1389 2673 1452 2702; x_wconf 80' lang='lat'><strong>459</strong></span> <span class='ocrx_word' id='word_1_538' title='bbox 1465 2681 1560 2713; x_wconf 83' lang='lat' dir='ltr'><strong>sqq.;</strong></span> <span class='ocrx_word' id='word_1_539' title='bbox 1585 2671 1666 2703; x_wconf 86' lang='lat' dir='ltr'><strong>Met.</strong></span> <span class='ocrx_word' id='word_1_540' title='bbox 1682 2671 1747 2707; x_wconf 86' lang='lat' dir='ltr'><strong>viii,</strong></span> <span class='ocrx_word' id='word_1_541' title='bbox 1765 2673 1846 2711; x_wconf 77' lang='lat'>1803</span> 
     </span>
     <span class='ocr_line' id='line_1_94' title="bbox 1114 2713 1844 2756; baseline 0 -12"><span class='ocrx_word' id='word_1_542' title='bbox 1114 2714 1230 2744; x_wconf 87' lang='lat' dir='ltr'><strong>Manil.</strong></span> <span class='ocrx_word' id='word_1_543' title='bbox 1247 2714 1374 2744; x_wconf 79' lang='lat' dir='ltr'><strong>Astron.</strong></span> <span class='ocrx_word' id='word_1_544' title='bbox 1393 2713 1417 2750; x_wconf 89' lang='lat' dir='ltr'><strong>i,</strong></span> <span class='ocrx_word' id='word_1_545' title='bbox 1436 2715 1510 2750; x_wconf 81' lang='lat'><strong>323,</strong></span> <span class='ocrx_word' id='word_1_546' title='bbox 1528 2723 1558 2750; x_wconf 90' lang='lat' dir='ltr'><strong>v,</strong></span> <span class='ocrx_word' id='word_1_547' title='bbox 1571 2714 1656 2752; x_wconf 78' lang='lat'><strong>2523</strong></span> <span class='ocrx_word' id='word_1_548' title='bbox 1673 2718 1706 2744; x_wconf 85' lang='lat' dir='ltr'><strong>et</strong></span> <span class='ocrx_word' id='word_1_549' title='bbox 1724 2714 1844 2756; x_wconf 79' lang='lat' dir='ltr'><strong>Hygia.</strong></span> 
     </span>
     <span class='ocr_line' id='line_1_95' title="bbox 1112 2755 1845 2797; baseline 0 -11"><span class='ocrx_word' id='word_1_550' title='bbox 1112 2755 1147 2790; x_wconf 94' lang='lat' dir='ltr'><strong>ii,</strong></span> <span class='ocrx_word' id='word_1_551' title='bbox 1171 2759 1201 2787; x_wconf 88' lang='lat'><strong>5.</strong></span> <span class='ocrx_word' id='word_1_552' title='bbox 1247 2756 1393 2797; x_wconf 79' lang='lat' dir='ltr'><strong>Tectaque</strong></span> <span class='ocrx_word' id='word_1_553' title='bbox 1415 2756 1552 2791; x_wconf 78' lang='lat' dir='ltr'><strong>Penthei,</strong></span> <span class='ocrx_word' id='word_1_554' title='bbox 1570 2760 1645 2787; x_wconf 84' lang='lat' dir='ltr'><strong>cett.</strong></span> <span class='ocrx_word' id='word_1_555' title='bbox 1663 2755 1705 2786; x_wconf 83' lang='lat' dir='ltr'><strong>ad</strong></span> <span class='ocrx_word' id='word_1_556' title='bbox 1723 2755 1845 2787; x_wconf 78' lang='lat' dir='ltr'><strong>Bacchi</strong></span> 
     </span>
     <span class='ocr_line' id='line_1_96' title="bbox 1111 2798 1843 2840; baseline 0 -12"><span class='ocrx_word' id='word_1_557' title='bbox 1111 2798 1294 2839; x_wconf 86' lang='lat' dir='ltr'><strong>potentiam,</strong></span> <span class='ocrx_word' id='word_1_558' title='bbox 1325 2808 1420 2840; x_wconf 87' lang='lat' dir='ltr'><strong>quam</strong></span> <span class='ocrx_word' id='word_1_559' title='bbox 1449 2803 1632 2829; x_wconf 82' lang='lat' dir='ltr'><strong>cantaturus</strong></span> <span class='ocrx_word' id='word_1_560' title='bbox 1663 2803 1711 2828; x_wconf 85' lang='lat' dir='ltr'><strong>est</strong></span> <span class='ocrx_word' id='word_1_561' title='bbox 1739 2803 1843 2840; x_wconf 79' lang='lat' dir='ltr'><strong>poeta,</strong></span> 
     </span>
     <span class='ocr_line' id='line_1_97' title="bbox 1111 2838 1846 2882; baseline 0.003 -12"><span class='ocrx_word' id='word_1_562' title='bbox 1111 2840 1344 2875; x_wconf 84' lang='lat' dir='ltr'><strong>declarandam,</strong></span> <span class='ocrx_word' id='word_1_563' title='bbox 1375 2838 1496 2870; x_wconf 80' lang='lat' dir='ltr'><strong>divinas</strong></span> <span class='ocrx_word' id='word_1_564' title='bbox 1524 2839 1596 2870; x_wconf 80' lang='lat' dir='ltr'><strong>illas</strong></span> <span class='ocrx_word' id='word_1_565' title='bbox 1618 2849 1730 2882; x_wconf 81' lang='lat' dir='ltr'><strong>poenas</strong></span> <span class='ocrx_word' id='word_1_566' title='bbox 1754 2840 1846 2872; x_wconf 85' lang='lat' dir='ltr'><strong>refert</strong></span> 
     </span>
     <span class='ocr_line' id='line_1_98' title="bbox 1111 2882 1843 2923; baseline 0.001 -10"><span class='ocrx_word' id='word_1_567' title='bbox 1111 2893 1190 2923; x_wconf 89' lang='lat' dir='ltr'><strong>quas</strong></span> <span class='ocrx_word' id='word_1_568' title='bbox 1208 2882 1263 2914; x_wconf 89' lang='lat' dir='ltr'><strong>ille</strong></span> <span class='ocrx_word' id='word_1_569' title='bbox 1283 2892 1301 2913; x_wconf 91' lang='lat' dir='ltr'><strong>a</strong></span> <span class='ocrx_word' id='word_1_570' title='bbox 1320 2891 1478 2913; x_wconf 84' lang='lat' dir='ltr'><strong>sacrorum</strong></span> <span class='ocrx_word' id='word_1_571' title='bbox 1497 2891 1624 2913; x_wconf 85' lang='lat' dir='ltr'><strong>suorum</strong></span> <span class='ocrx_word' id='word_1_572' title='bbox 1642 2882 1843 2914; x_wconf 84' lang='lat' dir='ltr'><strong>contemtori-</strong></span> 
     </span>
     <span class='ocr_line' id='line_1_99' title="bbox 1112 2923 1858 2966; baseline 0.001 -11"><span class='ocrx_word' id='word_1_573' title='bbox 1112 2924 1180 2958; x_wconf 88' lang='lat' dir='ltr'><strong>bus,</strong></span> <span class='ocrx_word' id='word_1_574' title='bbox 1209 2924 1350 2955; x_wconf 85' lang='lat' dir='ltr'><strong>Pentheo</strong></span> <span class='ocrx_word' id='word_1_575' title='bbox 1371 2928 1403 2955; x_wconf 87' lang='lat' dir='ltr'><strong>et</strong></span> <span class='ocrx_word' id='word_1_576' title='bbox 1427 2924 1584 2965; x_wconf 86' lang='lat' dir='ltr'><strong>Lycurgo,</strong></span> <span class='ocrx_word' id='word_1_577' title='bbox 1610 2923 1787 2966; x_wconf 79' lang='lat' dir='ltr'><strong>expetiisse,</strong></span> <span class='ocrx_word' id='word_1_578' title='bbox 1811 2929 1858 2956; x_wconf 89' lang='lat' dir='ltr'><strong>et&#39;</strong></span> 
     </span>
     <span class='ocr_line' id='line_1_100' title="bbox 1111 2965 1841 3007; baseline 0 -10"><span class='ocrx_word' id='word_1_579' title='bbox 1111 2965 1241 2998; x_wconf 84' lang='lat' dir='ltr'><strong>Penthei</strong></span> <span class='ocrx_word' id='word_1_580' title='bbox 1257 2966 1383 3007; x_wconf 77' lang='lat' dir='ltr'><strong>quidem</strong></span> <span class='ocrx_word' id='word_1_581' title='bbox 1400 2965 1571 3007; x_wconf 82' lang='lat' dir='ltr'><strong>(Echionis</strong></span> <span class='ocrx_word' id='word_1_582' title='bbox 1588 2970 1619 2997; x_wconf 84' lang='lat' dir='ltr'><strong>et</strong></span> <span class='ocrx_word' id='word_1_583' title='bbox 1634 2968 1759 3006; x_wconf 82' lang='lat' dir='ltr'><strong>Agaves</strong></span> <span class='ocrx_word' id='word_1_584' title='bbox 1777 2965 1841 3002; x_wconf 77' lang='lat' dir='ltr'><strong>filii,</strong></span> 
     </span>
    </p>
   </div>
  </div>
 </body>
</html>
