1904 3314
690 205 918 250 LIBER
949 206 986 258 1,
1021 206 1086 248 14.

1607 207 1661 248 75

146 310 204 352 25
235 310 349 358 Quae
369 310 507 366 possit
529 310 631 352 tibi:
665 323 744 351 nec
764 309 969 350 meretrix
993 309 1186 358 tibicina,
1209 307 1336 363 cujus

234 377 311 420 Ad
333 378 559 433 strepitum
581 375 708 418 salias
731 384 859 418 terrae
879 377 1023 431 gravis
1041 393 1050 418 :
1083 385 1127 418 et
1148 383 1292 418 tamen
1313 390 1446 431 urges

234 445 504 501 Jampridem
523 460 610 486 non
631 451 746 486 tacta
767 443 987 499 ligonibus
1009 459 1125 494 arva,
1148 445 1392 498 bovemque

234 513 517 570 Disjunctum
538 526 678 560 curas,
702 518 746 554 et
769 512 930 554 strictis
951 511 1182 554 frondibus
1204 511 1381 567 exples:

235 580 378 623 Addit
399 595 508 636 opus
530 581 656 635 pigro
677 580 810 630 rivus,
833 580 869 621 si
890 580 1054 622 decidit
1076 580 1229 627 imber,

148 650 207 692 30
236 648 382 690 Multa
400 647 510 689 mole
529 647 752 690 docendus
774 649 922 702 aprico
943 662 1124 703 parcere
1145 655 1286 702 prato.

233 715 380 766 Nunc,
402 729 498 771 age,
521 716 627 770 quid
648 722 843 757 nostrum
864 723 1122 757 concentum
1144 715 1324 764 dividat,
1347 715 1464 756 audi.

235 783 379 832 Quem
400 790 554 825 tenues
576 784 765 825 decuere
788 790 903 839 togae
924 783 1135 839 nitidique
1157 783 1317 839 capilli,

237 850 383 899 Quem
404 852 487 892 scis
508 852 740 894 immunem
760 852 933 893 Cinarae
954 851 1169 907 placuisse
1191 852 1352 907 rapaci,

236 919 383 968 Quem
401 919 598 962 bibulum
617 919 772 975 liquidi
793 920 935 962 media
956 920 1011 962 de
1032 920 1129 962 luce
1151 919 1339 970 Falerni,

149 988 207 1030 35
237 986 376 1030 Coena
395 987 540 1029 brevis
556 989 696 1043 juvat,
719 994 763 1029 et
783 1003 922 1043 prope
943 988 1081 1029 rivum
1104 1003 1278 1030 somnus
1299 988 1344 1029 in
1364 986 1525 1028 herba:

235 1055 335 1097 Nec
354 1053 511 1097 lusisse
533 1055 686 1110 pudet,
709 1057 786 1098 sed
808 1071 895 1097 non
915 1055 1108 1097 incidere
1128 1055 1294 1097 ludum.

235 1121 344 1164 Non
363 1123 460 1164 istic
482 1122 660 1178 obliquo
682 1123 809 1166 oculo
830 1138 925 1165 mea
946 1123 1171 1165 commoda
1192 1124 1423 1179 quisquam

239 1190 408 1242 Limat3
440 1207 528 1234 non
549 1192 650 1234 odio
673 1193 861 1234 obscuro
882 1206 1118 1246 morsuque
1140 1199 1324 1233 venenat
1343 1206 1352 1231 :

239 1257 407 1301 Rident
429 1261 556 1302 vicini
577 1260 729 1315 glebas
752 1267 796 1301 et
819 1275 924 1301 saxa
945 1267 1200 1301 moventem.

151 1326 209 1368 4⁴0
239 1326 349 1368 Cum
372 1328 506 1368 servis
528 1328 695 1368 urbana
716 1327 854 1369 diaria
874 1327 1032 1368 rodere
1054 1328 1220 1368 mavis?

240 1394 415 1436 Horum
435 1403 484 1437 tu
504 1396 548 1436 in
568 1409 794 1436 numerum
815 1402 917 1437 voto
940 1395 1028 1436 ruis
1046 1397 1063 1436 2
1124 1394 1298 1435 Invidet
1320 1407 1448 1434 usum

240 1461 482 1518 Lignorum
503 1470 547 1504 et
568 1463 740 1518 pecoris
762 1462 842 1504 tibi
863 1462 956 1504 calo
978 1469 1161 1518 argutus
1182 1468 1226 1502 et
1245 1461 1376 1502 horti.

244 1530 385 1585 Optat
406 1530 615 1586 ephippia
635 1532 714 1572 bos
736 1531 884 1586 piger3
917 1538 1039 1585 optat
1060 1545 1183 1571 arare
1205 1529 1422 1571 caballus:

246 1596 392 1644 Quam
414 1597 494 1638 scit
515 1605 716 1652 uterque,
737 1596 875 1639 libens
898 1596 1119 1651 (censebo)
1141 1604 1343 1638 exerceat
1365 1604 1515 1637 artem.

134 1719 245 1752 Verum
259 1721 312 1750 ubi
323 1721 396 1761 quid
407 1721 513 1751 melius
525 1721 676 1761 contingit
691 1726 718 1751 el
731 1722 855 1751 unctius
867 1732 879 1758 ,-

131 1761 217 1806 apud
242 1762 364 1794 Catuli.
390 1762 478 1801 xxix,
503 1764 535 1799 3,
561 1765 746 1803 patrimonia
775 1770 880 1799 uncta,

130 1805 249 1848 opima,
267 1805 416 1837 lautiora.

174 1849 218 1880 22
234 1859 304 1890 sqq.
329 1848 369 1879 Et
383 1850 473 1889 quod,
488 1853 562 1879 cett.
580 1859 670 1891 porro
689 1848 760 1880 ideo
776 1849 807 1879 in
825 1860 877 1880 ur-

129 1891 203 1922 bem
219 1891 320 1923 redire
340 1891 441 1933 cupis,
458 1890 542 1932 quod
561 1892 715 1932 (angulus
738 1891 809 1931 isle)
828 1892 879 1923 hic

132 1944 220 1976 ager,
236 1934 276 1964 ab
292 1934 370 1965 urbe
392 1939 540 1970 remotus,
557 1935 644 1976 piper
663 1940 695 1965 et
714 1934 786 1965 thus
801 1937 879 1975 (οι-ἱ-

131 1975 187 2018 us)
217 1977 324 2019 potius
357 1987 453 2019 quam
488 1987 564 2008 uvas
600 1977 699 2014 seret;
732 1977 880 2019 denique,

131 2019 219 2062 quod
243 2029 302 2051 nec
327 2019 360 2050 in
384 2019 546 2050 vicinitate
573 2026 621 2051 est
646 2020 787 2056 taberna,
811 2032 882 2062 quae

135 2061 194 2094 tibi
223 2061 332 2093 vinum
366 2063 506 2105 praebere
536 2063 646 2105 possit,
680 2073 738 2094 nec
770 2070 883 2106 praesto

134 2105 227 2137 adest
241 2105 405 2141 meretrix,
421 2110 498 2136 cett.

177 2149 320 2180 26-28.
358 2148 458 2180 Terroe
485 2151 610 2190 gravis5
638 2147 747 2180 rustici
783 2148 879 2184 enim,

133 2190 294 2233 praecipue
305 2190 378 2223 vino
390 2201 512 2233 graves.
524 2202 597 2222 cum
614 2191 743 2228 saltant,
756 2191 884 2233 gravius

136 2233 269 2276 pulsant
282 2239 394 2265 terram
415 2233 562 2276 pedibus.
610 2235 648 2265 Ee
665 2242 765 2266 tumen
782 2245 884 2276 urges,

134 2282 213 2308 cett.
236 2286 348 2308 sensus
367 2282 400 2308 et
419 2287 540 2308 nexus:
561 2282 592 2308 et
610 2282 715 2308 tamen
736 2287 800 2308 non
823 2277 884 2308 dis-

134 2319 209 2351 fluis
223 2319 336 2361 ignavo
347 2319 423 2357 otio,
435 2320 518 2361 quod
534 2319 674 2351 excitare
686 2320 786 2362 possit
798 2320 884 2351 urbis

135 2361 336 2398 desiderium,
361 2362 425 2393 imo
450 2362 512 2393 ‘am
536 2363 656 2405 pridem
679 2363 728 2395 vel
752 2363 884 2394 insudas

135 2415 211 2446 agro
227 2404 390 2447 ligonibus
405 2373 565 2441 fodiendo,
576 2406 624 2437 vel
642 2406 753 2437 bovem
770 2406 802 2436 in
818 2412 883 2437 sta-

136 2447 214 2480 bulo
233 2458 338 2485 curas,
354 2453 388 2480 et
402 2447 530 2480 strictas
547 2448 672 2480 frondes
687 2449 716 2480 ei
735 2449 884 2491 suppedi-

137 2496 200 2523 tu.
247 2491 446 2533 Diy‘unctum
458 2503 469 2529 ,-
493 2491 526 2522 in
546 2491 674 2523 stabulo
690 2492 774 2523 enim
794 2492 851 2523 bos
867 2501 886 2523 a

135 2533 216 2576 jugo
230 2533 410 2576 disjunctus
425 2540 486 2565 est.

181 2578 238 2613 29,
263 2578 318 2608 30.
347 2578 445 2608 Addit
475 2588 547 2617 opus
571 2578 661 2618 pigro
690 2579 786 2613 riws,
812 2582 888 2609 cett.

137 2618 203 2652 huc
227 2619 352 2651 accedit
367 2620 458 2651 labor
471 2631 536 2662 quo
551 2625 582 2650 te
601 2619 735 2651 otiosum
751 2626 889 2662 occupat

138 2662 238 2698 rivus,
254 2662 322 2704 qui,
341 2661 368 2693 si
388 2662 489 2694 imber
512 2662 642 2699 decidit,
659 2664 758 2693 multa
777 2665 852 2693 mete
871 2673 890 2694 a

140 2705 240 2748 pratis
253 2704 368 2748 apricis
379 2704 577 2737 cohibendus
593 2710 641 2736 est
655 2717 662 2734 ε
688 2716 743 2747 per
759 2707 888 2736 multam

135 2749 245 2779 molem
267 2747 412 2790 intellige
436 2758 596 2790 aggerem,
617 2747 736 2784 obices,
757 2747 889 2790 stipiteS,

139 2796 216 2823 cett.
263 2791 423 2823 Docemius
458 2802 593 2832 parcere,
628 2791 788 2832 eleganter
822 2802 889 2833 pro,

141 2833 354 2866 coercendus:
378 2834 435 2866 inf.
450 2834 484 2865 in
500 2833 604 2876 Epist.
619 2834 658 2865 ad
672 2834 737 2865 Pis.
753 2835 807 2871 68,
823 2846 889 2865 am-

137 2878 341 2909 nis—doctus
369 2879 429 2909 iter
462 2879 579 2908 melius.
627 2879 737 2917 Aprica
769 2888 893 2917 parcere

145 2926 247 2959 pato,
272 2930 312 2952 ne
339 2919 372 2951 in
398 2925 523 2963 pratum
550 2919 692 2963 apricum
718 2931 751 2952 se
775 2919 892 2951 immit-

135 2967 207 2993 :8⁸2-

194 3005 247 3037 31.
281 3004 364 3040 Quid
395 3011 526 3037 ’instrum
558 3012 734 3037 concentum
762 3006 895 3044 dividat,

923 1719 1002 1762 quid
1024 1719 1107 1751 illud
1129 1719 1170 1750 sit
1185 1729 1249 1760 quo
1273 1718 1353 1750 inter
1369 1729 1419 1750 me
1444 1723 1475 1749 et
1493 1723 1524 1749 te
1546 1716 1673 1748 discon-

924 1762 1042 1800 veniat,
1059 1769 1094 1793 ut
1108 1763 1235 1794 locutus
1250 1768 1296 1793 est
1308 1773 1339 1793 v.
1358 1763 1408 1792 18.

967 1807 1111 1837 32—36.
1137 1805 1252 1836 Tenues
1265 1806 1300 1845 (e
1317 1804 1406 1836 tenui
1421 1810 1452 1835 et
1469 1803 1578 1834 subtili
1594 1814 1672 1846 pan·

924 1859 965 1880 no
980 1847 1153 1884 consectae)
1169 1855 1242 1889 togae
1258 1852 1464 1890 opponuntur
1475 1849 1552 1887 rogis
1566 1848 1674 1878 crassis

924 1902 998 1934 sup.
1015 1893 1082 1923 Sat.
1103 1891 1126 1927 i,
1143 1892 1175 1926 3,
1195 1892 1247 1921 15.
1293 1891 1410 1930 Capilli
1428 1891 1534 1924 nitidi,
1550 1899 1597 1920 sc.
1614 1899 1673 1920 un-

925 1934 1076 1975 guentis:
1102 1945 1173 1976 sup.
1197 1933 1262 1965 Od.
1287 1933 1322 1969 ii,
1341 1934 1372 1970 7,
1390 1933 1422 1968 7,
1444 1933 1551 1972 capilli
1573 1932 1673 1962 Mato-

926 1979 1031 2008 buthro
1070 1977 1159 2018 Syrio
1197 1978 1338 2007 nitentes.
1384 1976 1528 2006 Fuerunt
1568 1980 1674 2005 autem

927 2019 1052 2051 Horatii
1078 2020 1181 2050 crines
1208 2021 1304 2060 nigri,
1329 2023 1365 2049 ut
1390 2018 1458 2060 ipse
1484 2028 1539 2049 eos
1565 2017 1675 2048 laudat

927 2073 999 2105 sup.
1016 2061 1117 2107 Epist.
1134 2062 1156 2098 i,
1174 2063 1206 2098 7,
1221 2063 1276 2093 25.
1315 2062 1496 2097 Immunem,
1513 2060 1602 2092 nullo
1618 2060 1674 2090 ob-

926 2105 990 2137 lato
1007 2116 1135 2137 munere
1150 2117 1159 2144 ;
1180 2105 1255 2136 hinc
1277 2115 1348 2146 sup.
1364 2104 1427 2134 Od.
1442 2103 1485 2141 iv,
1504 2105 1533 2140 l,
1552 2105 1583 2140 3,
1601 2114 1673 2144 qua-

927 2150 964 2180 lis
978 2160 1061 2180 eram
1076 2149 1156 2179 bonae
1175 2150 1230 2179 sub
1244 2159 1338 2189 regno
1362 2147 1496 2178 Cinarae.
1545 2147 1675 2186 Rapaci,

926 2202 1091 2223 munerum
1113 2191 1198 2233 apud
1214 2190 1294 2222 alios
1315 2189 1606 2232 appetentissimae;
1630 2189 1675 2221 sic

926 2246 1022 2275 rapax
1038 2236 1160 2266 domina
1177 2233 1262 2276 apud
1278 2232 1401 2264 Tibull.
1418 2232 1452 2268 ii,
1471 2234 1502 2269 4,
1519 2233 1575 2263 25.

971 2279 1026 2308 34.
1051 2278 1218 2309 Bibulum.-
1240 2277 1300 2307 inf.
1319 2275 1422 2318 Epist.
1439 2276 1461 2311 i,
1479 2277 1531 2312 18,
1546 2276 1603 2311 91,
1618 2275 1677 2305 Po-

929 2327 1004 2352 tores
1019 2322 1116 2351 bibuli
1132 2322 1230 2351 media
1246 2321 1283 2350 de
1301 2328 1384 2350 nocte
1401 2319 1542 2350 Falerni.

971 2365 1025 2395 35.
1044 2364 1135 2395 Coena
1150 2365 1256 2398 brevis,
1266 2361 1402 2397 modica,
1413 2372 1486 2403 quae
1497 2360 1585 2393 brevi
1599 2366 1678 2392 tem-

929 2406 1185 2449 pore-sumitur3
1207 2405 1351 2436 similiter
1374 2405 1430 2436 inf.
1453 2404 1485 2435 in
1511 2404 1614 2446 Epist.
1639 2403 1679 2434 ad

930 2450 1000 2480 Pis.
1014 2450 1086 2484 198,
1098 2461 1196 2481 mensa
1208 2450 1316 2480 brevis.
1340 2449 1437 2488 Prope
1449 2449 1549 2478 rivum
1560 2458 1680 2478 somnus

930 2494 962 2523 in
975 2493 1064 2523 herba
1081 2493 1167 2534 (toro
1179 2491 1370 2534 gramineo),
1383 2497 1432 2523 est
1442 2490 1588 2530 mollior;
1606 2490 1679 2521 hinc

932 2534 1025 2575 Virg.
1039 2535 1111 2566 Ecl.
1126 2534 1182 2571 vii,
1199 2537 1253 2569 45,
1271 2534 1523 2576 Mztscosijbntes‚
1539 2539 1566 2563 et
1582 2544 1680 2564 somno

931 2580 1051 2609 mollior
1082 2579 1194 2615 herba,·
1228 2577 1350 2619 accipio
1382 2583 1486 2608 autem
1514 2587 1614 2606 somno
1647 2575 1680 2606 in

932 2620 964 2651 h.
977 2621 1006 2652 .1.
1027 2619 1156 2661 Virgilii
1173 2631 1234 2652 non
1256 2619 1288 2650 in
1307 2620 1460 2654 ablativo,
1477 2618 1531 2650 sed
1548 2619 1581 2649 in
1598 2618 1680 2649 dati-

933 2674 984 2699 vo,
1000 2674 1067 2705 pro,
1084 2674 1229 2694 somnum
1245 2663 1398 2705 capienti,
1414 2661 1594 2694 dormienti.

976 2707 1029 2738 36.
1058 2707 1190 2742 Lusisse,
1215 2706 1374 2738 amoribus
1400 2711 1432 2738 et
1456 2705 1548 2747 genio
1574 2703 1681 2735 indul-

935 2748 1024 2781 sisse.
1069 2750 1126 2780 Sed
1151 2761 1211 2780 non
1236 2751 1372 2781 incidere
1398 2750 1518 2785 ludam,
1541 2747 1596 2778 sed
1619 2757 1682 2777 non

934 2791 1141 2824 intermittere
1163 2792 1274 2823 ludum
1300 2792 1406 2828 illum,
1429 2802 1492 2822 nou
1516 2791 1610 2822 finem
1635 2789 1682 2820 fa-

935 2845 1005 2867 cere
1026 2835 1164 2877 juvenili
1186 2835 1362 2878 proterviae,
1385 2835 1416 2866 id
1441 2833 1553 2877 pudori
1574 2839 1606 2864 et
1628 2833 1682 2863 de-

936 2878 1042 2910 decori
1055 2885 1112 2910 est.

980 2922 1031 2954 37.
1061 2922 1144 2956 istic,
1161 2919 1194 2951 in
1210 2920 1287 2952 villa
1304 2930 1387 2954 mea,
1407 2919 1438 2950 in
1455 2929 1540 2960 agro.

981 2966 1034 2996 38.
1059 2965 1187 3005 Obliquo
1206 2965 1292 2995 oculo
1316 2962 1472 3005 (invidia)
1496 2961 1607 2994 Limat,
1629 2960 1684 2991 de-

940 3007 1024 3044 terit,
1054 3006 1170 3039 invidis
1204 3006 1351 3048 lituisque
1384 3004 1487 3036 oculis
1520 3001 1688 3034 insidiatur
