1904 3314
647 195 650 197 ’
691 196 921 242 LIBER
951 195 987 247 I,
1020 196 1061 238 5.

1562 195 1649 236 325

104 304 188 348 140
218 305 292 348 Ex
314 304 426 347 vitiis
448 318 606 353 unum;
637 300 708 344 cui
729 299 766 341 si
786 297 1027 341 concedere
1049 295 1174 346 nolis,

216 373 363 416 Multa
383 379 608 429 poetarum
628 369 772 411 veniat
792 381 960 416 manus,
983 364 1146 407 auxilio
1167 379 1267 419 quae

216 442 284 484 Sit
303 441 408 483 mihi
427 440 542 494 (nam
560 436 696 479 multo
716 435 866 491 plures
890 434 1070 487 sumus),
1093 447 1143 474 ac
1167 431 1301 474 veluti
1323 438 1365 474 te

214 509 364 552 Judaei
383 521 586 563 cogemus
606 506 649 549 in
671 505 785 547 hanc
806 503 1049 546 concedere
1071 502 1258 544 turbam.

707 720 948 765 SATIRA
979 722 1037 764 V.

213 850 464 894 EGRESSUM
484 862 642 904 magna
663 861 729 889 me
750 847 925 902 excepit
947 845 1098 888 Aricia
1121 845 1266 887 Roma

215 919 424 975 Hospitio
445 918 643 968 modico;
675 915 829 958 rhetor
850 930 994 957 comes
1017 914 1304 964 Heliodorus,

215 987 476 1030 Graecorum
494 985 624 1040 longe
645 984 939 1027 doctissimus.

1002 983 1112 1024 Inde
1134 982 1299 1023 Forum
1320 980 1458 1038 Appi,

215 1054 454 1098 Differtum
474 1054 634 1104 nautis,
658 1053 930 1108 cauponibus
953 1059 1084 1107 atque
1105 1050 1319 1106 malignis.

157 1123 186 1165 5
216 1123 318 1166 Hoc
337 1123 420 1165 iter
439 1123 584 1179 ignavi
603 1122 841 1171 divisimus,
863 1120 992 1162 altius
1015 1134 1066 1161 ac
1081 1122 1166 1161 'nos

215 1190 470 1233 Praecinctis
491 1205 649 1232 unum:
683 1189 807 1230 nimis
829 1196 896 1230 est
916 1189 1059 1244 gravis
1086 1187 1236 1243 Appia
1257 1187 1410 1229 tardis.

214 1258 304 1301 Hic
323 1274 421 1314 ego,
443 1266 626 1314 propter
647 1272 819 1313 aquam,
842 1257 963 1312 quod
985 1264 1079 1298 erat
1101 1256 1338 1306 teterrima,
1361 1254 1504 1297 ventri

215 1326 369 1369 Indico
391 1326 567 1374 bellum,
590 1333 816 1368 coenantes
839 1325 960 1366 haud
982 1325 1123 1366 animo
1145 1339 1272 1378 aequo

215 1395 495 1450 Exspectans
518 1394 712 1436 comites.

774 1393 804 1435 J
807 1408 875 1434 am
896 1408 985 1434 nox
1005 1393 1213 1434 inducere
1235 1393 1364 1434 terris

125 1464 187 1509 ‘10
217 1462 423 1514 Umbras,
444 1469 489 1505 et
509 1461 621 1504 coelo
643 1461 893 1504 diffundere
916 1461 1039 1516 signa
1059 1461 1245 1516 parabat
1265 1476 1273 1502 :

217 1530 337 1573 Tum
355 1531 483 1587 pueri
502 1531 660 1581 nautis,
683 1530 832 1585 pueris
855 1529 1048 1572 convicia
1069 1536 1214 1570 nautae

220 1599 441 1656 Ingerere.

217 1667 320 1711 Jam
341 1667 446 1710 satis
467 1673 549 1709 est.

151 1807 224 1839 139.
246 1806 353 1838 Illudo
367 1808 493 1845 chartis,
507 1804 648 1837 ludendo
661 1804 778 1837 chartis
790 1803 853 1836 illi-

104 1860 159 1886 no,
176 1860 233 1893 pro
247 1848 382 1892 vulgari,
397 1850 516 1882 chartis
532 1848 661 1879 mando.

153 1893 226 1926 140.
266 1893 446 1930 Cone-edere,
473 1891 599 1925 veniam
630 1892 717 1927 dare,
748 1890 855 1933 ignos-

105 1946 188 1968 cere.

154 1980 215 2011 142
224 1989 274 2021 sq.
299 1979 343 2009 Ac
358 1978 455 2010 veluti
465 1975 569 2009 Judaei
581 1988 738 2019 cogemus:
763 1982 857 2020 poeta

105 2023 210 2065 carpit
223 2023 244 2055 J
249 2022 369 2058 udaeos,
384 2019 496 2063 quovis
514 2020 727 2063 'persuasionis
741 2030 856 2062 genere

104 2071 137 2098 et
157 2064 325 2108 quibusvis
347 2063 504 2096 machinis
524 2064 604 2095 alios
622 2070 689 2095 tum
706 2063 857 2106 temporis

105 2108 140 2140 in
161 2107 314 2140 doctrinae
334 2114 367 2139 et
385 2106 566 2149 disciplinae
583 2118 651 2139 suae
671 2106 856 2139 societatem

106 2151 280 2183 trahentes.
323 2151 364 2182 In
378 2151 456 2181 ho'nc
474 2153 633 2182 concedere
648 2152 780 2189 turbam,
796 2149 855 2181 hu-

103 2194 158 2238 jus
173 2200 338 2238 poetarum
354 2192 488 2236 agminis
501 2194 623 2226 socium
638 2193 714 2225 fieri.

365 2278 540 2311 SATIRA
565 2279 608 2311 V.

151 2317 348 2356 Suavissima
362 2321 497 2358 itineris,
511 2322 596 2365 quod
621 2327 725 2364 poeta,
741 2319 856 2354 comite

107 2366 292 2404 Heliodoro,
305 2365 446 2402 «rhetore,
465 2365 682 2397 Brundusium
698 2364 784 2401 fecit,
800 2365 856 2395 de-

107 2409 249 2453 scriptio.
303 2409 412 2441 Schol.
449 2409 580 2451 Porph.,
611 2409 769 2440 Lucil-ium
801 2409 858 2439 hac

108 2455 207 2486 satira
221 2453 383 2485 «emulatus
399 2451 560 2489 Horatius,
580 2454 640 2483 iter
653 2463 741 2483 suum
757 2463 776 2482 a
793 2452 857 2482 Ro-

108 2507 159 2528 ma
179 2507 274 2538 mque
291 2496 506 2527 Brundusium
528 2497 707 2531 describens,
729 2496 806 2536 quod
827 2501 857 2525 et

110 2539 166 2571 ille
182 2541 219 2571 in
238 2540 328 2572 tertio
348 2539 424 2570 libro
440 2539 533 2576 fecit,
555 2540 690 2579 primum
715 2549 734 2567 a
760 2538 858 2568 Roma

113 2582 254 2623 capuam
274 2593 380 2623 usque,
403 2588 433 2612 et
455 2583 527 2612 inde
544 2582 669 2623 fretum
693 2581 861 2611 Siciliense.

112 2625 264 2658 Ceterum
287 2635 363 2657 cum
390 2625 524 2656 Anxure
552 2627 586 2655 in
614 2624 711 2665 hujus
740 2623 862 2655 itineris

110 2667 295 2702 societatem
310 2668 474 2700 Maecenas
490 2678 564 2700 cum
581 2667 719 2699 Cocceio
731 2672 763 2697 et
778 2667 860 2697 Fon-

111 2710 175 2743 teio
188 2711 322 2748 venerit,
335 2711 488 2743 Horatius
498 2711 532 2742 in
548 2710 656 2752 magni
671 2709 722 2740 sui
738 2709 862 2751 patroni

112 2754 248 2796 gratiam
261 2753 344 2786 illud
358 2754 417 2786 iter
432 2760 498 2786 tam
512 2754 701 2796 suscepisse,
717 2762 814 2794 quam
829 2752 861 2783 iu

110 2797 290 2872 meandum
309 2797 380 2840 ejus
398 2797 582 2830 memoriam
597 2796 802 2838 descripsisse
817 2796 862 2828 vi-

155 2845 220 2872 tur.

160 2885 192 2915 l.
208 2883 346 2927 Magno:
358 2883 431 2915 urbi
437 2895 554 2926 magnae
561 2881 731 2925 opponitur
735 2893 866 2923 parvum

115 2925 268 2971 oppidum
285 2926 408 2965 Aricia,
424 2926 484 2958 sita
500 2933 584 2958 trans
607 2931 748 2957 montem
765 2926 865 2956 Alba·

119 2977 197 3000 num
211 2969 246 3001 in
259 2969 313 3001 via
328 2969 447 3013 Appia.

503 1598 608 1640 Huc
629 1597 823 1654 appelle:
858 1604 1076 1640 trecentos
1097 1597 1277 1639 inseris!
1311 1597 1419 1639 ohe!

612 1666 734 1708 Dum
755 1681 814 1707 aes
836 1666 1042 1721 exigitur,
1065 1666 1170 1707 dum
1189 1664 1306 1707 mula
1326 1665 1501 1720 ligatur,

898 1802 1120 1846 suppeditatur
1155 1801 1298 1833 ciborum
1326 1800 1439 1843 copia:
1476 1800 1552 1832 hinc
1593 1800 1651 1834 inf.

899 1847 1004 1888 Epist.
1034 1846 1056 1884 i,
1082 1848 1114 1883 5,
1137 1847 1171 1883 2,
1201 1846 1266 1876 olus
1297 1855 1416 1877 coenare
1445 1846 1562 1876 modico
1590 1856 1646 1885 pa-

899 1891 985 1921 tella.

943 1934 975 1964 3.
993 1932 1180 1968 Graecorum.
1192 1941 1237 1963 sc.
1248 1930 1396 1963 virorum.
1429 1931 1543 1961 Forum
1553 1931 1649 1972 Appi,

900 1975 1052 2018 oppidum
1077 1975 1109 2006 in
1127 1975 1179 2006 via
1204 1974 1322 2017 Appia,
1341 1974 1426 2005 unde
1444 1984 1500 2016 per
1518 1973 1651 2016 paludes

902 2019 1058 2051 Pontinas
1073 2018 1113 2050 ad
1130 2018 1272 2049 Feroniae
1288 2017 1397 2048 fanum
1414 2018 1464 2058 (v.
1480 2015 1542 2057 24)
1561 2017 1650 2048 navi-

900 2062 1045 2103 gabatur.
1106 2062 1188 2093 Fora
1220 2066 1253 2092 et
1283 2061 1488 2092 conciliabula
1524 2060 1653 2092 fuerunt

924 2115 998 2136 arva
1009 2104 1126 2147 oppida
1139 2103 1193 2135 ubi
1206 2104 1262 2146 jus
1273 2104 1439 2135 dicebatur
1452 2108 1485 2134 et
1498 2104 1651 2135 nundinae.

901 2116 1114 2180 iiabebantur.
1159 2148 1208 2178 Sic
1227 2147 1341 2189 jin-um
1373 2148 1537 2177 Aurelium
1564 2147 1651 2189 apud

901 2191 972 2234 Cic.
997 2192 1030 2223 in
1057 2190 1156 2223 Catil.
1173 2190 1195 2227 i,
1218 2191 1259 2230 95
1284 2201 1340 2221 nos
1355 2189 1430 2226 fere,
1453 2191 1503 2220 ein
1526 2190 1651 2221 Markt-

889 2236 1026 2276 flecken.
1074 2235 1126 2266 De
1138 2234 1225 2275 foris
1241 2238 1272 2265 et
1290 2234 1506 2266 conciliabulis
1525 2234 1654 2276 copiose

900 2277 1074 2321 disputavit
1087 2278 1136 2309 M.
1151 2278 1298 2308 Donatus
1313 2277 1353 2308 ad
1370 2276 1444 2308 Liv.
1460 2277 1504 2314 xl,
1525 2277 1563 2307 19
1577 2289 1584 2308 :
1610 2277 1654 2310 cf.

901 2321 1013 2363 Sigon.
1034 2321 1110 2352 Ant.
1125 2321 1196 2353 Jur.
1212 2321 1289 2351 Ital.
1306 2320 1340 2356 ii.
1358 2321 1411 2351 15.

945 2366 978 2396 4.
1018 2364 1144 2395 Nautis.
1190 2364 1304 2394 Nautae
1343 2364 1433 2406 (nos,
1473 2362 1650 2403 stlatrosen)

900 2408 1045 2439 homines
1069 2407 1132 2438 fere
1154 2412 1231 2438 sunt
1253 2406 1358 2442 rudes,
1383 2405 1451 2442 feri,
1473 2411 1506 2437 et
1529 2405 1655 2438 inculti.

903 2451 1066 2492 Malignis,
1082 2450 1321 2482 accommodate
1336 2449 1376 2480 ad
1394 2448 1559 2489 ingenium
1575 2459 1653 2480 cau-

901 2505 1031 2537 ponum,
1050 2494 1105 2535 qui
1127 2503 1166 2524 ex
1187 2493 1269 2524 lucri
1291 2492 1398 2523 studio
1421 2492 1460 2523 ad
1486 2502 1518 2523 se
1541 2492 1651 2523 dever-

902 2538 1043 2569 tentibus
1071 2537 1207 2578 maligne
1238 2536 1289 2579 (h.
1313 2545 1343 2566 e.
1374 2546 1471 2578 parca
1497 2541 1528 2567 et
1558 2545 1654 2566 avara

906 2584 1022 2620 manu)
1041 2579 1116 2611 dare
1134 2579 1239 2610 solent
1261 2579 1460 2618 necessaria;
1485 2578 1558 2609 hinc
1583 2589 1655 2621 sup.

906 2626 973 2656 Sat.
990 2623 1012 2660 i,
1032 2624 1061 2659 l,
1078 2623 1134 2658 29,
1152 2633 1249 2662 caupo
1262 2623 1409 2663 perfidus.

950 2668 984 2698 5.
999 2663 1076 2697 ‘Hoc
1091 2668 1160 2701 iter,
1176 2671 1251 2696 cett.
1273 2665 1333 2696 hoc
1351 2664 1423 2701 iter,
1439 2665 1524 2707 quod
1546 2664 1656 2706 gnavi-

907 2709 1015 2741 oribus
1035 2709 1132 2740 unius
1152 2708 1215 2740 diei
1230 2708 1288 2739 iter
1303 2713 1364 2744 est,
1386 2719 1446 2738 nos
1464 2708 1545 2739 tardi
1560 2713 1592 2739 et
1607 2707 1655 2749 ig-

907 2753 980 2784 navi
1008 2753 1042 2784 in
1071 2752 1206 2784 duorum
1237 2751 1359 2782 dierum
1389 2751 1448 2783 iter
1478 2750 1657 2782 divisimus.

908 2797 1013 2828 Altius
1032 2796 1230 2827 Praecinczis:
1247 2794 1304 2836 qui
1316 2804 1379 2825 rem
1394 2794 1535 2835 aliquam
1547 2794 1656 2835 gnavi-

910 2845 958 2871 ter
976 2845 1109 2871 tractare
1124 2838 1283 2874 volebant,
1298 2843 1431 2874 vestem,
1451 2848 1490 2869 ne
1510 2837 1567 2868 illa
1589 2846 1658 2867 cor·

910 2882 994 2925 poris
1022 2881 1158 2924 agilitati
1188 2880 1416 2923 impedimento
1440 2886 1534 2918 esset,
1560 2879 1657 2910 altius

909 2935 1003 2968 super
1016 2926 1134 2957 femora
1150 2934 1250 2966 usque
1260 2923 1391 2965 cingulo
1406 2923 1636 2954 subnectebant
1651 2933 1660 2959 ;

910 2969 985 3000 hinc
1008 2971 1105 3011 gnavi
1121 2967 1273 2999 dicuntur
1293 2969 1356 2997 alte
1376 2968 1488 2997 cincti:
1513 2965 1571 2995 inf.
1594 2965 1661 2996 Sat.

163 3012 199 3044 2.
230 3012 361 3051 Modico,
386 3013 441 3044 ubi
470 3023 533 3044 non
559 3012 646 3054 larga
669 3011 724 3044 sed
747 3010 870 3044 modica
913 3011 947 3050 ii,
964 3014 996 3050 8,
1015 3013 1065 3051 10,
1081 3023 1158 3053 puer
1179 3012 1242 3042 alte
1263 3012 1402 3046 cinctam,-
1430 3007 1556 3039 Phaedr.
1579 3006 1660 3038 Fab.
