1884 3288
305 217 362 258 30

874 218 1273 261 CARMINUM

851 397 1123 447 CARMEN
1157 404 1283 447 XIV.

806 540 876 571 AD
915 537 1272 571 REMPUBLICA
1285 537 1336 568 M.

483 653 526 693 O
549 665 694 703 NAVIS,
715 653 904 694 referent
923 653 967 693 in
985 666 1100 692 mare
1121 657 1164 692 te
1184 651 1283 692 novi

482 718 659 760 Fluctus
675 721 691 759 2

751 720 794 760 O
814 720 916 773 quid
938 719 1062 773 agis?
1083 718 1251 759 fortiter
1271 731 1435 771 occupa

598 785 791 826 Portum.
850 785 1011 826 Nonne
1031 785 1166 834 vides,
1187 791 1236 825 ut

650 851 831 893 Nudum
850 851 1028 906 remigio
1047 850 1172 900 latus,

519 980 718 1012 CARMEN
743 981 838 1012 XIV.

355 1022 437 1052 Cum
466 1022 602 1052 Romani
628 1032 743 1062 magna
767 1022 834 1058 illa,
862 1033 955 1063 quam
981 1022 1047 1063 jam

311 1073 366 1105 per
380 1063 463 1093 bella
475 1063 580 1094 civilia
594 1064 711 1105 experti
725 1063 858 1099 fuerant,
871 1064 1049 1095 calamitate

313 1115 347 1135 se
367 1106 511 1135 deterreri
529 1115 590 1135 non
612 1110 800 1146 paterentur,
816 1106 891 1146 quin
910 1115 990 1136 nova
1012 1105 1050 1136 de

310 1146 349 1177 iis
364 1147 610 1187 redintegrandis
631 1147 785 1187 agitarent
805 1147 958 1184 consilia;
983 1148 1048 1178 Ho-

312 1188 422 1224 ratius,
454 1188 674 1219 labefactatum
714 1188 893 1229 reipublicae
933 1194 1048 1219 statum

312 1241 386 1262 cum
402 1230 485 1261 male
504 1231 617 1261 affecta
632 1237 663 1261 et
678 1231 812 1261 lacerata
828 1241 906 1261 nave
921 1241 1048 1272 compa-

313 1282 398 1310 rans,
420 1273 460 1302 ab
483 1272 543 1303 isto
568 1273 670 1303 furore
693 1283 747 1303 eos
770 1282 911 1303 revocare
936 1273 1049 1304 studet.

314 1314 439 1345 Navem
454 1313 558 1355 igitur,
569 1324 676 1355 quam,
687 1314 762 1344 licet
773 1318 956 1356 tempestate
970 1314 1048 1345 frac-

313 1360 388 1391 tam,
405 1362 509 1386 tamen
526 1366 639 1387 novum
655 1366 708 1397 per
724 1366 806 1387 mare
824 1356 883 1387 iter
897 1366 981 1386 nunc
999 1356 1048 1386 in-

313 1398 515 1438 grediendum
535 1408 605 1428 cum
621 1398 755 1428 maxime
771 1398 960 1433 molientem,
975 1408 1048 1428 ocu-

312 1439 352 1470 lis
362 1441 428 1470 suis
437 1440 592 1471 obversari
600 1440 699 1480 fingit,
708 1439 877 1480 alloquitur
887 1452 895 1479 3
910 1450 1050 1480 eamque,

315 1491 356 1512 ne
370 1481 402 1512 in
417 1482 476 1513 hoc
488 1482 649 1513 temerario
663 1482 775 1512 iterum
791 1492 824 1512 se
835 1482 912 1512 mari
929 1483 1051 1523 pericu-

314 1523 381 1555 loso
394 1524 607 1555 committendi
621 1524 754 1555 consilio
771 1524 925 1565 persistat,
941 1524 995 1554 sed
1012 1524 1052 1555 ad

313 1565 429 1596 damna
444 1566 561 1607 potius,
574 1577 644 1607 qua:
660 1576 803 1608 perpessa
819 1566 869 1600 sit,
881 1566 1053 1607 reparanda

315 1607 379 1638 otio
393 1613 425 1638 et
439 1608 604 1639 securitate
622 1609 654 1638 in
671 1614 762 1649 portu
779 1607 963 1650 perfruatur,
980 1607 1052 1638 dili-

315 1655 423 1689 genter
459 1649 611 1690 siugulas,
642 1650 757 1691 quibus
790 1650 919 1684 laboret,
950 1656 1053 1690 partes

316 1701 423 1722 secum
438 1698 582 1732 reputare
593 1691 694 1732 jubet.
738 1692 758 1723 J
763 1701 813 1722 am
830 1701 900 1722 vero
915 1702 987 1722 cum
1004 1692 1051 1733 ip-

315 1732 381 1762 sius
392 1733 572 1775 reipublicae
587 1733 742 1768 consulto,
756 1743 796 1764 ne
811 1733 888 1764 forte
903 1733 963 1764 sibi
977 1743 1052 1763 con-

314 1774 402 1806 flaret
415 1775 578 1810 invidiam,
591 1775 710 1806 nullam
723 1775 755 1806 in
767 1780 832 1805 toto
845 1775 902 1805 hoc
915 1775 1052 1807 carmine

315 1817 505 1848 mentionem
530 1817 684 1858 injecerit,
709 1823 741 1848 et
766 1817 940 1847 institutam
965 1817 1053 1848 navis

316 1868 389 1888 cum
413 1869 450 1890 ea
473 1860 747 1900 comparationem,
764 1859 849 1890 haud
870 1859 1052 1890 inusitatam

317 1910 393 1930 sane
409 1901 472 1941 (cf.
486 1900 543 1931 inf.
567 1900 602 1936 ii,
620 1902 651 1937 7,
671 1903 728 1939 153
753 1902 822 1932 Cic.
846 1901 885 1931 ad
902 1901 977 1932 Div.
998 1901 1053 1938 xii,

316 1943 372 1978 25,
389 1954 478 1982 quam
491 1945 524 1973 ob
539 1953 613 1978 rem,
628 1945 669 1973 mi
685 1943 809 1978 Quinte,
826 1945 983 1973 conscende
997 1955 1049 1973 ‘110-

317 1985 439 2020 biscum,
459 1991 488 2015 et
507 1986 624 2025 quidem
646 1987 685 2015 ad
707 1987 854 2025 puppim5
877 1996 941 2015 una
965 1987 1050 2015 navis

316 2028 433 2065 estjam
445 2027 585 2057 bonorum
595 2028 747 2063 omninum
771 2033 804 2058 et
814 2026 857 2063 ix,
871 2029 921 2064 15,
931 2028 1050 2057 sedeba-

317 2077 382 2098 mus
398 2069 431 2098 in
450 2070 543 2108 puppi
563 2074 637 2099 cett.
657 2069 700 2099 cf.
713 2079 783 2109 quae
804 2069 843 2099 de
858 2069 1018 2108 republica
1033 2079 1052 2100 a

316 2110 542 2150 potentioribus
554 2115 707 2151 occupata
724 2111 870 2151 leguntur
883 2110 916 2140 in
930 2112 1052 2151 Theog-

317 2151 420 2182 nideis
434 2153 496 2183 679
517 2151 607 2193 sqq.)
623 2152 793 2183 lectoribus
813 2153 852 2182 ad
866 2162 942 2187 rem,
958 2163 1052 2193 quam

317 2192 351 2223 in
367 2193 472 2224 animo
486 2194 608 2230 habuit,
622 2194 866 2226 transferendam
881 2194 1052 2235 reliquerit,

315 2241 400 2267 recte
422 2236 481 2266 hoc
501 2245 626 2267 carmen
640 2246 756 2267 meram
775 2238 951 2277 allegoriam
965 2236 1052 2267 dixe-

317 2276 372 2307 ris.
417 2277 502 2308 Hinc
530 2278 685 2314 Quinctil.
709 2279 816 2309 Instit.
845 2279 901 2309 Or.
927 2278 992 2313 viii,
1020 2279 1052 2314 6,

318 2320 371 2355 44,
395 2321 436 2350 At
454 2321 614 2361 allegoria,
636 2331 723 2360 quam
742 2322 935 2350 inversionem
956 2322 1053 2350 inter-

314 2368 484 2400 precamur,
496 2363 583 2392 aliud
595 2363 700 2398 verbis,
709 2362 795 2392 aliud
807 2372 893 2392 sensu
904 2364 1031 2392 ostendit
1042 2374 1053 2400 ‚-

317 2414 353 2433 αι·
366 2405 456 2435 eciam
470 2405 624 2434 interdum
638 2405 838 2434 contrarium.
874 2404 980 2438 Prius,
997 2411 1050 2434 ut.-

320 2445 347 2475 Ο
371 2448 457 2476 navis
478 2446 610 2487 referent
635 2447 668 2476 in
692 2456 774 2476 mare
800 2452 827 2476 te
850 2447 919 2476 novi
933 2446 1054 2487 fluctus

316 2491 392 2518 cett.
411 2494 547 2528 totusque
566 2489 656 2518 etiam
677 2489 730 2518 ille
749 2487 874 2518 Horatii
894 2489 984 2525 locus,
998 2499 1055 2528 quo

317 2540 422 2560 navem
463 2540 496 2559 ro
515 2530 682 2569 republica,
692 2531 850 2570 fluctuum
872 2535 1054 2569 tempestates

313 2582 371 2611 pro
390 2540 476 2602 bellis
495 2573 646 2606 civilibus,
661 2579 781 2611 portum
801 2582 856 2611 pro
873 2582 946 2611 pace
965 2579 1054 2612 atque

315 2615 475 2644 concordia
493 2615 580 2644 dicit.
625 2613 763 2645 Extitere
783 2619 900 2648 tamen,
919 2624 1053 2655 quorum

315 2654 463 2697 princeps
489 2655 549 2686 fuit
572 2655 730 2691 Muretus,
753 2655 820 2696 qui,
844 2665 915 2686 cum
941 2656 1051 2696 partim

314 2697 520 2730 subtilitatem
550 2697 651 2732 illam,
685 2707 748 2738 qua
784 2702 876 2738 poeta
912 2697 1055 2738 singulas

317 2739 406 2770 navis
435 2749 506 2770 cum
539 2739 672 2781 singulis
701 2739 882 2781 reipublicae
914 2739 1054 2781 partibus

317 2781 552 2824 comparaverit,
568 2781 696 2812 nimiam
715 2787 747 2812 et
755 2781 900 2853 Xmidam
919 2791 987 2812 esse
999 2782 1050 2823 ju-

316 2823 468 2859 dicarent,
491 2823 615 2865 partim,
639 2833 753 2865 quomo
777 2834 795 2854 o
819 2834 848 2854 v.
874 2824 925 2859 17,
952 2825 988 2854 18
1013 2824 1053 2856 ad

315 2865 496 2907 reipublicae
524 2870 639 2896 statum
666 2865 894 2896 accommodari
919 2866 1051 2907 possint,

317 2917 380 2938 non
397 2907 553 2946 viderent;
576 2907 660 2938 haud
677 2906 842 2948 allegorice
860 2908 913 2938 sed
931 2909 1052 2949 proprie

315 2949 376 2981 hoc
387 2959 512 2982 carmen
524 2949 790 2992 interpretandum
802 2959 871 2982 esse
883 2950 1050 2982 contende-

1090 985 1169 1011 rent.
1213 981 1325 1020 Itaque
1351 979 1411 1011 hoc
1439 989 1562 1011 carmen
1586 978 1735 1021 scriptum
1758 987 1826 1010 esse

1090 1022 1231 1053 arbitrati
1254 1028 1327 1053 sunt
1350 1022 1382 1052 in
1405 1032 1530 1057 navem,
1555 1030 1620 1063 qua
1644 1026 1735 1063 poeta
1757 1026 1828 1062 post

1092 1064 1211 1095 cladem
1228 1064 1464 1105 Philippensem
1481 1064 1522 1095 U.
1537 1064 1575 1095 C.
1592 1073 1735 1099 nccxrn,
1752 1072 1826 1093 curn

1093 1106 1204 1136 amicis
1219 1106 1251 1136 in
1267 1106 1392 1136 Italiam
1403 1105 1532 1142 venerit,
1543 1105 1626 1136 male
1639 1105 1678 1136 ad
1693 1104 1826 1144 ,Palinu-

1092 1158 1160 1178 rum
1189 1147 1431 1189 promontorium
1457 1151 1640 1188 tempestate
1667 1146 1827 1177 afflictam.

1095 1189 1186 1219 Hanc
1203 1189 1296 1230 igitur
1309 1199 1392 1220 nunc
1406 1194 1541 1231 poetam,
1551 1188 1591 1220 de
1601 1187 1723 1223 amicis,
1735 1197 1826 1230 quos,

1092 1241 1131 1261 ex
1147 1230 1251 1265 Italia,
1267 1231 1321 1262 ubi
1337 1241 1446 1272 parum
1461 1231 1596 1271 benigne
1616 1230 1739 1272 excepti
1757 1230 1826 1260 fue-

1092 1278 1171 1310 rant,
1181 1273 1247 1314 jam
1264 1283 1446 1308 recessuros,
1463 1273 1594 1303 eandem
1608 1271 1828 1303 conscendisse

1091 1315 1231 1351 vidisset,
1256 1314 1437 1350 sollicitum,
1460 1314 1554 1344 simili
1575 1314 1680 1350 modo,
1701 1319 1738 1344 ut
1759 1323 1829 1362 sup.

1092 1366 1121 1387 c.
1137 1355 1182 1392 iii,
1199 1366 1320 1393 navem,
1337 1366 1400 1397 qua
1414 1355 1567 1397 Virgilius
1582 1355 1709 1387 Athena
1723 1365 1827 1386 suavi-

1095 1403 1226 1438 gaturus
1239 1404 1317 1434 erat,
1336 1399 1368 1428 in
1385 1398 1443 1428 hoc
1460 1397 1598 1429 carmine
1611 1397 1743 1439 alloqui.
1766 1398 1829 1428 Sed

1092 1440 1160 1471 haec
1183 1440 1342 1481 ingeniose
1362 1439 1474 1480 magis,
1493 1450 1587 1481 quam
1607 1449 1690 1478 vere,
1707 1439 1829 1482 prolata

1093 1492 1171 1518 esse,
1187 1482 1279 1513 facile
1293 1488 1432 1524 apparet.
1477 1482 1561 1512 Nam
1575 1481 1633 1518 sic,
1645 1486 1679 1512 ut
1693 1481 1772 1512 nihil
1788 1482 1828 1513 de

1094 1524 1165 1554 aliis
1180 1524 1351 1555 rationibus
1364 1523 1479 1559 dicam,
1494 1523 1590 1565 hujus
1604 1522 1700 1554 totius
1716 1523 1829 1554 carmi-

1095 1566 1155 1600 nis,
1181 1566 1213 1596 in
1243 1567 1300 1597 hac
1325 1571 1446 1596 tanturn
1472 1565 1637 1596 humiliore
1663 1565 1830 1602 sententia,

1097 1608 1210 1643 Nolite,
1223 1619 1326 1648 quaeso,
1337 1609 1436 1645 amici,
1448 1618 1516 1638 cum
1529 1617 1615 1644 nave,
1631 1609 1719 1648 cujus
1733 1618 1830 1639 omnes

1094 1661 1130 1680 ac
1151 1651 1278 1690 singulae
1295 1656 1396 1689 partes
1415 1649 1524 1691 (quasi
1547 1650 1607 1680 hoc
1629 1649 1689 1692 ipsi
1706 1659 1769 1680 non
1783 1650 1830 1680 vi-

1095 1691 1168 1722 dere
1192 1691 1383 1732 potuissent)
1396 1691 1511 1733 fractae
1533 1698 1616 1728 sunt,
1638 1701 1746 1722 novum
1770 1693 1830 1722 iter

1094 1745 1214 1773 parare,
1231 1739 1295 1764 tam
1317 1743 1444 1775 operose
1457 1733 1620 1772 versantis,
1634 1733 1683 1764 vel
1697 1733 1831 1765 maxime

1094 1777 1127 1806 in
1160 1775 1430 1817 reprehensionem
1463 1775 1633 1808 incurreret
1664 1775 1830 1817 jejunitas.

1097 1817 1162 1848 Vix
1182 1817 1277 1858 igitur
1296 1818 1334 1848 de
1358 1817 1518 1858 allegoria,
1533 1818 1703 1860 prudenter
1719 1816 1752 1848 in
1770 1817 1829 1848 hoc

1095 1860 1232 1890 carmine
1248 1869 1266 1890 a
1282 1864 1372 1900 poeta
1387 1859 1540 1897 adhibita,
1555 1859 1692 1890 dubitari
1707 1863 1828 1907 potest3

1098 1901 1189 1931 modo
1206 1908 1366 1932 teneamus
1382 1901 1474 1938 illud,
1490 1901 1577 1944 quod
1589 1901 1622 1932 in
1635 1901 1745 1932 multis
1758 1900 1831 1931 aliis

1093 1949 1254 1984 poetarum
1276 1944 1560 1991 comparationibus
1581 1943 1750 1975 tenendum
1773 1948 1830 1980 est,

1094 1995 1144 2020 ne,
1171 1985 1264 2015 nimis
1287 1995 1379 2016 auxie
1402 1985 1508 2016 omnia
1529 1985 1563 2016 in
1585 1984 1640 2016 illa
1663 1985 1704 2016 ad
1725 1984 1832 2016 vivum

1093 2033 1279 2062 resecantes,
1294 2037 1341 2063 ea,
1355 2037 1428 2068 quae
1443 2027 1481 2058 ad
1497 2026 1707 2059 exornandam
1721 2025 1832 2068 imagi-

1094 2079 1163 2100 nem
1182 2069 1348 2110 pertinent,
1364 2069 1403 2099 ad
1418 2079 1479 2100 rem
1499 2079 1555 2110 per
1569 2078 1637 2100 eam
1653 2077 1830 2111 expressam

1096 2111 1284 2150 referamus3
1308 2111 1339 2141 h.
1359 2121 1388 2142 e.
1407 2120 1446 2141 ne
1463 2111 1559 2153 paulo
1582 2111 1736 2152 argutius,
1751 2121 1830 2152 quas

1095 2153 1290 2194 potissimum
1312 2152 1492 2194 reipublicae
1512 2157 1615 2195 partes
1634 2153 1831 2195 singularum

1097 2194 1183 2226 navis
1199 2195 1333 2236 partium
1347 2195 1577 2227 enumeratione
1596 2195 1761 2236 designare
1775 2205 1830 2226 vo-

1096 2237 1186 2268 luerit
1208 2242 1308 2278 poeta,
1325 2247 1522 2278 quaeramus3
1546 2236 1600 2269 sed
1615 2247 1687 2270 eum
1708 2237 1742 2268 id
1759 2242 1830 2268 tan-

1097 2283 1176 2314 tum,
1193 2284 1228 2309 ut
1243 2284 1340 2309 totam
1357 2289 1466 2310 navem
1483 2279 1566 2310 male
1579 2283 1764 2328 tempestate
1783 2278 1830 2310 af-

1096 2319 1210 2351 fectam
1240 2330 1312 2351 cum
1337 2326 1403 2352 tota
1429 2331 1484 2363 per
1511 2321 1595 2352 bella
1620 2321 1724 2353 civilia
1749 2321 1831 2352 male

1097 2362 1208 2393 affecta
1237 2362 1399 2404 republica
1430 2369 1632 2406 compararet,
1661 2368 1830 2405 spectasse,

1097 2404 1188 2435 nobis
1228 2404 1483 2445 persuadeamus.
1547 2405 1670 2436 Habuit
1711 2409 1828 2440 autem,

1096 2457 1191 2487 quem
1208 2447 1358 2477 Horatius
1382 2447 1415 2477 in
1438 2447 1498 2478 hac
1519 2446 1667 2488 allegoria
1688 2456 1830 2488 sequere—

1096 2493 1147 2518 tur
1162 2488 1318 2525 Alcaeum,
1333 2488 1468 2530 plurium
1492 2489 1526 2520 in
1548 2494 1697 2530 tyrannos
1717 2488 1830 2520 carmi-

1097 2540 1173 2561 num
1208 2530 1444 2571 allegoricorum
1482 2536 1650 2568 auctorem,
1671 2530 1762 2572 cujus
1796 2530 1830 2562 in

1096 2572 1178 2603 hanc
1203 2582 1266 2603 rem
1293 2572 1499 2613 fragmentum
1523 2572 1607 2615 apud
1630 2571 1830 2604 Heraclidem

1096 2615 1190 2645 Pont.
1203 2614 1242 2645 de
1257 2614 1384 2656 allegor.
1395 2615 1523 2646 Homer.
1555 2637 1563 2645 .
1578 2615 1630 2649 13,
1645 2615 1695 2645 ed.
1706 2614 1831 2646 Schow.

1096 2656 1219 2697 legitur,
1236 2666 1306 2687 cum
1326 2657 1505 2687 Hermanno
1523 2625 1554 2687 ni,
1577 2655 1690 2688 Mettis
1701 2667 1734 2699 p.
1755 2657 1830 2694 688,

1097 2698 1140 2730 ita
1155 2697 1380 2730 restituendum
1394 2711 1401 2729 :

1140 2827 1184 2856 Τὸ
1199 2825 1261 2865 μὲν
1277 2825 1342 2866 γὰρ
1356 2823 1454 2856 ἔνθεν
1468 2825 1555 2867 κῦμα
1571 2823 1772 2859 κυλίνδεται,

1183 2868 1226 2898 Τὸ
1241 2866 1267 2897 δ’
1282 2867 1386 2898 ἔνθεν·
1401 2867 1507 2908 ἄμμες
1521 2865 1547 2898 δ’
1563 2867 1609 2898 ἂν
1623 2867 1661 2899 τὸ
1675 2864 1801 2908 μέσσον

1222 2910 1290 2940 Ναῗ
1302 2908 1474 2951 φορήμεθα
1491 2909 1554 2940 σὺν
1567 2908 1725 2960 μελαίνᾳ,

1139 2954 1282 2991 Χειμῶνι
1294 2951 1500 2992 μοχθεῧντες
1514 2950 1651 2993 μεγάλῳ
1666 2951 1792 2983 καλων·
