1904 3314
717 193 943 236 LIBER
974 194 1011 246 1,
1045 196 1084 237 7.

1584 200 1671 241 455

658 380 980 423 EPISTOLA
1011 381 1117 424 VII.

606 521 684 552 AD
741 520 1172 552 MAECENATEM.

238 636 460 685 Qumeus
481 635 575 678 dies
596 637 676 678 tibi
696 635 916 692 pollicitus
938 651 1006 678 me
1027 651 1131 678 rure
1153 637 1362 687 futurum,

236 702 444 746 Sextilem
465 710 604 746 totum
623 704 812 746 mendax
832 704 1071 746 desideror.

1133 703 1289 759 Atqui,

236 771 285 814 Si
304 787 372 815 me
390 773 535 815 vivere
557 772 619 813 vis
640 778 847 827 recteque
867 772 1015 814 videre
1037 772 1264 822 valentem,

235 840 380 888 Quam
399 839 505 882 mihi
526 840 604 881 das
625 855 759 895 aegro,
783 840 908 881 dabis
931 848 1144 895 aegrotare
1166 840 1347 891 timenti,

175 908 204 951 5
233 907 470 959 Maecenas,
491 908 657 950 veniam
675 925 685 959 3
719 908 822 949 dum
841 907 951 949 ficus
972 908 1112 963 prima
1133 906 1339 963 calorque

233 975 571 1031 Designatorem
594 976 774 1018 decorat
793 974 1020 1017 lictoribus
1043 976 1172 1026 atris3

232 1042 352 1085 Dum
372 1043 520 1099 pueris
542 1044 680 1085 omnis
701 1050 828 1099 pater
849 1050 893 1085 et
912 1042 1149 1085 matercula
1168 1042 1325 1098 pallet3

232 1109 528 1166 Officiosaque
551 1110 775 1161 sedulitas,
797 1117 842 1152 et
863 1109 1006 1166 opella
1025 1110 1210 1152 forensis

231 1177 430 1221 Adducit
450 1178 611 1229 febres,
634 1186 678 1220 et
698 1185 957 1220 testamenta
977 1179 1184 1233 resignat.

148 1246 202 1288 10
231 1245 580 1300 Quodsibruma
600 1247 720 1289 nives
743 1244 928 1288 Albanis
949 1245 1088 1288 illinet
1109 1246 1241 1302 agris,

111 1402 147 1434 in
185 1413 218 1435 re
254 1403 408 1436 amatoria
444 1403 613 1436 versantia.
682 1404 860 1436 Mimnermi

114 1445 227 1478 laudes
250 1446 394 1488 Propert.
416 1447 440 1483 i,
463 1449 495 1486 9,
522 1449 573 1484 ll,
600 1448 652 1485 12,
676 1448 861 1490 complexus

111 1493 162 1520 est
182 1488 232 1520 his
254 1488 377 1520 dnobus
400 1489 558 1522 versibus:
595 1491 674 1521 Plus
702 1492 735 1520 in
761 1502 862 1522 amore

112 1532 195 1563 valet
219 1532 396 1563 Mimnermi
421 1543 522 1564 versus
546 1533 700 1569 Homero,·
723 1535 861 1565 carmina

113 1579 288 1606 mansuetus
306 1575 388 1606 lenia
408 1577 516 1616 quaerit
533 1578 636 1606 Amor.
685 1575 861 1607 Mimnermi

111 1626 223 1649 versus
258 1622 376 1656 autem,
410 1628 491 1660 quos
524 1618 662 1660 respexit
696 1618 859 1656 Horatius,

113 1659 276 1702 Cruquius
291 1669 310 1691 e
326 1660 502 1692 Plutarcho
518 1666 551 1691 et
572 1661 722 1692 Muretus
743 1671 761 1692 e
786 1662 859 1692 Sto-

112 1702 185 1734 baeo
200 1702 328 1734 attulit:
354 1703 406 1740 τίς
427 1703 459 1735 δὲ
481 1702 571 1743 βίος,
592 1704 624 1734 τί
651 1702 683 1735 δὲ
710 1705 859 1745 τερπνὸν

113 1745 196 1788 ἄτερ
212 1747 348 1787 χρυσῆς
362 1745 583 1789 Ἀφροδίτης-ς
607 1746 790 1785 Τεθναίην,
806 1746 860 1778 ὅτε

113 1800 171 1831 μοι
182 1787 303 1862 parcen
318 1791 430 1821 ταῦτα
442 1789 547 1832 μέλοι.

158 1832 180 1862 6
204 1853 214 1862 .
246 1831 332 1867 Istis,
359 1842 405 1863 sc.
431 1843 504 1874 quae
528 1830 594 1862 dixi
624 1831 664 1862 de
694 1830 860 1868 felicitate,

113 1883 211 1916 quam
225 1884 291 1906 una
303 1873 404 1906 virtus
418 1875 491 1907 dare
508 1879 619 1916 potest.

323 1959 548 1991 EPISTOLA
574 1960 655 1991 VH.

156 2003 258 2034 Poeta
282 2001 456 2043 longiorem
478 2002 512 2033 in
535 2002 622 2038 villa,
645 2002 699 2033 ubi
724 2001 862 2044 corporis

109 2044 272 2076 reficiendi
287 2054 384 2076 causa
399 2045 665 2080 commorabatur,
682 2044 857 2075 absentiam

110 2087 196 2130 apud
218 2088 429 2119 Maeceuatem
457 2094 598 2124 excusat,
631 2088 717 2124 dum,
746 2098 779 2119 se
813 2086 855 2117 ibi

111 2140 241 2172 quoque
264 2130 487 2162 beneficiorum
520 2130 560 2161 ab
588 2141 626 2162 eo
653 2136 855 2172 acceptorum

111 2182 280 2205 memorem
297 2173 412 2210 vivere,
427 2173 519 2204 fidem
537 2173 624 2205 facit.
668 2175 751 2204 Tum
768 2172 857 2204 addit

112 2215 381 2247 narratiunculam
409 2216 450 2247 de
480 2216 580 2247 nobili
611 2226 776 2248 causarum
801 2226 857 2258 pa-

110 2263 202 2290 trono
229 2258 379 2301 Philippo
405 2264 438 2291 et
469 2269 615 2301 praecone
642 2260 753 2294 Mena,
781 2269 856 2301 qua,

110 2306 267 2343 quantum
281 2311 364 2344 saepe
379 2302 427 2344 (v.
443 2302 518 2342 96‚)
528 2303 651 2333 dimissa
665 2305 768 2342 petitis
778 2313 856 2342 prce-

109 2350 201 2380 επακ,
225 2343 259 2375 h.
283 2354 314 2376 e.
338 2354 436 2386 quam
462 2344 555 2386 longe
583 2354 721 2387 praesens
753 2355 857 2376 rerum

110 2392 286 2419 nostrarum
310 2386 451 2419 conditio
477 2387 672 2430 praeferenda
700 2398 787 2430 saepe
815 2388 857 2418 sit

109 2429 139 2460 ei
154 2439 251 2472 quam
305 2429 413 2466 timus,
429 2429 542 2461 docere
555 2431 672 2462 studet.
685 2466 698 2472 ,

156 2473 186 2508 1.
204 2474 235 2504 2.
290 2474 402 2514 uirique
415 2475 490 2508 dies,
505 2478 580 2504 cett.
596 2483 671 2505 cum
686 2484 705 2504 a
720 2479 762 2509 te,
773 2474 856 2504 Mae-

109 2523 216 2552 eenas,
251 2514 285 2546 in
308 2515 419 2547 villam
454 2526 556 2546 meam
588 2515 779 2551 secederem,
806 2526 857 2547 me

110 2556 255 2607 quinque
278 2563 401 2589 tantum
428 2557 496 2589 dies
517 2558 562 2589 ibi
591 2564 856 2590 commoraturum

109 2609 178 2632 ense
193 2600 249 2632 ubi
264 2600 392 2643 promisi
408 2612 416 2638 ;
441 2600 497 2632 sed
521 2601 685 2643 (mendax)
703 2611 767 2632 non
784 2601 856 2632 steti

104 2641 160 2674 -his
174 2644 345 2685 promissis,
360 2653 434 2675 nam
451 2649 485 2674 tu
498 2653 567 2686 Jam
583 2649 683 2674 totum
707 2643 856 2675 Sextilem

108 2691 258 2728 expectas
273 2696 379 2718 meum
402 2686 550 2717 reditum.
594 2686 718 2717 Mensis
734 2687 856 2728 Augus-

111 2734 162 2759 tus
185 2734 314 2760 vocatur
343 2729 475 2764 Sextilis,
503 2729 581 2771 quia
603 2729 659 2760 ille
685 2739 723 2760 ex
758 2730 857 2770 prisca

109 2771 267 2803 mensium
282 2772 547 2804 nnmerandorum
562 2771 683 2803 ratione
694 2778 726 2803 et
733 2771 856 2808 ordine,

110 2813 168 2856 qui
192 2823 212 2844 a
235 2823 345 2846 mense
369 2815 489 2846 Martio
522 2815 646 2857 incipit,
673 2821 771 2845 sextus
798 2819 858 2845 est.

111 2857 221 2905 Atqui,
245 2867 354 2888 verum
374 2857 542 2894 enimvero,
567 2863 720 2895 attamen,
743 2855 859 2888 nibilo-

113 2908 221 2930 minus
235 2905 357 2931 tamen.

156 2943 176 2972 4
185 2951 257 2984 sqq.
270 2943 541 2979 Dabis—veniam,
553 2941 726 2974 sc.diutius
738 2943 770 2973 in
783 2942 859 2974 villa

113 2993 183 3015 mea
197 2984 405 3018 delitescendi
418 2987 529 3028 (drawn)
544 2986 602 3018 hoc
616 2985 691 3017 anni
709 2991 858 3028 tempore.

904 1404 1003 1446 quod.
1021 1415 1114 1446 grave
1129 1403 1316 1441 valetudini,
1332 1410 1364 1436 et
1388 1405 1512 1437 morbos
1526 1410 1559 1437 et
1572 1416 1655 1437 mor-

906 1452 969 1478 tem
995 1448 1153 1479 adducere
1186 1448 1278 1479 solet.
1333 1448 1502 1491 Scripsisse
1531 1447 1657 1480 videtur

906 1489 990 1521 hanc
1007 1491 1173 1532 epistolam
1188 1491 1249 1522 sub
1265 1490 1356 1522 initio
1371 1491 1490 1522 mensis
1511 1492 1654 1533 Septem-

905 1533 982 1569 bris,
1015 1533 1292 1575 appropinquante
1324 1534 1460 1576 jamjam
1488 1540 1656 1571 autumno,

904 1575 961 1616 qui
977 1586 1073 1617 supra
1092 1587 1219 1618 quoque
1239 1578 1306 1608 Sat.
1323 1577 1360 1612 ii,
1381 1578 1414 1613 6,
1435 1578 1485 1613 19,
1501 1579 1607 1619 gravis
1626 1584 1656 1608 et

905 1618 1050 1650 Libitina:
1073 1626 1201 1660 quaestus
1218 1622 1331 1651 acerbae
1353 1625 1496 1651 vocatur.
1541 1620 1654 1651 Brevi-

905 1665 952 1691 ter
967 1668 1072 1692 autem
1087 1667 1120 1692 et
1133 1662 1295 1702 eleganter
1319 1662 1471 1693 Horatius
1486 1662 1656 1704 descripsit

904 1709 1030 1745 tempus
1045 1704 1190 1734 autumni
1208 1706 1298 1745 (dum
1314 1707 1414 1744 prima
1426 1706 1511 1745 ficus
1527 1711 1555 1736 et
1570 1706 1655 1736 calor

903 1745 1042 1785 decorat)
1060 1756 1124 1787 quo
1143 1746 1195 1776 fici
1218 1746 1431 1778 maturitatem
1454 1747 1595 1783 trahunt,
1620 1753 1655 1779 et

903 1787 980 1860 {olis
1003 1788 1103 1819 fervor
1130 1788 1340 1830 perniciosam
1366 1789 1400 1820 in
1432 1798 1562 1831 corpora
1588 1789 1653 1821 vim

929 1831 1012 1862 abet.

947 1874 979 1904 6.
1005 1874 1246 1915 Designatorem.
1281 1875 1481 1915 Designator,
1497 1874 1554 1916 qui
1569 1874 1652 1906 ordi-

905 1925 977 1947 nem
1002 1915 1035 1947 in
1061 1915 1170 1947 funere
1195 1917 1385 1948 servandum
1409 1917 1598 1955 moderatur,
1621 1924 1654 1949 et

904 1968 996 1989 suum
1021 1958 1151 2000 cuique,
1171 1959 1227 2000 qui
1248 1959 1344 1990 funus
1362 1959 1519 2001 sequitur,
1543 1960 1652 1991 locum

903 2003 1064 2044 designat.-
1088 2011 1157 2039 noS‚
1183 2002 1534 2038 Ceremonien-Meister,
1561 2003 1651 2034 Mar-

902 2045 1010 2080 schall,
1039 2044 1275 2075 Leichenbitter.
1320 2045 1452 2075 Det-orat
1478 2047 1651 2088 designato-

901 2098 976 2122 rem,
1002 2087 1089 2122 sacit,
1113 2087 1219 2124 efficit,
1241 2093 1278 2118 ut
1299 2087 1482 2130 designator
1503 2088 1651 2120 funerum

900 2132 1060 2161 decoretur
1075 2130 1263 2172 (honorifice
1283 2129 1447 2172 cingatur)
1466 2133 1543 2162 atris
1563 2132 1650 2163 lieto-

901 2174 1003 2203 ribus:
1047 2174 1166 2204 lictores
1195 2175 1258 2203 atri
1290 2176 1374 2215 (atra
1408 2179 1494 2204 veste
1525 2174 1648 2215 induti)

901 2221 992 2247 erant
1007 2215 1195 2252 administri,
1211 2217 1280 2258 qui,
1297 2216 1382 2248 sicut
1396 2216 1522 2248 lictores
1533 2227 1648 2249 consu-

902 2258 999 2295 libus,
1026 2258 1070 2290 ita
1093 2263 1208 2301 praesto
1233 2259 1376 2291 adessent
1393 2258 1585 2300 designator-i
1607 2260 1648 2292 ad

901 2302 1054 2344 populum
1076 2302 1341 2338 submovendum,
1357 2309 1390 2334 et
1412 2302 1452 2333 ad
1468 2302 1531 2333 alia
1550 2303 1582 2334 in
1600 2303 1648 2335 fu-

902 2355 975 2376 nere
998 2345 1165 2376 subeunda
1192 2345 1318 2376 officia:
1352 2345 1418 2377 vid.
1440 2345 1587 2378 Kirchm.
1608 2347 1649 2379 de

902 2388 985 2419 Fun.
1003 2389 1100 2419 Rom.
1115 2387 1158 2423 iv,
1177 2389 1210 2419 9.

943 2432 974 2462 8.
1007 2430 1205 2471 officiosaque
1228 2432 1386 2467 sedulitas,
1415 2437 1443 2461 et
1469 2432 1568 2470 opella
1590 2432 1646 2473 fi)-

900 2474 1014 2504 rensis:
1032 2473 1119 2504 varia
1134 2471 1306 2504 officiorum
1322 2483 1438 2515 genera
1452 2480 1485 2504 et
1496 2473 1582 2505 varia
1593 2485 1647 2506 ne-

901 2515 998 2557 gotia,
1018 2526 1091 2557 quae
1112 2515 1144 2546 in
1161 2516 1238 2547 urbe
1260 2516 1377 2548 viventi
1398 2526 1418 2546 a
1438 2515 1538 2558 primo
1553 2527 1647 2550 mane

900 2569 1002 2599 usque
1018 2558 1059 2589 ad
1075 2564 1199 2590 noctem
1213 2570 1267 2598 per
1282 2567 1372 2599 caput
1388 2565 1417 2590 et
1431 2561 1514 2590 circa
1529 2561 1647 2592 saliunt

902 2602 995 2637 latus,
1029 2601 1164 2632 suaviter
1196 2602 1349 2633 Horatius
1372 2612 1445 2644 sup.
1471 2603 1540 2633 Sat.
1566 2602 1599 2641 ii,
1627 2605 1647 2634 6

902 2643 975 2675 inde
989 2654 1007 2675 a
1022 2654 1051 2675 v.
1066 2645 1109 2675 20
1124 2643 1292 2675 enarravit.

944 2688 978 2718 9.
1005 2687 1192 2717 Testamenta
1207 2689 1363 2729 resignat.-
1387 2686 1443 2728 qui
1460 2687 1647 2726 moriuntur,

898 2739 1006 2760 eorum
1023 2734 1094 2771 post
1105 2735 1238 2761 mortem
1248 2735 1436 2761 testamenta
1445 2731 1629 2771 aperiuntur
1639 2743 1648 2770 ;

901 2771 1001 2803 facete
1015 2771 1112 2813 igitur
1128 2772 1312 2804 autumnale
1325 2778 1462 2814 tempus,
1478 2783 1543 2814 quo
1558 2783 1647 2804 max-

901 2814 963 2846 ime
978 2815 1056 2845 mori
1077 2814 1180 2846 solent
1201 2815 1355 2852 homines,
1379 2817 1534 2856 resignare
1556 2823 1646 2847 tesza-

902 2864 1003 2889 menta
1019 2857 1147 2889 dicitur.

948 2902 1087 2932 10—13.
1112 2901 1227 2936 Quodsi
1250 2903 1369 2935 bruma,
1396 2906 1471 2932 cett.
1498 2900 1649 2932 redeunte

902 2954 972 2974 vere
994 2943 1123 2975 demum
1144 2944 1183 2974 ad
1205 2950 1235 2975 te
1260 2943 1388 2981 redibo·,
1413 2943 1547 2973 hiemem
1564 2943 1649 2972 enim
1694 2949 1701 2955 ⁴

903 2985 1096 3019 valetudinis
1111 2985 1336 3019 confirmandae
1347 2996 1444 3017 causa
1460 2985 1493 3016 in
1506 2985 1566 3016 oris
1581 2995 1648 3016 ma-
