1904 3314
264 215 352 256 476

758 215 1287 259 EPISTOLARUM

799 391 1113 434 EPISTOLA
1143 392 1270 448 xv„

694 538 764 568 AD
799 537 1105 569 NUMON1UM
1141 538 1345 569 VALAM.

381 641 495 688 QUAE
518 642 572 683 sit
594 642 726 683 hiems
747 641 898 692 Veliae,
921 642 1037 696 quod
1058 642 1226 690 coelum,
1248 641 1373 691 Vala,
1396 640 1574 691 Salerni,

328 711 335 715 '
379 708 575 754 Quorum
594 708 810 749 hominum
830 709 962 762 regio,
984 714 1027 748 et
1047 707 1184 762 qualis
1205 709 1296 757 via3
1330 707 1442 760 (nam
1460 707 1563 748 mihi
1583 706 1712 748 Baias

381 773 512 814 Musa
532 788 816 828 supervacuas
837 772 1067 822 Antonius,
1089 781 1132 814 et
1152 781 1292 814 tamen
1312 772 1391 814 illis

381 839 458 880 Me
479 840 580 881 facit
600 840 791 889 invisum,
815 838 957 894 gelida
977 854 1071 880 cum
1092 839 1264 894 perluor
1284 840 1399 880 unda

324 907 351 947 5
379 906 464 947 Per
483 907 667 948 medium
687 906 835 960 friguS.

897 905 1009 946 Sane
1030 913 1211 946 murteta
1232 905 1426 959 relinqui,

379 972 595 1026 Dictaque
617 979 853 1014 cessantem
873 972 1013 1012 nervis
1035 971 1194 1012 elidere
1215 972 1411 1012 morbum

382 1037 601 1092 Sulphura
621 1038 848 1086 contemni,
869 1038 986 1078 vicus
1007 1037 1151 1091 gemit,
1173 1038 1341 1078 invidus
1363 1037 1504 1091 aegris,

381 1103 470 1150 Qui
490 1111 620 1158 caput
640 1111 683 1144 et
703 1102 965 1144 stomachum
987 1115 1229 1156 supponere
1250 1101 1440 1142 fontibus
1462 1101 1623 1142 audent

381 1169 582 1219 Clusinis,
605 1169 857 1222 Gabiosque
878 1175 1046 1222 petunt,
1067 1174 1110 1208 et
1132 1167 1285 1222 frigida
1307 1182 1420 1210 rura.

303 1237 354 1277 10
384 1236 624 1277 Mutandus
643 1235 762 1276 locus
783 1242 862 1284 est,
885 1242 927 1276 et
948 1234 1181 1275 diversoria
1201 1241 1302 1275 nota

385 1302 744 1357 Praeteragendus
766 1315 926 1355 equus:
959 1301 1060 1347 Quo
1083 1299 1245 1341 tendis!
1277 1315 1363 1340 non
1382 1299 1486 1341 mihi
1504 1300 1660 1341 Cumas

384 1369 466 1410 Est
487 1369 582 1418 iter,
603 1374 676 1408 aut
698 1367 842 1417 Baias,
866 1366 972 1408 laeva
994 1364 1285 1407 stomachosus
1304 1364 1474 1406 habena

271 1482 349 1514 meis
369 1481 549 1513 commodis.
595 1481 757 1522 Morsaque
771 1488 908 1517 venenat,
924 1481 1005 1512 sicut

276 1535 398 1564 anguls.

317 1568 371 1597 39.
396 1566 502 1596 Glebas
513 1572 541 1596 et
555 1576 626 1595 saxa
638 1571 808 1600 moventem,
823 1574 872 1595 me
886 1562 1007 1594 fodien-

275 1614 335 1640 tem
351 1614 382 1639 et
395 1617 472 1638 saxa
486 1613 689 1638 emoventem.

318 1651 371 1686 40,
385 1651 437 1680 41.
461 1650 538 1679 Post
561 1651 654 1679 mavis
675 1654 706 1679 et
726 1650 790 1678 ruis
814 1646 937 1688 signum
958 1646 1007 1676 in-

276 1690 490 1731 terrogationis
537 1690 617 1721 osui.
661 1691 750 1720 Tune
777 1689 809 1719 in
832 1690 908 1719 urbe
936 1699 1008 1719 cum

277 1733 372 1764 servis
396 1701 536 1774 (diariag
556 1731 643 1763 cibos
667 1732 699 1762 in
721 1730 859 1772 singulos
884 1730 949 1762 dies
971 1730 1009 1761 iis

277 1776 447 1807 destinatos
462 1774 607 1806 dentibus
622 1774 727 1804 rodere
741 1773 839 1804 mavis
851 1774 862 1802 'l

321 1818 373 1848 42.
401 1817 494 1848 Usum
514 1817 693 1857 Lignorum,
715 1825 846 1856 quorum
872 1813 904 1844 in
927 1814 1009 1855 agris

280 1858 392 1900 largior
419 1865 465 1890 est
494 1858 604 1899 copia;
630 1860 752 1898 pecoris,
783 1856 873 1887 lactis
888 1867 897 1895 ;
922 1858 1006 1887 calo.-

279 1901 342 1932 vid.
363 1911 432 1942 sup.
448 1900 486 1931 ad
506 1901 572 1930 Sat.
594 1899 616 1935 i,
633 1901 664 1937 2,
681 1901 732 1930 44.
776 1901 924 1940 Argutus,
942 1898 1007 1929 cal-

278 1942 374 1978 lidus,
397 1947 527 1978 astutus,
550 1947 652 1977 catus,
671 1947 707 1972 ut
727 1952 798 1983 sup.
824 1942 889 1971 Sat.
914 1940 935 1977 i,
957 1941 1007 1976 10,

281 1986 334 2019 40,
349 1991 463 2025 arguta
478 1986 627 2014 meretrix.

322 2027 376 2057 43.
401 2025 456 2056 Bos
477 2028 581 2066 pae'ger:
603 2024 746 2066 quamvis
765 2025 822 2054 bos
840 2034 895 2066 pro
913 2023 1007 2054 tardi-

281 2073 345 2099 tate
359 2077 416 2098 sua
431 2078 492 2098 non
507 2077 639 2102 currere,
655 2072 691 2097 ut
704 2077 816 2107 equus,
833 2071 943 2107 potest.

325 2111 378 2141 44.
401 2109 499 2144 Quum
520 2111 573 2140 scit
594 2115 729 2148 uterque,
748 2109 837 2139 libens
857 2107 1008 2150 (censebo)

280 2158 411 2184 exerceat
440 2158 548 2183 artem.
591 2149 793 2180 Proverbium
821 2160 858 2180 ex
890 2150 1011 2180 Aristo-

281 2194 397 2236 phane,
423 2194 520 2235 Vesp.
547 2193 640 2228 1422.
666 2197 794 2222 notum:
810 2190 928 2232 ’Ἑρδοι
950 2203 1011 2228 τις,

283 2237 328 2275 ἢν
344 2235 482 2272 ἕκαστος
496 2233 592 2273 εἰδείη
607 2233 747 2274 τέχνην.
797 2233 937 2273 Uterque,
954 2233 1012 2263 vil-

283 2278 365 2309 licus
378 2283 410 2309 et
424 2277 506 2308 calo.

490 2358 711 2392 EPISTOLA
734 2359 812 2389 XV.

327 2405 438 2439 Poeta,
450 2402 600 2434 suadente
614 2401 734 2431 medico
749 2401 844 2430 Musa
859 2399 1011 2435 Antonio,

285 2445 411 2477 lavandi
433 2455 529 2476 causa
550 2455 612 2476 non
637 2443 744 2478 Baias,
763 2442 818 2472 sed
835 2442 959 2473 Veliam
983 2447 1015 2473 et

286 2488 448 2519 Salernum
466 2486 669 2528 profecturus,
686 2484 878 2515 Numonium
898 2483 1012 2515 valam

283 2529 323 2561 de
337 2529 416 2560 aeris
430 2528 462 2559 in
480 2528 526 2559 his
541 2528 662 2558 duobus
671 2526 793 2568 oppidis
805 2525 961 2567 temperie,
976 2527 1015 2557 de

283 2571 443 2602 hominum
464 2572 518 2612 qui
540 2570 583 2601 ibi
597 2570 702 2600 vivant
719 2567 857 2598 moribus
877 2573 907 2598 et
925 2567 1012 2608 inge-

285 2613 351 2650 nio,
366 2613 501 2654 denique
522 2613 561 2644 de
580 2611 629 2642 via
643 2622 680 2642 eo
703 2610 835 2641 ducente
851 2615 1012 2651 perconta-

285 2662 346 2687 tur.
391 2656 432 2686 In
465 2654 523 2685 hac
556 2654 650 2696 paulo
682 2652 867 2684 incuriosius
899 2651 1014 2699 scripta

285 2697 429 2746 epistola,
457 2707 530 2728 cum
557 2706 703 2738 expressa
735 2694 889 2725 solutioris
918 2693 1013 2724 animi

285 2739 424 2771 hilaritas
444 2744 537 2780 atque
556 2738 676 2774 levitas,
691 2743 758 2768 tum
778 2736 914 2778 adspersi
935 2735 1015 2767 sales

285 2787 319 2813 et
337 2780 462 2812 nativus
481 2781 587 2823 jocose
609 2780 761 2811 dictorum
783 2778 812 2808 le
835 2788 879 2812 or,
894 2778 1016 2818 egregie

287 2829 360 2855 ante
375 2823 483 2854 oculos
498 2827 618 2865 ponunt
633 2820 755 2852 Horatii
770 2789 907 2851 iuci’olem
923 2825 1016 2861 atque

286 2865 460 2907 ingenium.
504 2864 700 2896 Numonium
738 2862 851 2894 Valam
895 2861 1017 2892 Horatii

285 2907 486 2939 familiarium
521 2917 582 2938 non
620 2905 714 2938 fuisse
752 2904 906 2939 ultimum,
941 2905 1016 2935 satis

285 2950 378 2982 docet
404 2949 472 2982 haee
496 2949 642 2992 epistola.
687 2949 800 2980 Utrum
825 2956 895 2978 vero
922 2946 1015 2984 idem,

1047 1479 1130 1521 quod
1148 1479 1291 1510 nonnulli
1310 1478 1514 1513 contendunt,
1530 1477 1652 1518 legatus
1667 1477 1746 1510 Vari
1761 1487 1779 1509 a

1048 1521 1214 1553 Germanis
1242 1520 1315 1552 caesi
1342 1520 1447 1562 (Vell.
1474 1521 1597 1551 Patere.
1625 1519 1660 1556 ii,
1687 1519 1779 1560 119),

1047 1563 1150 1598 fuerit,
1167 1573 1223 1594 uec
1242 1573 1292 1598 ne,
1309 1572 1415 1604 parum
1431 1561 1574 1603 equidem
1590 1571 1677 1592 curo.

1092 1606 1207 1636 1—25.
1244 1605 1315 1639 Quae
1346 1606 1386 1634 sit
1414 1605 1513 1640 hiems,
1543 1608 1615 1634 cett.
1658 1602 1780 1639 Oratio,

1051 1646 1171 1678 duabus
1201 1645 1392 1687 longioribus
1422 1645 1655 1687 parenthesibus
1683 1645 1779 1676 inter-

1051 1695 1152 1730 rupta,
1168 1698 1266 1729 usque
1281 1688 1320 1719 ad
1334 1698 1364 1718 v.
1377 1688 1420 1719 25
1435 1686 1622 1729 progeditur.
1663 1687 1779 1718 Exem-

1051 1731 1138 1772 plum
1153 1730 1307 1772 ejusmodi
1323 1729 1472 1770 longioris
1488 1729 1703 1771 parentheeeos
1712 1727 1781 1770 jam

1052 1783 1121 1815 sup.
1145 1774 1210 1804 Sat.
1230 1773 1252 1807 i,
1269 1773 1300 1807 7,
1318 1772 1357 1802 10
1375 1781 1444 1812 sqq.
1459 1771 1649 1802 occurrebat.
1693 1771 1780 1807 Quae,

1052 1814 1167 1855 qualis,
1184 1813 1307 1845 mitisne
1329 1823 1370 1844 nn
1391 1813 1541 1844 immitis‘l
1587 1813 1713 1850 Coelum,
1727 1821 1780 1843 ae-

1052 1857 1092 1887 ris
1119 1856 1280 1898 temperies
1309 1855 1458 1896 (Clima).
1506 1855 1602 1890 Velia,
1631 1853 1782 1886 Lucaniae

1052 1899 1214 1940 oppidum.
1253 1899 1423 1932 Salernum,
1439 1897 1505 1938 agri
1520 1896 1679 1928 Picentini
1693 1895 1781 1938 oppi-

1052 1941 1126 1971 dum
1140 1940 1327 1971 maritimum
1343 1939 1375 1970 in
1388 1940 1508 1980 Magna
1523 1938 1658 1970 Graecia.
1680 1938 1782 1980 (Nam

1052 1984 1125 2014 mihi
1155 1983 1354 2013 Baias—Per
1379 1984 1506 2013 medium
1519 1981 1650 2022 frigus.-
1672 1989 1782 2011 sensus

1051 2024 1199 2056 orationis
1219 2024 1312 2066 paulo
1332 2023 1491 2055 molestius
1511 2022 1632 2064 juncte
1649 2027 1699 2053 est
1720 2021 1783 2054 fere

1053 2066 1126 2098 hic:
1151 2076 1223 2097 nam
1249 2066 1344 2097 Baias
1368 2065 1432 2096 sive
1454 2065 1588 2096 thermas
1612 2063 1783 2096 valetudini

1052 2119 1130 2140 meae
1154 2118 1217 2138 non
1239 2107 1416 2143 convenire,
1435 2117 1485 2139 me
1504 2105 1613 2138 docuit
1630 2105 1781 2141 medicus.

1052 2150 1210 2181 Antonius
1226 2152 1334 2184 Musa,
1348 2155 1380 2180 et
1393 2149 1538 2190 quamvis
1555 2158 1619 2179 non
1633 2157 1714 2184 mea,
1727 2148 1783 2179 sed

1053 2191 1165 2222 medici
1194 2191 1378 2223 auctoritate
1406 2195 1475 2222 utor
1502 2190 1624 2222 balneis
1651 2189 1782 2230 frigidis,

1055 2239 1158 2264 tamen
1186 2233 1217 2263 id
1246 2243 1328 2273 aegre
1354 2233 1456 2263 ferunt
1484 2232 1633 2263 Baiarum
1658 2231 1784 2264 incolae.

1055 2275 1162 2306 Schol.
1186 2275 1298 2315 Cruq„
1319 2276 1467 2306 Antonius
1488 2275 1578 2305 Musa
1599 2274 1782 2315 :egritudine

1054 2318 1188 2357 Augusti
1205 2323 1298 2347 artem
1316 2327 1399 2347 suam
1418 2317 1603 2347 illustravit:
1626 2326 1696 2346 mim
1715 2326 1783 2346 eum

1056 2360 1153 2389 dolore
1169 2359 1335 2389 Arthritico
1355 2359 1514 2394 laboraret,
1529 2363 1558 2388 et
1577 2358 1618 2387 ad
1639 2367 1782 2387 summam

1056 2403 1177 2431 maciem
1207 2402 1366 2440 perductus
1397 2406 1478 2437 esset,
1507 2405 1634 2430 curante
1662 2399 1785 2430 AEmilio

1056 2445 1178 2477 medico,
1201 2444 1252 2483 qui
1274 2454 1340 2474 eum
1364 2444 1435 2472 adeo
1459 2442 1566 2472 calidis
1589 2441 1727 2476 curabat,
1748 2447 1784 2472 ut

1057 2491 1166 2515 tectum
1194 2486 1327 2515 cubiculi
1355 2487 1420 2524 ejus
1445 2484 1604 2515 velleribus
1630 2484 1784 2514 muniret.-

1057 2527 1104 2557 hic
1127 2533 1236 2566 postea,
1259 2528 1292 2557 in
1317 2527 1502 2557 contrarium
1525 2527 1617 2556 versia
1637 2526 1782 2560 omnibus.

1056 2580 1114 2599 uon
1131 2570 1224 2599 solum
1238 2568 1462 2609 prquisimzibus
1470 2567 1616 2610 frigidis,
1630 2567 1679 2597 sed
1693 2568 1784 2598 etiam

1057 2611 1262 2652 Gargarismis
1280 2612 1444 2641 Cicerniuae
1459 2621 1554 2650 aquae,
1565 2620 1629 2649 quoe
1639 2613 1682 2639 est
1698 2608 1784 2639 Atel-

1057 2654 1101 2689 lae,
1119 2656 1150 2684 in
1166 2655 1249 2683 domo
1270 2653 1392 2683 Caesaris
1414 2658 1443 2683 et
1461 2652 1626 2691 potionibus
1639 2661 1711 2681 usus
1730 2657 1785 2686 est,

1058 2697 1113 2730 itu,
1142 2701 1177 2725 ut
1204 2697 1288 2725 intra
1312 2696 1394 2725 breve
1420 2700 1532 2733 tempus
1557 2703 1622 2723 eum
1653 2698 1785 2723 curaret.

1060 2738 1103 2767 Ob
1117 2748 1206 2777 quam
1226 2747 1343 2768 causam
1358 2737 1394 2766 ob
1409 2736 1544 2776 Augusto
1557 2745 1648 2775 usque
1664 2735 1704 2764 od
1719 2734 1785 2764 Sea-

1059 2779 1181 2810 tertium
1205 2779 1450 2819 quadringenties
1470 2787 1503 2808 ex
1526 2777 1785 2807 senatusconsulto

1058 2823 1182 2861 accepit.
1210 2821 1271 2852 Hie
1285 2826 1383 2851 autem
1398 2819 1487 2850 Musa
1506 2818 1786 2858 Horatiojusserat,

1059 2870 1095 2894 ut
1110 2861 1282 2905 (Latinitas
1301 2861 1490 2904 postulabat,
1509 2860 1599 2891 Mum
1622 2859 1785 2890 Horatium

1047 2903 1296 2945 jusserat—uti)
1339 2905 1456 2935 lavacro
1485 2902 1609 2944 frigido
1649 2907 1787 2933 uteretur

1056 2954 1177 2988 propter
1191 2948 1342 2978 oculorum
1356 2947 1496 2977 dolorem.
