1904 3314
344 221 430 262 352

879 221 1308 265 SATIRARUM

457 320 677 361 Interdum
699 321 866 371 urbani,
888 323 1101 375 parcentis
1122 323 1297 372 viribus,
1320 330 1447 376 atque

458 386 744 428 Extenuantis
766 402 838 428 eas
860 387 1068 429 consulto.

1129 388 1376 430 Ridiculum
1397 388 1483 429 acri

375 453 426 494 15
455 453 626 494 Fortius
647 459 689 494 et
709 453 858 494 melius
879 469 1052 508 magnas
1073 453 1322 508 plerumque
1344 462 1458 496 secat
1479 469 1560 495 ree.

455 518 536 567 Illi,
559 519 716 573 scripta
736 520 891 573 quibus
913 522 1121 562 comoedia
1141 522 1281 575 prisca
1301 522 1400 561 viris
1421 527 1499 570 est,
1679 566 1685 570 x

457 583 555 625 Hoc
577 585 758 635 stabant,
780 585 862 626 hoc
885 593 984 626 sunt
1003 587 1207 636 imitandi,
1230 601 1336 640 quos
1358 601 1496 640 neque
1517 585 1695 641 pulcher

456 651 751 706 Hermogenes
771 667 958 706 unquam
977 652 1094 707 legit,

1117 667 1255 706 neque
1276 653 1419 693 simius
1441 654 1534 702 iste,

456 717 532 758 Nil
551 725 708 772 praeter
730 718 905 759 Calvum
926 726 968 759 et
989 719 1141 760 doctus
1163 726 1334 760 cantare
1357 718 1584 760 Catullum.

371 784 427 824 20
455 782 518 824 At
537 799 734 838 magnum
754 784 867 833 fecit,
890 785 1004 838 quod
1027 786 1166 826 verbis
1189 785 1345 826 Graeca
1365 786 1532 827 Latinis

456 849 647 891 Miscuit.

709 851 750 891 O
773 851 855 891 seri
877 852 1139 892 studiorum!
1171 852 1299 905 quine
1322 853 1482 906 putetis

459 915 644 957 Difficile
664 923 707 957 et
727 918 890 967 mirum,
913 917 1088 958 Rhodio
1110 919 1227 972 quod
1249 918 1510 959 Pitholeonti

458 981 648 1037 Contigit
662 985 677 1023 ἵ

737 982 799 1023 At
821 998 958 1024 sermo
978 983 1122 1038 lingua
1143 985 1372 1025 concinnus
1394 991 1575 1039 utraque

458 1047 654 1095 Suavior,
675 1055 722 1088 ut
744 1048 852 1090 Chio
873 1056 974 1090 nota
995 1050 1030 1090 si
1052 1050 1276 1090 commixta
1298 1050 1467 1091 Falerni
1487 1058 1565 1091 est.

374 1114 429 1154 25
459 1113 605 1159 Quum
626 1129 774 1155 versus
796 1115 940 1164 facias,
963 1122 1005 1155 te
1026 1115 1166 1168 ipsum
1187 1123 1431 1169 percontor,
1454 1131 1507 1157 an
1526 1122 1569 1157 et
1589 1131 1719 1170 quum

460 1180 585 1221 Dura
606 1181 682 1221 tibi
702 1182 947 1235 peragenda
968 1182 1027 1222 rei
1049 1182 1102 1222 sit
1123 1195 1251 1222 causa
1272 1181 1444 1223 Petilli?

389 1321 421 1357 9,
447 1321 496 1350 10.
543 1320 611 1350 Neu
637 1331 666 1351 se
690 1319 836 1359 Impediat
859 1323 953 1352 verbis
979 1322 1080 1357 lassas,

347 1363 538 1392 onerantibus
554 1373 651 1398 aures,
665 1372 725 1392 neu
742 1362 892 1404 impedita
905 1369 935 1394 et
950 1363 1082 1393 molesta

346 1403 491 1434 reddatur
521 1403 618 1434 nimia
641 1405 800 1435 verborum
831 1414 920 1435 aures
948 1404 1080 1445 fatigan-

346 1445 423 1476 tium
439 1445 641 1486 abundantia.

390 1488 526 1518 11—14.
572 1488 675 1523 Tristi,
719 1497 835 1518 severe.
893 1487 1079 1529 Defendente

345 1530 437 1559 vicem
452 1531 546 1564 modo,
562 1529 734 1560 sustinente
749 1529 839 1559 modo
860 1535 961 1570 partes
977 1530 1077 1560 rheto-

347 1571 400 1607 ris,
416 1576 488 1601 cett.
503 1571 547 1602 sic
564 1577 661 1609 partes
677 1573 785 1601 actoris
799 1571 957 1613 defendere
976 1572 1032 1602 inf.
1046 1572 1078 1602 in

349 1612 450 1653 Epist.
475 1612 513 1642 ad
537 1613 645 1643 Pison.
670 1624 701 1643 v.
728 1614 798 1643 194.
843 1614 1002 1643 Interdum
1024 1625 1077 1643 ur-

348 1655 430 1689 bani,
455 1654 588 1684 hominis
618 1654 657 1684 ad
685 1655 903 1690 urbanitatem,
931 1655 961 1685 h.
987 1666 1015 1686 e.
1041 1655 1080 1686 ad

347 1695 550 1736 elegantiores
570 1706 680 1730 mores,
695 1696 734 1726 ad
753 1696 930 1727 comitatem
954 1702 985 1727 et
1004 1697 1078 1727 faci-

347 1737 467 1768 litatem
490 1738 651 1778 compositi
667 1737 724 1779 (de
741 1748 816 1768 voce
833 1740 966 1768 urbanus
979 1744 1010 1769 et
1025 1750 1078 1769 ur-

351 1781 466 1810 banitas
481 1779 542 1810 vid.
560 1780 683 1811 Ernest.
698 1780 730 1810 in
747 1780 839 1811 Clav.
857 1779 962 1819 Cic.);
980 1780 1006 1811 is
1021 1781 1078 1821 igi-

348 1826 398 1851 tur
410 1823 508 1861 parcit
523 1823 649 1857 viribus,
665 1822 694 1852 h.
716 1832 743 1852 e.
758 1832 806 1857 ea,
822 1832 893 1862 quae
913 1822 1037 1862 gravius
1050 1829 1081 1853 et

348 1863 490 1894 acerbius
511 1863 574 1894 dici
587 1864 718 1905 possint,
735 1870 884 1904 temperat
900 1870 930 1894 et
950 1867 1082 1896 consulto

350 1911 508 1935 extenuat:
533 1916 587 1946 per
611 1908 686 1936 vires
709 1905 847 1946 intellige
871 1906 995 1937 dicendi
1018 1907 1081 1937 vim

349 1951 381 1978 et
396 1946 590 1984 gravitatem.

396 1989 447 2019 15.
467 1988 563 2025 Sec-at,
581 1987 710 2023 dirimit,
728 1994 761 2019 ut
782 1989 839 2019 inf.
866 1989 966 2031 Epist.
989 1990 1010 2025 i,
1031 1991 1079 2025 16,

351 2030 404 2065 42,
422 2030 488 2064 Quo
508 2032 608 2060 multoz
631 2041 800 2071 magnaeque
823 2038 962 2062 secuntur
975 2034 1083 2072 judice

351 2073 428 2103 lites.
471 2073 607 2102 Sensus:
632 2072 664 2102 in
692 2073 782 2103 rebus
806 2074 911 2113 magni
936 2074 1083 2105 momenti

350 2113 530 2144 dirimendis
553 2114 625 2155 plus
647 2123 730 2155 saepe
751 2114 867 2155 jocosis
887 2125 980 2156 quarn
1004 2117 1084 2146 salse

350 2155 442 2186 dictis
475 2155 618 2187 efficitur.
662 2156 852 2196 Plerumque,
885 2157 967 2187 haud
1004 2167 1083 2193 raro,

351 2207 446 2239 saepe,
459 2197 541 2228 utin
555 2197 656 2239 Epist.
671 2197 710 2227 ad
727 2197 794 2228 Pis.
815 2200 851 2229 14
865 2204 897 2229 et
911 2200 965 2229 95.

398 2240 447 2270 16.
491 2239 834 2279 Illi.—quibus—vi1·is,
865 2250 920 2281 pro
950 2240 1083 2280 vulgari,

353 2281 400 2312 illi
417 2280 485 2316 viri,
501 2281 636 2322 quibus3
660 2282 762 2322 plane,
779 2288 815 2312 ut
836 2293 905 2323 sup.
925 2283 989 2312 Sat.
1013 2281 1035 2318 i,
1052 2284 1082 2317 4,

353 2325 385 2360 2,
421 2324 519 2363 Atque
558 2324 625 2358 alii,
665 2326 976 2363 quorum—virorum,
1017 2334 1084 2365 pro,

353 2371 447 2406 atque
468 2364 520 2395 alii
540 2364 608 2402 viri,
623 2375 774 2406 quorum;
798 2366 851 2396 ubi
873 2365 941 2397 vide
961 2376 1085 2407 quoque

353 2407 392 2438 de
407 2406 506 2448 prisca
519 2407 685 2438 comoedia.

397 2450 533 2479 17—19.
579 2449 642 2480 Hoc
666 2451 795 2484 stabant,
820 2448 853 2479 in
883 2449 940 2480 hac
966 2459 997 2480 re
1027 2449 1085 2480 sibi

353 2491 552 2526 constabant,
569 2490 625 2522 has
647 2497 747 2532 partes
762 2497 940 2522 constanter
953 2492 1084 2522 tueban-

353 2538 427 2571 tur;
459 2532 518 2563 nisi
546 2532 616 2574 quis
647 2533 802 2574 explicare
831 2533 928 2569 malit,
959 2533 1016 2564 hac
1054 2544 1085 2565 re

353 2575 531 2616 placebant.
571 2574 623 2605 Sic
640 2575 744 2606 Schol.
762 2576 848 2610 Aer„
865 2586 896 2605 eo
912 2578 972 2615 ipso
984 2576 1084 2614 place-

353 2618 436 2653 bant,
461 2619 538 2657 quod
563 2618 695 2647 ridicula
724 2628 754 2647 eo
783 2619 877 2657 magis
906 2619 1084 2653 morderent,

354 2670 441 2699 quam
457 2661 480 2689 si
494 2660 576 2689 acria
594 2661 796 2698 protulissent.
838 2659 965 2690 Scilicet
970 2659 1083 2700 fabula

353 2707 433 2732 stare
455 2700 580 2735 dieitur,
597 2700 622 2731 si
645 2701 685 2731 ab
708 2700 796 2732 initio
815 2711 915 2741 usque
936 2702 973 2731 ad
994 2701 1084 2732 finem

354 2743 498 2784 plausum
523 2743 597 2773 fert:
622 2742 686 2774 vid.
705 2742 819 2773 Heind.
838 2744 876 2773 ad
892 2743 923 2773 h.
944 2743 965 2773 l.
1010 2744 1084 2774 Pul-

353 2785 442 2816 cher:
464 2784 591 2815 fortasse
610 2784 686 2825 quia
705 2785 915 2825 Hermogenes
933 2784 1085 2825 Tigellius

353 2827 477 2867 pulcher
491 2826 586 2857 videri
602 2826 735 2862 volebat,
751 2827 798 2857 vel
814 2826 936 2868 pulchri
950 2827 1084 2867 speciem

354 2868 485 2900 ridicule
514 2868 696 2899 affectabat:
722 2868 800 2899 serio
828 2874 910 2899 certe
938 2869 1084 2899 Horatius

355 2921 418 2941 non
447 2911 608 2949 pulchrum
640 2910 810 2952 appellavit
837 2911 1082 2950 Hermogenem:

353 2953 392 2984 de
433 2959 552 2984 cantore
590 2953 775 2993 Hermogene
798 2952 950 2994 Tigellio,
992 2963 1084 2994 quem

1124 1327 1213 1362 poeta
1236 1330 1306 1362 sup.
1329 1321 1393 1351 Sat.
1414 1320 1435 1355 i,
1452 1322 1484 1356 2,
1501 1321 1532 1358 3,
1550 1326 1586 1352 ut
1603 1321 1670 1363 jam
1685 1325 1851 1358 mortuum,

1124 1373 1221 1398 nunc,
1258 1367 1293 1392 ut
1330 1363 1431 1393 vivum
1467 1363 1582 1398 adhuc,
1618 1363 1751 1398 inducit,
1789 1363 1852 1394 vid.

1124 1404 1286 1435 Heindorf.
1309 1415 1379 1446 sup.
1398 1404 1437 1435 ud
1458 1405 1523 1435 Sat.
1543 1405 1565 1440 i,
1580 1406 1612 1442 4,
1628 1407 1682 1437 72.
1725 1405 1834 1437 Simius
1847 1417 1856 1435 :

1124 1456 1178 1487 per
1199 1448 1316 1476 simiam
1344 1452 1433 1487 poeta
1455 1445 1634 1487 designasse
1657 1446 1778 1478 videtur
1799 1453 1856 1478 aut

1122 1488 1356 1523 modulatorem,
1388 1488 1443 1528 qui
1478 1487 1559 1518 simii
1596 1489 1693 1520 instar
1723 1488 1854 1520 ridicule

1122 1529 1301 1559 imitabatur
1316 1530 1555 1568 Hermogenem,
1571 1535 1626 1560 aut
1643 1530 1740 1561 alium
1755 1541 1855 1572 quen·

1122 1571 1195 1601 dam
1224 1571 1340 1618 pusilla
1367 1576 1399 1601 et
1427 1571 1513 1602 foeda
1542 1572 1642 1603 forma
1673 1571 1850 1613 insignem:

1122 1618 1320 1654 posteriorem
1331 1613 1568 1654 explicationem
1578 1614 1739 1645 confirmat
1749 1614 1856 1646 Schol.

1124 1655 1235 1695 Cruq.‚
1272 1661 1356 1685 notat
1393 1655 1440 1685 M.
1474 1657 1620 1696 quendam
1655 1655 1853 1693 Demetrium,

1123 1707 1206 1736 quem
1235 1698 1351 1727 simiam
1378 1699 1510 1728 nominat
1535 1704 1657 1737 propter
1680 1697 1853 1740 deformita-

1123 1745 1180 1768 tem
1203 1745 1231 1769 et
1251 1740 1364 1769 brevem
1386 1745 1554 1776 staturam5
1576 1747 1643 1770 erat
1660 1746 1759 1770 autem
1777 1739 1854 1780 δρα-

1121 1781 1305 1820 ματοποιὸς
1327 1781 1359 1811 h.
1385 1791 1413 1812 e.
1436 1782 1615 1817 modulator,
1636 1782 1751 1818 histrio,
1772 1789 1856 1813 actm·

1113 1823 1318 1863 fabularum;
1343 1822 1387 1854 sic
1403 1822 1535 1864 pusillus
1549 1828 1581 1855 et
1597 1823 1744 1854 deformis
1763 1823 1856 1855 homo

1125 1865 1207 1905 apud
1238 1865 1366 1895 Graecos
1399 1865 1560 1904 vrlOnxoc:
1593 1865 1736 1907 exempla
1771 1865 1858 1897 dedit

1128 1906 1321 1937 Heindorfius
1345 1906 1384 1937 ad
1412 1906 1445 1938 h.
1467 1907 1511 1938 1.:
1535 1907 1574 1938 de
1596 1906 1696 1949 priore
1717 1907 1856 1950 explica-

1125 1947 1222 1984 tione,
1238 1948 1293 1978 ubi
1306 1950 1407 1979 simius
1424 1948 1470 1979 vel
1486 1951 1571 1979 simia
1586 1951 1625 1980 de
1639 1949 1772 1980 ridiculo
1786 1949 1855 1981 imi-

1123 1995 1220 2021 tatore
1244 1990 1366 2028 dicitur,
1390 1990 1534 2032 exempla
1554 1990 1682 2032 collegit
1708 1991 1858 2023 Foreelli-

1124 2042 1182 2062 nus
1207 2043 1233 2063 s.
1257 2042 1288 2062 v.
1311 2033 1416 2063 Simia.
1461 2033 1517 2063 Nil
1541 2039 1652 2073 praeter
1678 2033 1806 2064 Calvum
1828 2039 1857 2064 et

1125 2075 1225 2104 doctus
1250 2081 1372 2105 cantare
1400 2075 1578 2112 Catullum„
1593 2074 1683 2106 nulla
1706 2074 1770 2106 alia
1794 2074 1856 2106 nisi

1127 2116 1219 2146 Calvi
1238 2121 1270 2146 et
1294 2116 1411 2147 Catulli
1435 2116 1574 2147 carmina
1594 2117 1762 2148 decantare
1782 2117 1857 2148 doc·

1126 2163 1186 2187 tus,
1223 2157 1408 2189 Suavissime
1424 2158 1490 2189 haec
1507 2158 1596 2189 vertit
1611 2158 1765 2190 Vossius:
1788 2160 1858 2190 oder

1126 2201 1178 2229 das
1195 2199 1330 2239 Aeffein,
1347 2200 1465 2230 welches
1483 2202 1542 2230 den
1565 2199 1675 2231 Calvus
1695 2201 1788 2232 allelu
1806 2202 1858 2231 ab·

1127 2242 1256 2270 trillerte
1282 2243 1344 2271 und
1368 2243 1424 2272 den
1451 2241 1602 2272 Catullus.
1646 2242 1686 2274 C.
1715 2241 1856 2274 Licinius

1128 2282 1247 2312 Calvus
1277 2281 1390 2312 nobilis
1420 2282 1477 2312 fuit
1505 2288 1606 2324 poeta,
1635 2283 1690 2324 qui
1718 2283 1858 2315 carmina

1123 2323 1230 2364 jocosa
1259 2329 1291 2355 et
1318 2324 1467 2354 amatoria
1500 2325 1682 2366 composuit.
1725 2325 1860 2357 Ovidius

1127 2376 1252 2406 quoque
1266 2366 1296 2395 in
1314 2365 1409 2396 Trist.
1425 2366 1460 2402 ii,
1475 2368 1550 2402 481,
1567 2367 1693 2397 calvum
1707 2376 1812 2409 parem
1828 2373 1860 2398 et

1127 2407 1259 2438 similem
1284 2408 1405 2438 Catullo
1431 2407 1515 2439 facit.
1559 2407 1775 2440 Modulatores
1798 2408 1857 2450 igi-

1129 2455 1178 2479 tur
1193 2449 1252 2485 illi,
1268 2450 1463 2491 Hermogenes
1477 2456 1508 2481 et
1521 2452 1622 2481 simius
1636 2453 1700 2488 iste,
1711 2460 1774 2482 non
1789 2461 1859 2483 car-

1128 2491 1212 2522 mina
1234 2491 1372 2532 graviora
1393 2498 1424 2523 et
1447 2502 1564 2528 severa,
1580 2491 1635 2523 sed
1655 2491 1771 2525 leviora
1789 2498 1858 2524 tan-

1129 2539 1194 2563 tum
1217 2539 1247 2564 et
1269 2533 1376 2575 jocosa
1399 2534 1511 2574 legere,
1529 2533 1677 2571 ediscere,
1695 2539 1728 2566 et
1745 2533 1858 2566 decan-

1130 2581 1192 2606 tare
1207 2575 1362 2606 solebant.

1169 2618 1223 2648 20.
1268 2619 1307 2648 At
1330 2629 1471 2659 magnum
1487 2617 1581 2660 fecit,
1604 2623 1680 2650 celt-
1724 2618 1770 2650 At
1795 2618 1858 2649 Lu-

1128 2659 1231 2695 cilius,
1247 2659 1332 2701 quod
1347 2660 1438 2690 verba
1461 2660 1575 2691 Graeca
1596 2658 1718 2691 Latinis
1739 2659 1858 2691 immis-

1129 2701 1204 2736 cuit,
1221 2702 1293 2732 fecit
1307 2701 1427 2742 aliquid
1442 2711 1554 2742 magno
1568 2707 1660 2743 poeta
1673 2701 1816 2742 dignum.

1170 2745 1224 2774 21.
1268 2744 1294 2774 Ο
1310 2746 1368 2774 seri.
1381 2745 1559 2779 studim-um,
1576 2753 1595 2774 o
1608 2753 1662 2774 vos
1679 2742 1789 2775 leviter
1803 2742 1858 2774 ad-

1129 2785 1188 2816 huc
1212 2785 1359 2816 doctrinae
1382 2785 1502 2820 studiis,
1518 2785 1557 2815 ad
1571 2795 1641 2826 quoe
1662 2794 1730 2816 sero
1753 2795 1861 2817 acces-

1128 2827 1210 2858 sistis
1235 2826 1455 2869 (ὀψιμαθεῒς),
1475 2826 1603 2857 imbuti!
1627 2829 1717 2867 quine
1736 2829 1860 2867 putetis,

1127 2879 1222 2900 vosne
1246 2869 1372 2911 putetis,
1390 2873 1483 2899 cett-2
1506 2868 1648 2910 exempla
1667 2868 1707 2900 de
1729 2869 1787 2900 hoc
1812 2869 1859 2900 lo-

1128 2910 1243 2953 quendi
1259 2921 1319 2942 usu
1336 2909 1545 2952 suppeditavit
1561 2909 1768 2942 Heindorfius.

1171 2954 1222 2984 23.
1261 2953 1409 2993 Contigit,
1425 2962 1470 2983 sc.
1491 2952 1603 2989 facere,
1621 2951 1737 2984 Rhodio
1754 2952 1859 2984 Pitho·
