1904 3314
310 201 393 241 506

800 201 1323 245 EPISTOLARUM

341 300 398 340 60
426 299 521 341 Hos
541 300 707 351 ediscit,
729 308 773 343 et
792 302 871 344 hos
892 310 1010 345 arcto
1031 305 1185 359 stipata
1205 305 1389 353 theatro,

429 367 606 421 Spectat
627 367 767 409 Roma
786 376 937 423 potens
953 387 962 420 ;
994 370 1125 411 habet
1144 370 1224 410 hos
1245 374 1524 422 numeratque
1542 368 1702 422 poetas

428 433 502 474 Ad
522 440 716 475 nostrum
737 442 904 489 tempus
927 435 1025 476 Livi
1045 436 1263 490 scriptoris
1284 437 1338 476 ab
1359 450 1464 476 aevo,

430 498 651 541 Interdum
670 499 824 555 vulgus
845 509 1009 543 rectum
1029 503 1166 552 videt3
1199 509 1265 543 est
1284 502 1359 542 ubi
1378 507 1540 555 peccat.

429 564 476 606 Si
495 573 660 607 veteres
680 567 740 607 ita
759 567 934 608 miratur
953 567 1184 622 laudatque
1207 574 1369 622 poetas,

343 631 399 672 65

429 631 492 672 Ut
511 631 615 672 nihil
635 632 856 682 anteferat,
878 633 984 673 nihil
1003 633 1084 674 illis
1105 641 1336 688 comparet,
1358 638 1496 674 errat:

429 699 476 739 Si
496 699 690 752 quaedam
710 700 831 740 nimis
853 701 1041 753 antique,
1064 701 1099 740 si
1120 700 1323 754 pleraque
1343 700 1450 740 dure

429 765 588 806 Dicere
609 766 723 807 cedit
743 780 831 815 eos,
852 767 1003 820 ignave
1023 767 1155 807 multa
1175 767 1347 815 fatetur,

430 831 490 872 Et
511 832 635 886 sapit,
657 839 700 872 et
721 847 883 873 mecum
904 832 1018 882 facit,
1040 840 1084 874 et
1103 833 1211 874 Jove
1227 833 1394 887 judicat
1415 846 1554 885 aequo.

430 897 533 938 Non
554 898 751 951 equidem
772 899 974 947 insector,
997 898 1230 939 delendave
1251 899 1436 939 carmina
1457 896 1555 938 Livi

346 964 401 1004 70

432 963 543 1004 Esse
564 978 674 1014 reor,
695 966 864 1005 memini
883 980 980 1018 quae
1001 965 1224 1019 plagosum
1246 965 1346 1005 mihi
1366 979 1498 1018 parvo

432 1030 646 1071 Orbilium
666 1031 853 1080 dictare3
885 1032 961 1072 sed
982 1031 1206 1072 emendata
1226 1031 1376 1079 videri,

431 1096 719 1150 Pulchraque,
741 1105 783 1138 et
804 1097 967 1138 exactis
988 1097 1201 1137 minimum
1223 1097 1438 1146 distantia,
1459 1097 1601 1137 miror.

430 1163 549 1204 Inter
569 1179 665 1217 quae
686 1165 863 1204 verbum
883 1164 1054 1204 emicuit
1075 1164 1111 1203 si
1131 1163 1244 1204 forte
1265 1163 1483 1212 decorum,

431 1229 477 1269 Si
497 1244 645 1270 versus
666 1229 794 1283 paulo
815 1230 1060 1271 concinnior
1081 1243 1190 1270 unus
1213 1236 1256 1270 et
1276 1228 1397 1278 alter,

346 1296 401 1336 75
431 1295 597 1350 Injuste
619 1302 755 1337 totum
777 1297 895 1337 ducit
917 1296 1148 1349 venditque
1169 1310 1333 1350 poema.

318 1426 420 1456 Laert.
444 1425 510 1461 viii,
535 1425 593 1464 78)
619 1425 776 1466 egregium
802 1425 898 1457 fuisse
922 1432 1045 1467 poetam
1088 1424 1198 1456 studiis
1214 1425 1352 1456 imbutus
1370 1429 1452 1455 etex
1468 1423 1566 1454 milite
1588 1423 1689 1454 factus
1703 1427 1752 1454 est
1772 1422 1821 1453 lu-

317 1466 471 1515 comicum
486 1473 595 1515 sponte
609 1467 765 1514 sequitur:
791 1467 855 1498 vid.
875 1468 1047 1499 Hermanni
1091 1467 1280 1514 dimagister,
1297 1467 1349 1498 adi
1365 1468 1492 1497 Sueten.
1506 1466 1546 1496 de
1568 1465 1820 1513 Illustr..Gram-

319 1509 471 1539 Harlessn
487 1508 586 1539 libell.
603 1509 642 1540 de
659 1510 858 1550 Epicharmo,
875 1521 906 1551 p.
921 1511 961 1541 47
978 1521 1048 1551 sqq.
1091 1510 1214 1540 mancis
1242 1520 1270 1539 c.
1300 1510 1333 1540 9.
1380 1509 1461 1540 Cum
1491 1512 1572 1538 esset
1601 1506 1756 1543 Orbilius,
1785 1511 1822 1537 ut

317 1557 347 1582 et
369 1561 447 1598 quos
472 1551 514 1581 ibi
541 1551 660 1582 laudat.
703 1552 810 1586 Siculi,
836 1552 900 1582 nati
923 1552 1049 1592 quidem

1093 1551 1201 1582 scribit
1224 1551 1352 1581 Sueten.
1368 1550 1390 1582 l.
1407 1549 1429 1580 l.
1446 1549 1536 1580 homo
1557 1550 1668 1580 acerbe
1689 1555 1820 1584 ηαιανω,

318 1593 351 1622 in
379 1592 484 1623 insula
518 1593 597 1627 Coo,
631 1593 684 1624 sed
715 1593 747 1623 in
777 1594 885 1624 Sicilia
913 1593 1048 1625 educati.
1090 1602 1121 1624 et
1136 1592 1264 1634 proinde
1285 1602 1396 1634 pueros
1407 1590 1592 1622 erudiendos
1613 1590 1674 1621 sibi
1693 1589 1822 1621 traditos

320 1635 497 1674 Properare,
510 1634 674 1665 intentiore
690 1635 760 1665 nisu
783 1635 925 1666 imitandi
949 1636 1047 1666 studi·
1091 1635 1201 1666 acerbe
1216 1639 1373 1670 tractaret,
1391 1633 1552 1668 Horatius,
1571 1632 1639 1674 jam
1660 1631 1823 1674 plagarum

318 1686 373 1706 um
408 1676 540 1717 dirigere
559 1688 567 1715 3
614 1677 672 1706 nisi
707 1677 836 1708 fortasse
876 1680 1051 1718 properanti

324 1718 434 1748 Plauto
459 1718 667 1749 festinationis
690 1719 782 1749 simul
808 1719 917 1750 vitium
940 1730 1051 1762 expro-

321 1761 439 1791 bratur.

365 1802 417 1833 59.
442 1802 568 1837 Caecilii,
591 1801 736 1833 Insubris
759 1801 857 1837 Galli,
878 1809 977 1844 poetae
999 1814 1052 1835 co-

322 1843 408 1879 rnici,
429 1854 523 1884 quem
552 1844 699 1874 Horatius
724 1845 756 1875 h.
783 1844 805 1874 1.
830 1845 1051 1876 sententiarum

323 1885 474 1926 gravitate
496 1886 644 1916 Plautum
672 1896 831 1927 superasse
855 1887 908 1923 ait,
935 1889 1053 1919 mentio

323 1937 447 1968 quoque
463 1927 495 1957 fit
509 1927 564 1957 inf.
580 1928 612 1957 in
628 1928 728 1969 Epist.
743 1928 782 1958 ad
800 1928 864 1959 Pis.
882 1940 909 1960 v.
925 1931 979 1960 54.

365 1970 419 2003 60,
443 1970 497 2000 61.
530 1971 621 1999 Arcto
646 1973 757 2009 stipata
782 1971 908 2006 theatro,
933 1972 1051 2011 Spectat

326 2011 420 2041 Roma
440 2018 562 2050 potens5
587 2012 660 2042 hinc
682 2022 750 2053 sup.
774 2012 873 2053 Epist.
890 2013 911 2050 i,
931 2015 980 2050 19,
998 2016 1050 2050 41,

321 2054 413 2091 spissa
426 2054 544 2082 sedilia.

366 2095 419 2125 62.
450 2094 532 2125 Livi.
586 2093 690 2124 Livius
718 2095 930 2132 Andronicus,
964 2103 1054 2138 poeta

324 2136 474 2171 comicus,
512 2135 593 2166 Livii
625 2136 818 2172 Salinatoris,
847 2138 939 2179 cujus
973 2139 1053 2170 filias

323 2178 506 2213 erudiverat,
521 2178 659 2214 libertus,
676 2179 718 2210 U.
734 2179 774 2210 C.
794 2191 877 2210 nxxv
895 2181 942 2211 M.
955 2181 1051 2211 Clau-

323 2219 375 2250 dio
399 2220 503 2260 (Caeci
528 2219 612 2259 filio)
634 2226 665 2250 et
688 2221 737 2250 M.
752 2221 933 2262 Sempronio
956 2223 1051 2252 Tudi-

324 2268 396 2293 tano
417 2263 488 2293 Css.
507 2262 624 2303 primus
647 2264 756 2293 Romae
780 2263 917 2293 fabulam
933 2263 1054 2295 dedisse

325 2303 458 2335 dicitur:
483 2304 546 2335 vid.
558 2304 626 2334 Liv.
641 2303 683 2339 vi,
702 2305 728 2340 l,
745 2310 776 2334 et
793 2305 877 2336 Gell.
890 2305 963 2342 xvii,
979 2308 1032 2336 21.

367 2347 419 2376 66.
443 2346 542 2376 Nimis
564 2347 703 2385 antique:
726 2346 781 2386 qui
804 2346 895 2377 nimis
918 2353 1052 2378 sectatur

324 2387 434 2429 priscae
450 2387 550 2418 aetatis
565 2388 666 2423 verba,
680 2387 707 2428 ej
714 2399 749 2418 us
761 2389 858 2419 oratio
869 2394 915 2419 est
930 2389 1051 2420 horrida

325 2435 419 2471 atque
435 2429 565 2460 inculta.

366 2472 419 2502 67.
447 2473 533 2502 Cedit
556 2473 620 2513 (sc.
641 2471 772 2511 vulgus)
792 2482 857 2513 pro,
888 2473 1049 2504 concedit:

323 2516 403 2545 Stat.
419 2513 521 2544 Theb.
537 2514 559 2549 i,
577 2515 650 2550 704,
666 2515 715 2543 cuz·
731 2515 844 2544 aetherii
859 2517 933 2545 dono
948 2527 1053 2546 cessere

321 2562 459 2595 parentes
482 2557 641 2586 AEternum-
661 2556 776 2597 florere
796 2567 901 2597 gemm.
954 2559 1053 2589 Recte

323 2597 486 2629 Bentleius
507 2598 546 2628 ad
571 2598 661 2629 fidem
687 2599 767 2638 Reg.
789 2600 861 2629 Soc.
885 2599 967 2630 Cod.
985 2610 1051 2641 pro,

322 2642 428 2677 credit,
452 2641 535 2681 quod
562 2645 634 2671 vett.
659 2639 748 2670 editt.
774 2641 904 2676 obsidet,
937 2642 1053 2684 recepit

322 2684 414 2713 cedit.
459 2682 573 2722 Ignave
596 2684 692 2712 multa
705 2682 851 2722 fiztetur:
877 2683 902 2712 si
926 2683 1049 2720 fatetur,

322 2723 425 2755 multa
446 2730 562 2755 veteres
583 2723 685 2755 dicere
708 2726 825 2764 ignave,
845 2724 965 2766 frigide,
982 2726 1050 2757 lan·

323 2765 428 2806 guide,
444 2764 562 2808 inepte.

365 2809 418 2839 68.
435 2808 508 2838 Jove
529 2819 620 2848 aequo,
642 2807 776 2844 favente,
798 2808 946 2844 secundo,
968 2815 1002 2840 ut
1023 2821 1052 2841 v.

322 2851 364 2881 94
369 2852 505 2892 fortuna
518 2861 612 2891 oequa.

365 2893 418 2923 71.
443 2892 612 2923 Orbilium:
636 2891 674 2923 de
692 2892 820 2927 Orbilio,
834 2892 888 2932 qui
906 2903 923 2923 a
947 2899 1051 2925 tenera

319 2934 392 2966 inde
408 2939 497 2966 aetate
514 2945 575 2967 non
590 2934 697 2965 leviter
712 2935 860 2965 bonarum
879 2934 1049 2967 litterarum

1095 1678 1135 1707 ab
1156 1687 1193 1708 eo
1223 1682 1424 1718 acceptarum
1454 1675 1633 1706 memoriam
1662 1673 1822 1711 refricans,

1094 1729 1166 1750 eum
1181 1719 1333 1760 plagosum
1349 1723 1450 1749 vocat.

1139 1762 1190 1792 72.
1215 1761 1336 1792 Exactis
1348 1762 1504 1791 minimum
1513 1759 1671 1793 distantia,
1684 1757 1824 1800 proxime

1097 1803 1278 1834 accedentia
1301 1802 1341 1834 ad
1366 1813 1401 1834 ea
1447 1812 1496 1832 uae
1523 1801 1562 1832 ad
1587 1810 1725 1831 normam
1749 1799 1825 1831 recti

1095 1850 1206 1876 exacta
1222 1850 1306 1879 sunt,
1322 1855 1394 1886 ergo
1408 1854 1425 1874 a
1460 1843 1605 1885 perfecta.

1139 1888 1276 1917 73—75.
1299 1887 1385 1918 Inter
1403 1897 1477 1927 quoe,
1492 1890 1568 1916 cett.
1611 1884 1651 1914 In
1674 1883 1732 1914 hoc
1755 1882 1824 1913 loco

1096 1933 1159 1959 tarn
1176 1929 1361 1970 explicando
1382 1938 1476 1970 quam
1497 1925 1691 1958 emendando
1712 1925 1826 1955 frustra

1094 1981 1126 2001 se
1141 1977 1295 2001 torserunt
1316 1971 1419 2012 plures
1432 1969 1624 2011 interpretes»,
1649 1967 1823 2003 Bentleius,

1096 2014 1268 2049 Gesnerus,
1284 2019 1360 2044 cett.
1381 2012 1462 2047 ideo,
1486 2017 1571 2053 puto,
1585 2010 1660 2051 quia
1672 2011 1781 2040 duem
1793 2013 1826 2039 et

1095 2058 1218 2086 vendere
1235 2065 1296 2086 non
1313 2065 1362 2092 ea,
1377 2064 1441 2096 qua
1456 2053 1623 2088 debebant,
1646 2050 1826 2092 significati-

1096 2107 1154 2127 one
1170 2102 1368 2139 acceperunt.
1412 2097 1548 2127 Sensus:
1572 2094 1598 2125 si
1613 2094 1689 2125 forte
1709 2092 1742 2123 in
1756 2102 1825 2124 car-

1096 2138 1241 2174 minibus,
1259 2150 1330 2180 quae
1346 2137 1471 2180 scripsit
1483 2136 1603 2172 Livius,
1615 2136 1743 2175 elegans
1757 2144 1825 2165 ver-

1096 2181 1183 2215 bum,
1207 2181 1255 2211 vel
1278 2191 1358 2211 unus
1371 2185 1402 2212 et
1421 2180 1498 2210 alter
1517 2189 1624 2210 versus
1645 2175 1827 2208 concinnior

1095 2222 1218 2259 enituit,
1234 2223 1347 2263 vulgus
1363 2224 1473 2262 injuste
1487 2222 1616 2262 (praeter
1628 2218 1711 2259 rem)
1726 2224 1825 2250 totum

1096 2273 1206 2304 poema
1222 2264 1385 2304 pulchrum
1401 2269 1431 2293 et
1450 2261 1640 2294 concinnum
1661 2271 1728 2292 esse
1749 2270 1824 2292 ceu-

1096 2310 1154 2342 set,
1184 2310 1215 2335 et
1243 2305 1301 2336 hoc
1331 2304 1456 2336 nomine
1482 2303 1602 2335 laudat.
1645 2303 1733 2334 Inter
1759 2314 1823 2343 quae

1095 2347 1173 2378 refer
1187 2347 1225 2377 ad
1240 2349 1372 2377 carmina
1392 2347 1460 2377 Livi
1477 2346 1509 2376 in
1532 2356 1564 2376 v.
1580 2346 1632 2376 69.
1677 2345 1824 2380 Emicuit,

1094 2399 1149 2430 pro
1167 2389 1298 2429 vulgari,
1314 2389 1454 2430 placuit;
1477 2389 1603 2418 emicare
1617 2386 1765 2418 dicuntur
1775 2396 1824 2418 res

1095 2441 1165 2503 quae
1183 2441 1244 2472 prae
1261 2431 1370 2462 ceteris
1384 2429 1627 2472 pulchritudinis
1641 2438 1707 2459 suoe
1719 2427 1826 2470 splen-

1117 2483 1168 2504 ore
1190 2473 1297 2504 oculos
1319 2473 1358 2503 ad
1379 2483 1412 2503 se
1432 2473 1607 2506 advertunt,
1629 2470 1826 2513 placentque.
1874 2481 1881 2484 ⁷

1098 2516 1205 2550 Ducit,
1229 2515 1373 2550 aestimat,
1393 2514 1527 2556 judicat,
1551 2519 1669 2551 censet,
1687 2523 1734 2544 sc.
1748 2522 1823 2544 coa-

1096 2556 1222 2588 cinnum
1237 2567 1245 2594 3
1269 2557 1313 2588 sic
1330 2567 1413 2599 saepe
1427 2558 1544 2592 ducere,
1559 2561 1595 2586 ut
1609 2554 1724 2586 docent
1743 2554 1824 2586 Lex-

1096 2598 1163 2629 ica:
1188 2599 1243 2630 inf.
1258 2610 1287 2630 v.
1304 2600 1356 2634 83,
1378 2600 1494 2639 aliquid
1515 2604 1629 2628 rectum
1651 2598 1771 2631 ducere,
1793 2600 1826 2627 et

1095 2651 1165 2682 sup.
1181 2642 1245 2672 Sat.
1260 2641 1282 2677 i,
1298 2642 1328 2679 6,
1344 2642 1398 2676 62,
1414 2641 1564 2681 Magnum
1585 2639 1638 2670 hoc
1651 2649 1704 2680 ego
1725 2640 1822 2676 duco,-

1094 2683 1300 2725 supplendum
1325 2689 1427 2714 autem
1449 2688 1496 2713 est
1516 2681 1643 2712 omnino
1665 2681 1706 2711 ad
1726 2682 1823 2717 ducit,

1094 2727 1225 2767 vulgus5
1250 2730 1285 2756 ut
1306 2735 1374 2767 sup.
1392 2735 1422 2756 v.
1441 2725 1481 2755 67
1501 2723 1540 2754 ad
1561 2725 1652 2758 cedit,
1674 2727 1707 2754 et
1725 2732 1758 2752 v.
1781 2723 1822 2753 68

1095 2767 1134 2798 ad
1155 2770 1246 2807 sapit,
1260 2767 1356 2809 jacit,
1374 2768 1513 2807 judicat.
1560 2765 1681 2800 Vendit,
1703 2763 1823 2799 laudat.

1095 2809 1311 2846 commendat;
1333 2809 1376 2839 sic
1399 2807 1515 2850 passim
1537 2808 1662 2839 vendere
1674 2811 1706 2838 et
1719 2808 1823 2837 vendi·

1095 2858 1181 2889 tare,·
1206 2856 1252 2883 est
1265 2851 1347 2882 enim
1364 2850 1545 2882 translatum
1561 2847 1826 2885 amercatoribus,

1093 2894 1148 2935 qui
1172 2894 1302 2924 laudant
1323 2898 1356 2923 et
1372 2891 1592 2923 commendant
1613 2900 1728 2922 merces
1745 2899 1824 2931 quas

1095 2936 1227 2967 vendere
1243 2934 1392 2977 cupiunt:
1417 2933 1488 2966 Cic.
1503 2933 1543 2980 ad
1564 2933 1664 2964 Attio.
1681 2931 1749 2969 xiii,
1771 2932 1823 2966 12,

1899 1388 1901 1390 .
1887 1282 1904 1363 ‘sa'
