1904 3314
312 183 395 224 328

827 182 1280 250 -SATIRARUM

426 278 567 319 Terra
585 279 694 330 tulit,
715 294 854 334 neque
875 282 996 335 queis
1016 297 1082 324 me
1104 283 1158 322 sit
1179 281 1414 323 devinctior
1434 281 1554 324 alter.

427 344 469 386 O
490 346 564 399 qui
583 346 852 400 complexus!
884 355 927 388 et
947 349 1103 403 gaudia
1124 356 1283 402 quanta
1302 348 1497 389 fuerunt!

425 412 503 453 Nil
522 427 602 466 ego
623 413 871 455 contulerim
887 416 1081 469 jucundo
1103 431 1231 457 sanus
1254 417 1400 456 amico.

339 478 395 519 45
425 477 628 520 Proxima
650 480 866 534 Campano
886 483 1006 535 ponti
1026 497 1122 535 quae
1144 481 1297 532 villula,
1321 488 1479 523 tectum

427 543 633 594 Praebuit,
654 553 711 595 et,
732 548 910 600 parochi
930 563 1027 602 quae
1049 549 1221 598 debent,
1242 548 1356 602 ligna
1377 547 1607 602 salemque.

425 611 541 654 Hinc
560 612 660 653 muli
682 613 842 668 Capuae
863 614 1039 656 clitellas
1061 622 1252 669 tempore
1273 621 1452 668 ponunt.

425 677 588 719 Lusum
610 681 641 720 it
662 680 894 730 Maecenas,
916 682 1142 722 dormitum
1165 696 1245 736 ego
1266 680 1582 735 Virgiliusque:

423 744 624 799 Namque
644 746 729 800 pila
748 746 875 800 lippis
896 748 1107 788 inimicum
1129 755 1171 788 et
1191 747 1340 788 ludere
1362 747 1520 788 crudis.

339 811 396 851 50
424 810 539 853 Hinc
559 827 636 853 nos
659 812 828 854 Cocceii
848 814 999 867 recipit
1019 813 1261 867 plenissima
1282 812 1391 862 villa,

424 877 535 924 Quae
557 893 685 933 super
705 886 770 920 est
791 879 931 920 Caudi
951 894 1179 933 cauponas.

1242 879 1372 920 Nunc
1393 879 1495 920 mihi
1515 879 1662 933 paucis

425 944 640 986 Sarmenti
661 960 818 986 scurrae
839 961 1026 1000 pugnam
1047 946 1270 999 lVIessique
1292 946 1456 995 CicIrri,

423 1010 566 1061 Musa,
588 1011 711 1052 velim
730 1027 938 1052 memores
956 1029 965 1061 3
997 1019 1040 1053 et
1061 1027 1146 1065 quo
1167 1019 1290 1065 patre
1311 1015 1436 1052 natus
1458 1017 1640 1066 uterque

426 1076 666 1118 Contulerit
686 1077 795 1118 lites.

339 1143 393 1183 55
424 1142 635 1183 Sarmenti
658 1144 827 1184 domina
847 1151 1000 1185 exstat.

423 1207 495 1252 Ad
519 1223 705 1263 pugnam
725 1224 894 1250 venere.

425 1273 536 1315 Esse
558 1274 637 1316 feri
658 1275 832 1316 similem
854 1277 965 1317 dico.

309 1417 363 1448 ubi
393 1423 474 1450 esset
502 1418 535 1449 in
563 1418 621 1450 hoc
652 1418 760 1451 itinere
790 1419 852 1450 cibi
887 1425 1041 1462 potusque

310 1460 448 1501 penuria.

353 1504 489 1534 40-44.
513 1504 631 1534 Plotius
657 1511 684 1534 et
712 1505 840 1534 Varius.-
864 1502 987 1534 Plotius
1011 1508 1043 1533 et

310 1544 427 1576 Varius
451 1555 513 1576 una
536 1556 608 1576 cum
632 1545 766 1585 Virgilio
794 1556 832 1576 ex
856 1545 1041 1591 composito,

310 1587 487 1622 utvidetur,
501 1587 656 1618 Sinuessae
671 1587 822 1629 (oppido'
816 1598 847 1617 111
861 1586 1042 1628 Campaniae

308 1627 441 1669 finibus)
453 1629 618 1659 Horatium
631 1635 723 1670 atque
744 1631 951 1671 Maeqenatem
965 1639 1040 1659 con—

308 1676 479 1701 venerunt:
497 1671 621 1701 fuerunt
634 1671 681 1701 illi
698 1677 796 1712 poetae
813 1677 878 1701 tum
896 1670 1042 1712 temporis

310 1711 523 1749 illustrissimi,
537 1723 615 1753 quos
631 1723 691 1743 non
710 1713 858 1743 Hmatius
878 1718 996 1742 tantum
1012 1718 1042 1743 et

309 1753 472 1794 Virgilius,
493 1755 548 1785 sed
567 1755 659 1785 etiam
685 1756 846 1786 Maecenas
867 1755 971 1794 magni
995 1754 1040 1784 fa-
1048 1781 1053 1783 .

309 1795 431 1834 ciebat,
455 1796 528 1827 hinc
549 1796 628 1827 infra
650 1807 775 1837 quoque
796 1798 860 1827 Sat.
882 1807 911 1834 x,
933 1798 986 1831 81,
1009 1802 1043 1827 ut

309 1838 425 1868 arctius
437 1838 517 1869 inter
533 1849 564 1869 se
577 1839 681 1880 juncti
698 1840 908 1880 producuntur
926 1839 1043 1869 Plotius

308 1885 336 1909 et
357 1880 477 1915 Varius,
497 1881 641 1910 Mecenas
656 1881 878 1922 Virgiliusque:
902 1880 940 1911 de
956 1881 1042 1911 Vmw

309 1921 351 1951 cf.
367 1931 439 1969 sup.
458 1921 497 1952 ad
514 1922 575 1952 Od.
593 1922 613 1957 i,
631 1924 661 1958 6,
680 1924 707 1954 1.
752 1924 884 1953 ‘lnimaew
909 1922 953 1953 sic
970 1933 1039 1972 sup.

309 1963 375 1994 Od.
392 1964 426 1998 1i‚
443 1965 494 1998 17,
510 1966 543 1999 5,
560 1964 686 1995 mollius
707 1965 915 1995 Maecenatem
935 1968 1040 1995 animae

310 2016 367 2035 suae
396 2011 524 2044 partem,
554 2011 585 2036 et
614 2006 781 2046 Virgilium
813 2007 877 2037 Od.
901 2007 922 2042 i,
947 2007 978 2042 3,
1007 2008 1038 2043 8,

308 2049 414 2077 animae
437 2058 494 2078 suae
516 2049 671 2078 dimidium
697 2048 843 2089 appellat.
889 2049 978 2082 Queis
997 2060 1040 2078 me

307 2091 347 2119 sit
375 2091 539 2120 devinctior
564 2091 654 2125 alter,
680 2090 795 2130 quibus
821 2090 902 2120 alius
929 2091 1039 2131 magis,

310 2140 404 2171 quam
438 2141 507 2172 ego,
543 2131 704 2162 devinctus
735 2137 764 2162 et
794 2132 957 2162 obstrictus
989 2133 1040 2163 sit.

308 2172 418 2208 Sanus,
438 2173 512 2204 dum
531 2183 607 2203 sana
625 2183 692 2204 sum
712 2179 826 2209 mente,
847 2173 921 2203 dum
941 2174 1040 2204 sentio

309 2220 340 2245 et
360 2214 479 2255 judico,
503 2221 538 2246 ut
560 2225 644 2246 sanae
666 2215 776 2246 mentis
800 2215 911 2245 homo:
936 2215 966 2245 in
991 2226 1037 2246 se-

309 2262 418 2296 quent.
436 2258 501 2287 Sat.
516 2268 546 2288 v.
563 2258 615 2292 89,
642 2258 697 2287 Nil
716 2268 758 2286 me
776 2260 916 2296 ραηιιίθαι
935 2270 1039 2287 sanum

307 2301 404 2338 patris
419 2299 519 2339 hujus.

350 2342 488 2373 4.5—49
513 2342 663 2380 Campano
685 2342 781 2380 panti,
802 2340 941 2381 intellige
963 2351 1038 2382 pon-

308 2387 370 2413 tem
385 2387 469 2413 trans
491 2383 619 2413 fluvium
639 2384 791 2413 Savonem
813 2382 853 2412 ad
874 2393 952 2413 viam
971 2384 1039 2424 Ap-

309 2423 405 2495 piam,
445 2425 592 2455 Parochi:
615 2426 758 2464 parochus
772 2424 974 2466 (πάροχος),
987 2425 1040 2472 qui

322 2466 421 2507 egatis
439 2472 470 2497 et
489 2467 558 2497 aliis
581 2466 637 2496 iter
660 2467 844 2498 facientibus
867 2467 1040 2497 necessaria

310 2508 510 2547 (nominatim
526 2508 633 2544 salem,
650 2509 781 2549 lignum,
796 2509 946 2547 foenum),
962 2510 1039 2550 pub-

309 2550 370 2581 lico
385 2556 490 2582 sumtu
505 2553 661 2591 proebenda
681 2551 815 2592 suscepit
831 2550 879 2581 vel
900 2551 1039 2582 redemit.

308 2592 398 2624 Idem
418 2593 528 2624 Latine
546 2603 564 2623 a
583 2595 712 2632 prcrbete
735 2592 933 2634 (παρέχειν)
957 2593 1039 2634 apud

309 2635 491 2667 Ciceronem
515 2635 606 2665 Offic.
627 2635 648 2670 i,
670 2637 720 2670 15,
741 2635 855 2665 dicitur
877 2637 1036 2674 praebi1‹‚·›r

306 2682 336 2708 et
353 2676 425 2707 hinc
447 2676 504 2708 inf.
521 2678 586 2707 Sat.
602 2676 636 2712 ii,
655 2679 684 2712 8,
706 2679 759 2712 35,
776 2679 946 2708 convivator
960 2689 1036 2718 quo-

307 2729 381 2760 que,
406 2719 459 2760 qui
481 2720 601 2758 proebet,
621 2700 733 2749 dicitur
755 2720 912 2758 qam-‚ochus
958 2720 1039 2751 Hinc

307 2762 396 2796 muli,
425 2766 498 2792 cett.
528 2759 662 2791 suaviter
685 2771 738 2802 pro
763 2761 897 2801 vulgari,
921 2762 960 2791 ab
982 2762 1038 2793 illa

305 2804 378 2835 inde
408 2802 484 2833 villa
511 2803 673 2844 (tempore)
703 2803 883 2850 tempestive
918 2803 1036 2844 Capuae

305 2844 506 2883 advenimus,
528 2845 587 2876 sub
598 2845 763 2876 adventum
777 2845 860 2875 enim
874 2845 906 2874 in
921 2845 1035 2883 locum,

856 1077 994 1118 Messi
1013 1077 1172 1118 clarum
1192 1091 1327 1131 genus
1349 1077 1482 1127 Osci3

1062 1143 1135 1184 Ab
1155 1144 1222 1184 his
1244 1144 1476 1198 majoribus
1497 1143 1580 1184 orti

955 1210 1080 1251 Prior
1102 1210 1372 1250 Sarmentus:
1406 1209 1523 1263 Equi
1543 1215 1586 1250 te

1026 1276 1262 1317 Ridemus:
1295 1276 1451 1329 etipse

1085 1419 1169 1450 mulo
1206 1419 1358 1461 impositae
1393 1419 1555 1450 tolluntur.
1613 1419 1641 1449 I
1642 1428 1741 1454 usum
1771 1427 1817 1449 sc.

1083 1461 1159 1502 pila,
1173 1462 1313 1509 trigone3
1337 1461 1417 1502 apud
1435 1461 1605 1491 Romanos
1624 1460 1706 1491 enim
1727 1460 1814 1491 nobi·

1086 1503 1195 1534 lissimi
1208 1503 1338 1544 quique,
1352 1502 1506 1544 praecipue
1517 1507 1588 1543 post
1599 1511 1735 1537 coenam,
1751 1502 1816 1544 pila
1855 1519 1858 1522 ·

1085 1545 1192 1576 ludere
1206 1546 1357 1575 solebant.
1401 1545 1537 1584 Namque
1548 1546 1625 1583 pila,
1636 1549 1711 1576 cett.
1725 1554 1814 1575 nam-

1086 1598 1146 1628 que
1164 1587 1228 1628 pila
1241 1587 1347 1617 ludere
1362 1585 1426 1617 sive
1443 1585 1516 1628 pilae
1532 1585 1637 1623 ludus,
1649 1591 1741 1617 nocet
1754 1586 1815 1628 lip-

1086 1629 1132 1670 pis
1145 1635 1176 1660 et
1190 1631 1302 1666 crudis,
1323 1628 1354 1659 h.
1372 1639 1403 1660 e.
1421 1628 1571 1659 cruditate
1590 1609 1813 1665 laborantibus,

1085 1682 1122 1701 ns
1136 1671 1190 1711 qui
1206 1671 1292 1702 cibos
1307 1680 1501 1711 concoquere
1515 1675 1686 1711 nequeunt.

1127 1715 1180 1745 51.
1206 1713 1278 1747 Quae
1292 1724 1380 1752 supe)
1395 1719 1436 1743 est
1453 1712 1552 1742 Caudz
1566 1722 1726 1752 cauponas,
1741 1721 1814 1752 quae

1084 1754 1145 1785 sita
1176 1760 1224 1786 est
1260 1761 1344 1785 trans
1378 1763 1536 1802 cauponas
1568 1753 1608 1784 ad
1645 1753 1814 1792 Caudium,

1085 1797 1204 1828 Samnii
1218 1796 1379 1838 oppidum,
1398 1796 1430 1827 in
1451 1796 1504 1826 via
1519 1795 1636 1844 Appia,
1650 1795 1731 1826 inter
1748 1795 1813 1828 Ca-

1084 1849 1176 1881 puam
1189 1845 1220 1870 et
1236 1841 1462 1874 Beneventum,
1477 1837 1684 1879 ignominiosa
1694 1837 1815 1869 Roma-

1086 1892 1195 1912 norum
1213 1881 1302 1912 clade
1316 1881 1391 1911 satis
1406 1885 1524 1911 notum.

1125 1925 1177 1954 52.
1202 1924 1354 1965 Pugnum,
1378 1927 1543 1958 certamen,
1566 1931 1632 1969 quo
1647 1921 1724 1952 alter
1737 1921 1814 1953 alte-

1083 1976 1150 1995 rum
1182 1965 1310 1996 ridicule
1338 1964 1431 1996 dictis
1459 1964 1510 1995 vel
1545 1962 1693 1994 conviciis
1725 1963 1815 2005 petit.

1086 2007 1250 2047 Messique:
1275 2008 1400 2058 M'essins
1421 2006 1670 2053 cognominatus
1675 2005 1737 2036 suit
1760 2006 1813 2037 Ci-

1082 2051 1194 2084 cirrus,
1212 2049 1366 2092 κίκιῤῥος,
1379 2048 1499 2088 Latine
1513 2047 1625 2088 gallus,
1645 2040 1711 2079 sive
1725 2047 1811 2089 quod

1082 2101 1195 2131 magno
1218 2092 1333 2122 fervore
1360 2091 1520 2131 multaque
1541 2089 1712 2131 pertinacia
1738 2089 1815 2130 galli

1082 2143 1166 2163 more
1192 2135 1348 2174 pugnabat
1369 2138 1477 2163 contra
1505 2131 1725 2167 adversarium,
1748 2131 1815 2163 sive

1084 2175 1166 2215 quod
1182 2186 1238 2205 vox
1255 2175 1325 2216 ejus
1341 2173 1432 2205 altior
1442 2183 1518 2204 cum
1529 2173 1604 2214 galli
1619 2178 1713 2204 cantu
1727 2183 1812 2205 com-

1083 2217 1260 2257 parabatur.

1125 2260 1178 2289 53.
1202 2258 1304 2292 Musa,
1319 2259 1407 2288 velim
1422 2268 1574 2289 memores.-
1594 2255 1696 2298 lepide
1712 2257 1812 2288 Hora·

1082 2299 1145 2330 tius
1171 2299 1203 2330 in
1229 2299 1271 2330 rei
1298 2299 1437 2330 ridiculae
1461 2298 1635 2330 narratione
1662 2303 1811 2340 tanquam

1083 2348 1174 2383 poeta
1201 2341 1309 2383 epicus
1341 2342 1469 2371 Musam
1505 2341 1537 2373 in
1571 2345 1674 2388 partes
1709 2345 1813 2377 vocat,

1083 2393 1212 2424 eamque
1231 2383 1361 2414 duorum
1380 2393 1568 2419 scurrarum,
1583 2383 1664 2413 sicut
1677 2382 1812 2413 virorum

1084 2426 1166 2468 apud
1184 2427 1365 2460 Homerum,
1383 2425 1512 2466 patriam
1529 2430 1559 2456 et
1576 2422 1728 2465 originem
1747 2434 1810 2456 me·

1083 2478 1200 2499 morare
1212 2468 1314 2509 jubet.
1360 2468 1438 2505 Osci,
1456 2466 1623 2509 Campani.

1126 2512 1178 2541 55.
1201 2511 1350 2540 Sarmenti
1360 2511 1478 2540 domina
1489 2516 1602 2540 eat-:stat
1617 2507 1740 2539 vivebat
1753 2507 1810 2538 ad-

1084 2551 1143 2582 huc
1159 2551 1295 2588 domina,
1311 2551 1403 2592 cujus
1421 2561 1526 2583 servus
1549 2551 1649 2582 fuerat
1663 2551 1808 2581 Sarmen-

1082 2600 1153 2631 tus3
1176 2604 1258 2624 nunc
1279 2599 1344 2624 erat
1359 2594 1384 2623 is
1400 2593 1430 2624 in
1447 2593 1596 2624 comitatu
1612 2591 1809 2628 Maecenatis,

1082 2636 1137 2676 qui
1153 2636 1336 2666 scurrilibus
1349 2635 1418 2676 ejus
1426 2634 1508 2676 jocis
1523 2634 1697 2675 admodum,
1703 2632 1808 2664 delec-

1082 2683 1165 2708 tatus
1181 2678 1276 2709 fuisse
1286 2677 1420 2708 videtur:
1438 2677 1501 2708 vid.
1517 2644 1697 2709 Plutarch.
1692 2674 1726 2706 in
1738 2675 1807 2706 vit.

1083 2722 1213 2754 Anton..
1243 2725 1274 2750 et
1303 2719 1452 2750 Jusenal.
1475 2730 1505 2755 v,
1530 2719 1561 2749 3.
1603 2718 1681 2749 Erat
1705 2722 1809 2748 autem

1081 2763 1164 2804 apud
1182 2763 1337 2792 Romanos
1352 2761 1403 2792 hic
1418 2771 1496 2796 mos,
1513 2766 1549 2790 ut
1563 2759 1689 2790 ditiores
1703 2763 1736 2790 et
1750 2769 1807 2789 no-

1080 2805 1205 2835 biliores
1225 2804 1422 2834 admitterent
1439 2809 1471 2834 et
1489 2812 1603 2834 mensae
1626 2800 1809 2832 adhiberent

1080 2857 1212 2882 scurras,
1232 2855 1365 2893 quorum
1389 2844 1516 2876 ridicule
1534 2842 1626 2875 'dictis
1646 2842 1726 2874 inter
1739 2853 1806 2875 coe·

304 2888 358 2919 ubi
370 2886 426 2919 iter
438 2886 586 2918 facientes
595 2886 778 2918 commorari
789 2887 836 2917 vel
853 2893 1031 2928 pernoctare
1075 2899 1144 2920 nam
1160 2887 1302 2931 inprimis
1317 2886 1552 2918 delectarentur.

301 2931 422 2966 volunt,
437 2930 535 2960 mulus
549 2930 786 2969 clztellasponit,
806 2928 837 2960 11.
858 2939 886 2960 e.
901 2929 1028 2961 clitellae

1117 2932 1170 2962 56.
1210 2931 1289 2970 Equi
1326 2936 1354 2960 te
1380 2929 1450 2970 seri
1481 2929 1605 2960 similem
1633 2929 1710 2962 dico,
1741 2925 1807 2958 sine

1887 3165 1904 3174 ’,-
1891 3150 1897 3155 -’
1887 3096 1904 3138 «”’“.
1883 2593 1904 3089 ψΕΜἉκ-ψιι-
