1884 3288
294 183 374 240 188

838 197 1235 242 CARMINUM

574 301 620 342 Si
641 301 736 355 quis
757 301 850 343 haec
871 303 1007 353 audis,
1029 304 1189 344 utinam
1209 303 1320 344 inter
1341 317 1477 346 errem

964 370 1098 410 Nuda
1117 370 1262 411 leones
1278 372 1286 411 !

572 433 816 488 Antequam
837 436 973 488 turpis
994 437 1147 476 macies
1169 437 1370 477 decentes

570 501 768 554 Occupet
787 500 933 550 malas,
957 508 1200 554 teneraeque
1223 516 1376 542 succus

485 566 540 606 55
570 566 747 607 Defluat
767 567 939 620 praedae,
963 566 1155 623 speciosa
1175 582 1322 620 quaero

966 632 1149 674 Pascere
1171 633 1316 687 tigres.

574 698 685 739 Vilis
706 699 900 752 Europe,
923 705 1046 752 pater
1066 706 1191 752 urget
1213 700 1380 748 absens,

566 765 683 811 Quid
708 765 812 804 mori
832 779 974 805 cessas
994 767 1010 805 2

1068 764 1199 805 Potes
1221 765 1302 806 hac
1323 766 1377 806 ab
1399 780 1506 806 orno

566 830 807 871 Pendulum
827 846 932 872 zona
954 832 1063 872 bene
1084 839 1126 872 te
1149 840 1330 886 sequuta.

481 898 537 938 60

963 897 1146 939 Laedere
1167 898 1334 940 collum.

565 963 663 1004 Sive
685 970 726 1004 te
747 978 876 1017 rupes
898 971 940 1004 et
961 971 1086 1004 acuta
1106 964 1193 1005 leto

563 1029 678 1069 Saxa
699 1029 926 1078 delectant,
949 1044 1042 1083 age,
1066 1036 1107 1070 te
1129 1029 1328 1083 procellae

565 1095 706 1135 Crede
726 1094 884 1136 veloci:
916 1097 997 1136 nisi
1017 1095 1149 1136 herile
1170 1097 1300 1136 mavis

959 1162 1148 1216 Carpere
1170 1177 1361 1216 pensum,

477 1228 532 1268 65
562 1227 727 1281 Regius
749 1227 936 1281 sanguis,
959 1229 1227 1282 dominaeque
1249 1228 1361 1268 tradi

563 1293 768 1334 Barbarae
790 1293 944 1347 pellex.

1009 1293 1175 1335 Aderat
1196 1295 1394 1347 querenti

564 1359 782 1400 Perfidum
803 1360 946 1400 ridens
968 1359 1134 1408 Venus,
1156 1365 1199 1399 et
1219 1359 1396 1399 remisso

957 1425 1089 1466 Filius
1114 1440 1230 1466 arcu.

562 1491 686 1540 Mox,
708 1491 782 1532 ubi
800 1491 902 1532 lusit
924 1492 1041 1539 satis,
1064 1490 1312 1541 Abstineto,

476 1558 532 1598 70
562 1558 699 1607 Dixit,
722 1559 878 1598 irarum
901 1558 1135 1612 calidaeque
1157 1559 1276 1607 rixae,

278 1679 442 1715 tissimum,
459 1688 519 1719 quo
543 1678 595 1708 ille
618 1679 775 1719 Europam
792 1677 944 1707 violenter
960 1687 1012 1718 per

279 1732 363 1752 mare
386 1721 568 1756 abstulerat,
591 1719 714 1750 facinus
738 1727 901 1750 viozzstrum
924 1721 1010 1761 (nos,

285 1762 477 1803 Ungeheuer)
495 1768 633 1792 vocatur.

323 1806 460 1836 49—66.
484 1806 595 1834 Orcum
619 1816 725 1838 moror,
751 1803 869 1833 diutius
893 1802 925 1833 in
948 1802 1012 1834 vita

278 1857 404 1878 morans
424 1857 486 1877 non
508 1847 611 1877 statim
633 1847 673 1877 ad
694 1848 812 1877 Orcum
834 1845 1009 1884 descend03

279 1890 324 1920 sic
340 1891 444 1924 vitam,
463 1899 566 1922 anuos,
591 1896 722 1924 mortem,
734 1889 809 1927 fiala
832 1889 943 1917 morari
961 1887 1009 1917 vel

279 1933 428 1962 demorari
444 1941 508 1971 pro,
524 1930 642 1960 diutius
663 1931 694 1961 in
720 1930 781 1960 vita
802 1929 924 1966 morari,
940 1939 1010 1970 pas-

279 1974 337 2004 sim
366 1972 503 2010 dicitur;
533 1973 675 2013 exempla
707 1972 745 2002 de
776 1971 834 2002 hoc
864 1971 1013 2012 loquendi

278 2025 390 2056 genere
412 2013 539 2053 collegit
562 2014 734 2044 Burmann.
757 2013 795 2043 ad
818 2013 907 2053 Virg.
933 2014 1009 2044 AEn.

275 2057 310 2092 ii,
328 2057 401 2087 648.
447 2056 541 2086 Nuda
565 2061 666 2096 potest
687 2056 810 2097 quidem
831 2065 897 2095 pro,
913 2055 1009 2086 desti-

277 2104 355 2136 tuta,
371 2097 517 2128 derelicta
531 2098 570 2128 ab
582 2099 664 2128 omni
677 2098 806 2131 auxilio,
818 2097 937 2138 accipi;
955 2097 1010 2128 sed

276 2140 512 2182 significationis
526 2139 705 2181 proprietati
726 2139 823 2169 multo
846 2139 944 2178 magis
963 2139 1008 2169 fa-

275 2188 349 2213 vent
370 2182 543 2222 sequentia.
587 2183 711 2223 Europa
730 2191 852 2222 nempe,
867 2181 893 2211 si
916 2181 1009 2210 vesti-

275 2225 334 2256 bus
346 2224 502 2255 denudata
518 2230 685 2264 conspecta
697 2224 804 2254 fuisset
820 2233 838 2252 a
855 2222 1009 2260 leonibus,

276 2277 330 2298 eos
353 2266 449 2296 multo
472 2265 593 2296 avidius
615 2266 699 2295 illius
721 2274 845 2305 corpus,
871 2270 1009 2295 tenerum

278 2309 381 2339 adhuc
398 2313 429 2338 et
449 2308 549 2338 succis
569 2307 707 2349 plenum,
730 2308 927 2338 devoraturos
943 2317 1010 2337 esse

276 2350 486 2382 existimabat.
530 2350 647 2380 Tenerae
657 2352 773 2389 praedae,
782 2348 1010 2389 significantius

278 2403 333 2435 pro
357 2392 456 2428 tenui,
483 2391 568 2422 mihi.
612 2392 756 2431 Speciosa,
784 2401 854 2431 ego,
877 2391 1010 2431 juvenili

277 2445 403 2477 corpore
433 2434 534 2464 adhuc
562 2433 743 2475 conspicua,
770 2432 910 2474 pulchra,
938 2432 1006 2473 pin-

278 2478 360 2518 guis,
389 2486 538 2511 carnosaz
572 2479 696 2515 speciosa
727 2475 893 2517 opponitur
923 2477 1006 2514 turpi

277 2521 400 2550 maciei:
431 2517 488 2547 inf.
521 2517 621 2559 Epist.
645 2517 666 2554 i,
693 2518 744 2552 16,
777 2519 829 2552 45,
853 2517 1006 2547 Introrsus

278 2568 405 2600 turpem,
417 2562 573 2599 speciosum
590 2561 666 2599 pelle
679 2561 798 2590 decora.
845 2560 930 2594 Vilis,
947 2569 1004 2599 pu—

275 2603 377 2635 dendo
391 2602 508 2642 flagitio
522 2602 754 2639 contaminata;
779 2611 845 2637 nOS,
874 2601 1005 2631 Verwor-

264 2646 351 2688 fene.
399 2646 492 2674 Pater
514 2650 604 2684 urget
627 2646 738 2681 absens,
761 2643 809 2673 his
831 2642 1005 2674 maledictis

275 2694 372 2730 pater,
393 2697 486 2727 quem
503 2686 624 2726 reliqui,
643 2696 692 2716 me
712 2686 900 2722 insectatur;
924 2685 1004 2715 hanc

274 2730 382 2762 audire
392 2728 467 2759 mihi
478 2728 583 2758 videor
594 2727 770 2763 maledicta,
783 2727 896 2768 quibus
907 2733 1002 2768 pater,

275 2782 294 2803 a
307 2782 357 2803 me
374 2771 513 2807 relictus,
527 2769 604 2800 mihi
619 2770 725 2800 instat.
775 2770 870 2807 Urget
889 2771 1000 2803 absens,

273 2824 368 2845 suave
396 2822 564 2854 oxymoron
592 2813 745 2848 observa3
776 2817 862 2852 pater
890 2811 1002 2841 absens

272 2862 420 2898 tanquam
435 2864 572 2897 praeseus
593 2855 771 2896 perturbato
792 2854 925 2895 Europae
945 2854 1001 2884 ob-

272 2903 410 2930 versatur
425 2897 540 2928 animo.
585 2897 674 2934 Bene,
693 2896 753 2927 nisi
776 2895 808 2926 in
831 2895 1000 2937 proprium,

271 2943 341 2972 bene
356 2945 436 2972 certe
449 2939 482 2970 in
497 2939 581 2970 hunc
595 2948 684 2970 usum
699 2951 706 2969 :
731 2938 769 2970 de
783 2947 924 2969 zonarum
939 2938 1000 2968 vir-

1055 1677 1205 1717 ginalium
1225 1677 1256 1708 in
1278 1676 1478 1718 suspendium
1500 1686 1560 1707 usu
1577 1675 1639 1707 vid.
1655 1674 1787 1708 Mitsch.

1055 1725 1084 1749 et
1100 1720 1200 1750 Stanl.
1217 1719 1256 1750 ad
1280 1719 1391 1750 AEsch.
1407 1718 1474 1766 Sup
1497 1718 1518 1748 l.
1536 1719 1609 1750 456.
1654 1719 1786 1754 Laedere,

1054 1761 1158 1791 litotes
1173 1772 1238 1803 pro,
1255 1761 1405 1802 frangere,
1422 1729 1546 1791 elidere.
1577 1761 1645 1791 Sive
1657 1767 1684 1790 te
1698 1771 1788 1800 rupes

1055 1809 1083 1832 et
1096 1810 1184 1834 acuta
1199 1805 1255 1834 leto
1265 1804 1341 1834 Saxa
1351 1804 1512 1837 delectant,
1522 1807 1576 1832 aut
1585 1802 1611 1833 si
1622 1802 1785 1844 praeferen-

1053 1845 1125 1875 dum
1147 1846 1203 1876 tibi
1225 1845 1344 1876 videtur
1365 1845 1445 1875 illud
1465 1844 1571 1875 mortis
1591 1854 1701 1886 genus,
1745 1854 1785 1875 uo

1054 1887 1125 1927 quis
1141 1898 1194 1929 per
1210 1898 1298 1929 rupes
1313 1893 1344 1917 et
1364 1896 1441 1917 saxa
1459 1897 1492 1917 se
1512 1886 1700 1927 praecipitem
1740 1890 1786 1918 at.

1054 1930 1131 1959 Sarra
1153 1937 1243 1960 acuta
1262 1931 1329 1963 leto,
1353 1929 1384 1958 h.
1405 1939 1434 1959 e.
1463 1938 1538 1958 saxa
1563 1938 1693 1969 quorum
1715 1937 1786 1970 pars

1055 1971 1174 2002 acutior
1188 1977 1361 2013 opportune
1372 1970 1412 2005 ei,
1426 1970 1479 2011 qui
1492 1976 1619 2000 mortem
1635 1969 1694 2000 sibi
1710 1979 1784 2001 con-

1053 2013 1184 2044 sciscere
1195 2014 1272 2050 vult,
1289 2013 1452 2054 prominet.
1499 2012 1539 2043 Te
1551 2013 1686 2052 procellae
1699 2013 1786 2043 crede

1054 2057 1155 2093 veloci,
1183 2056 1214 2085 h.
1237 2066 1266 2087 e.
1288 2065 1427 2097 praeceps
1449 2053 1523 2084 inde
1543 2064 1621 2092 rue3
1648 2055 1785 2094 procelloe

1053 2099 1144 2128 veloci
1160 2108 1187 2128 se
1203 2100 1332 2132 credere,
1348 2096 1558 2137 significanter
1579 2106 1634 2138 pro
1652 2095 1784 2137 vulgari,

1053 2149 1090 2169 ex
1123 2140 1191 2170 loco
1218 2140 1280 2170 alto
1307 2149 1339 2170 se
1369 2138 1559 2180 praecipitem
1585 2138 1670 2169 dare.
1716 2137 1786 2168 Nisi

1052 2182 1146 2211 herile
1163 2184 1255 2211 mavis
1277 2182 1406 2220 Carpere
1427 2191 1559 2220 pensum,
1581 2180 1692 2221 Regius
1712 2190 1783 2210 son-

1049 2224 1140 2264 guz's:
1164 2222 1241 2253 nihil
1262 2222 1344 2253 enim
1366 2222 1489 2253 feminae
1506 2221 1648 2252 nobiliori
1664 2221 1784 2252 tristius

1052 2264 1192 2295 accidere
1213 2270 1338 2305 poterat,
1363 2274 1456 2306 quam
1481 2262 1601 2294 servilis
1615 2262 1784 2301 Ἴιτοιιιὶὶῖὶος

1052 2306 1126 2336 hinc
1150 2306 1289 2337 Ariadne
1312 2306 1395 2348 apud
1419 2305 1513 2337 Ovid.
1538 2305 1664 2336 Heroid.
1686 2315 1717 2342 x,
1740 2306 1782 2336 89

1053 2359 1132 2389 sqq„
1151 2348 1281 2378 Tantum
1296 2359 1332 2378 ne
1347 2349 1457 2388 religer
1472 2349 1551 2378 dura
1566 2349 1682 2387 captiva
1699 2354 1781 2378 cate-

1052 2402 1103 2426 na,
1127 2391 1208 2421 Neve
1222 2391 1340 2420 traham
1359 2401 1443 2421 serva
1457 2390 1590 2431 grandia
1605 2399 1694 2428 pensa
1717 2401 1782 2420 ma-

1052 2445 1106 2462 nu.
1163 2434 1352 2473 Dominoeque
1381 2434 1462 2463 tradi
1492 2432 1635 2462 Barbarae
1663 2432 1779 2469 ytellex3

1048 2485 1135 2505 serva
1150 2475 1244 2511 enim,
1259 2485 1330 2515 quae
1354 2474 1446 2504 simul
1467 2473 1571 2516 pellex
1589 2478 1636 2504 est
1651 2472 1780 2509 domini,

1048 2516 1147 2546 multo
1170 2517 1269 2557 magis
1291 2516 1493 2547 extimescere
1517 2515 1609 2546 debet
1628 2514 1780 2547 saevitinm

1048 2558 1194 2589 domin-113.

1090 2601 1228 2632 67-76.
1246 2601 1512 2641 Perfidumridens
1524 2599 1637 2630 Venus:
1656 2599 1778 2635 Venus,

1047 2643 1099 2673 cui
1124 2653 1172 2673 res
1197 2643 1230 2673 in
1255 2642 1344 2674 Jovis
1370 2642 1501 2683 gratiam
1525 2645 1671 2683 suscepta
1698 2641 1779 2672 bene

1047 2691 1190 2722 cesserat,
1217 2695 1302 2715 nunc
1328 2684 1418 2719 ridet,
1438 2689 1469 2714 et
1486 2683 1611 2724 quidem
1629 2685 1778 2723 perfidum

1048 2729 1120 2768 (pro
1135 2727 1279 2768 perfide),
1297 2726 1328 2757 h.
1342 2737 1371 2757 e.
1389 2725 1431 2756 uti
1447 2725 1507 2762 illi,
1526 2725 1579 2766 qui
1601 2735 1655 2767 per
1669 2724 1778 2755 dolum

1045 2776 1075 2800 et
1089 2769 1224 2800 fraudem
1239 2775 1378 2799 votorum
1392 2778 1516 2798 suorum
1529 2772 1689 2808 compotes
1701 2766 1777 2797 facti

1045 2817 1128 2845 sunt.
1148 2811 1246 2842 ridere
1260 2811 1372 2842 solent.
1416 2810 1454 2840 In
1467 2810 1530 2839 risu
1546 2814 1648 2840 autem
1663 2809 1778 2849 perfido

1044 2853 1165 2894 egregie
1183 2863 1365 2894 expressum
1387 2851 1435 2882 est
1453 2851 1613 2892 ingenium
1632 2850 1776 2886 Veneris,

1044 2905 1126 2936 quae,
1139 2900 1174 2926 ut
1190 2895 1248 2927 dea
1263 2893 1472 2937 χαιρέκακος,
1485 2892 1681 2927 edoloribus,
1697 2901 1776 2935 quos

1044 2943 1143 2979 parat,
1155 2937 1347 2980 voluptatem
1359 2945 1469 2978 capere
1482 2935 1573 2970 solet.
1609 2933 1695 2968 Hinc
1706 2944 1775 2976 sup.
