1884 3288
301 213 387 254 204

855 213 1253 256 CARMINUM

497 313 552 353 4⁴5
582 313 696 353 Tum
717 328 821 355 meae
843 315 894 367 (si
915 317 1019 369 quid
1040 315 1190 371 loquar
1211 317 1486 371 audiendum)

584 379 714 420 Vocis
735 382 911 423 accedet
932 383 1044 424 bona
1064 398 1163 437 pars
1182 401 1190 424 :
1223 392 1279 434 et,
1303 384 1345 426 O
1369 385 1433 426 sol

585 445 785 495 Pulcher,
809 462 833 488 o
853 447 1080 499 laudande,
1104 464 1264 500 canam,
1286 459 1462 506 recepto

981 515 1151 557 Caesare
1173 516 1287 558 felix.

583 577 739 631 Tuque
761 579 861 620 dum
883 581 1094 634 procediS,
1118 581 1166 622 Io
1187 583 1415 637 triumphe,

499 644 555 684 50
585 644 686 685 Non
709 646 838 686 semel
859 647 1062 696 dicemus,
1086 647 1133 688 Io
1155 649 1384 703 triumphe,

585 711 743 752 Civitas
767 713 916 761 omnis,
939 714 1221 768 dabimusque
1243 715 1367 756 Divis

985 780 1106 821 Tura
1126 782 1337 836 benignis.

586 844 653 885 Te
675 846 823 886 decem
844 847 968 896 tauri,
992 848 1253 902 totidemque
1274 863 1427 899 vaccae,

589 911 664 952 Me
687 919 807 953 tener
829 912 963 954 solvet
983 913 1154 964 vitulus,
1176 915 1324 956 relicta

503 978 559 1017 55
590 978 746 1028 Matre,
768 979 842 1032 qui
862 978 992 1034 largis
1007 981 1247 1034 juvenescit
1267 981 1412 1023 herbis

985 1046 1036 1086 In
1057 1062 1150 1088 mea
1170 1055 1282 1098 vota,

589 1110 749 1153 Fronte
771 1120 969 1153 curvatos
991 1113 1179 1155 imitatus
1201 1115 1321 1169 ignes

588 1177 786 1219 Tertium
806 1178 917 1220 lunae
938 1179 1164 1222 referentis
1186 1188 1345 1231 ortum,

592 1243 692 1290 Qua
713 1253 855 1286 notam
876 1247 1013 1295 duxit,
1036 1248 1184 1288 niveus
1206 1248 1358 1298 videri,

505 1311 562 1351 60

353 1420 491 1450 45—52.
538 1419 624 1454 Tum,
651 1430 696 1450 sc.
724 1419 850 1460 quando
881 1421 1044 1461 Augustus

309 1462 426 1494 seroces
463 1461 651 1502 Sygambros
680 1472 734 1503 per
767 1472 889 1493 sacrum
925 1463 1043 1494 clivum

309 1504 422 1538 trahet,
446 1503 478 1533 h.
505 1514 534 1534 e.
559 1503 686 1543 quando
714 1504 909 1546 triumphans
936 1505 1044 1536 urbem

311 1545 511 1586 ingredietur.
549 1546 580 1576 Si
597 1547 669 1585 quid
685 1547 789 1586 loquar
806 1549 1001 1582 audiendum,
1018 1547 1044 1577 si

310 1588 399 1630 quid,
414 1589 499 1628 quod
521 1587 645 1618 accidat
666 1588 793 1618 omnino
816 1589 853 1619 ad
879 1599 967 1619 aures
990 1600 1044 1631 po-

310 1631 388 1671 puli,
404 1629 536 1671 proferre
553 1635 668 1670 potero.
706 1630 801 1667 Bona,
819 1630 851 1660 h.
868 1640 895 1661 e.
910 1638 1044 1672 magua;

312 1678 348 1703 ut
364 1672 420 1702 inf.
436 1672 495 1712 Ep.
511 1671 549 1701 ad
563 1671 630 1701 Pis.
646 1683 676 1701 v.
691 1673 766 1707 297.
783 1678 814 1703 et
829 1673 894 1702 Sat.
910 1672 931 1708 i,
949 1675 977 1707 1,
992 1674 1046 1703 61.

314 1714 434 1754 Tuque.-
467 1720 501 1743 ιιι
531 1723 632 1753 neque
663 1713 703 1743 ad
733 1714 841 1749 solem,
874 1724 976 1756 neque
1006 1716 1046 1746 ad

311 1755 515 1797 triumphum,
525 1755 608 1795 quod
621 1755 763 1786 nonnulli
777 1756 981 1792 contendunt,
993 1758 1047 1788 sed

312 1798 351 1829 ad
382 1797 555 1828 Antonium
585 1798 710 1828 omnino
740 1798 931 1829 referendum
966 1809 1045 1836 esse,

311 1840 427 1871 evincit
441 1839 503 1870 fere
518 1839 664 1870 orationis
681 1850 778 1871 nexus
793 1847 825 1872 et
838 1841 1046 1872 concinnitas.

313 1882 790 1922 Coneines—Conciues-—Tuque
819 1885 889 1913 dum
916 1885 1049 1923 procedis

313 1924 399 1955 -—Te
413 1925 510 1953 decem
527 1925 622 1953 tauri.
653 1925 805 1958 Procedz's,
823 1935 870 1955 sc.
885 1925 918 1954 iu
934 1935 1048 1966 pompa

312 1965 494 2007 triumphali
508 1977 516 2003 ς
535 1965 765 1996 necessitudine
781 1972 884 1997 autem
902 1977 955 2008 per
970 1978 1047 1998 uxo-

315 2019 378 2039 rem
409 2017 496 2037 suam
523 2007 710 2037 Marcellam
736 2009 881 2048 Augusto
905 2009 1048 2050 junctus,

314 2049 453 2093 proxime
477 2048 546 2089 ejus
569 2059 693 2079 currum
718 2050 937 2091 triumphalem
960 2053 1050 2093 sequi

314 2092 471 2128 debebat;
501 2090 539 2121 de
569 2101 632 2131 quo
666 2101 749 2121 more
778 2092 848 2122 vide
885 2093 979 2124 ovid.
1011 2104 1049 2124 ex

315 2135 410 2165 Pont.
436 2133 469 2168 ii,
493 2134 523 2167 2,
548 2133 599 2163 83.
646 2133 818 2170 procedere,
842 2140 874 2164 ut
902 2146 972 2176 sup.
1003 2135 1049 2172 iii,

317 2178 369 2212 14,
391 2177 423 2207 6.
470 2175 611 2210 Prodire,
634 2175 755 2216 proprie
776 2175 815 2206 de
841 2175 878 2205 iis
899 2177 954 2217 qui
975 2186 1048 2208 cum

315 2218 466 2259 dignitate
490 2217 626 2258 quadam
650 2217 684 2246 in
710 2227 822 2258 pompa
846 2217 976 2248 solemni
999 2219 1047 2249 in-

314 2260 443 2291 cedunt.
486 2258 519 2289 Io
538 2260 699 2297 triumphe,
717 2259 786 2288 Non
802 2262 888 2290 semel
905 2261 1047 2297 dicemus,

315 2303 348 2333 10
376 2301 547 2340 triumphe5
571 2300 644 2331 hinc
674 2300 788 2331 milites
815 2301 898 2343 apud
924 2302 1047 2333 Livium

316 2345 380 2381 xlv,
408 2345 461 2379 38,
487 2343 670 2382 triumphum
701 2345 816 2373 'tionzz'ne
842 2346 930 2379 ciere,
960 2344 989 2375 h.
1018 2355 1048 2376 e.

315 2387 426 2418 iterum
442 2385 616 2425 iterumque
632 2385 667 2415 Io
680 2385 834 2426 triumphe
851 2386 987 2418 clamare
1001 2387 1047 2417 di-

315 2436 438 2460 cuntur.
484 2428 598 2458 Civitas
613 2428 716 2463 omnis,
734 2437 791 2465 ego
806 2433 835 2458 et
850 2428 950 2458 omnis
974 2429 1049 2460 civi-

317 2479 374 2502 tas.
420 2470 622 2508 Dabimusque
645 2469 733 2499 Divis
751 2469 835 2499 Tura
854 2472 1000 2510 benignis,
1019 2471 1050 2502 in

317 2513 378 2545 aris
395 2521 515 2553 nempe,
531 2510 603 2541 hinc
624 2510 712 2542 illinc
729 2521 783 2552 per
796 2510 862 2542 vias
877 2511 927 2544 die
941 2512 1050 2544 trium-

317 2554 403 2599 phali
417 2552 594 2585 exstructis.

360 2597 499 2629 53-60.
521 2596 630 2632 Solvet,
650 2605 696 2626 sc.
713 2601 796 2632 voto,
817 2596 868 2626 cui
891 2597 1050 2634 solvendo,

316 2641 342 2671 si
368 2641 531 2680 Augustus
553 2637 628 2669 felix
649 2638 833 2679 faustusque
856 2638 998 2671 rediisset
1018 2639 1051 2671 in

989 1313 1144 1354 Cetera
1165 1314 1320 1356 fulvus.

1087 1422 1206 1460 urbem,
1228 1423 1382 1454 Antonius
1404 1428 1436 1454 et
1459 1423 1610 1455 Horatius
1633 1422 1693 1455 diis
1715 1433 1748 1455 se
1770 1425 1820 1455 ob-

1086 1468 1269 1495 strinxerant
1290 1465 1337 1496 vel
1359 1467 1588 1506 obligaverant‚·
1612 1475 1667 1508 pro
1687 1465 1820 1507 vulgari,

1088 1512 1120 1536 tu
1148 1506 1254 1538 decem
1280 1513 1384 1550 tauros
1407 1513 1439 1538 et
1463 1507 1591 1539 totidem
1616 1517 1738 1544 vaccas,
1763 1515 1821 1548 ego

1086 1548 1217 1579 vitulum
1233 1548 1413 1580 immolabo.
1451 1549 1570 1580 Relicta
1585 1555 1691 1586 matre,
1707 1559 1726 1580 a
1739 1549 1823 1581 lacte

1088 1589 1262 1631 depulsus;
1299 1593 1332 1621 in
1369 1602 1432 1622 mea
1467 1597 1546 1630 vota,
1583 1602 1628 1623 sc.
1664 1592 1823 1623 solvenda.

1091 1632 1202 1663 Fronte
1234 1640 1372 1664 curvatos
1402 1635 1537 1664 imitatus
1567 1635 1652 1675 ignes
1686 1633 1822 1665 Tertium

1090 1675 1168 1704 lunae
1183 1674 1340 1715 referentis
1357 1681 1466 1713 ortum,
1481 1675 1647 1707 ostendens
1668 1674 1702 1706 in
1723 1676 1824 1707 fronte

1090 1716 1190 1757 prima
1217 1727 1371 1748 cornuum
1396 1717 1545 1758 germina,
1573 1717 1657 1749 luuae
1685 1717 1749 1750 fere
1772 1718 1824 1748 die

1088 1758 1179 1789 tertio
1191 1769 1207 1789 a
1221 1759 1381 1790 novilunio
1395 1758 1523 1791 orientis
1536 1759 1662 1790 sennam
1676 1759 1824 1791 falcatam

1089 1800 1262 1832 imitantia:
1287 1806 1469 1844 comparant
1495 1801 1622 1833 Mosch.
1650 1801 1684 1838 ii,
1711 1803 1766 1838 88,
1793 1807 1826 1832 et

1091 1842 1202 1874 Claud.
1214 1844 1252 1874 de
1267 1843 1365 1886 Rapt.
1380 1845 1523 1886 Proserp.
1538 1843 1560 1881 i,
1573 1844 1646 1882 128,
1657 1844 1697 1875 de
1712 1843 1823 1879 vitula,

1088 1887 1212 1924 pedibus
1241 1897 1304 1925 quae
1333 1887 1465 1916 nondum
1491 1887 1620 1925 proterit
1645 1897 1731 1922 arva,
1758 1886 1823 1917 Neo

1090 1938 1166 1957 nova
1182 1928 1293 1957 lunarat
1304 1930 1441 1959 curvavit
1453 1930 1593 1968 germina
1595 1928 1728 1970 frontis.
1754 1928 1824 1962 Qua

1091 1975 1190 1999 notam
1221 1971 1320 2007 duait,
1352 1979 1390 2000 ea
1424 1969 1562 2011 corporis
1594 1975 1692 2012 parte,
1723 1969 1824 2011 (haud

1091 2010 1185 2042 dubie
1196 2011 1337 2052 fronte,)
1353 2021 1417 2052 qua
1437 2011 1550 2042 diversi
1570 2011 1682 2042 coloris
1698 2011 1824 2044 macula

1092 2058 1217 2083 notatus
1231 2059 1288 2084 est.
1317 2054 1431 2084 Niveus
1445 2055 1554 2090 videri,
1570 2054 1686 2092 λευκὸς
1701 2053 1826 2086 ἰδέσθαι

1092 2095 1139 2126 vel
1156 2094 1309 2136 ὁρᾶσθαι·
1331 2097 1428 2126 videri
1444 2096 1557 2127 Graeco
1572 2105 1658 2127 more
1675 2096 1824 2132 abundat,

1092 2142 1128 2167 ut
1151 2147 1223 2178 sup.
1247 2137 1269 2173 i,
1289 2139 1340 2172 19,
1356 2139 1388 2172 8.
1406 2139 1540 2168 lubricus
1558 2139 1684 2178 adspioi,
1701 2138 1754 2170 ubi
1778 2138 1823 2170 cf.

1093 2184 1158 2210 not.
1201 2179 1253 2210 Sic
1276 2179 1358 2221 apud
1377 2180 1464 2220 Virg.
1483 2180 1564 2210 AEn.
1583 2181 1626 2217 vi,
1647 2181 1700 2216 49,
1713 2183 1823 2220 major-

1091 2231 1146 2260 que
1161 2221 1268 2251 videri.
1308 2222 1413 2252 Cetera
1428 2222 1489 2262 (τὰ
1504 2220 1530 2252 δ’
1546 2221 1668 2262 ἄλλα).
1685 2222 1769 2263 quod
1784 2220 1825 2253 ad

1090 2261 1242 2303 reliquum
1273 2263 1410 2305 corporis
1442 2263 1575 2294 colorem
1610 2263 1732 2295 attinet.
1775 2264 1825 2294 Si·

1090 2304 1174 2334 milis
1189 2304 1251 2335 fere
1265 2304 1344 2335 tauri
1365 2305 1462 2341 illius,
1476 2305 1568 2346 cujus
1585 2305 1714 2336 formam
1730 2306 1774 2338 Ju
1799 2306 1825 2336 i-

1091 2351 1136 2376 ter
1161 2347 1295 2388 Europae
1325 2356 1419 2378 causa
1443 2347 1582 2378 induisse
1607 2347 1745 2388 fingitur,
1792 2358 1826 2380 e-

1092 2388 1218 2430 sci-iptio
1237 2389 1319 2430 apud
1344 2389 1470 2420 Mosch.
1493 2389 1528 2424 ii,
1544 2390 1598 2425 85,
1619 2392 1684 2421 Τοῦ
1706 2388 1732 2421 δ’
1751 2391 1827 2430 ἤτοι

1093 2431 1130 2461 τὸ
1141 2432 1202 2471 μὲν
1211 2432 1296 2462 ἄλλο
1309 2430 1408 2472 δέμας
1420 2431 1632 2474 ξανθόχροον
1643 2431 1725 2470 ἔσκε,
1736 2432 1826 2464 Κύκ-

1092 2473 1151 2510 λος
1165 2472 1190 2503 δ’
1202 2473 1366 2515 ἀργύφεος
1377 2473 1487 2516 μέσσῳ
1496 2473 1662 2516 μάρμαιρε
1671 2474 1825 2516 μετώπῳ.

1094 2515 1240 2546 Ceterum
1267 2514 1461 2546 victimarum
1488 2521 1550 2546 tam
1575 2516 1706 2548 formam
1729 2526 1825 2558 quam

1095 2563 1238 2588 naturam
1261 2558 1413 2598 singulari
1432 2557 1536 2589 studio
1552 2557 1702 2589 Horatius
1714 2559 1824 2589 adum-

1094 2599 1182 2631 brare
1198 2599 1295 2631 solet:
1322 2600 1363 2631 cf.
1386 2610 1455 2642 sup.
1475 2599 1521 2637 iii,
1540 2601 1591 2638 13,
1605 2601 1626 2631 4
1639 2610 1707 2642 sqq.
1726 2606 1759 2632 et
1779 2600 1826 2639 iii,

1094 2642 1147 2678 22,
1165 2643 1195 2673 7.
