1884 3288
658 199 884 242 LIBER
915 199 952 250 Ι,
991 201 1054 243 16.

1572 201 1629 241 37

376 304 459 346 Irae
480 303 711 358 Thyesten
730 301 865 343 exitio
885 301 1009 356 gravi

375 372 595 420 stravere,
618 376 662 412 et
682 368 779 411 altis
801 369 987 410 urbibus
1009 367 1172 411 ultimae

433 440 608 482 Stetere
629 453 786 488 causae,
810 452 888 479 cur
907 437 1102 492 perirent

288 507 346 549 20

490 507 724 557 Funditus,
748 506 1102 561 imprimeretque
1122 506 1257 547 muris

376 574 551 617 Hostile
573 582 765 616 aratrum
785 574 1005 616 exercitus
1027 573 1235 621 insolens.

379 642 622 698 Compesce
642 649 833 684 mentem
847 659 857 684 ι

890 657 958 684 me
980 656 1156 697 quoque
1178 642 1368 697 pectoris

434 710 642 752 Tentavit
662 711 707 752 in
727 709 846 752 dulci
861 710 1042 765 juventa

494 778 675 828 Fervor,
697 784 742 820 et
762 778 807 819 in
828 777 991 820 celeres
1014 777 1180 819 iambos

287 847 345 888 25
375 845 502 888 Misit
521 846 762 888 furentem:
795 859 911 887 nunc
933 859 1016 900 ego
1038 844 1216 886 mitibus

376 913 555 956 Mutare
577 929 727 970 quaero
749 914 916 963 tristia3
949 913 1055 955 dum
1074 912 1180 954 mihi

435 981 536 1024 Fias
557 982 796 1024 recantatis
817 981 955 1024 amica

495 1050 777 1106 Opprobfiis,
801 1050 1080 1104 animumque
1101 1047 1278 1090 reddas.

28 1199 33 1214 ¹.
88 1161 228 1194 Horrida
243 1167 400 1203 tempestas
422 1162 530 1193 coelum
548 1163 711 1199 contraxit,
735 1168 763 1193 et
784 1163 840 1192 im-

89 1206 154 1237 bres
172 1204 320 1246 Nivesque
336 1207 494 1236 deducunt
510 1204 625 1237 Jovem.

134 1249 186 1285 13,
203 1249 254 1280 14.
274 1248 391 1280 Fertur
406 1247 613 1285 Prometheus,
625 1252 699 1279 cett.
711 1257 840 1278 sensus:

89 1291 312 1328 Prometheus,
337 1300 411 1322 cum
436 1291 478 1321 ob
501 1291 662 1322 defectum
687 1290 841 1326 materiae,

89 1334 131 1366 ad
151 1333 302 1377 fingenda
322 1340 429 1366 cetera
451 1333 603 1364 animalia
623 1333 690 1375 jam
712 1333 842 1376 dispen-

88 1382 180 1416 satae,
203 1382 367 1419 cogeretur
387 1377 476 1412 limo,
499 1387 517 1408 e
540 1387 605 1419 quo
626 1376 762 1419 primum
788 1377 844 1407 ho-

88 1420 207 1457 minem
225 1421 386 1456 formaret,
403 1419 614 1463 particulam(
624 1419 794 1461 undique),
804 1430 842 1451 ex

89 1463 203 1496 ceteris
218 1463 411 1495 animalibus
425 1463 622 1506 decerptam.
648 1462 842 1502 admiscere;

91 1507 165 1549 (et)
178 1507 263 1540 inter
276 1506 356 1538 alias
367 1517 497 1548 quoque
517 1506 693 1549 particulas
707 1506 771 1536 vim
794 1507 842 1537 in-

90 1550 162 1582 sani
190 1549 294 1583 leonis
321 1550 486 1581 stomacho
518 1556 625 1580 nostro
658 1548 844 1592 apposuisse

90 1593 239 1626 traditur.
284 1592 437 1635 Vulgaris
452 1592 622 1628 sententia,
637 1603 736 1635 quam
755 1598 846 1624 tanta

92 1641 159 1669 arte
180 1642 214 1669 et
231 1635 376 1668 doctrina
393 1637 556 1668 exornavit
576 1642 679 1678 poeta,
701 1635 762 1667 fuit
782 1636 846 1668 sere

92 1679 184 1712 hoee:
208 1690 247 1712 eo
262 1678 364 1721 magis
382 1684 487 1710 autem
506 1678 572 1715 irae,
591 1689 656 1720 qua
674 1689 725 1710 me
741 1679 844 1722 abripi

133 1733 205 1755 saus
221 1733 291 1755 sum
309 1721 352 1753 ad
367 1722 551 1754 scribendos
565 1722 701 1758 iambos,
719 1722 844 1753 veniam

114 1775 169 1799 are
196 1767 307 1802 debes,
334 1775 409 1797 cum
440 1765 498 1796 illa
523 1765 564 1797 ad
588 1765 665 1796 vitia
697 1764 845 1797 humanae

92 1815 217 1841 naturas
241 1809 339 1841 insita
361 1808 530 1852 pertineat.
576 1809 628 1840 De
657 1809 845 1846 Prometheo,

117 1852 151 1884 ui
187 1853 286 1884 rimus
306 1862 346 1884 ex
367 1853 444 1888 luto,
462 1851 525 1888 vel,
546 1857 583 1882 ut
603 1851 700 1883 Ovid.
723 1852 807 1883 Met.
823 1853 844 1888 i,

115 1896 137 1927 2
217 1895 313 1932 uitur,
333 1905 374 1927 ex
398 1896 645 1927 tellure—mista
660 1896 847 1937 fluvialibus

93 1941 188 1972 undis
215 1948 354 1971 ormasse
366 1937 526 1970 hominem
538 1938 680 1980 fingitur,
690 1949 740 1969 res
751 1944 824 1969 nota
836 1949 844 1968 z

93 1981 183 2025 apud
205 1981 370 2025 Aristoph.
389 1982 454 2012 Av.
477 1982 553 2019 687,
574 1982 718 2012 homines
735 1992 753 2013 e
770 1981 847 2012 limo

93 2025 162 2057 fieti
189 2024 342 2057 dicuntur
370 2025 486 2064 πηλοῦ
523 2024 726 2067 πλάσματα·
765 2024 848 2055 illud

93 2078 182 2106 vero,
207 2069 294 2111 quod
314 2067 355 2099 de
377 2069 408 2100 vi
434 2070 537 2099 insani
560 2069 652 2099 leonis
673 2067 724 2099 vel
748 2066 805 2103 ira,
830 2078 849 2098 a

95 2112 285 2144 Prometheo
309 2109 615 2143 hominum-animis
637 2111 770 2153 injecta,
795 2109 847 2142 hic

94 2160 369 2191 commemoratur,
395 2153 580 2190 Stesichori,
597 2165 692 2196 quem
718 2154 848 2190 Noster,

94 2197 238 2230 imitatus
259 2197 313 2235 sit,
337 2197 505 2229 inventum
528 2208 609 2236 esse,
634 2209 675 2229 ex
699 2197 851 2239 Fuigent.

95 2241 205 2284 Myth.
221 2241 246 2273 l.
262 2240 310 2278 iii,
326 2251 358 2273 c.
377 2242 414 2272 de
430 2241 520 2272 Peleo
534 2241 643 2282 colligi
659 2251 752 2283 posse
768 2240 850 2272 exis-

95 2283 225 2316 timant.
271 2283 383 2316 Simile
413 2290 628 2316 commentum
657 2285 698 2316 de
725 2283 852 2314 diverso

96 2327 263 2360 mulierum
284 2326 428 2370 ingenio.
448 2338 488 2359 ex
512 2327 705 2359 diversorum
729 2327 850 2358 auima—

95 2369 190 2408 lium,
222 2370 301 2408 suis,
327 2370 446 2413 vulpis,
477 2370 573 2407 asini,
601 2370 747 2402 mustelae
776 2376 851 2402 cett.

96 2413 330 2458 cupiditatibus
345 2413 533 2456 composito,
547 2414 681 2446 laudant
695 2424 734 2445 ex
751 2414 850 2455 Frag-

96 2463 205 2490 ment«)
218 2457 358 2500 quodam
374 2457 549 2488 Simonidis
565 2458 643 2499 περὶ
662 2460 850 2499 γυναικῶν,

97 2499 185 2543 quod
219 2500 389 2544 separatim
419 2499 520 2532 edidit
549 2500 719 2532 Koelerus.
779 2501 854 2532 Huc

139 2543 238 2576 ttinet
248 2554 388 2587 quoque,
399 2545 485 2586 quod
499 2543 652 2575 excitavit
660 2543 712 2575 Cl.
721 2543 856 2576 Mitsch.

97 2553 283 2630 Fragment.
294 2587 407 2630 Eurip.
417 2587 457 2618 T.
466 2587 498 2623 ii,
508 2598 542 2629 p.
554 2588 618 2619 496
628 2586 721 2630 (edit.
732 2586 856 2630 Lips.),

38 2627 48 2642 ·’
98 2631 186 2672 quod
201 2629 288 2680 apud
302 2631 392 2662 stob.
409 2631 521 2673 (emt.
545 2631 630 2662 rior.
647 2642 679 2674 p.
698 2631 737 2661 13
742 2631 765 2679 >⁴
775 2631 855 2662 Phi-

97 2673 217 2706 lemom
233 2673 395 2706 tribuitur.
445 2675 596 2714 Principi,
615 2684 632 2705 e
644 2684 709 2716 quo
720 2684 856 2716 primum

98 2715 192 2749 finxit
213 2716 374 2749 hominem
397 2716 620 2754 Prometheus,
645 2717 685 2749 de
709 2717 858 2760 primaria

98 2759 234 2792 materia
246 2759 396 2811 equidem
415 2759 576 2803 explicare
597 2760 708 2792 nolim.
758 2760 858 2792 Undi-

140 2813 168 2840 ε,
179 2813 220 2836 ex
233 2803 308 2835 aliis
319 2803 463 2846 undique
473 2803 668 2835 animalibus
678 2815 687 2843 ;
704 2803 750 2835 sic
763 2803 858 2846 plane

34 2854 38 2886 ζ
99 2846 159 2879 tuf.
173 2846 208 2879 in
232 2847 338 2890 Epist.
356 2846 396 2878 ad
412 2846 482 2878 Pis.
498 2857 532 2878 v.
548 2847 581 2883 3,
597 2853 627 2878 et
649 2849 751 2878 varias
766 2850 859 2879 indu-

101 2898 171 2922 oen
178 2891 300 2932 plumas
318 2890 462 2932 Undique
477 2892 598 2922 collatis
613 2891 761 2922 membris.

107 2944 126 2954 τ’
150 2933 202 2972 1⁵,
221 2934 274 2966 16.
294 2933 336 2966 Et
352 2936 455 2965 insani
472 2935 576 2970 teonis,
591 2939 669 2965 cett.
684 2934 768 2966 Cum
784 2944 856 2976 par-

103 2974 203 3008 ticula
213 2982 246 3008 et
253 2987 417 3020 perperam
427 2987 484 3020 pro
496 2975 615 3020 copula
627 2977 807 3014 haberetur,
826 2977 859 3008 in

42 3031 43 3041 ¹
102 3018 303 3063 expdienda
317 3019 468 3053 orationis
485 3025 658 3059 structura,
670 3030 768 3063 quam
782 3022 860 3053 inso-

887 1162 1043 1193 lentior-em
1061 1166 1188 1198 vocant,
1211 1160 1303 1192 valde
1319 1170 1352 1192 se
1369 1165 1529 1192 torserunt
1543 1160 1639 1192 inter-

886 1210 988 1246 pretes
1000 1217 1008 1243 ;
1027 1205 1082 1236 sed
1094 1205 1176 1235 bene
1189 1214 1222 1235 se
1232 1214 1282 1235 res
1294 1203 1390 1234 habet
1400 1217 1409 1243 ;
1427 1205 1544 1235 Fertur
1555 1204 1639 1235 enim

887 1257 951 1278 non
967 1247 1007 1278 ad
1023 1249 1147 1284 addere,
1163 1246 1249 1289 quod
1266 1257 1285 1278 a
1300 1254 1420 1278 coactns
1436 1247 1564 1289 pendet,
1585 1245 1642 1277 sed

887 1290 927 1321 ad
951 1294 1120 1331 apposuisse
1145 1296 1270 1322 tautum
1293 1289 1489 1321 referendum
1513 1295 1582 1329 est3
1613 1296 1643 1320 et

888 1333 985 1375 igitur
1001 1335 1032 1366 h.
1046 1334 1070 1365 l.
1087 1340 1145 1370 est,
1169 1333 1278 1368 etiam,
1299 1343 1438 1375 quoque,
1460 1334 1543 1365 inter
1562 1332 1642 1364 alias

887 1387 1016 1418 quoque
1029 1377 1173 1408 desectas
1188 1375 1330 1418 undique
1343 1375 1530 1418 particulas.
1576 1376 1641 1407 Sto-

889 1421 1004 1455 macho,
1020 1419 1074 1452 irae
1091 1419 1170 1451 sedi.

937 1464 987 1500 17,
1007 1465 1059 1494 18.
1084 1464 1123 1494 ln
1138 1462 1342 1499 sententiam,
1359 1473 1455 1504 quam
1474 1463 1594 1494 Noster
1604 1463 1643 1495 de

888 1508 949 1544 ira,
967 1512 1003 1538 ut
1016 1506 1117 1548 prima
1129 1505 1228 1538 caedis
1242 1512 1274 1538 et
1289 1505 1500 1536 maximarum
1511 1506 1644 1539 calami-

889 1555 991 1580 tatum
1006 1560 1116 1586 causa,
1134 1550 1166 1581 h.
1181 1549 1202 1580 l.
1217 1549 1375 1585 tractavit,
1386 1549 1520 1580 laudant
1532 1549 1645 1581 Senec-

889 1592 928 1624 de
948 1594 1012 1630 Ira,
1032 1593 1055 1629 i,
1080 1595 1112 1625 2.
1160 1593 1330 1634 Thyesten:
1356 1603 1428 1623 nam
1452 1592 1534 1623 illud
1556 1599 1645 1624 atrox

888 1636 1037 1678 Thyestis
1052 1647 1127 1668 cum
1144 1636 1244 1668 Atreo
1263 1637 1357 1668 fratre
1371 1635 1411 1667 de
1431 1646 1527 1677 regno
1544 1642 1645 1668 certa-

889 1689 960 1710 men
980 1679 1026 1710 ira
1045 1686 1187 1711 exortum
1207 1686 1270 1711 est:
1295 1682 1387 1710 exitio
1411 1682 1514 1720 gravi,
1541 1680 1646 1720 cogita

889 1723 930 1753 de
949 1723 1100 1765 Thyestis
1123 1721 1243 1758 liberis,
1269 1732 1350 1764 quos
1371 1722 1492 1754 Atreus
1515 1722 1545 1753 ei
1565 1733 1644 1764 epu-

891 1765 1005 1796 landos
1017 1765 1175 1808 apposuit,
1193 1772 1224 1796 et
1235 1766 1275 1797 de
1287 1765 1358 1807 ejus
1374 1769 1472 1796 morte
1487 1764 1519 1795 in
1535 1765 1644 1804 exilio,

891 1819 955 1850 quo
971 1810 1082 1851 pulsus
1098 1814 1146 1840 est
1161 1809 1202 1839 ab
1217 1809 1308 1840 Atrei
1323 1807 1421 1840 occisi
1432 1807 1515 1840 filiis,
1528 1808 1646 1840 Mene-

890 1852 942 1882 lao
954 1859 986 1883 et
1002 1853 1257 1894 Agamemnone.
1302 1852 1455 1888 Stravere,
1474 1851 1648 1894 predidere,

890 1896 1018 1932 ultimae,
1038 1895 1208 1938 primariae.

938 1939 989 1970 19.
1013 1939 1140 1974 Stetere,
1163 1936 1356 1979 exquisitius
1379 1948 1446 1979 pro,
1471 1937 1567 1975 fuere,
1589 1948 1645 1969 ex-

890 1980 992 2013 titere.
1040 1981 1132 2023 Virg.
1162 1982 1243 2012 AEn.
1270 1980 1327 2017 vii,
1353 1981 1430 2017 553,
1459 1981 1551 2012 Stant
1577 1982 1650 2012 belli

893 2036 999 2056 callsae.

938 2069 992 2103 20,
1003 2069 1042 2099 21
1051 2090 1059 2098 .
1077 2066 1326 2108 Imprimeretque
1338 2069 1433 2098 muris
1443 2067 1562 2098 Hostile
1575 2078 1648 2098 ara-

894 2116 975 2141 trum
993 2113 1153 2142 exercitus.
1200 2111 1281 2142 Haec
1304 2110 1468 2152 explicant
1488 2110 1589 2151 magis
1610 2111 1649 2142 τὸ

883 2154 1051 2196 jitndicus,
1070 2153 1158 2195 quod
1176 2153 1358 2195 praecessit3
1383 2164 1456 2184 nam
1477 2154 1580 2184 solum
1598 2164 1650 2184 ur—

896 2197 1147 2240 biumfunditus
1161 2196 1368 2228 delendarum
1391 2203 1493 2228 aratro
1508 2197 1653 2228 verteba-

896 2246 968 2271 tur:
993 2239 1195 2284 Propert.iii.
1206 2240 1236 2276 7,
1251 2241 1305 2276 41,
1321 2241 1436 2271 Moenia
1449 2251 1541 2281 quam
1555 2241 1653 2272 Graio

898 2284 1059 2324 Neptunia
1086 2285 1194 2325 pressit
1224 2291 1330 2314 aratro
1364 2283 1470 2315 Victor
1500 2284 1654 2315 Palladiae

897 2328 1018 2370 ligneus
1044 2331 1126 2360 arcis
1152 2338 1255 2368 equus.
1302 2327 1451 2364 Insolens,
1482 2326 1654 2359 insolenter

913 2381 1043 2402 aeviens.

937 2414 1083 2445 22—24.
1110 2413 1265 2453 Compesce
1280 2419 1426 2444 mentem:
1449 2413 1541 2450 iram,
1557 2423 1655 2455 quam

895 2457 1012 2488 iambis
1036 2456 1114 2488 meis
1135 2457 1286 2492 excitavi,
1303 2457 1450 2499 reprime.
1498 2457 1654 2494 Tentanit,

900 2501 1042 2542 agitavit,
1052 2499 1192 2543 abripuit
1205 2512 1214 2539 ;
1231 2500 1299 2543 ipse
1311 2500 1467 2531 Horatius
1478 2499 1537 2532 inf.
1554 2500 1659 2543 Epist.

901 2545 924 2580 i,
940 2545 996 2581 20,
1012 2545 1067 2581 25,
1084 2554 1117 2574 se
1133 2546 1259 2575 celerem
1276 2545 1369 2575 irasci
1383 2554 1452 2575 esse
1469 2543 1606 2582 fatetur3
1626 2550 1659 2575 et

902 2587 978 2619 hinc
1002 2598 1074 2618 mox
1101 2586 1223 2618 iambos
1243 2588 1352 2618 celeres
1375 2586 1540 2629 (quamvis
1562 2586 1658 2619 Ovid.

902 2631 997 2662 Rem.
1027 2630 1104 2662 Am.
1126 2641 1158 2661 v.
1181 2631 1259 2668 378,
1281 2630 1321 2661 de
1343 2629 1463 2666 iambo,
1485 2630 1545 2661 Seu
1567 2632 1659 2666 celer.

901 2681 1067 2706 extremum
1091 2685 1144 2704 seu
1167 2674 1273 2704 trahat
1295 2675 1349 2704 ille
1371 2675 1496 2713 pedem;
1521 2678 1554 2704 et
1582 2674 1661 2706 Hor.

902 2718 961 2749 inf.
979 2717 1013 2748 in
1030 2717 1135 2760 Epist.
1146 2716 1186 2748 ad
1199 2716 1267 2748 Pis.
1284 2727 1313 2747 v.
1329 2717 1406 2752 251,
1424 2717 1551 2757 Syllaba
1569 2717 1662 2760 longa

902 2763 986 2793 brevi
1004 2762 1138 2802 subjecta
1164 2766 1291 2791 vocatur
1313 2761 1450 2797 iambus,-
1478 2760 1537 2791 Pes
1559 2761 1659 2802 citus)

902 2815 977 2836 cum
995 2804 1047 2836 Cl.
1064 2803 1200 2835 Mitsch.
1216 2803 1256 2834 ad
1271 2803 1362 2835 metri
1378 2803 1533 2834 rationem
1550 2804 1662 2835 referre

904 2848 1024 2887 nolim;
1049 2848 1158 2879 celeres
1174 2849 1265 2878 iambi
1280 2845 1367 2877 haud
1381 2846 1479 2878 dubie
1500 2852 1588 2883 sunt,
1606 2847 1662 2888 qui

901 2891 1001 2922 nimio
1023 2890 1144 2922 fervore
1167 2889 1406 2933 praecipitanter
1422 2891 1510 2930 (nos,
1528 2901 1584 2920 aas
1603 2890 1663 2921 Ue·

903 2935 1075 2977 berdlung,
1090 2936 1124 2965 in
1135 2935 1190 2965 der
1209 2933 1323 2974 Hitze)
1340 2932 1450 2975 scripti
1464 2937 1559 2971 sunt;
1575 2931 1663 2963 simi-

905 2978 977 3010 liter
997 2978 1125 3010 consilia
1148 2978 1296 3008 celeriora
1316 2976 1467 3008 dicuntur
1485 2976 1570 3017 apud
1594 2975 1666 3007 Liv.

906 3021 942 3058 ii,
958 3023 1014 3059 51,
1030 3021 1177 3056 Quamvis
1192 3023 1226 3052 in-
1237 3021 1419 3060 praecipitia,
1433 3020 1506 3050 dum
1518 3019 1666 3050 celeriora
