1884 3288
338 211 418 252 118

888 213 1286 255 CARMINUM

665 313 879 363 Caudam,
901 320 944 354 et
964 314 1203 355 recedentis
1224 313 1414 368 trilingui

731 379 821 421 Ore
841 380 975 434 pedes
997 380 1222 434 tetigitque
1243 395 1380 422 crura.

881 538 1152 581 CARMEN
1185 539 1289 581 XX.

768 679 853 709 AD
910 677 1408 709 MAECENATEM.

615 769 722 810 NON
745 771 916 819 usitata,
938 785 1023 812 non
1043 771 1160 811 tenui
1179 770 1291 811 ferar

614 835 762 876 Penna
782 836 972 877 biformis
992 851 1070 890 per
1090 837 1299 891 liquidum
1319 836 1480 878 aethera

669 902 828 943 Vates:
860 918 1001 956 neque
1019 904 1062 943 in
1084 904 1207 944 terris
1228 903 1427 944 morabor

729 968 941 1024 Longius:
974 970 1214 1023 invidiaque
1235 970 1370 1023 major

557 1033 583 1073 5
614 1033 757 1075 Urbes
778 1035 1025 1089 relinquam.
1085 1036 1191 1077 Non
1210 1051 1291 1090 ego
1312 1049 1551 1090 pauperum

612 1098 796 1153 Sanguis
817 1109 1056 1154 parentum,
1078 1116 1164 1142 non
1183 1115 1278 1156 ego,
1300 1114 1428 1155 quem
1446 1102 1589 1148 vocas,

670 1165 841 1207 Dilecte
863 1167 1094 1217 Maecenas,
1117 1168 1262 1217 obibo,

726 1232 822 1274 Nec
843 1233 994 1288 Stygia
1013 1233 1247 1275 cohibebor
1268 1233 1395 1274 unda.

374 1348 513 1380 29—32.
536 1350 706 1391 Vulgarem
722 1352 919 1388 sententiam,
944 1356 966 1370 “
982 1351 1064 1388 Tibi,

332 1395 366 1420 ut
381 1390 495 1431 insigni
511 1392 580 1428 deo,
597 1394 679 1447 apud
700 1394 813 1424 inferos
833 1395 909 1424 adeo
931 1404 1064 1434 magnus

331 1431 430 1462 honor
446 1434 613 1470 statuitur,’
641 1435 762 1475 egregie
775 1436 944 1466 exornavit.
990 1436 1063 1466 Fin-

332 1473 376 1513 git
387 1485 508 1516 nempe,
520 1476 700 1512 Cerberum,
717 1478 854 1507 belluam
869 1477 946 1508 alias
957 1478 1062 1508 saevis-

332 1515 453 1551 simam,
479 1518 598 1548 Bacchi
630 1520 669 1549 ad
694 1519 806 1549 inferos
827 1519 977 1550 venientis
1007 1521 1060 1550 ad-

331 1564 439 1598 spectu
463 1559 539 1590 adeo
561 1571 741 1601 percussum
770 1571 848 1595 esse,
873 1567 907 1591 ut
929 1560 1061 1591 caudam

330 1600 489 1630 atterendo
503 1603 630 1632 comiter
641 1603 669 1632 ei
679 1602 922 1638 adblandiretur,
935 1608 976 1636 et,
991 1613 1061 1633 cum

331 1639 385 1671 ille
406 1641 480 1672 inde
498 1653 674 1674 recessurus
694 1651 788 1679 esset,
811 1644 904 1685 pedes
925 1650 955 1675 et
974 1654 1064 1674 crura

330 1681 400 1723 ejus
413 1683 578 1715 lambendo
592 1696 721 1716 summae
741 1685 919 1716 reverentiae
934 1685 1062 1733 ampris-

331 1733 394 1764 que
419 1725 543 1766 signum
573 1727 687 1758 ederet.
733 1727 772 1757 Te
799 1729 889 1762 vidit,
915 1728 1060 1758 nimirum

332 1770 409 1802 tum,
439 1777 511 1798 cum
541 1769 687 1800 Bacchus
721 1769 857 1800 Semeles
887 1779 919 1800 re
942 1769 1062 1800 eteudae

330 1817 426 1838 causa
441 1809 480 1839 ad
497 1809 610 1841 inferos
628 1811 859 1842 descendisset:
883 1812 912 1842 vi
937 1834 945 1842 .
961 1812 1061 1853 Apol-

329 1849 428 1895 lodor.
443 1850 487 1886 iii,
502 1853 533 1886 5,
549 1853 580 1887 3,
598 1853 718 1894 Hygin.
733 1854 809 1884 Fab.
823 1854 900 1884 251.
943 1853 1059 1890 Insons,

326 1900 394 1937 Jarn
414 1892 559 1924 innoxius
576 1900 607 1924 et
626 1895 722 1931 mitis,
739 1895 792 1936 qui
810 1895 887 1925 alias
906 1901 988 1926 esset
1002 1896 1060 1926 irn-

329 1933 524 1966 mitissimus.
568 1938 668 1966 Aureo
697 1937 800 1967 Cornu
827 1939 983 1967 decorum.-
1021 1937 1061 1968 de

331 1973 452 2006 Bacchi
471 1976 627 2013 cornibus,
645 1978 774 2019 antiquo
794 1978 849 2008 illo
873 1979 988 2009 roboris
1011 1979 1059 2010 in-

330 2015 423 2056 signi,
447 2024 556 2059 praeter
576 2020 744 2061 Spanhem.
767 2021 806 2051 de
824 2021 881 2051 Us.
896 2026 927 2051 et
946 2022 1059 2052 Praest.

330 2058 430 2090 Num.
452 2060 538 2091 Diss.
559 2061 613 2096 vii,
636 2063 674 2092 T.
696 2062 718 2098 i,
743 2073 772 2103 p.
795 2064 868 2098 392,
893 2067 924 2092 et
949 2063 1059 2094 Burin.

331 2099 429 2132 Sicul.
457 2103 494 2132 T.
526 2102 558 2136 ii.
589 2108 612 2132 t.
648 2105 698 2139 12,
733 2104 858 2144 copiose
888 2103 1060 2146 disputavit

330 2142 470 2173 Broukh.
486 2143 525 2174 ad
543 2144 659 2175 Tibull.
681 2145 714 2181 ii,
733 2147 762 2181 1,
779 2147 809 2176 3.
853 2147 964 2183 Aureo,
986 2146 1058 2177 hinc

330 2183 480 2215 Bacchus
507 2186 727 2228 χρυσόκερως.
782 2188 955 2228 Trilingui:
991 2188 1055 2229 jam

331 2225 484 2257 Cerberus
499 2234 546 2258 est
561 2228 687 2270 tricepS‚
705 2230 896 2270 τρικρανὴς,
916 2229 970 2271 qui
986 2241 1057 2271 sup.

328 2266 362 2311 ii,
383 2269 434 2304 13,
451 2270 493 2299 34
508 2269 669 2301 dicebatur
683 2273 846 2311 centiceps3
873 2271 924 2302 ubi
937 2272 978 2302 cf.
994 2278 1058 2303 not.

329 2309 505 2341 Recedentz's
543 2323 591 2343 ore
628 2315 713 2351 pedes
750 2315 906 2354 tetigitque
943 2325 1056 2344 crura:

327 2350 430 2393 imago
459 2353 664 2384 suavissima!
711 2355 876 2391 Cerberus,
902 2355 956 2396 qui
980 2355 1059 2386 alias

327 2403 366 2424 ex
381 2394 463 2425 Orco
479 2404 652 2427 recessuros
668 2397 827 2428 devorasse
842 2397 1056 2438 fingitur(He-

328 2435 407 2467 siod.
428 2436 547 2478 Theog.
571 2438 663 2477 771),
687 2449 772 2470 nunc
799 2439 958 2470 Bacchum
986 2439 1059 2472 inde

327 2478 519 2510 recedentem
537 2479 657 2512 lambit.

545 2565 743 2596 CARMEN
767 2566 842 2596 XX.

370 2605 580 2638 Immortalem
609 2607 741 2638 nominis
770 2607 819 2638 sui
848 2606 975 2647 gloriam
1004 2607 1057 2645 (ut

327 2646 381 2678 alii
410 2653 519 2689 poetae,
543 2660 572 2679 v.
595 2660 626 2679 c.
657 2649 790 2680 Ovidius
817 2649 925 2679 Amor.
949 2649 972 2686 i,
998 2649 1055 2689 15)

326 2689 511 2729 vaticinatur
526 2690 557 2721 in
571 2691 631 2722 hoc
641 2691 776 2722 carmine
793 2690 950 2721 Horatius.
995 2692 1054 2722 Or—

327 2737 434 2762 natum
469 2738 573 2763 autern
603 2734 641 2763 ad
669 2733 827 2774 vulgarem
856 2733 1053 2769 sententiam,

328 2773 464 2805 Nominis
491 2776 546 2805 mei
573 2776 671 2816 gloria
701 2786 754 2814 per
784 2782 877 2805 totum
906 2781 1054 2806 terrarum

325 2817 421 2846 orbem
437 2826 548 2856 semper
563 2818 772 2854 celebrabitur,
791 2816 991 2852 efferendam,
1015 2819 1054 2848 ab

324 2858 447 2898 egregie
467 2857 501 2888 in
522 2858 603 2889 banc
625 2869 689 2890 rem
710 2859 783 2889 ficta
807 2858 943 2899 imagine
967 2859 1054 2900 petit.

326 2900 357 2930 N
361 2909 403 2931 on
416 2900 561 2941 amplius,
574 2900 672 2936 canit,
688 2901 721 2931 in
736 2900 784 2930 his
799 2899 886 2931 terris
900 2901 1051 2938 morabor,

325 2952 394 2980 nec,
416 2947 451 2974 ut
471 2942 564 2975 ceteri
587 2942 742 2980 mortam,
756 2942 861 2981 obibo,
878 2942 934 2974 sed
950 2948 1050 2974 trans-

1107 1351 1255 1383 formatus
1270 1352 1302 1382 in
1319 1351 1424 1383 alitem
1439 1351 1540 1383 enitar
1554 1350 1593 1382 ad
1611 1351 1727 1382 aethera
1737 1363 1747 1391 ;
1765 1351 1835 1393 jam

1107 1394 1207 1424 sentio
1226 1404 1275 1424 me
1294 1393 1358 1424 fieri
1378 1403 1522 1434 cycnum,
1540 1393 1608 1435 jam
1624 1399 1724 1424 totum
1739 1400 1834 1425 terra-

1107 1446 1174 1466 rum
1195 1437 1312 1471 orbem,
1331 1442 1366 1465 ut
1383 1435 1578 1466 remotissimi
1592 1434 1709 1476 quique
1727 1436 1835 1477 populi

1107 1488 1156 1509 me
1169 1483 1308 1514 noscant,
1322 1477 1529 1518 pervolitabo;
1551 1477 1651 1508 nolite
1663 1477 1758 1516 igitur
1771 1488 1832 1514 me,

1104 1525 1139 1550 ut
1163 1519 1225 1550 fato
1246 1530 1303 1549 suo
1323 1519 1530 1560 perfunctum,
1554 1518 1604 1550 vel
1621 1519 1708 1549 luctu
1732 1529 1835 1560 perse-

1104 1561 1170 1601 qui,
1195 1561 1242 1591 vel
1266 1571 1345 1591 vano
1375 1559 1511 1602 sepulcri
1539 1560 1655 1591 honore
1678 1561 1835 1593 decorare.

1106 1604 1188 1633 Cum
1204 1611 1322 1644 cycnus
1336 1602 1479 1649 Apollini
1493 1612 1580 1634 sacer
1597 1602 1647 1638 sit,
1663 1607 1695 1633 et
1710 1603 1750 1634 ob
1764 1603 1834 1644 ejus

1105 1650 1230 1674 cantum
1247 1644 1467 1674 suavissrmum
1483 1644 1739 1685 (distinguendus
1750 1645 1834 1676 enim

1105 1692 1152 1716 est
1166 1697 1276 1725 cycnus
1290 1695 1416 1716 canorus
1431 1687 1471 1716 ab
1485 1687 1563 1717 olore
1576 1693 1668 1722 muto,
1684 1687 1749 1717 vid.
1765 1692 1832 1719 not.

1106 1727 1145 1758 ad
1167 1727 1238 1758 Ecl.
1263 1728 1350 1758 Vett.
1372 1728 1474 1758 Poett.
1495 1739 1526 1770 p.
1544 1729 1627 1767 232)
1648 1727 1710 1770 ipsi
1732 1734 1832 1770 poetae

1104 1770 1219 1811 passim
1233 1772 1319 1810 cynei
1335 1770 1532 1812 appellentur
1546 1770 1605 1812 (cf.
1622 1780 1692 1812 sup.
1708 1771 1749 1802 ad
1763 1770 1784 1807 i,
1801 1773 1833 1808 6,

1104 1810 1155 1851 2),
1171 1822 1258 1847 sane,
1276 1822 1333 1842 cur
1346 1822 1410 1853 prae
1429 1811 1540 1842 ceteris
1555 1810 1684 1842 alitibus
1705 1812 1737 1843 iu
1759 1822 1833 1854 cyc-

1103 1863 1178 1884 num
1204 1853 1398 1895 potissimum
1428 1853 1540 1884 mutari
1567 1852 1700 1885 voluerit
1727 1860 1831 1896 poeta,

1103 1905 1193 1926 nemo
1223 1906 1286 1926 non
1314 1895 1472 1936 intelligit.
1523 1895 1668 1927 Ceterum
1696 1900 1759 1927 tam
1789 1897 1833 1928 rei

1102 1937 1280 1977 imaginem,
1311 1947 1406 1978 quam
1435 1937 1574 1968 altiorem
1598 1948 1661 1979 quo
1683 1937 1834 1970 Horatius

1103 1978 1135 2009 in
1154 1979 1213 2009 hoe
1233 1980 1369 2010 carmine
1389 1979 1524 2019 assurgit
1540 1979 1691 2021 spiritum,
1707 1989 1727 2010 a
1740 1986 1832 2022 poeta

1101 2021 1234 2061 quodam
1252 2022 1363 2052 Graeco
1377 2021 1509 2051 traxisse
1523 2020 1656 2052 videtur.

1148 2064 1240 2093 1—8.
1264 2063 1333 2092 Non
1361 2065 1474 2092 usitata
1495 2073 1605 2102 penna,
1629 2063 1660 2094 h.
1687 2073 1716 2094 e.
1743 2064 1831 2096 novis

1102 2103 1171 2141 alis,
1198 2104 1343 2145 qualibus
1368 2115 1425 2136 nec
1449 2115 1506 2145 ego
1530 2104 1643 2141 adhue,
1664 2115 1722 2136 nec
1743 2105 1830 2148 quis-

1101 2156 1195 2186 quam
1211 2147 1292 2176 alius
1313 2151 1385 2177 ante
1408 2156 1457 2177 me
1480 2147 1650 2177 instructus
1667 2146 1747 2185 suit3
1771 2160 1830 2180 non

1102 2190 1198 2224 tenui,
1215 2188 1245 2219 h.
1259 2199 1287 2219 e.
1303 2198 1364 2218 non
1387 2188 1448 2219 alis
1468 2188 1612 2224 modicis,
1627 2188 1681 2219 sed
1703 2190 1829 2230 grandi-

1101 2229 1218 2266 oribus,
1250 2230 1378 2271 cycneis
1405 2240 1527 2272 nempe.
1571 2230 1622 2261 De
1654 2238 1830 2265 commento

1101 2271 1219 2302 alarum
1241 2282 1300 2302 usu
1318 2271 1447 2312 gloriam
1465 2282 1519 2313 per
1536 2271 1606 2303 loca
1624 2272 1831 2306 remotissima

1100 2312 1271 2355 dissipandi
1280 2313 1440 2345 commode
1451 2313 1584 2344 afferunt
1593 2315 1697 2345 locum
1710 2316 1736 2346 T
1739 2315 1835 2356 heog.

1100 2356 1176 2390 231,
1210 2357 1267 2387 Σοὶ
1299 2356 1358 2397 μὲν
1395 2354 1458 2397 ἐγὼ
1491 2354 1584 2398 πτέρ’
1617 2355 1731 2393 ἔδωκα,
1766 2359 1830 2390 σὺν

1101 2396 1150 2434 οἷς
1167 2397 1217 2428 ἐπ’
1233 2397 1399 2439 ἀπείρονα
1418 2398 1548 2430 πόντον
1567 2397 1728 2440 Πωτίισῃ,
1743 2401 1829 2432 κατὰ

1100 2442 1169 2481 γῆν
1185 2441 1302 2472 πᾶσαν
1317 2438 1674 2482 ἀειρόμενοςῬηῖδέως,
1684 2442 1830 2474 πολλῶν

1102 2482 1248 2524 κείμενος
1256 2482 1292 2514 ἐν
1303 2482 1454 2524 στόμασι.
1497 2481 1640 2524 Bif'ormis
1649 2489 1743 2513 vates.-
1759 2493 1828 2524 ego,

1099 2525 1163 2560 cui,
1186 2530 1220 2554 ut
1242 2530 1353 2566 poetae,
1376 2524 1456 2555 binae
1475 2523 1592 2558 formae,
1611 2529 1674 2554 tam
1694 2525 1829 2558 hominis

1099 2576 1194 2607 quam
1218 2565 1321 2608 cycni,
1343 2575 1498 2597 concessae
1520 2573 1606 2597 sunt.
1649 2566 1829 2608 Invidiaque

1099 2611 1204 2648 major,
1227 2614 1257 2639 et
1282 2607 1397 2648 majore
1423 2607 1522 2648 gloria
1541 2607 1653 2644 elatus,
1675 2617 1770 2650 quam
1794 2615 1829 2640 ut

1099 2649 1230 2680 invideri
1251 2650 1326 2680 mihi
1349 2649 1482 2691 amplius
1503 2649 1620 2691 possit,
1642 2649 1725 2681 ultra
1745 2649 1826 2682 invi-
1856 2652 1859 2656 ’

1096 2691 1179 2722 diam
1197 2692 1308 2723 elatus.
1352 2691 1421 2722 Non
1439 2702 1492 2732 ego
1507 2701 1674 2730 pauperum
1693 2693 1826 2734 Sanguis

1094 2740 1276 2772 parentum.-
1311 2743 1373 2764 uon
1400 2743 1470 2774 ego,
1500 2732 1603 2772 qualis
1632 2743 1716 2765 nune
1742 2745 1824 2771 sum,

1096 2785 1268 2818 pauperum
1295 2780 1459 2817 parentum
1485 2774 1588 2812 filius;
1624 2781 1709 2816 patre
1741 2776 1825 2807 enim

1098 2818 1241 2848 libertino
1260 2827 1335 2848 usus
1350 2821 1398 2848 est
1417 2816 1584 2847 Horatius:
1608 2817 1650 2848 cf.
1665 2817 1735 2859 ejus
1753 2818 1824 2850 Vit.

1096 2869 1146 2902 ap.
1162 2860 1248 2891 Suet.
1292 2860 1433 2900 Sanguis,
1453 2857 1491 2888 de
1500 2858 1590 2900 'prole
1608 2863 1640 2890 et
1657 2859 1824 2901 propagine

1095 2901 1231 2942 passim:
1259 2900 1348 2942 Virg.
1366 2901 1444 2932 AEn.
1468 2899 1512 2935 vi,
1531 2901 1605 2937 836,
1625 2901 1745 2941 Prqjiee
1764 2903 1823 2932 tela

1095 2955 1199 2981 mauu,
1219 2945 1343 2984 sanguis
1359 2953 1459 2981 meum
1484 2941 1537 2973 ubi
1553 2941 1614 2974 vid.
1638 2942 1757 2975 Cerda:
1781 2943 1822 2976 cf.
