1904 3314
285 531 1335 596 EPISTOLARUM

590 747 735 780 LIBER
758 749 1022 782 SECUNDUS.

606 1077 931 1121 EPISTOLA
962 1078 998 1121 Ι.

541 1220 623 1252 AD
664 1220 1067 1252 AUGUSTUM.

150 1327 307 1390 Quum
328 1342 395 1380 tot
415 1337 630 1378 sustineas
652 1343 696 1378 et
718 1343 838 1378 tanta
858 1338 1034 1393 negotia
1055 1337 1189 1388 solus,

148 1411 244 1454 Res
264 1409 397 1453 Italas
418 1409 547 1452 armis
570 1409 741 1460 tuteris,
763 1409 957 1451 moribus
979 1424 1124 1459 ornes,

147 1479 347 1536 Legibus
367 1478 597 1528 emendes3
629 1477 673 1519 in
693 1476 872 1533 publica
891 1477 1120 1519 commoda
1142 1492 1334 1533 peccem,

147 1547 198 1590 Si
214 1546 349 1603 longo
371 1560 567 1588 sermone
588 1560 730 1587 morer
752 1553 828 1587 tua
849 1552 1062 1601 tempora,
1084 1545 1249 1588 Caesar.

87 1617 116 1660 5
145 1613 378 1666 Romulus,
400 1620 446 1657 et
468 1613 604 1656 Liber
623 1620 764 1669 pater,
787 1620 832 1655 et
852 1628 950 1656 cum
972 1614 1157 1656 Castore
1179 1614 1356 1665 Pollux,

266 1760 492 1794 EPISTOLA
518 1761 545 1792 Ι.

74 1807 252 1848 Postquam
273 1810 366 1848 poeta
388 1805 422 1836 in
445 1803 546 1847 prima
567 1803 667 1846 hujus
686 1802 781 1846 Epis-

31 1849 107 1882 tolae
128 1854 218 1892 parte
240 1847 386 1880 laudavit
404 1847 513 1890 populi
536 1846 781 1889 Romanisapi-

2 1919 3 1922 ,
29 1892 161 1930 entiam,
176 1901 242 1935 qua
262 1891 330 1930 ille,
351 1901 425 1923 cum
446 1890 541 1931 vulgo
561 1895 633 1933 post
650 1895 782 1921 mortem

31 1935 160 1969 demum
176 1935 309 1967 virtutes
326 1933 491 1966 hominum
512 1939 727 1975 agnoscantur
748 1938 781 1964 et

30 1983 116 2012 recte
129 1977 335 2014 aestimentur,
349 1976 416 2020 jam
438 1987 524 2009 nunc
548 1977 730 2017 Augustum
747 1981 782 2007 ut

0 2041 4 2058 2
29 2028 220 2067 presentem
239 2020 336 2053 deum
350 2025 536 2058 veneretur3
558 2019 691 2050 summis
710 2020 780 2050 Au-

5 2066 13 2085 '·
31 2065 117 2108 gusti
140 2063 291 2096 laudibus
317 2063 496 2107 praemissis,
521 2063 560 2095 de
576 2062 665 2105 justo
681 2062 781 2105 pretio

0 2102 4 2142 ζ’
31 2113 98 2140 tam
135 2106 380 2150 antiquioribus,
420 2117 517 2149 quam
553 2105 782 2138 recentioribus

30 2150 134 2196 poetis
149 2149 319 2183 statuendo
333 2149 411 2191 agit.

78 2195 175 2226 1-4.
193 2194 296 2229 Quum
306 2199 349 2224 tot
360 2194 519 2230 sustineas,
528 2196 603 2224 cett.
614 2191 780 2234 Vulgaris,

30 2237 88 2270 sed
102 2237 243 2279 elegans,
259 2235 418 2268 inferioris
432 2236 473 2267 ad
493 2235 684 2278 superiorem
703 2234 780 2266 scri-

31 2280 139 2314 bentis
164 2279 348 2312 excusatio:
389 2279 423 2311 Si
453 2278 555 2310 ausim
585 2283 627 2315 te,
657 2278 777 2317 Caesar,

0 2326 7 2394 ’ξ
30 2323 128 2373 longo
146 2332 291 2356 sermone
307 2321 447 2355 detinere
466 2327 498 2354 et
517 2331 648 2353 avocare
666 2331 685 2352 a
705 2331 776 2363 gra-

0 2403 5 2407 ,
31 2366 167 2400 vissunia
182 2365 328 2408 negotiis,
346 2365 463 2408 quibus
481 2370 517 2397 tu
540 2375 623 2396 unus
641 2370 707 2396 tam
727 2375 776 2396 ar·

0 2421 4 2450 ζ
30 2418 155 2443 nomm
178 2408 320 2452 potentia
343 2408 447 2440 Italiae
468 2408 668 2440 securitatem
695 2419 776 2451 prae-

0 2457 7 2489 Ji
30 2458 111 2491 ltu,
140 2462 238 2496 quam
275 2451 401 2494 legibus
437 2450 632 2482 salutaribus
668 2450 780 2494 populi

0 2498 3 2529 ἶ
30 2501 135 2528 nores
154 2494 371 2528 emendandos
397 2504 501 2532 curas,
523 2494 663 2537 profecto
691 2505 780 2526 com-

0 2537 9 2583 ζ.
32 2539 140 2576 moda,
159 2549 234 2581 quae
253 2543 289 2569 tu
310 2548 402 2581 paras
420 2537 550 2580 populo,
573 2547 633 2578 ego
656 2538 782 2569 turbare

0 2587 6 2620 ᾖ
33 2586 68 2616 et
81 2581 268 2624 intercipere
282 2581 401 2613 videar.

0 2638 10 2684 ἓ
82 2627 112 2658 1.
134 2625 234 2661 Solus,
248 2629 344 2656 antea
357 2623 442 2656 enim
453 2632 550 2665 penes
562 2622 668 2664 plures
680 2622 783 2655 fuerat

0 2687 12 2698 »η
31 2672 138 2702 ’ἵππω
153 2667 354 2712 publicarum
370 2665 611 2698 administratio.

0 2695 9 2747 i
79 2712 114 2749 2,
130 2713 163 2744 3.
185 2711 322 2742 Moribus
346 2721 443 2746 ornes,
468 2710 602 2751 Legibus
629 2709 781 2740 emendes.-

0 2748 13 2794 ξ’
95 2778 106 2794 ,
135 2755 267 2786 moribus
295 2754 440 2786 tentabat
469 2751 650 2788 Bentleius,
677 2753 782 2783 maeni-

0 2795 11 2825 ἓ
33 2807 37 2810 ·
105 2809 118 2836 ‚·
151 2797 206 2830 sed
227 2807 275 2828 res
300 2797 397 2829 Italas
425 2807 535 2827 ornare
560 2796 707 2827 moeuibus
730 2794 783 2826 vix

35 2839 275 2873 hnmanitas.
311 2841 432 2884 Supple
448 2839 489 2870 ad
501 2850 586 2870 ornes
595 2843 627 2869 et
637 2840 783 2876 emendes,

13 2882 19 2911 .'
38 2884 190 2927 &pulum
213 2884 408 2920 Romanum,
431 2889 464 2915 et
481 2882 550 2914 haec
575 2892 630 2924 per
643 2881 785 2924 ὕστερον

19 2925 144 2969 ,πρότε
169 2939 210 2960 ον
238 2926 324 2958 dicta
359 2937 428 2959 esse
457 2932 556 2968 puta:
597 2925 680 2966 leges
709 2924 786 2956 vitia

38 2978 110 3003 eme
154 2975 222 3008 ant,
245 2974 279 3002 et
295 2971 478 3004 emendatos
501 2968 641 3001 moribus
663 2974 788 3000 ornant.

827 1759 963 1802 Egregie
979 1760 1054 1792 huic
1077 1761 1148 1793 loco
1169 1761 1364 1804 respondent
1381 1771 1455 1804 quae
1472 1762 1579 1793 Hora-

826 1803 891 1835 tius
919 1805 960 1836 de
988 1804 1165 1836 emendatis
1193 1805 1234 1836 ab
1265 1805 1414 1846 Augusto
1437 1804 1579 1836 moribus

826 1846 914 1878 canit
930 1857 1002 1890 sup.
1023 1848 1086 1879 Od.
1104 1847 1145 1885 iv,
1165 1850 1198 1885 5,
1220 1849 1276 1884 21,
1299 1849 1354 1884 22,
1380 1848 1489 1879 Nullis
1507 1849 1575 1889 pol-

827 1891 930 1921 luitur
957 1897 1040 1922 casta
1070 1893 1174 1923 domus
1203 1893 1340 1932 stupris;
1384 1891 1448 1922 Mos
1476 1898 1506 1922 et
1532 1892 1578 1922 lez·

823 1935 997 1965 mendosum
1013 1935 1147 1966 edomuit
1166 1935 1264 1977 nefizs.
1309 1933 1501 1976 Respexisse
1517 1944 1576 1966 au-

824 1981 888 2008 tem
917 1976 1044 2008 videtur
1075 1978 1227 2009 Horatius
1255 1977 1357 2019 legem
1389 1977 1510 2008 Juliam
1540 1979 1577 2008 de

824 2021 989 2051 adulteriis
1010 2025 1043 2052 et
1066 2020 1170 2062 legem
1198 2021 1329 2061 Papiam
1354 2020 1514 2060 Poppaeam
1541 2023 1578 2052 de

825 2065 1010 2095 maritandis
1040 2065 1209 2095 ordinibus.
1267 2063 1394 2106 Scripta
1423 2069 1472 2095 est
1506 2063 1575 2096 haec

825 2105 981 2148 Epistola,
1013 2112 1180 2148 postquam
1207 2107 1388 2148 Augustus,
1421 2111 1459 2137 ut
1483 2106 1579 2138 refert

825 2149 958 2181 Sueton.
978 2150 1095 2181 Octav.
1109 2150 1164 2187 27,
1183 2161 1302 2181 morum
1319 2151 1477 2193 legumque
1492 2152 1577 2193 regi-

824 2203 891 2224 men
905 2199 1086 2234 perpetuum
1102 2199 1269 2234 receperat.

867 2237 901 2267 4.
926 2236 1032 2278 Longo
1046 2247 1198 2268 sermone:
1222 2242 1255 2268 et
1269 2241 1377 2267 tamen
1390 2235 1460 2268 haec
1480 2237 1575 2279 Epis-

822 2279 900 2315 tola,
925 2278 953 2309 si
980 2279 1157 2321 Epistulam
1182 2279 1223 2311 ad
1246 2278 1380 2311 Pisones
1400 2281 1573 2322 exceperis,

821 2321 963 2354 omnium
980 2322 1106 2354 Horatii
1127 2322 1347 2365 Epistularum
1363 2328 1412 2355 est
1426 2322 1576 2364 longissi-

821 2375 885 2396 ma.
930 2365 1062 2397 Scilicet
1076 2376 1138 2397 non
1154 2376 1223 2398 raro
1238 2365 1283 2397 rei
1306 2365 1456 2408 alicujus,
1475 2376 1573 2408 quam

822 2407 932 2451 paucis
950 2409 1098 2451 expedire
1117 2409 1278 2445 volumus,
1301 2409 1439 2450 gravitas
1455 2410 1502 2440 vel
1520 2409 1574 2452 ju·

823 2450 972 2483 conditas
995 2462 1052 2483 nos
1079 2451 1214 2484 disertos
1233 2459 1266 2484 et
1289 2452 1437 2484 verbosos
1460 2452 1575 2486 reddit.

827 2495 906 2532 Tua,
923 2494 1058 2537 negotiis
1074 2495 1137 2526 tuis
1150 2494 1320 2527 destinata.

868 2539 987 2569 5-10,
1014 2539 1175 2575 Romulus,
1194 2543 1271 2570 cett.
1288 2537 1463 2574 Romulus,
1488 2539 1574 2571 Bac-

825 2580 917 2619 chus,
941 2581 1059 2612 Pollux
1081 2592 1155 2613 cum
1185 2582 1316 2614 Castore
1345 2586 1378 2613 et
1405 2581 1575 2620 Hercules,

824 2630 993 2666 postquam
1016 2624 1110 2656 rebus
1132 2624 1228 2666 gestis
1247 2623 1458 2656 immortalem
1480 2624 1576 2666 glori-

825 2676 876 2697 am
900 2667 959 2698 sibi
983 2673 1259 2710 comparaverunt,
1280 2666 1362 2699 inter
1380 2666 1458 2699 deos
1474 2667 1576 2707 relati,

825 2708 903 2740 dum
928 2710 1010 2742 bene
1036 2716 1169 2748 merent,
1193 2709 1271 2742 dum
1295 2716 1446 2743 terrarum
1473 2710 1576 2742 homi-

826 2762 968 2795 numque
983 2753 1107 2785 cultum
1126 2760 1252 2790 curant,
1273 2754 1351 2785 dum
1371 2763 1462 2794 agros
1476 2754 1575 2795 assig-

827 2802 906 2828 nant
931 2796 1066 2834 colonis,
1091 2797 1168 2828 dum
1195 2807 1306 2840 aspera
1335 2796 1420 2828 bella
1446 2807 1577 2838 compo-

827 2845 920 2878 nunt,
947 2839 1025 2871 dum
1047 2839 1166 2883 oppida
1190 2840 1345 2876 condunt,
1368 2839 1488 2871 meritis
1510 2839 1577 2870 suis

830 2892 892 2914 non
914 2889 1074 2926 speratum
1093 2884 1233 2916 favorem
1255 2883 1439 2923 contingere
1455 2883 1576 2924 (plora-

829 2926 914 2967 vere)
937 2926 1119 2958 doluerunt.
1166 2927 1290 2962 Heroes,
1326 2925 1477 2957 Horatius
1507 2934 1578 2966 sup.

830 2979 958 3012 quoque
985 2969 1050 3002 Od.
1077 2969 1123 3007 iii,
1146 2971 1166 3001 3
1189 2973 1459 3004 commemoratos,
1488 2966 1521 2999 h.
1545 2977 1577 2998 e.
