1904 3314
317 186 399 226 458

804 186 1329 237 EPISTULARUM

426 285 609 340 Inspice,
632 287 666 327 si
688 301 862 340 possum
883 287 1041 328 donata
1062 302 1269 341 reponere
1289 286 1426 328 laetus.

340 352 397 392 40
426 352 558 394 Haud
579 353 684 394 male
705 353 1004 403 Telemachus,
1026 353 1168 407 proles
1190 354 1389 408 patientis
1412 353 1608 407 Ulyssei:

425 418 527 459 Non
549 426 613 459 est
634 425 759 472 aptus
779 419 900 472 equis
922 419 1068 460 Ithace
1088 420 1231 469 locus3
1265 426 1310 460 ut
1330 434 1468 473 neque
1488 419 1626 474 planis

425 483 656 524 Porrectus
678 485 838 538 spatiis,
859 498 997 537 neque
1017 485 1160 525 multae
1180 486 1388 538 prodigus
1407 485 1553 526 herbae
1570 501 1580 526 ε

425 549 593 598 Atride,
615 551 748 604 magis
769 557 868 604 apta
889 551 966 591 tibi
987 557 1059 591 tua
1080 552 1191 592 dona
1210 550 1457 604 relinquam.

425 614 608 656 Parvum
627 630 759 669 parva
779 616 953 656 decent:
985 615 1086 656 mihi
1100 617 1190 669 jam
1209 631 1294 657 non
1314 617 1432 670 regia
1451 616 1604 665 Roma,

341 681 396 721 45
426 682 513 722 Sed
534 696 713 723 vacuum
732 681 872 722 Tibur
891 681 1046 735 placet,
1068 689 1141 722 aut
1162 682 1329 722 imbelle
1350 682 1600 723 Tarentum.

425 747 635 788 Strenuus
657 754 699 788 et
721 746 856 796 fortis,
881 747 1104 800 causisque
1127 746 1353 801 Philippus
1375 748 1550 801 agendis

425 812 589 862 Clarus,
611 813 666 853 ab
687 813 834 853 officiis
856 819 1044 853 octavam
1066 813 1232 853 circiter
1253 813 1400 854 horam

426 877 545 918 Dum
564 879 688 927 redit,
712 885 853 932 atque,
877 878 969 919 foro
991 879 1161 919 nimium
1182 879 1340 920 distare
1362 879 1553 928 Carinas,

425 943 522 984 Jam
542 944 715 998 grandis
735 951 838 984 natu
858 944 1065 997 queritur,
1085 945 1322 997 conspexit,
1343 952 1391 985 ut
1411 945 1542 994 aiunt,

340 1009 396 1050 50
424 1008 639 1050 Abrasum
661 1010 874 1063 quendam
894 1024 1026 1050 vacua
1047 1010 1230 1050 tonsoris
1252 1010 1295 1050 in
1315 1011 1480 1059 umbra,

426 1074 608 1116 Cultello
630 1075 826 1128 proprios
850 1081 1102 1129 purgantem
1122 1074 1273 1115 leniter
1294 1089 1473 1129 ungueS.

311 1215 381 1236 care
411 1215 547 1247 possum,
572 1205 701 1236 summis
724 1206 901 1247 quibusque
924 1205 1040 1237 divitiis

311 1247 452 1288 praesero.
499 1248 646 1279 Horatius
676 1247 771 1288 igitur
797 1248 980 1282 Maecenati,
1009 1258 1041 1278 se

307 1289 488 1330 neutiquam
512 1289 654 1320 lautioris
667 1290 738 1320 vitae
755 1298 850 1320 causa
871 1289 941 1330 ejus
963 1289 1040 1319 ami-

307 1330 410 1367 citiam
422 1331 556 1372 petiisse,
567 1331 640 1361 satis
651 1337 754 1372 aperte
763 1331 851 1362 dicit.
875 1333 1035 1361 Altilium:

307 1373 348 1402 ad
373 1373 474 1403 lautas
496 1373 606 1414 epulas
635 1372 790 1414 pertinent
812 1374 923 1407 altiles,
953 1372 984 1402 h.
1011 1382 1039 1403 e.

308 1423 378 1444 aves
402 1416 557 1455 (anseres,
582 1414 717 1454 gallinae,
737 1414 844 1451 cett.),
861 1425 931 1455 quae
948 1415 1037 1443 alun-

304 1462 357 1486 tur
385 1462 417 1486 et
446 1456 627 1497 saginantur
662 1456 694 1486 in
727 1455 853 1486 aviario.
914 1457 1039 1486 Divitiis

306 1499 460 1528 Arabum.-
484 1507 553 1539 sup.
568 1497 632 1529 od.
649 1497 671 1533 i,
687 1499 741 1534 29,
760 1499 788 1535 l,
801 1499 889 1528 beatae
902 1499 1036 1528 Arabum

328 1549 400 1570 azae.

304 1551 327 1581 g
349 1581 403 1616 37,
419 1581 472 1611 38.
496 1581 575 1620 Soepe
594 1582 804 1616 verecundum,
820 1586 905 1615 cett„
922 1586 955 1610 tu
971 1579 1038 1622 ipse

306 1632 390 1663 saepe
415 1632 464 1652 me
489 1627 525 1652 ut
553 1621 706 1652 hominem
730 1623 940 1653 verecundum
969 1622 1036 1652 lau-

305 1663 399 1699 dasti,
422 1668 453 1694 et
474 1673 530 1703 ego
553 1669 593 1699 te,
619 1674 684 1694 non
710 1669 831 1694 tantum
855 1673 959 1694 coram
982 1663 1037 1694 sed

305 1705 398 1736 etiam
415 1705 537 1740 absens,
549 1716 647 1746 regem
661 1712 692 1736 et
705 1712 820 1744 patrem
834 1705 991 1736 celebravi
1008 1711 1039 1736 et

305 1752 469 1777 veneratus
483 1757 563 1777 sum.
594 1748 691 1777 Audit
706 1747 820 1788 aliquis
834 1759 894 1782 rex,
911 1747 964 1788 qui
980 1757 1037 1778 no-

306 1789 390 1819 mine
404 1789 484 1828 regis
498 1788 677 1829 insignitur.
691 1800 745 1830 pro
762 1799 832 1829 rege
847 1789 988 1819 babetur.

349 1831 402 1860 39.
425 1830 551 1869 Inspice,
571 1833 608 1865 si,
623 1836 697 1861 cett.
713 1831 778 1861 dixi
800 1830 902 1866 modo,
927 1841 987 1865 me,
1009 1830 1035 1862 si

307 1871 382 1902 sorte
406 1882 464 1912 ego
486 1872 543 1902 tibi
566 1872 671 1903 videar
694 1872 804 1903 similis
827 1872 974 1903 nitedulae
997 1882 1035 1903 ex

306 1913 432 1948 sabulis,
449 1920 558 1944 cuncta
574 1917 726 1956 resignare
741 1916 837 1950 velle;
859 1914 929 1944 vide
943 1914 1036 1954 igitur

307 1954 367 1993 (si)
398 1964 438 1984 an
475 1965 513 1985 ea
540 1966 611 1996 quae
656 1955 732 1985 mihi
762 1955 885 1986 donasti
914 1955 1034 1995 (latus)

307 2002 426 2037 promto
452 2002 621 2038 paratoque
647 1997 750 2027 animo
774 1999 947 2039 (reponere)
969 1998 1036 2028 red-

307 2039 380 2068 dere
414 2037 540 2079 possim.
600 2039 760 2078 Reponere,
792 2050 857 2081 pro,
889 2040 1036 2071 reddere:

307 2080 414 2110 Plaut.
430 2080 463 2110 in
479 2080 567 2110 Pers.
585 2080 607 2112 i.
629 2081 656 2116 l,
669 2082 723 2115 38,
744 2081 785 2111 Ut
801 2083 872 2110 mihi
887 2084 935 2111 des
951 2093 1037 2111 nnm-

307 2131 366 2151 mos
381 2123 648 2155 sexcentos—Quos
663 2124 804 2152 continuo
827 2124 880 2152 tihi
900 2134 1038 2161 reponam

306 2165 339 2193 in
363 2164 414 2194 hoc
437 2165 550 2200 triduo,
572 2170 624 2193 ant
648 2165 822 2202 quatriduo.
867 2165 977 2194 Senec.
998 2165 1037 2195 de

308 2205 418 2236 Benef.
436 2205 477 2242 iv,
499 2206 552 2240 32,
580 2204 661 2239 Quid
684 2207 789 2245 cuique
813 2207 942 2240 debeam,
966 2209 1034 2242 scio,

305 2249 374 2277 aliis
395 2253 458 2286 post
473 2249 596 2288 longum
610 2249 687 2276 diem
708 2258 824 2286 repono,
840 2248 908 2277 aliis
925 2249 957 2277 in
980 2259 1035 2278 au-

304 2295 452 2320 decessum.

347 2331 485 2360 40—43.
521 2330 727 2361 Telemachus
763 2340 887 2371 quoque
924 2341 1034 2371 equos,

305 2371 387 2402 dono
415 2371 474 2402 sibi
503 2382 522 2402 a
551 2372 699 2403 Menelao
726 2373 858 2406 oblatos,
888 2382 1035 2412 generoso

306 2413 410 2444 animo
425 2414 589 2444 recusavit.
637 2414 784 2444 Patientis
799 2414 1030 2456 (πολυτλήμο-

306 2467 376 2492 νος.
390 2455 658 2494 πολύτλαντος),
674 2455 782 2486 eodem
798 2466 891 2487 sensu
907 2457 1036 2497 Ulysses

306 2508 378 2538 sup.
415 2496 518 2538 Epod.
553 2499 604 2532 17,
643 2499 681 2528 16
715 2498 828 2528 dicitur
866 2500 1034 2529 laboriosus.

308 2539 378 2570 Non
399 2546 439 2569 est
462 2546 549 2578 aprus
567 2541 647 2579 equis
662 2539 765 2570 Ithace
780 2541 870 2576 locus,
885 2545 955 2571 cett.
972 2551 1034 2571 non

306 2578 432 2623 possum
445 2591 542 2622 equos
563 2581 638 2612 mihi
652 2581 772 2612 oblatos
793 2582 945 2623 accipere,
962 2593 1034 2613 nam

307 2623 404 2663 patria
430 2632 500 2653 mea
525 2623 635 2654 Ithaca
659 2633 719 2654 non
745 2629 817 2665 apta
843 2629 891 2654 est
914 2624 1035 2655 alendis

305 2664 412 2706 equis·,
451 2664 584 2705 aptiores
613 2665 735 2696 alendis
762 2666 851 2706 equis
878 2671 951 2696 sunt
978 2666 1033 2697 lati

306 2706 420 2748 campi,
437 2706 550 2747 quibus
563 2713 598 2737 tu
614 2706 757 2748 imperas·
790 2707 951 2748 Expressit
966 2709 1031 2738 Ho-

305 2747 402 2779 ratius
427 2749 554 2779 Homer.
579 2748 692 2790 Otlyss.
715 2749 757 2784 iv,
783 2749 842 2780 601
869 2759 938 2790 sqq.
957 2749 1033 2780 ’Ἱπ-

307 2801 394 2827 πους
408 2789 434 2821 δ’
451 2789 495 2827 εἷς
507 2789 644 2829 Ἰθάκην
662 2791 718 2821 οὐκ
735 2792 864 2832 ἄξομαι,
878 2791 968 2822 ἀλλά
982 2803 1034 2823 σοι

307 2832 400 2873 αὐτῷ
413 2831 549 2863 Ένθάδε
561 2832 665 2872 λείψω
676 2833 823 2874 ἄγαλμα·
846 2833 885 2864 σὺ
897 2834 962 2875 γὰρ
974 2846 1032 2865 πε-

305 2873 384 2905 δίοιο
395 2874 553 2911 ἀνάσσεις
564 2874 798 2916 Εὐρὲος.--Ἐν
809 2873 956 2916 &many
965 2876 1033 2907 οὔτ’

1085 1206 1256 1244 Porrectus,
1278 1212 1397 1249 utpote,
1421 1207 1470 1239 vel
1497 1206 1613 1249 quippe
1643 1211 1812 1249 porrectum

1083 1254 1240 1288 porrectus
1277 1259 1410 1290 nempe;
1451 1249 1495 1280 sic
1524 1255 1560 1280 ut
1593 1248 1676 1290 apud
1705 1248 1813 1279 Plaut.

1085 1290 1214 1320 Curcul.
1245 1289 1278 1327 ii,
1307 1293 1335 1327 l,
1366 1292 1398 1326 2,
1433 1291 1474 1322 Ut
1505 1292 1568 1331 qui,
1597 1295 1671 1322 cett.
1694 1290 1812 1332 quippe

1106 1341 1150 1361 ui.

1083 1341 1104 1372 q
1124 1374 1178 1403 44.
1202 1374 1299 1414 Regia
1316 1375 1423 1410 Roma,
1438 1379 1473 1405 ut
1487 1384 1560 1416 sup.
1574 1373 1638 1405 Od.
1653 1373 1758 1408 iv.14,
1769 1373 1811 1404 44

1081 1415 1200 1444 domina
1230 1415 1334 1453 Roma,
1365 1421 1396 1446 et
1422 1415 1485 1447 Od.
1515 1415 1559 1452 iv,
1588 1417 1622 1452 3,
1651 1416 1690 1446 13
1715 1415 1812 1446 Roma

1081 1459 1217 1495 princeps
1231 1459 1362 1488 urbium.

1123 1500 1177 1528 45.
1205 1498 1349 1535 Vacuum,
1375 1504 1411 1529 ul.
1435 1498 1492 1530 inf.
1517 1497 1618 1540 Epist.
1642 1496 1677 1534 ii,
1700 1499 1734 1534 2,
1757 1499 1810 1534 81,

1080 1550 1180 1570 vacuae
1204 1541 1345 1571 Athene.-
1370 1540 1439 1571 loca
1460 1540 1607 1571 dicuntur
1627 1550 1734 1575 vacua,
1757 1540 1812 1572 ubi

1081 1591 1099 1611 a
1114 1582 1206 1611 rebus
1228 1582 1384 1622 negotium
1405 1581 1626 1613 facessentibus
1647 1582 1755 1612 remoti
1776 1582 1810 1613 in

1081 1623 1162 1653 bono
1187 1623 1249 1654 otio
1274 1624 1364 1654 nobis
1388 1623 1489 1654 vivere
1512 1629 1543 1654 et
1566 1622 1676 1654 studiis
1700 1623 1812 1655 nostris

1080 1673 1191 1695 vacare
1213 1675 1400 1707 possumus;
1423 1665 1563 1696 similiter
1577 1675 1614 1695 su
1638 1687 1646 1696 .
1661 1665 1762 1707 Epod.
1777 1667 1810 1703 5,

1081 1707 1120 1736 43
1151 1706 1291 1746 Neapolis
1313 1707 1429 1739 dicitur
1449 1709 1552 1738 otiosa.
1622 1707 1724 1738 mbeue
1753 1707 1810 1738 Ta-

1080 1754 1211 1784 rentum,
1241 1749 1294 1780 ubi
1322 1749 1492 1790 tranquilla
1521 1754 1553 1780 et
1583 1754 1696 1790 pacata
1722 1754 1812 1780 erant

1081 1790 1185 1820 omnia
1201 1791 1455 1832 (dusfriedliche,
1466 1792 1546 1821 stille
1560 1789 1703 1831 Tarent).
1746 1791 1810 1822 Ta—

1079 1831 1204 1867 rentini,
1223 1843 1295 1863 cum
1316 1834 1485 1874 gauderent
1505 1831 1590 1862 omni
1604 1842 1704 1863 rerum
1719 1832 1811 1863 afflu-

1079 1873 1174 1908 entia,
1191 1873 1284 1904 alieni
1300 1884 1318 1905 a
1335 1875 1417 1905 bello
1433 1879 1464 1904 et
1477 1873 1548 1904 vitae
1564 1873 1700 1904 molliori
1714 1873 1811 1906 dediti

1080 1915 1226 1952 fuerunt;
1250 1916 1321 1947 hinc
1344 1917 1384 1947 ab
1409 1915 1534 1947 Horatio
1557 1926 1625 1957 sup.
1645 1916 1711 1947 Sat.
1726 1915 1760 1951 ii,
1777 1917 1809 1952 4,

1079 1957 1131 1993 34,
1155 1963 1186 1987 et
1210 1958 1308 1988 Ovid.'
1327 1960 1460 1990 Metam.
1485 1968 1535 1993 xv,
1563 1959 1617 1994 50,
1645 1957 1810 1988 Tarentum

1081 1998 1196 2029 dicitur
1210 2001 1306 2030 molle.

1125 2042 1165 2071 46
1180 2051 1248 2082 sqq.
1273 2042 1432 2076 Strenuus,
1444 2046 1518 2072 cett.
1561 2041 1581 2072 J
1586 2051 1636 2072 ain
1649 2041 1809 2080 Horatius,

1082 2088 1116 2112 ut
1138 2083 1290 2120 ostendat,
1305 2093 1398 2125 quam
1422 2084 1516 2114 stulte
1537 2088 1642 2123 agant,
1660 2082 1727 2124 qui,
1747 2093 1809 2115 non

1082 2124 1316 2164 acquiescentes
1340 2125 1372 2155 in
1398 2135 1446 2163 ea,
1469 2134 1531 2167 qua
1553 2130 1694 2160 utuntur,
1717 2131 1809 2162 sorte,

1081 2165 1214 2196 lautiora
1243 2172 1274 2197 et
1304 2166 1455 2208 ampliora
1486 2177 1504 2197 a
1529 2171 1650 2208 petunt,
1681 2176 1809 2198 suavem

1080 2207 1284 2238 narrationem
1314 2208 1469 2250 adspergit
1518 2219 1535 2238 e
1563 2218 1706 2250 praecone
1729 2219 1809 2251 quo—

1078 2247 1162 2283 dam,
1181 2249 1310 2280 Vulteio
1327 2251 1436 2285 Mena,
1451 2249 1517 2291 qui,
1531 2259 1602 2280 cum
1618 2259 1637 2280 a
1650 2249 1808 2292 Philippo,

1078 2289 1174 2319 nobili
1192 2290 1424 2331 jurisconsulto,
1441 2302 1473 2321 se
1493 2291 1606 2321 adduci
1628 2301 1738 2332 passus
1759 2302 1808 2323 es.

1079 2337 1136 2366 set,
1154 2338 1199 2366 ut,
1213 2333 1349 2372 agellum
1364 2333 1422 2362 sibi
1437 2338 1602 2368 mercatus.
1614 2343 1653 2364 ex
1668 2342 1808 2374 precone

1079 2373 1164 2403 fieret
1177 2374 1324 2410 rusticus,
1344 2375 1487 2408 stultum,
1501 2375 1584 2415 quod
1606 2380 1740 2416 ceperat,
1757 2375 1808 2407 su.

1079 2414 1139 2445 isse
1167 2415 1331 2446 consilium
1367 2415 1558 2458 experientia
1589 2416 1718 2447 edoctus
1750 2423 1808 2449 est.

1081 2458 1251 2496 Philippus,
1275 2458 1300 2487 si
1323 2465 1443 2499 spectes
1469 2457 1577 2488 laudes

1078 2499 1190 2540 passim
1215 2499 1251 2529 L.
1271 2500 1410 2539 Philippo
1429 2501 1467 2534 Q.
1484 2500 1520 2530 F.
1543 2510 1558 2530 e

1620 2467 1677 2489 uas
1699 2458 1808 2491 Cicero

1618 2502 1707 2532 arctis
1725 2501 1809 2542 (vid.

1080 2542 1201 2571 Ernest.
1217 2541 1307 2571 Clav.
1322 2543 1391 2573 Cic.
1408 2552 1435 2572 s.
1450 2552 1480 2572 v.
1498 2541 1538 2572 L.
1557 2541 1731 2582 Philippus)
1754 2543 1807 2573 tri-

1079 2582 1156 2618 buit,
1170 2582 1241 2623 jure
1257 2584 1429 2625 meritoque
1447 2583 1511 2625 jam
1527 2589 1654 2615 vocatur
1669 2589 1808 2616 strenuus

1077 2630 1107 2654 et
1136 2627 1220 2655 ortis.

1111 2625 1171 2701 ‘17,
1194 2668 1246 2697 48.
1275 2668 1319 2697 Ab
1345 2666 1459 2707 qfficiis,
1485 2677 1557 2708 quae
1580 2666 1748 2710 Philippus
1772 2668 1804 2699 in

1077 2707 1141 2739 soro
1154 2718 1264 2739 causas
1280 2718 1335 2750 pro
1350 2708 1516 2739 clientibus
1526 2708 1658 2741 dicendo
1669 2708 1786 2740 obierat
1794 2722 1802 2748 ;

1079 2750 1219 2785 Carinas,
1231 2749 1370 2790 intellige
1382 2750 1468 2781 urbis
1480 2750 1635 2790 regionem
1649 2750 1703 2781 ubi
1715 2750 1804 2782 habi—

1077 2793 1165 2822 tabat
1194 2791 1358 2834 Philippus
1372 2804 1380 2830 ;
1417 2791 1532 2823 ibidem
1561 2792 1688 2823 fuerunt
1722 2792 1805 2823 aedes

1078 2833 1248 2869 Ciceronis,
1263 2843 1282 2864 a
1305 2833 1474 2875 majoribus
1496 2833 1675 2865 haereditate
1691 2843 1803 2876 accep-

1077 2881 1128 2910 tae,
1144 2881 1174 2906 et
1190 2874 1348 2917 Pompeii:
1375 2876 1448 2907 Vet.
1461 2875 1579 2911 SchoL,
1591 2876 1710 2907 Cariuoe
1725 2877 1804 2908 roms

305 2915 357 2957 ἂρ’
373 2915 486 2958 δρόμοι
503 2915 618 2957 εὐρέες,
632 2917 704 2948 οὔτε
722 2929 753 2948 τι
769 2917 900 2958 λειμών.
948 2918 1031 2949 Uc—
1074 2920 1154 2957 apud
1173 2918 1331 2956 Tellurem,
1346 2919 1397 2948 ubi
1411 2924 1452 2949 est
1470 2918 1650 2958 Pompeiana
1663 2919 1776 2949 domus.
