1884 3288
305 209 384 249 170

867 205 1270 250 CARMINUM

589 308 768 357 Narras,
791 314 834 349 et
855 323 990 362 genus
1013 308 1154 349 AEaci.

646 374 706 415 Et
726 382 914 429 pugnata
935 389 1054 416 sacro
1074 375 1186 416 bella
1208 375 1288 416 sub
1310 373 1411 416 Ilio:

535 443 560 482 5
592 441 692 488 Quo
714 441 866 482 Chium
887 443 1025 495 pretio
1047 442 1198 482 cadum

648 507 906 556 Mercemur,
929 508 1022 561 quis
1044 522 1196 560 aquam
1217 514 1425 561 temperet
1444 508 1630 562 ignibus,

592 573 692 619 Quo
712 574 931 627 praebente
953 573 1122 614 domum
1143 581 1185 613 et
1205 580 1338 626 quota

647 639 835 694 Pelignis
857 654 1021 680 caream
1043 639 1288 693 frigoribus,
1311 647 1441 681 taces.

593 706 664 746 Da
686 707 823 747 Lunae
845 720 1027 760 propere
1048 721 1180 755 novae,

511 773 564 813 10

650 773 722 813 Da
741 773 894 813 Noctis
916 772 1079 820 mediae,
1103 772 1171 821 da,
1194 786 1315 826 puer,
1339 773 1512 826 auguris

594 839 804 880 Muraenae
822 856 830 879 ε
864 839 1000 879 tribus
1022 845 1095 879 aut
1115 853 1265 879 novem

310 975 348 1006 rb
364 973 443 1015 παρ’
460 973 583 1015 ἀμφοῖν
600 972 659 1010 ἡδὺ
681 972 886 1015 σύγκρατον.
934 972 1041 1002 Verus.-

311 1016 391 1047 bene
407 1016 446 1046 ad
462 1025 558 1051 aram,
574 1020 722 1055 tanquam
739 1014 875 1056 pietatis,
888 1014 953 1055 jam
975 1013 1042 1043 lon-

311 1057 359 1099 gis
372 1058 444 1088 inde
459 1057 550 1087 annis
564 1057 672 1087 Fauno
684 1057 846 1092 exsolutae,
858 1065 1043 1086 monumen-

311 1106 389 1134 tum,
404 1098 640 1140 designandam.

354 1142 473 1172 9—16.
520 1141 627 1175 Ludit,
656 1151 719 1181 prae
752 1138 862 1170 laetitia
897 1138 1044 1173 exsultat,

313 1184 435 1220 παίζει.
481 1183 594 1219 Festus,
609 1183 690 1213 diem
714 1182 827 1212 festum
846 1181 878 1211 in
899 1181 1045 1211 honorem

311 1231 397 1255 tuum
422 1224 594 1255 celebrans.
643 1224 746 1258 Vacat,
763 1223 883 1254 solutus
902 1228 950 1253 est
971 1233 1044 1263 ope-

313 1277 394 1303 rum,
420 1273 455 1297 ut
484 1267 542 1297 sub
571 1267 630 1297 fine
661 1265 807 1296 carminis
836 1264 1047 1295 antecedentis

312 1308 436 1340 dicitur.
482 1308 567 1339 Inter
585 1310 711 1338 audaces
727 1309 815 1347 lupus
830 1313 913 1338 errat
934 1316 1046 1347 agnos:

315 1350 389 1381 hinc
418 1361 487 1391 sup.
515 1350 537 1385 i,
566 1351 616 1386 17,
638 1351 670 1385 9,
698 1350 835 1380 haednleae
861 1349 921 1379 sub
948 1347 1048 1378 Fauni

315 1392 458 1434 praesidio
478 1392 639 1422 Martiales
655 1393 737 1430 lupos
757 1392 836 1420 haud
852 1398 981 1421 metuere
1001 1389 1048 1420 di-

314 1440 450 1472 cuntur;
480 1434 575 1464 ducta
606 1434 648 1463 rei
682 1432 784 1473 imago
813 1438 861 1463 est
890 1433 930 1463 ab
959 1441 1050 1462 aurea

315 1482 420 1512 aetate,
442 1486 506 1516 qua
527 1485 646 1516 greges,
673 1476 757 1505 omni
785 1485 803 1504 a
827 1475 918 1505 saevis
940 1474 1047 1505 bestiis

313 1525 399 1549 metu
416 1518 516 1553 vacui,
533 1517 627 1548 libere
642 1522 673 1548 et
687 1527 792 1547 secure
812 1517 1048 1547 circumerrasse

315 1560 494 1600 finguntur:
520 1561 561 1590 cf.
584 1559 640 1589 inf.
662 1559 707 1594 iii,
728 1559 782 1594 27,
800 1560 852 1589 51.
898 1559 994 1588 Plura
1014 1558 1047 1588 in

316 1602 398 1633 hanc
425 1612 488 1632 rem
518 1601 649 1632 collecta
675 1601 742 1630 loca
768 1600 856 1630 dabit
881 1600 983 1630 Cerda
1009 1599 1048 1630 ad

319 1643 408 1684 Virg.
426 1644 496 1674 Ecl.
515 1643 554 1679 iv,
571 1645 623 1674 22.
667 1643 790 1682 Spargit
806 1644 860 1672 tibi
875 1642 1048 1683 silvosi-on-

316 1687 385 1716 ἀρε.-
409 1685 483 1716 silva
499 1684 530 1715 in
548 1685 696 1715 adventus
711 1685 758 1714 tui
771 1683 916 1714 honorem
932 1683 1050 1725 spargit

317 1727 404 1757 solia.
450 1726 543 1764 Quod
559 1727 616 1756 sub
631 1726 720 1756 initio
735 1725 850 1756 mensis
868 1725 1049 1756 Decembris

317 1780 371 1810 pro
386 1770 459 1799 anni
475 1775 612 1809 tempore
634 1774 744 1810 sponte
760 1767 892 1798 faciebat
913 1767 1002 1804 silva,
1018 1767 1048 1798 id

317 1811 454 1841 suaviter
475 1811 507 1840 in
524 1810 624 1841 Fauni
645 1810 790 1840 honorem
806 1809 880 1840 data
895 1820 987 1851 opera
1004 1809 1047 1840 se-

317 1853 396 1884 cisse
419 1853 557 1893 fingitur.
602 1853 687 1883 Folia
711 1851 792 1882 enim
820 1852 852 1882 in
877 1852 942 1882 vias
964 1863 1048 1891 spor-

314 1897 406 1935 gendi
423 1892 668 1936 (φυλλοβολία)
685 1893 856 1934 antiquitus
878 1893 917 1923 ad
933 1893 1051 1924 externi

317 1937 452 1971 honoris,
483 1936 544 1966 diis
579 1935 759 1976 praestandi,
793 1935 1051 1976 significationem

317 1978 513 2020 pertinebat:
538 1977 601 2008 vid.
625 1978 718 2008 Cerd.
745 1976 783 2007 ad
809 1978 899 2017 Virg.
925 1977 992 2008 Ecl.
1017 1988 1048 2012 v,

320 2021 372 2051 40.
403 2021 551 2060 Agrestes,
567 2020 675 2060 quales
691 2029 801 2060 nempe
817 2018 849 2048 in
866 2019 957 2059 agris,
971 2029 1050 2060 quos

318 2063 444 2092 Faunus
459 2061 580 2097 transit,
596 2062 718 2091 arbores
740 2067 861 2102 gerunt.
907 2061 964 2091 Ter
978 2063 1051 2101 pede

319 2111 429 2134 terram
444 2105 599 2143 pepulisse,
615 2103 692 2133 refer
705 2103 743 2133 ad
760 2102 895 2144 tripudia
909 2109 940 2133 et
954 2103 1051 2133 salta·

320 2146 418 2176 tiones
434 2145 466 2175 in
488 2146 580 2184 agris.
625 2145 767 2180 Invisum,
781 2155 850 2175 cum
868 2145 991 2175 delectu
1009 2144 1049 2174 ad

319 2188 479 2228 ingenium
509 2186 644 2223 fossoris,
673 2187 722 2217 cui
753 2192 843 2222 terra,
874 2187 912 2216 ob
942 2197 1049 2226 graves

318 2240 396 2270 quos
425 2229 454 2260 ei
484 2228 564 2259 inter
593 2228 771 2259 fodiendum
806 2229 885 2269 parit
919 2228 1049 2266 labores,

321 2282 405 2314 saepe
421 2273 515 2302 invisa
531 2271 575 2301 fit.

529 2354 726 2385 CARMEN
750 2354 842 2384 XIX.

363 2397 467 2427 Instat
489 2402 578 2437 poeta
600 2395 795 2430 maturando,
820 2394 903 2436 quod
927 2394 957 2424 in
982 2395 1050 2425 novi

321 2438 446 2479 auguris
462 2439 614 2469 Muraenae
638 2438 782 2468 honorem
806 2448 876 2468 cum
894 2437 1051 2467 sodalibus

318 2481 383 2511 suis
398 2480 598 2510 instituturus
613 2485 671 2515 est,
684 2479 834 2510 convivio.
866 2480 942 2509 Pars
958 2479 1053 2520 hujus

321 2521 458 2554 sodalitii
476 2527 524 2552 est
544 2522 714 2563 'l'elepliuS‚
730 2521 878 2552 doctrinae
901 2521 1052 2562 inprimis,

321 2570 356 2595 ut
381 2563 512 2599 videtur,
534 2563 626 2595 laude
650 2564 850 2604 conspicuus,
873 2569 904 2593 et
927 2573 963 2594 eo
987 2563 1054 2604 ipso

320 2606 397 2637 forte
423 2612 559 2646 tempore
583 2606 615 2636 in
638 2605 809 2636 ordinanda
831 2611 861 2635 et
882 2605 1055 2635 enarranda

322 2647 449 2678 historia
472 2648 584 2679 Graeca
608 2655 793 2689 occupatus.
838 2649 931 2677 Hunc
957 2647 1052 2687 igitur

322 2695 413 2732 poeta
430 2689 494 2730 jam
512 2689 631 2721 mittere
645 2700 743 2720 rerum
767 2689 927 2720 doctarum
943 2695 971 2720 et
995 2689 1050 2719 ab·

321 2737 491 2763 strusarum
526 2731 784 2772 disquisitionem,
813 2736 843 2762 et
875 2730 906 2761 id
938 2731 1051 2772 potius,

322 2774 407 2815 quod
431 2773 469 2804 ad
494 2773 666 2804 convivium
689 2772 898 2815 apparandum
922 2779 1051 2814 spectet,

322 2826 413 2857 agere
435 2815 536 2857 jubet.
580 2817 668 2852 Mox,
686 2815 775 2856 quasi
799 2815 830 2845 in
855 2814 955 2845 medio
977 2825 1052 2845 con-

323 2858 402 2888 vivio
421 2858 488 2899 jam
503 2863 652 2894 versetur,
668 2863 699 2888 et
718 2858 751 2888 in
771 2867 808 2888 eo
830 2856 1052 2898 symposiarchi

323 2907 425 2942 partes
455 2904 538 2940 agat.
569 2900 653 2941 leges
683 2899 809 2931 bibendi
838 2899 991 2940 proponit,
1021 2905 1053 2930 et

324 2948 402 2984 quot
415 2942 547 2984 quisque
570 2943 681 2984 pocula
703 2942 734 2972 in
755 2943 865 2978 Lunae,
885 2940 1007 2977 Noctis,
1021 2947 1053 2973 et

1087 972 1211 1012 auguris
1233 973 1387 1003 Muraenae
1409 972 1555 1003 honorem
1579 975 1694 1007 sumat,
1715 968 1820 1004 edicit.

1086 1014 1165 1044 Tum
1183 1024 1275 1044 morae
1298 1013 1473 1056 impatiens,
1488 1019 1523 1043 ut
1537 1013 1615 1044 tibia
1637 1013 1752 1049 statim,
1767 1013 1820 1043 fis-

1087 1055 1165 1090 tula,
1181 1061 1211 1086 et
1232 1056 1299 1097 lyra
1320 1060 1462 1090 canatur,
1478 1065 1555 1086 roste
1578 1060 1772 1102 spargantur,
1789 1059 1822 1086 et

1087 1098 1244 1138 strepitus,
1259 1108 1351 1138 quem
1371 1108 1434 1127 non
1456 1097 1523 1127 sine
1545 1096 1662 1128 invtdia
1681 1106 1821 1127 morosus

1089 1139 1215 1179 quidam
1240 1149 1334 1169 senex
1364 1140 1468 1180 Lycus
1498 1149 1570 1170 cum
1600 1138 1734 1180 conjuge
1763 1148 1821 1169 sua

1088 1180 1190 1211 adhuc
1214 1181 1445 1212 adolescentula
1466 1181 1497 1211 in
1513 1179 1629 1212 vicinia
1647 1180 1764 1216 audiat,
1781 1181 1821 1211 ab

1089 1221 1315 1254 insanientibus
1330 1222 1468 1254 convivis
1480 1222 1642 1258 excitetur,
1657 1222 1821 1254 vehemen-

1089 1264 1151 1295 tius
1174 1266 1314 1306 imperat.
1357 1266 1515 1306 Denique,
1532 1270 1568 1295 ut
1589 1274 1727 1295 amorum
1741 1274 1820 1305 quo-

1089 1316 1149 1346 que
1186 1308 1218 1337 in
1247 1306 1338 1336 hilari
1373 1307 1515 1337 convivio
1547 1306 1733 1338 celebrando
1769 1306 1823 1336 fiat

1089 1348 1216 1386 mentio,
1253 1348 1382 1389 Telephi
1420 1348 1613 1384 felicitatem,
1649 1348 1734 1390 quod
1769 1348 1822 1379 ille

1090 1397 1199 1431 sponte
1215 1401 1234 1420 a
1250 1390 1362 1421 Rhode
1385 1396 1515 1432 petatur,
1530 1390 1690 1431 praedicat,
1705 1389 1744 1421 de
1763 1400 1821 1420 suo

1091 1438 1194 1462 autem
1220 1432 1399 1466 infortunio,
1423 1432 1506 1472 quod
1530 1432 1674 1473 Glycerae
1700 1431 1761 1462 sibi
1787 1431 1821 1462 in

1090 1483 1192 1504 amore
1228 1480 1314 1515 paret
1349 1474 1510 1515 asperitas,
1542 1473 1693 1514 queritur.
1737 1474 1822 1505 Cum

1091 1515 1157 1546 sine
1179 1516 1273 1546 dubio
1296 1516 1414 1547 felicior
1434 1515 1477 1546 rei
1502 1515 1665 1556 cujusdam
1692 1521 1822 1546 eventus

1091 1557 1123 1587 in
1146 1568 1240 1588 causa
1262 1558 1364 1592 suerit,
1388 1568 1426 1588 ex
1449 1567 1512 1598 qua
1533 1557 1683 1588 Horatius
1704 1557 1824 1588 laetiora

1092 1610 1164 1630 cum
1189 1599 1296 1630 amicis
1325 1599 1390 1629 suis
1415 1600 1585 1630 celebraret
1609 1598 1763 1637 convivia,
1788 1605 1824 1630 ut

1093 1652 1161 1682 sup.
1177 1641 1198 1676 i,
1215 1642 1267 1678 36,
1284 1642 1434 1676 Numida,
1451 1647 1482 1672 et
1500 1641 1533 1676 ii,
1548 1642 1580 1676 7,
1598 1641 1729 1680 Pompeii
1748 1642 1822 1672 Vari

1093 1683 1213 1713 faustus
1235 1683 1266 1713 in
1285 1683 1411 1725 patriam
1433 1683 1560 1718 reditus.
1574 1687 1606 1714 et
1626 1682 1647 1720 i,
1661 1684 1714 1717 37,
1731 1683 1823 1714 laetus

1092 1727 1127 1755 de
1145 1725 1306 1765 Cleoparrae
1327 1731 1417 1755 morte
1438 1725 1591 1763 nuncius;
1615 1724 1666 1755 vix
1687 1724 1824 1756 dubitari

1091 1773 1204 1808 potest,
1221 1767 1297 1808 quin
1316 1773 1405 1809 poeta
1419 1767 1566 1803 convivii,
1581 1766 1619 1797 ad
1635 1766 1717 1807 quod
1733 1767 1824 1798 Tele-

1092 1809 1188 1850 phum
1213 1810 1244 1840 in
1269 1810 1326 1840 hoc
1349 1809 1486 1840 carmine
1501 1815 1602 1847 vocat,
1616 1809 1824 1840 celebratione

1093 1851 1230 1882 laetitiam
1253 1862 1340 1882 suam
1363 1852 1515 1882 Muraenae
1537 1850 1575 1882 de
1597 1853 1750 1891 auguratu
1767 1861 1823 1882 uu-

1093 1893 1224 1934 perrime
1239 1893 1267 1923 ei
1283 1894 1386 1924 delato
1399 1893 1557 1924 declarare
1573 1892 1714 1924 voluerit.
1750 1893 1823 1930 Quo

1094 1934 1294 1966 concitatiore
1315 1941 1417 1966 autem
1440 1935 1552 1966 affectu
1567 1935 1621 1966 ille
1637 1935 1695 1967 hoc
1717 1935 1826 1966 convi-

1092 1977 1175 2007 vium
1199 1977 1363 2012 accelerat,
1378 1987 1415 2008 eo
1431 1978 1542 2017 magis,
1557 1982 1676 2019 quanta
1695 1977 1764 2019 ejus
1785 1977 1826 2009 de

1094 2018 1180 2049 novis
1209 2020 1361 2049 Muraenae
1390 2019 1558 2050 honoribus
1585 2018 1678 2050 fuerit
1703 2019 1825 2057 laetitia,

1093 2061 1299 2101 cognoscitur.
1341 2061 1390 2091 De
1412 2061 1550 2102 Telepho
1572 2061 1612 2092 cf.
1637 2071 1707 2103 sup.
1726 2060 1748 2097 i,
1773 2062 1824 2098 13,

1097 2104 1124 2132 1.
1170 2103 1314 2134 Ceterum
1342 2103 1393 2134 Cl.
1417 2102 1684 2134 Mitscherlichius
1707 2102 1825 2134 colores

1092 2154 1164 2174 suos
1188 2145 1351 2175 Horatium
1376 2144 1408 2175 in
1431 2145 1490 2175 hoc
1513 2146 1650 2176 carmine
1674 2155 1712 2176 ex
1736 2144 1824 2176 Ionis

1093 2186 1164 2216 Chii
1191 2187 1252 2228 Ep.
1276 2187 1309 2223 ii,
1336 2186 1463 2218 Anthol.
1488 2187 1592 2218 Graec.
1615 2187 1655 2217 T.
1678 2186 1702 2222 i,
1725 2197 1758 2228 p.
1782 2188 1825 2217 94

1091 2228 1216 2259 duxisse
1253 2228 1429 2265 existimat;
1465 2229 1519 2259 sed
1553 2228 1723 2259 similitudo
1757 2228 1824 2265 illa,
1880 2248 1884 2250 -

1092 2280 1186 2310 quam
1215 2271 1300 2300 Ionis
1324 2271 1397 2301 Chii
1422 2280 1545 2301 carmen
1572 2281 1645 2301 cum
1672 2269 1730 2301 hoc
1756 2279 1825 2301 car-

1093 2312 1175 2342 mine
1201 2312 1306 2347 habet,
1329 2312 1362 2343 in
1389 2312 1484 2343 simili
1509 2317 1629 2343 tantum
1652 2312 1692 2342 ad
1714 2311 1825 2343 biben-

1093 2353 1178 2390 dum,
1192 2354 1378 2390 saltandum,
1388 2360 1419 2385 et
1427 2354 1602 2385 canendum
1613 2354 1826 2386 exhortatione

1082 2396 1240 2432 acet-nitur,
1256 2407 1325 2432 nec,
1342 2396 1417 2437 quid
1439 2396 1511 2427 inde
1530 2396 1680 2428 Horatius
1701 2406 1825 2439 expres·

1094 2438 1178 2472 serit,
1194 2444 1332 2480 apparet.

1140 2481 1232 2510 1-8.
1257 2481 1409 2515 Quantum
1423 2482 1510 2511 distet
1521 2481 1556 2510 ab
1567 2479 1678 2511 Inacho
1690 2481 1805 2511 Codrus
1815 2492 1825 2510 .·

1096 2528 1172 2563 quot
1185 2532 1333 2553 annorum
1351 2533 1511 2553 numerum
1523 2528 1645 2564 tempus
1658 2522 1739 2553 illud
1754 2522 1827 2553 inde

1096 2565 1136 2594 ab
1163 2565 1378 2604 antiquissimo
1402 2564 1586 2605 Argivorum
1609 2573 1680 2604 rege
1706 2564 1827 2595 Inacho

1097 2617 1197 2647 usque
1211 2606 1250 2637 ad
1267 2606 1415 2642 Codrum,
1430 2605 1575 2637 ultimum
1589 2605 1826 2638 Atheniensium

1094 2659 1208 2688 regem,
1231 2648 1462 2689 praeterlapsum
1485 2648 1610 2683 efficiat,
1629 2653 1662 2678 et
1679 2647 1754 2690 quid
1777 2657 1825 2678 re-

1094 2701 1162 2721 rum
1187 2690 1267 2721 intra
1291 2691 1348 2721 hoc
1373 2688 1518 2731 temporis
1543 2689 1678 2736 spatium
1702 2694 1825 2730 gestum

1096 2732 1146 2762 sit.
1192 2732 1304 2763 Inachi
1318 2742 1446 2773 regnum
1469 2731 1579 2762 incidit
1600 2730 1693 2763 ferme
1717 2731 1751 2762 in
1768 2741 1826 2762 an«

1097 2785 1169 2804 num
1187 2785 1216 2805 a.
1229 2774 1344 2806 Christ.
1361 2784 1542 2808 uncccnvh
1556 2772 1677 2804 Codrus
1691 2783 1763 2804 vero
1778 2772 1827 2804 vi-

1095 2822 1156 2847 tam
1167 2827 1220 2858 pro
1229 2817 1328 2858 patria
1337 2815 1481 2858 deposuit
1489 2825 1627 2846 mtxvru
1639 2826 1646 2845 :
1657 2815 1828 2846 cllMeurs.

1095 2858 1133 2889 de
1151 2860 1254 2899 Regn.
1274 2858 1369 2890 Attic.
1389 2858 1432 2891 iii.
1450 2858 1510 2895 16;
1531 2856 1715 2888 effluxerunt
1731 2857 1827 2898 igitur

1095 2901 1134 2931 ab
1151 2901 1270 2931 Inacho
1284 2910 1381 2942 usque
1396 2899 1435 2930 ad
1451 2899 1589 2931 Codrum
1605 2898 1728 2930 circiter
1745 2910 1825 2930 nece

1096 2943 1181 2974 anni.
1212 2943 1273 2973 Pro
1286 2943 1385 2982 patria
1404 2953 1458 2972 nou
1479 2942 1600 2972 timidus
1614 2943 1700 2977 mori,
1714 2941 1827 2974 Graece
