1904 3314
359 180 446 221 484

842 177 1372 222 EPISTOLARUM

478 284 701 334 Delectat3
736 283 770 324 si
791 290 832 324 te
852 283 990 338 pulvis
1013 285 1304 338 strepitusque
1324 291 1527 334 rotarum,

480 352 527 392 Si
546 351 663 392 laedit
683 365 903 414 paupona3
936 351 1210 392 Ferentinum
1229 352 1290 391 ire
1305 352 1483 404 jubebo.

478 417 595 458 Nam
615 431 754 470 neque
776 417 979 458 divitibus
999 418 1251 471 contingunt
1272 417 1429 471 gaudia
1450 416 1571 467 solis3

399 484 451 524 lO
479 483 577 524 Nec
598 483 701 524 vixit
722 483 841 532 male,
863 483 937 536 qui
957 490 1082 523 natus
1102 484 1371 536 moriensque
1393 482 1556 524 fefellit.

481 549 528 590 Si
548 550 755 603 prodesse
777 549 876 598 tuis,
898 549 1112 603 pauloque
1132 549 1357 602 benignius
1379 550 1519 602 ipsum

478 615 545 656 Te
567 623 751 656 tractare
772 615 901 664 voles,
925 616 1102 656 accedes
1125 615 1261 655 siccus
1284 615 1336 655 ad
1358 621 1544 655 unctum.

479 681 526 721 Si
545 682 777 735 pranderet
799 680 891 721 olus
913 682 1138 734 patienter,
1161 682 1334 734 regibus
1356 682 1419 722 uti

475 746 628 787 Nollet
648 746 911 800 Aristippus.

395 812 447 852 15
476 812 708 853 Fastidiret
730 813 838 862 olus,
861 813 934 866 qui
954 827 1019 853 me
1041 820 1173 853 notat.

975 746 1020 786 Si
1043 747 1170 787 sciret
1191 748 1364 801 regibus
1386 747 1461 796 uti,

1235 813 1386 853 Utrius
1407 812 1560 853 horum

475 877 625 919 Verba
645 879 802 932 probes
821 886 864 919 et
885 879 1009 927 facta,
1032 879 1138 919 doce
1156 896 1165 928 3
1197 878 1264 918 vel
1278 879 1423 932 junior
1443 879 1557 927 audi,

481 943 570 983 Cur
592 945 645 984 sit
666 943 880 998 Aristippi
899 945 1041 998 potior
1063 945 1297 984 sententia:
1329 958 1510 997 namque

483 1008 735 1050 Mordacem
758 1010 963 1063 Cynicum
986 1010 1044 1050 sic
1066 1008 1281 1058 eludebat,
1303 1015 1351 1049 ut
1371 1010 1511 1064 aiuntg

481 1075 664 1115 Scurror
683 1091 764 1129 ego
786 1076 876 1129 ipse
897 1075 1013 1124 mihi,
1034 1074 1195 1127 populo
1217 1081 1288 1114 tu:
1321 1074 1480 1114 rectius
1501 1073 1582 1114 hoc
1603 1079 1646 1115 et

391 1140 448 1180 20
477 1140 753 1194 Splendidius
774 1141 906 1181 multo
927 1148 992 1181 est
1010 1156 1018 1180 :
1051 1154 1188 1193 equus
1210 1147 1258 1180 ut
1278 1154 1344 1180 me
1364 1146 1523 1194 portet,
1543 1139 1628 1181 alat
1646 1155 1738 1191 rest,

481 1207 682 1247 Officium
703 1206 823 1248 facio.

885 1206 957 1247 Tu
975 1206 1117 1260 poscis
1140 1205 1236 1246 vilia
1255 1220 1396 1246 rerum

476 1272 622 1327 Dante
644 1274 799 1322 minor,
822 1273 1011 1326 quamvis
1032 1271 1117 1312 fers
1140 1278 1181 1312 te
1205 1271 1361 1312 nullius
1381 1279 1591 1326 egentem.

477 1339 628 1379 Omnis
651 1338 923 1393 Aristippum
943 1338 1087 1379 decuit
1114 1337 1230 1378 color
1251 1345 1294 1378 et
1315 1345 1450 1379 status
1471 1346 1514 1380 et
1534 1353 1616 1388 res,

478 1404 738 1446 Tentantem
758 1406 919 1459 majora
940 1404 1043 1454 fere,
1065 1404 1349 1457 praesentibus
1366 1418 1548 1458 aequum.

393 1471 448 1511 25
479 1470 653 1520 Contra,
675 1486 802 1525 quem
822 1470 983 1526 duplici
1002 1485 1144 1524 panno
1165 1470 1370 1523 patientia
1388 1469 1512 1520 velat,

365 1570 503 1612 quietem
518 1576 550 1601 et
570 1572 663 1602 dulce
678 1571 788 1606 otium,
813 1571 910 1602 vitare
930 1576 1033 1601 autem
1058 1579 1094 1600 ea

387 1623 434 1642 uae
454 1612 511 1642 tibi
530 1613 651 1653 ingrata
669 1618 700 1643 et
716 1613 847 1643 molesta
867 1618 951 1647 sunt,
967 1612 1095 1643 vehicu-

363 1624 468 1685 (iorum
491 1654 523 1684 in
545 1655 620 1685 urbe
642 1654 814 1696 strepitum,
836 1654 1007 1685 excitatum
1026 1653 1098 1695 pul-

363 1706 478 1731 verem,
495 1696 647 1727 clamores
668 1696 700 1726 in
720 1696 883 1737 cauponis,
901 1706 970 1735 age,
989 1695 1099 1726 secede

365 1738 587 1776 Ferentinum3
628 1748 690 1769 non
724 1738 798 1768 solis
831 1738 914 1769 enim
949 1737 1098 1768 divitibus

366 1789 512 1810 concessa
531 1784 580 1810 est
600 1780 743 1822 voluptas
761 1790 832 1821 quae
851 1780 883 1810 in
903 1779 978 1810 locis
999 1789 1097 1810 amoe-

365 1821 415 1851 nis
433 1821 618 1862 percipitur3
643 1827 675 1852 at
692 1822 718 1853 si
742 1822 867 1852 familiae
887 1827 950 1852 tuae
971 1821 1098 1852 rationi-

365 1863 425 1893 bus
442 1864 616 1900 consulere,
636 1870 667 1895 et
687 1869 776 1895 tuum
798 1863 894 1905 ipsius
916 1864 1009 1894 simul
1030 1873 1097 1894 cor-

366 1915 426 1946 pus
453 1905 578 1935 mollius
604 1915 712 1936 curare
740 1905 834 1941 voles,
866 1915 933 1946 age,
964 1905 1098 1936 concilia

365 1946 422 1976 tibi
437 1946 575 1982 divitem,
591 1947 644 1977 ubi
660 1947 777 1978 lautius
793 1947 916 1977 vivitur.
961 1947 1096 1977 Primam

365 1990 400 2018 in
423 1989 535 2025 horam,
559 1990 643 2029 apud
665 1999 732 2024 nos,
755 1989 795 2019 ad
814 1989 975 2030 septimam
994 1999 1095 2029 usque

365 2029 485 2060 horam.
545 2029 753 2067 Ferentinum,
784 2041 913 2071 parvum
941 2036 973 2061 et
1003 2030 1096 2061 infre-

365 2081 464 2112 quens
480 2081 497 2101 a
521 2070 563 2101 ud
579 2071 732 2102 Hernicos
747 2072 906 2113 oppidum.

411 2114 460 2143 10.
511 2113 619 2153 efellit,
636 2123 681 2144 sc.
699 2113 803 2144 lucem
822 2113 994 2154 publicam,
1016 2113 1048 2143 h.
1067 2123 1096 2145 e.

365 2154 456 2185 latuit
477 2154 509 2184 in
529 2154 677 2185 obscuro:
692 2155 810 2195 fallere
828 2155 1010 2196 simpliciter
1029 2165 1095 2203 pro,

365 2196 472 2232 latere,
501 2195 585 2237 apud
614 2196 757 2227 Tacitum
787 2196 939 2238 inprimis,
968 2206 1096 2238 saeplus.

367 2238 512 2269 Ceterum
541 2242 648 2268 notum
676 2244 723 2269 est
751 2237 830 2268 illud
860 2238 1094 2279 Epicureorum,

364 2279 446 2311 λάθε
460 2279 599 2320 βιώσας.

410 2323 461 2352 11.
485 2321 663 2362 Benignius,
679 2320 758 2352 refer
772 2320 914 2362 inprimis
929 2321 967 2351 ad
983 2320 1094 2362 largio-

364 2373 426 2395 rem
443 2363 605 2404 epularum
621 2362 755 2403 copiam.

305 2438 309 2442 Α
411 2406 462 2436 12.
494 2405 605 2439 Siccus,
636 2403 691 2444 qui
725 2403 827 2435 adbuc
855 2402 963 2434 vixisti
992 2414 1095 2445 parce,

366 2446 538 2487 frugaliter,
563 2445 675 2476 sobrie.
719 2447 795 2487 Sup.
824 2445 887 2476 Od.
915 2445 955 2481 iv,
984 2448 1016 2480 5,
1041 2447 1095 2482 39,

363 2490 448 2519 siccis
467 2486 613 2530 (sobriis)
630 2493 828 2528 opponuntur
841 2488 939 2522 uvidi,
962 2492 994 2517 et
1013 2487 1097 2529 apud

367 2530 438 2561 Cic.
452 2531 530 2570 Agr.
546 2529 567 2566 i,
587 2531 617 2564 l,
633 2530 788 2559 vinolenti.
834 2530 881 2559 Ad
902 2535 1039 2564 unctum,
1058 2530 1097 2560 ad

365 2571 504 2609 divitem,
527 2571 582 2612 qui
607 2571 724 2601 lautius
746 2576 778 2601 et
799 2570 988 2601 luxuriosius
1012 2570 1098 2601 vivit.

365 2614 418 2645 De
437 2623 513 2644 voce
535 2619 654 2648 unctus,
674 2613 716 2643 cf.
735 2622 805 2654 sup.
826 2612 866 2643 ad
884 2613 984 2654 Epist.
1001 2612 1023 2648 i,
1049 2614 1098 2649 15,

409 2698 459 2734 13,
482 2697 532 2727 14.
561 2695 594 2726 Si
618 2697 791 2735 pranderet,
817 2700 891 2726 cett.
931 2683 1095 2736 'Diogenes

365 2739 516 2780 Cynicus.
546 2747 617 2768 cum
649 2737 821 2778 aliquando
858 2737 926 2767 olus
967 2737 1093 2776 lavaret,

364 2780 526 2821 Aristippo
555 2789 587 2809 se
620 2779 818 2820 praetereunti
851 2778 990 2809 lautioris
1021 2780 1093 2811 vitae

362 2832 462 2864 genus
493 2821 694 2862 exprobrasse
726 2821 840 2851 dicitur
870 2830 1009 2852 sermone
1037 2822 1092 2862 qui

363 2864 518 2905 sequitur:
540 2861 602 2892 vid.
616 2862 710 2903 Diog.
727 2863 831 2893 Laert.
849 2861 882 2898 ii,
899 2863 951 2893 68.
989 2863 1090 2894 Pran-

361 2908 456 2942 deret,
474 2903 656 2942 comederet,
680 2910 714 2935 ut
733 2914 804 2946 sup.
828 2905 894 2935 Sat.
914 2904 936 2940 i,
959 2905 991 2940 3,
1013 2906 1088 2942 245,

1136 1570 1286 1607 prandere
1318 1571 1469 1602 luscinias.
1529 1571 1700 1607 patienter,
1729 1581 1767 1603 ea
1801 1582 1873 1613 quie

1138 1610 1228 1640 decet
1257 1611 1475 1654 philosophum
1505 1612 1698 1644 continentia
1729 1619 1762 1645 et
1791 1614 1872 1656 pati-

1141 1653 1238 1683 entia.
1291 1654 1444 1694 Regibus,·
1483 1653 1537 1686 diu
1571 1654 1655 1686 enim
1693 1655 1872 1698 Aristippus

1143 1694 1346 1735 (Cyrenaeus,
1377 1706 1532 1727 summum
1565 1697 1682 1728 bonum
1713 1697 1872 1739 voluptate

1141 1736 1302 1777 metiens,)
1332 1737 1365 1768 in
1398 1738 1471 1769 aula
1503 1737 1649 1781 Dionysii
1685 1738 1873 1781 Syracusani

1139 1783 1278 1809 versatus
1292 1784 1350 1810 est.

1186 1821 1236 1850 15.
1261 1821 1321 1855 Qui
1338 1832 1382 1852 me
1396 1827 1491 1858 notat,
1507 1821 1678 1863 Diogenes.

1186 1862 1237 1892 18.
1282 1863 1453 1894 Mordacem
1478 1864 1627 1904 Cynicum
1651 1866 1694 1895 sic
1718 1864 1869 1902 eludebat,

1141 1903 1329 1935 maledicum
1352 1905 1467 1946 Cynici
1481 1906 1606 1936 dentem
1626 1905 1671 1938 sic
1687 1905 1870 1947 effugiebat,

1139 1945 1171 2017 ἲ.
1190 1945 1271 2017 ebad
1291 1947 1445 1978 maledica
1461 1947 1574 1989 Cynici
1591 1948 1686 1980 verba
1703 1947 1869 1990 responde-

1162 1992 1193 2017 at
1231 1997 1279 2018 oc.

1186 2030 1236 2059 19.
1265 2029 1394 2059 Scurror
1416 2040 1469 2070 ego
1491 2031 1551 2068 ipse
1574 2031 1659 2067 mihi,
1682 2033 1791 2072 populo
1813 2038 1868 2062 tu:

1140 2079 1199 2110 ego
1223 2071 1340 2101 artibus
1366 2071 1442 2102 meis
1466 2072 1647 2104 scurrilibus
1673 2071 1708 2104 in
1731 2083 1867 2105 commo-

1140 2111 1216 2142 dum
1240 2122 1343 2143 meum
1359 2113 1486 2160 placere
1502 2114 1612 2146 studeo
1633 2115 1870 2156 potentioribus,

1142 2158 1175 2183 tu
1191 2153 1408 2195 philosophica
1426 2155 1612 2187 scurrilitate
1625 2156 1750 2198 placere
1762 2158 1870 2189 studes

1139 2195 1273 2235 populo;
1302 2196 1384 2227 salse
1410 2202 1514 2227 autem
1539 2197 1756 2240 philosophum
1783 2210 1869 2230 scur-

1139 2238 1206 2266 rari
1236 2236 1323 2267 dicit.
1383 2237 1515 2268 Vossius
1541 2239 1662 2280 egregie
1689 2240 1792 2279 vertit,
1819 2243 1868 2273 ich

1140 2277 1331 2318 hqfschranze
1345 2281 1404 2308 mir
1419 2280 1522 2316 selber,
1537 2282 1603 2310 dem
1623 2281 1694 2312 Volk
1708 2284 1762 2313 du.

1182 2321 1238 2350 22.
1263 2321 1363 2350 Dante
1386 2322 1494 2356 minor,
1518 2321 1644 2353 inferior
1663 2333 1701 2354 eo
1722 2323 1778 2364 qui
1802 2324 1868 2360 dat.

1138 2360 1227 2391 danti
1242 2361 1471 2402 quodammodo
1485 2363 1646 2404 subjectus
1659 2376 1669 2404 5
1692 2365 1869 2408 philosophi

1138 2402 1221 2433 enim
1247 2403 1470 2434 mendicabant
1490 2404 1554 2436 fere
1577 2415 1815 2448 nonnunquam,
1837 2413 1870 2439 at

1139 2454 1255 2475 scurrae
1271 2445 1386 2475 mensis
1397 2445 1542 2476 ditiorum
1559 2447 1798 2480 adhibebantur.

1182 2487 1320 2517 23—26.
1345 2487 1447 2518 Omnis
1461 2489 1662 2529 Aristippum,
1681 2495 1754 2522 cett.
1795 2490 1868 2522 An·-

1141 2527 1263 2569 stippus
1278 2528 1318 2559 ad
1334 2538 1455 2560 omnem
1467 2529 1623 2561 fortunam
1637 2537 1670 2564 et
1679 2541 1780 2563 rerum
1792 2542 1868 2564 con-

1141 2570 1290 2601 ditionem
1318 2570 1462 2602 decenter
1483 2581 1516 2602 se
1538 2573 1722 2615 composuit,
1750 2574 1870 2616 majora

1141 2621 1212 2643 vero
1235 2613 1358 2653 assequi
1382 2612 1512 2644 tentavit
1534 2619 1566 2645 et
1587 2614 1755 2656 praesentia
1777 2627 1868 2658 aequo

1139 2655 1243 2684 animo
1258 2654 1349 2693 tulit3
1372 2659 1406 2685 at
1421 2654 1571 2696 Cynicus,
1583 2656 1638 2697 qui
1653 2656 1868 2700 philosophica

1138 2695 1288 2737 patientia
1299 2696 1408 2744 pallio,
1422 2706 1440 2727 e
1455 2697 1606 2728 crassiore
1617 2707 1723 2740 panno
1739 2699 1866 2732 confec-

1138 2743 1181 2772 to,
1205 2747 1274 2768 sese
1298 2737 1438 2773 involvit,
1461 2738 1513 2768 vix
1535 2738 1691 2777 decenter,
1714 2746 1801 2782 puto,
1826 2741 1867 2773 ad

1137 2779 1268 2810 fortunae
1295 2779 1460 2820 quamdam
1486 2779 1690 2812 mutationem
1716 2791 1783 2814 sese
1811 2793 1866 2814 ac-

1139 2821 1362 2852 commodabit.
1421 2821 1518 2859 Color,
1561 2826 1690 2854 externa
1732 2823 1865 2856 fortuna

1135 2862 1254 2904 species
1276 2867 1308 2894 et
1329 2861 1486 2893 conditio:
1512 2873 1583 2906 sup.
1606 2865 1672 2896 Sat.
1693 2864 1729 2902 ii,
1755 2867 1785 2903 1,
1811 2867 1865 2905 60,

1137 2905 1279 2945 Quisquis
1293 2906 1352 2935 erit
1366 2906 1434 2936 vitet
1449 2905 1538 2937 color.
