1884 3288
300 205 353 246 78

856 207 1250 252 CARMINUM

582 304 748 346 Audire
769 320 942 360 magnos
957 307 1046 361 jam
1068 308 1213 348 videor
1234 308 1366 348 duces

580 372 684 413 Non
704 373 906 414 indecoro
927 373 1102 427 pulvere
1123 375 1335 423 sordidos,

640 439 700 480 Et
721 447 875 480 cuncta
896 446 1106 480 terrarum
1128 441 1304 481 subacta

695 505 861 546 Praetel·
882 496 1067 546 atrocem
1089 507 1271 546 animum
1293 506 1480 546 Catonis.

495 571 553 611 25
583 570 698 612 Juno
719 579 762 612 et
784 572 976 612 Deorum
997 572 1188 625 quisquis
1210 572 1380 615 amicior

585 636 702 677 Afris
725 637 858 678 inulta
879 644 1066 677 cesserat
1086 638 1296 690 impotens

639 703 830 751 Tellure,
853 704 1058 744 victorum
1079 710 1256 756 nepotes

699 769 866 810 Retulit
887 769 1057 809 inferias
1078 769 1323 823 «Iugurthae.

582 835 692 881 Quis
714 850 798 875 non
822 835 975 875 Latino
998 836 1203 888 sanguine
1224 835 1422 889 pinguior

494 901 552 940 30
583 901 771 954 Campus
794 901 999 955 sepulcris
1021 901 1147 954 impia
1169 900 1320 954 proelia

643 966 864 1016 Testatur,
886 968 1162 1020 auditumque
1183 967 1327 1008 Medis

701 1033 928 1087 Hesperiae
949 1034 1132 1074 sonitum
1152 1035 1313 1074 ruinae?

584 1100 673 1146 Qui
693 1115 867 1154 gurges,
890 1107 962 1140 aut
983 1115 1078 1153 quae
1099 1100 1272 1140 flumina
1291 1099 1484 1153 lugubris

586 1167 742 1221 Ignara
762 1166 890 1207 belli?
922 1166 1039 1220 quod
1059 1181 1173 1207 mare
1196 1166 1378 1207 Dauniae

296 1307 496 1344 ,historiarum
509 1306 667 1349 scriptoris
676 1308 773 1339 virt-us
785 1307 930 1339 cernitur.
961 1307 1036 1338 Per-

305 1352 443 1391 stringis,
459 1350 543 1386 seris,
556 1350 701 1391 impellis.
747 1351 849 1381 Terret
861 1361 946 1390 equos
956 1352 1037 1390 equi-

307 1398 427 1431 tumque
446 1393 560 1430 vultus,
581 1392 654 1433 equi
671 1402 782 1433 nempe
801 1402 954 1422 armorum
976 1392 1038 1422 sul-

307 1443 378 1473 gore
391 1439 639 1470 consternantur,
652 1434 830 1475 etequitum
845 1434 948 1464 vultus
958 1433 1038 1475 peri-

307 1475 380 1505 culo
395 1475 575 1507 imminente
590 1476 744 1517 pallescit.
786 1477 902 1507 Audire
916 1487 1036 1515 magnos

297 1519 369 1556 jam
381 1519 480 1548 videor
490 1519 588 1555 duces,
599 1523 672 1548 cett.
683 1528 809 1548 sensus:
832 1517 897 1558 jam
910 1518 1037 1548 auribus

306 1559 464 1600 percipere
478 1560 554 1590 mihi
569 1559 672 1590 videor
692 1570 783 1590 voces
797 1565 828 1590 et
844 1559 946 1600 jussa,
966 1559 1036 1601 qui-

307 1601 366 1631 bus
396 1601 502 1641 magni
529 1607 561 1632 et
588 1601 704 1642 egregii
733 1601 828 1632 duces
858 1601 972 1631 milites
997 1601 1037 1631 ad

306 1653 444 1683 pugnam
456 1643 676 1680 exhortantur,
700 1649 732 1674 et
742 1643 787 1674 sic
800 1643 1038 1684 praesensquasi

305 1694 475 1724 cognosco,
487 1685 642 1725 quomodo
655 1685 924 1726 praeterinvictum
942 1686 1037 1715 Cato-

307 1725 357 1756 nis
372 1736 509 1756 animum
527 1732 609 1757 totus
628 1733 774 1757 terrarum
791 1727 873 1756 orbis
888 1727 1038 1757 subactus

307 1767 359 1798 sit.
403 1770 520 1798 Audire
535 1771 737 1809 magnusjam
754 1770 854 1798 videm
869 1770 966 1803 duces,
983 1779 1034 1799 ex-

307 1809 426 1850 plicant
452 1810 527 1844 sere,
550 1821 618 1851 Jam
645 1810 752 1841 audire
777 1810 854 1840 mihi
881 1810 984 1841 videor
1008 1816 1038 1842 te

305 1851 484 1882 recitantem
511 1852 550 1883 de
580 1852 701 1892 magnis
725 1852 858 1882 ducibus
882 1858 954 1883 cett.
983 1852 1037 1883 sed

306 1893 353 1924 sic
377 1894 479 1924 omnis
501 1893 594 1934 hujus
622 1895 681 1924 loci
705 1894 752 1924 vis
775 1894 916 1931 tollitur3
943 1894 1039 1924 lector

306 1935 388 1966 enim
407 1935 561 1966 Pollionis
575 1935 613 1966 de
633 1935 725 1966 bellis
742 1935 886 1966 civilibus
904 1936 1038 1966 historiae

306 1987 370 2007 non
390 1977 491 2018 legere
513 1977 552 2008 de
572 1978 696 2018 pugnis,
718 1977 772 2008 sed
793 1978 824 2008 in
845 1977 911 2019 ipsa
933 1988 1040 2019 pugna

306 2019 400 2049 simul
417 2019 529 2050 versari
543 2019 604 2050 sibi
620 2019 760 2055 videtur;
783 2019 870 2049 audit
886 2030 1036 2050 cornuum

307 2071 445 2091 murmur
458 2067 489 2092 et
505 2061 648 2092 lituorum
669 2061 843 2102 strepitum,
860 2061 942 2092 videt
962 2071 1036 2091 con-

307 2108 459 2134 sternatos
478 2113 598 2144 equos;
621 2103 750 2134 auribus
771 2103 864 2142 igitur
882 2102 1038 2144 percipere

305 2155 430 2186 quoque
445 2145 504 2175 sibi
521 2145 642 2176 videtur
657 2146 740 2187 ipsas
757 2145 873 2175 ducum
888 2145 1038 2176 militibus

306 2187 524 2228 imperantium
540 2197 644 2218 voces.
691 2188 758 2217 Nou
772 2189 907 2218 indecoro
917 2188 1038 2227 pultere

305 2230 448 2265 sordidos,
469 2229 573 2260 decori
592 2230 675 2260 enim
695 2235 743 2260 est
761 2228 823 2259 viro
844 2229 914 2259 forti
937 2229 1038 2269 pulvis

306 2269 338 2300 in
363 2281 426 2312 pug
408 2280 469 2312 gna
490 2271 665 2309 collectus;
692 2271 765 2301 hinc
792 2268 958 2311 §up.i,6‚
987 2273 1036 2306 15,

307 2312 455 2343 Meriones
473 2314 596 2352 pulvere
617 2313 704 2343 Troio
722 2316 809 2354 niger·
828 2312 951 2343 dicitur.
997 2313 1037 2343 Et

306 2361 428 2389 cuncta,
454 2360 527 2385 cett.
549 2355 677 2386 verbum
700 2357 808 2385 audire
826 2354 893 2395 jam
921 2365 982 2385 non
1005 2355 1037 2386 in

306 2396 428 2438 propria
443 2396 669 2436 significatione
684 2397 895 2438 repetendum,
913 2397 965 2427 sed
987 2397 1036 2427 vel

306 2448 371 2479 pro,
387 2449 567 2478 cognoscere,
591 2440 771 2479 intelligere,
787 2441 898 2474 videre,
918 2438 1035 2480 accipi-

304 2480 432 2514 endum,
464 2480 513 2511 vel
541 2480 694 2520 ejusmodi
725 2481 865 2515 verbum,
894 2491 931 2511 ex
963 2488 1035 2511 noto

305 2521 454 2562 loquendi
483 2532 605 2563 genere,
635 2522 719 2563 quod
753 2534 875 2564 zeugma
908 2522 1034 2560 dicitur,

304 2563 512 2605 supplendum
528 2569 586 2594 est.
632 2565 746 2595 Pr-aetev
761 2549 822 2595 31νῦ
813 2576 888 2595 ocem
903 2567 1036 2595 animum

306 2606 439 2640 Catonis,
459 2611 569 2646 praeter
589 2607 752 2644 Catonem,
772 2606 871 2636 virum
895 2607 1034 2648 pervica-

303 2647 566 2688 cissimum,qu1‚
590 2658 661 2678 cum
685 2648 773 2684 mori,
796 2657 890 2689 quam
913 2649 1037 2690 tyranni

302 2689 424 2720 νι11111111
435 2688 522 2730 adsps
525 2699 604 2724 cere,
617 2690 822 2730 mallet(Cic.
835 2690 928 2721 Offic.
942 2691 963 2726 i,
976 2692 1036 2730 31,

306 2731 390 2762 Vell.
421 2730 453 2766 ii,
485 2732 547 2769 49;
576 2731 687 2762 Senec.
717 2732 756 2762 de
787 2732 913 2762 Provid.
943 2734 975 2768 2,
1005 2738 1037 2763 et

303 2772 401 2820 Epist.
426 2773 498 2810 95),
527 2782 654 2803 manum
684 2773 741 2803 sibi
772 2773 876 2804 Uticae
907 2774 1033 2812 111111111;

1080 1317 1144 1339 10111
1167 1314 1269 1339 autem
1292 1306 1487 1342 sententiam,
1511 1307 1716 1346 “Postquam
1740 1305 1808 1336 Ro-

1080 1352 1164 1380 mani
1185 1351 1216 1380 in
1234 1350 1317 1380 bello
1335 1348 1484 1380 Africano
1503 1347 1664 1379 occidione
1682 1357 1771 1389 paene
1791 1357 1810 1377 a

1082 1393 1205 1423 Caesare
1230 1391 1324 1422 occisi
1351 1390 1447 1426 sunt?
1485 1391 1607 1431 egregie
1633 1389 1672 1420 ad
1698 1389 1810 1420 veteris

1082 1433 1239 1474 religionis
1263 1433 1434 1464 docuinam
1460 1431 1675 1470 adumbravit3
1706 1432 1808 1462 ,111110-

1079 1486 1148 1506 nem
1164 1476 1246 1507 enim
1263 1481 1293 1506 et
1307 1481 1424 1506 ceteros
1438 1474 1553 1505 Africae
1564 1473 1663 1505 deos'
1653 1472 1808 1515 επιχωρί-

1080 1529 1137 1554 ους
1152 1518 1216 1548 sive
1233 1517 1393 1552 tutelares,
1409 1517 1463 1558 qui
1479 1515 1588 1547 cedere
1603 1514 1677 1546 olim
1691 1515 1808 1546 debue-

1080 1566 1149 1590 rant
1181 1559 1335 1593 cladibus,
1374 1568 1454 1600 quas
1489 1557 1627 1588 Romani
1661 1557 1694 1588 111
1726 1557 1811 1587 110110

1081 1603 1099 1633 J
1105 1601 1272 1641 ugurtlnno
1288 1607 1316 1631 01
1331 1601 1422 1631 bellis
1443 1599 1572 1631 Punicis
1589 1599 1676 1630 Afris
1694 1599 1809 1630 intule-

1079 1650 1159 1678 rant,
1187 1643 1252 1684 jam
1287 1648 1428 1673 auctores
1457 1642 1534 1672 facit
1561 1641 1694 1682 insignis
1724 1641 1810 1671 illius

1081 1685 1191 1720 cladis,
1209 1694 1272 1732 qua
1287 1684 1437 1715 collectus
1456 1694 1475 1714 a
1497 1684 1540 1721 Q.
1559 1683 1704 1725 Scipione
1722 1693 1808 1714 exer-

1081 1726 1176 1762 citus,
1192 1726 1334 1757 ultimum
1348 1725 1496 1757 libertatis
1509 1724 1713 1756 defendendae
1731 1735 1810 1767 prae-

1079 1769 1202 1806 sidium,
1225 1768 1264 1799 ad
1282 1769 1441 1815 'lhapsum
1463 1767 1610 1809 (Byzacii
1630 1766 1810 1839 oppidum),

1081 1811 1120 1841 ad
1151 1810 1392 1841 internecionem
1419 1820 1520 1840 caesus
1543 1814 1610 1840 est:
1641 1809 1715 1839 011111
1741 1819 1811 1857 qui-

1081 1853 1163 1887 dem,
1184 1853 1238 1886 ait,
1254 1853 1340 1884 Juno
1357 1857 1389 1883 et
1409 1852 1501 1883 ceteri
1515 1851 1559 1882 dii
1579 1851 1666 1882 Afris
1685 1851 1810 1899 prf’l'iffi

1080 1897 1252 1934 impotentes
1275 1894 1365 1934 (quia
1391 1893 1446 1924 sati
1470 1893 1646 1924 necessitati
1671 1893 1811 1924 resistere

1082 1947 1143 1967 non
1161 1942 1319 1978 poterant)
1336 1937 1435 1966 inulta
1450 1942 1530 1966 terra
1544 1935 1692 1967 excedere
1709 1934 1811 1966 coacti

1082 1984 1174 2016 sunt,
1199 1978 1253 2009 sed
1277 1988 1360 2008 nunc
1382 1977 1425 2007 dii
1448 1977 1496 2007 1111
1516 1983 1632 2017 nepotes
1653 1979 1810 2012 victorum,

1080 2025 1230 2061 tanquam
1250 2019 1385 2062 piacula,
1404 2019 1570 2060 Jugurthae
1591 2024 1623 2050 et
1640 2024 1811 2050 ceterorum

1080 2062 1226 2092 Afrorum
1249 2062 1392 2092 manibus
1410 2061 1600 2098 obtulerunt,
1623 2060 1655 2091 h.
1675 2071 1703 2092 e.
1725 2071 1811 2092 nunc

1082 2113 1207 2134 avorum
1236 2113 1346 2145 poenas
1372 2113 1391 2133 3
1416 2103 1583 2145 nepotibus
1607 2103 1811 2144 expetierunt.

1083 2147 1227 2181 Cesserat,
1260 2146 1328 2176 loca
1357 2145 1440 2176 enirn
1470 2150 1593 2175 vastata
1621 2145 1670 2175 vel
1703 2151 1811 2188 captas

1080 2187 1172 2219 urbes
1187 2169 1229 2217 dii
1245 2188 1383 2218 deserere
1399 2187 1605 2230 putabantur:
1628 2186 1693 2218 vid.
1709 2187 1811 2218 Cerda

1081 2230 1120 2260 ad
1146 2229 1234 2270 Virg.
1260 2231 1336 2260 AEn.
1359 2229 1392 2264 ii,
1418 2231 1492 2260 351.
1537 2229 1668 2264 Retulit,
1691 2228 1809 2270 signifi-

1081 2277 1186 2303 canter
1196 2282 1264 2313 pro,
1275 2271 1409 2309 obtulit3
1432 2271 1545 2312 referre
1555 2271 1639 2301 enim
1653 2271 1809 2302 notionem

1081 2313 1158 2344 vicis
1187 2313 1352 2344 reddendae
1381 2295 1474 2344 simul
1508 2312 1735 2355 complectitur,
1763 2313 1810 2358 uti

1077 2357 1211 2394 gratiam
1239 2355 1353 2396 referre
1381 2355 1413 2385 in
1447 2355 1562 2386 malam
1593 2361 1710 2397 partem
1743 2365 1810 2397 pro,

1080 2397 1178 2428 vicem
1202 2397 1338 2433 reddere,
1362 2397 1425 2427 dici
1447 2397 1536 2427 solet.
1579 2397 1713 2438 Infirius
1735 2397 1811 2428 refer

1080 2439 1119 2470 ad
1143 2439 1346 2470 inhumanum
1371 2438 1462 2469 illum
1482 2438 1593 2481 priscae
1615 2438 1811 2487 antiquitatis

1078 2491 1205 2517 morem,
1221 2491 1260 2512 ex
1274 2491 1336 2522 quo
1351 2486 1510 2523 captorum
1525 2480 1677 2520 sanguine
1692 2480 1811 2523 placari

1078 2505 1239 2554 solebant
1233 2534 1264 2553 111
1277 2523 1360 2554 bello
1371 2533 1522 2554 caesorum
1536 2523 1672 2562 Manes;
1694 2523 1733 2555 de
1745 2533 1809 2564 quo

1077 2565 1140 2596 vid.
1156 2565 1195 2596 ad
1212 2566 1299 2606 Virg.
1314 2575 1344 2600 x,
1361 2566 1435 2597 519.

1121 2608 1371 2641 29—36.Q=11·s
1407 2618 1466 2638 nnn
1502 2607 1615 2637 Latino
1650 2607 1808 2654 sanguine,

1081 2655 1155 2680 cett.
1171 2650 1327 2690 vulgarem
1348 2649 1545 2684 sententiam,
1563 2648 1686 2679 ubinam
1706 2654 1754 2679 est
1775 2647 1808 2679 in

1080 2697 1144 2722 toto
1170 2697 1318 2722 terrarum
1341 2691 1414 2722 orbe
1435 2691 1534 2725 locus,
1556 2700 1649 2732 quem
1673 2690 1809 2721 Romani

1080 2733 1163 2763 cives
1198 2743 1259 2763 non
1289 2731 1442 2773 sanguine
1471 2742 1529 2763 suo
1562 2731 1809 2763 maculaverint!

1076 2775 1236 2816 splendide
1250 2774 1408 2805 exornavit
1424 2779 1525 2816 poeta.
1568 2774 1725 2815 Sanguine
1737 2775 1808 2821 pitt-

301 2814 409 2856 itaque
422 2815 491 2862 ejus
511 2814 607 2845 animi
622 2815 798 2845 constantia
817 2821 848 2845 et
861 2815 1034 2856 pervicacia
1073 2818 1166 2856 guim-
1182 2817 1321 2855 Campus,
1333 2816 1475 2847 similiter
1485 2815 1570 2858 apud
1585 2816 1675 2856 Virg.
1689 2816 1770 2848 Geo.
1785 2815 1808 2851 i,

301 2866 372 2887 cum
389 2856 550 2887 atrocitate
564 2856 735 2898 conjuncta
749 2857 819 2887 suit.

342 2900 482 2929 25—28.
523 2899 596 2930 Jam
635 2907 742 2933 causa,
779 2909 817 2929 ex
855 2908 917 2939 qua
954 2899 1034 2929 Cato

302 2947 429 2972 mortem
447 2940 506 2971 sibi
529 2939 690 2977 conscivit,
714 2940 898 2982 subjicitur:
924 2941 1033 2981 vulga-

1078 2860 1152 2896 491,
1167 2860 1205 2889 de
1223 2858 1316 2889 bellis
1337 2857 1482 2888 civilibus
1501 2859 1596 2897 campi
1615 2860 1808 2899 pinguescere

1077 2883 1241 2931 dicu’ntur:
1266 2899 1307 2931 cf.
1323 2899 1452 2930 Mitsch.
1487 2901 1694 2940 Auditumque
1711 2899 1808 2931 Medis

1081 2942 1204 2982 Hesper
1196 2953 1228 2972 ια’
1243 2943 1370 2972 sonitum
1387 2953 1403 2971 1
1407 2943 1502 2972 nime.
1496 2943 1508 2964 7
1529 2948 1559 2974 et
1575 2942 1646 2983 quis
1661 2951 1722 2972 non
1737 2951 1807 2984 per-
