1904 3314
329 194 413 234 310

865 193 1299 238 SATIRARUM

446 289 618 346 Evenit,
640 298 853 352 inquirant
874 297 973 337 vitia
993 303 1040 338 ut
1060 304 1133 337 tua
1154 311 1300 337 rursus
1322 303 1364 337 et
1385 295 1457 336 illi.

452 363 703 405 Iracundior
724 370 790 404 est
810 362 952 417 paulo,
973 363 1112 404 minus
1133 370 1259 416 aptus
1281 363 1415 403 acutis

361 429 417 470 30
445 429 637 476 Naribus
658 429 810 470 horum
830 429 1068 478 hominum3

1101 429 1231 469 rideri
1252 429 1388 482 possit
1407 442 1471 476 eo,
1494 428 1610 481 quod

446 495 668 536 Rusticius
691 503 814 536 tonso
835 502 935 549 toga
956 494 1119 543 defluit,
1142 502 1183 535 et
1204 493 1310 534 male
1331 493 1454 534 laxus

446 561 496 602 In
517 561 627 615 pede
649 560 815 602 calceus
836 561 993 610 haeret3
1026 567 1068 600 at
1089 567 1155 600 est
1175 561 1328 609 bonus,
1351 567 1398 600 ut
1418 560 1564 600 melior-
1585 560 1648 599 vir

447 627 550 668 Non
571 627 677 668 alius
698 628 936 681 quisquam,
958 633 1002 666 at
1024 626 1103 666 tibi
1128 626 1300 674 amicus,
1322 633 1365 665 at
1385 626 1600 679 ingenium
1619 625 1770 680 ingens

444 693 611 735 Inculto
630 693 735 734 latet
755 693 836 733 hoc
860 693 940 732 sub
963 706 1142 746 corpore
1162 708 1170 732 :
1204 693 1388 745 denique
1409 700 1450 732 te
1471 693 1618 746 ipsum,

361 760 416 800 35
447 759 653 808 Concute,
670 773 769 799 num
789 773 873 811 qua
893 758 971 798 tibi
990 758 1185 798 vitiorum
1206 758 1405 798 inseverit
1426 756 1533 798 olim

447 825 632 873 Natura,
654 831 728 864 aut
749 825 875 864 etiam
897 824 1162 864 consuetudo
1183 822 1314 873 mala3
1347 838 1528 877 namque

447 891 671 946 Neglectis
693 890 857 930 urenda
876 889 966 930 filix
987 890 1218 930 innascitur
1238 890 1366 943 agris.

447 957 555 998 Illuc
575 964 893 1011 praevertamur,
915 963 1143 996 amatorem
1165 956 1282 1009 quod
1299 956 1443 996 amicae

448 1023 615 1077 Turpia
635 1023 852 1076 decipiunt
874 1036 1032 1062 caecum
1053 1022 1166 1069 vitia,
1188 1028 1261 1060 aut
1282 1022 1407 1061 etiam
1428 1021 1521 1074 ipsa
1542 1020 1635 1061 haec

361 1091 417 1132 40
447 1089 690 1138 Delectant,
712 1088 843 1129 veluti
865 1088 1092 1128 Balbinum
1108 1087 1292 1141 polypus
1317 1087 1498 1141 Hagnae.

449 1156 614 1198 Vellem
633 1156 675 1196 in
697 1155 880 1195 amicitia
902 1155 960 1194 sic
982 1167 1235 1201 erraremuS,
1258 1160 1301 1193 et
1318 1154 1391 1193 isti

449 1222 600 1263 Errori
619 1235 771 1262 nomen
791 1221 925 1260 virtus
947 1220 1163 1274 posuisset
1186 1219 1426 1259 honestum.

447 1288 510 1330 At
528 1296 649 1343 pater
672 1295 718 1328 ut
738 1287 868 1341 gnati,
893 1287 950 1327 sic
973 1301 1049 1326 nos
1071 1286 1291 1334 debemus,
1313 1286 1436 1325 amici

335 1397 405 1418 rum
428 1386 496 1418 acie
518 1385 700 1427 praevalens.
744 1384 878 1424 Serpens,
899 1383 967 1415 visu
991 1394 1066 1414 acu-

334 1428 468 1460 tissimo:
510 1428 708 1467 Epidaurius,
746 1427 903 1468 epitheton
939 1436 1065 1460 ornans,

335 1470 400 1501 sive
421 1470 503 1511 quod
527 1469 610 1509 regio
631 1469 670 1499 ad
690 1468 893 1509 Epidaurum,
911 1467 1068 1508 Argolidis

336 1513 456 1547 urbem,
472 1513 611 1542 scatebat
624 1511 829 1552 serpentibus,
846 1510 910 1540 sive
926 1510 965 1540 ob
982 1519 1064 1539 man-

337 1560 459 1584 suetum
477 1553 633 1594 quoddam
651 1553 707 1593 (de
727 1563 790 1593 quo
811 1557 913 1582 narrat
932 1553 1068 1581 Pausan.

336 1595 368 1625 in
390 1596 533 1626 Corinth.
555 1595 588 1631 ii,
608 1595 668 1632 28)
691 1601 867 1634 serpentum
892 1592 933 1623 ibi
957 1603 1068 1633 genus,

337 1647 459 1668 sacrum
476 1638 534 1667 deo
548 1637 632 1666 illius
646 1635 780 1676 regionis
799 1634 934 1668 tutelari,
954 1636 1067 1665 AElscu-

339 1679 432 1719 lapio,
449 1679 504 1719 qui
519 1679 578 1708 sub
593 1678 688 1708 forma
706 1677 858 1717 serpentis
872 1676 986 1706 ibidem
1002 1676 1069 1706 cul-

338 1725 388 1750 tus
412 1726 447 1751 et·
467 1720 512 1751 sic
541 1721 673 1750 Romam
707 1719 886 1760 deportatus
912 1723 970 1748 est.
1015 1718 1067 1748 In-

338 1764 476 1801 quirant,
496 1768 570 1793 cett.
592 1767 623 1791 et
643 1761 701 1796 illi,
717 1771 848 1800 quorum
868 1760 940 1790 vitia
965 1766 998 1790 tu
1023 1760 1068 1789 in-

338 1804 446 1844 quiris,
460 1803 595 1835 vicissim
611 1809 662 1833 tua
679 1802 849 1843 inquirant.

381 1847 434 1883 29,
457 1846 509 1876 30.
531 1845 714 1875 Iracnuclior
735 1851 776 1874 est
797 1845 897 1882 paulo.
920 1849 992 1874 cett.
1036 1843 1068 1874 Si

338 1886 457 1917 amicus
468 1887 562 1927 paulo
576 1887 612 1916 ad
627 1886 704 1916 iram
715 1893 762 1916 est
776 1885 950 1927 proclivior,
966 1884 1069 1916 minus

339 1934 431 1968 aptus
446 1928 590 1958 amicitiae
604 1927 658 1957 ille
679 1927 800 1957 videtur
816 1927 862 1956 his
878 1926 1068 1963 hominihus,

339 1969 395 2010 qui
431 1969 506 1999 vitia
539 1969 639 2000 acutis
671 1969 798 1998 naribus
834 1968 1069 1998 subodorantur.

339 2011 456 2041 Horum
484 2010 619 2042 referunt
641 2010 822 2051 interpretes
845 2010 882 2039 ad
909 2009 1069 2049 ingenium

339 2052 511 2090 hominum,
526 2053 580 2093 qui
595 2062 679 2082 nunc
693 2052 822 2088 vivunt;
844 2061 902 2092 ego
917 2051 1013 2081 refero
1029 2052 1068 2082 ad

340 2103 393 2124 eos
409 2093 511 2135 quiin
527 2105 557 2124 v.
572 2094 612 2123 28
628 2093 703 2123 dicti
722 2098 794 2123 sunt
809 2094 870 2123 illi.

382 2136 518 2166 30—35.
564 2136 672 2165 Rider-5
703 2137 802 2174 possit,
839 2139 910 2164 cett.
941 2144 1067 2165 sensus:

339 2177 432 2208 rideri
456 2178 582 2207 sortasse
609 2176 709 2217 possit
735 2175 855 2206 amicus
880 2175 960 2212 ideo,
987 2176 1070 2216 quod

341 2219 529 2250 inconcinne
550 2225 597 2249 est
619 2224 749 2254 tonsus;
773 2217 854 2258 quod
874 2217 905 2247 in
929 2222 1001 2257 toga
1023 2217 1070 2247 in-

339 2261 423 2292 cedit
437 2271 498 2291 non
514 2259 696 2301 composita,
712 2259 766 2290 sed
780 2260 922 2289 deorsum
939 2259 1070 2298 fluente3

340 2302 425 2344 quod
447 2303 538 2333 laxus
560 2302 683 2332 calceus
706 2301 786 2331 male
808 2301 840 2330 in
864 2301 941 2342 pede
964 2301 1068 2331 sedet:

342 2345 396 2375 sed
416 2344 491 2386 quia
511 2344 592 2374 idem
614 2349 662 2374 est
683 2343 730 2373 vir
750 2344 862 2377 bonus,
884 2352 946 2382 quo
964 2343 1071 2372 melior

342 2385 473 2417 inveniri
489 2396 550 2416 non
588 2391 685 2420 otest;
707 2385 789 2425 quod
800 2384 855 2414 tibi
870 2390 915 2414 est
930 2384 1070 2422 amicus3

339 2428 414 2468 quia
429 2428 489 2458 sub
504 2438 562 2467 neg
577 2432 644 2458 ecto
659 2426 726 2468 ejus
741 2436 866 2467 corpore
879 2426 951 2456 latet
963 2426 1072 2466 ingens

341 2469 514 2510 ingenium,
543 2469 647 2499 omnia
676 2469 732 2499 illa
765 2468 962 2507 indulgenter
995 2478 1014 2498 a
1042 2474 1071 2499 te

341 2511 466 2542 serenda
490 2517 573 2542 sunt.
618 2511 774 2541 Rusticius
805 2517 901 2540 wnw:
933 2509 966 2539 in
994 2510 1070 2541 urbe

341 2553 425 2594 apud
449 2554 610 2584 Romanos
635 2552 735 2582 crines
757 2551 869 2593 capitis
892 2551 931 2581 ad
957 2557 1070 2582 certam

340 2604 492 2631 normam,
512 2594 732 2637 aequalitatem,
750 2600 781 2624 et
798 2593 984 2632 elegantiam
1001 2599 1069 2624 ton-

341 2637 507 2673 debantur,
523 2643 556 2667 at
569 2646 638 2666 rure
657 2636 724 2666 sine
739 2636 803 2666 ulla
820 2645 896 2669 arre,
914 2641 1026 2666 temere
1041 2641 1072 2666 et

340 2677 537 2710 incuriosius
583 2677 772 2708 Particulam
796 2679 872 2707 male
894 2677 1072 2718 interpretes

342 2720 480 2751 referunt
501 2721 540 2751 ad
555 2721 650 2754 laxus,
668 2725 699 2750 et
714 2720 758 2749 sic
774 2721 850 2749 male
862 2719 928 2759 jam
944 2725 988 2749 est
1004 2729 1069 2759 pro,

341 2762 454 2799 nimis;
475 2763 530 2793 sed
576 2761 706 2792 uomodo
727 2762 842 2790 calceus
863 2762 950 2790 vnimis
973 2762 1069 2798 taxus,

341 2804 397 2845 qui
419 2805 500 2835 male
521 2814 554 2835 se
578 2809 619 2837 et,
643 2802 674 2833 h.
695 2813 722 2833 e.
745 2802 798 2843 qui
821 2802 1067 2844 cimumpedem

341 2846 404 2877 huc
418 2845 496 2877 illuc
512 2850 663 2882 mox-etur,
680 2843 860 2885 simpliciter
879 2845 985 2874 haerere
1004 2844 1066 2875 dici

340 2889 462 2929 potest!
485 2887 580 2918 immo
600 2888 709 2917 harere
730 2886 855 2919 dicitur,
870 2886 953 2927 quod
973 2885 1066 2916 alicui

338 2929 381 2961 rei
418 2929 565 2968 adhmet,
599 2928 739 2964 inhaeret,
763 2926 902 2971 ,firmiter
934 2927 1063 2959 insidet:

1110 1393 1180 1424 sup.
1208 1382 1269 1413 Od.
1294 1382 1340 1418 iii,
1365 1383 1419 1418 24,
1448 1382 1507 1419 55Γ
1529 1382 1631 1413 Nescit
1657 1393 1727 1422 equo
1754 1384 1846 1414 rudit

1110 1426 1216 1455 hoerere
1231 1427 1380 1465 ingenuus
1392 1435 1478 1463 puer,
1495 1423 1524 1454 h.
1539 1434 1567 1454 e.
1582 1433 1659 1465 puer
1672 1423 1840 1463 ingenuus,

1109 1466 1270 1514 equitandi
1295 1466 1465 1508 imperitus,
1490 1475 1552 1496 non
1577 1465 1687 1496 didicit
1715 1466 1842 1497 firmiter
1900 1469 1901 1474 ¹

1110 1509 1243 1538 insidere
1261 1518 1362 1548 equo;
1385 1508 1429 1538 sic
1451 1507 1508 1537 inf.
1529 1518 1558 1537 v.
1579 1508 1632 1541 77,
1647 1509 1721 1538 vitia
1740 1510 1843 1539 stultis

1112 1551 1266 1583 hieremia,
1282 1550 1406 1580 firmiter
1425 1549 1590 1580 insidentia
1604 1561 1611 1578 :
1635 1549 1732 1580 rel'ero
1749 1549 1843 1590 igitur

1113 1591 1142 1621 h.
1162 1593 1180 1622 l.
1195 1593 1271 1622 male
1285 1591 1323 1621 ad
1340 1593 1440 1625 ἤιεν-οι,
1458 1591 1488 1622 h.
1502 1601 1530 1621 e.
1546 1591 1625 1621 male
1640 1591 1748 1621 sedet:
1774 1601 1842 1627 nos,

1112 1635 1159 1664 die
1188 1634 1388 1674 Beschuhung
1413 1635 1486 1674 liegt
1511 1635 1580 1663 oder
1604 1633 1732 1663 schlieant
1759 1634 1842 1664 uiolet

1112 1687 1164 1705 αη.
1208 1675 1338 1712 Inculto,
1364 1675 1445 1716 quod
1472 1675 1512 1704 ad
1535 1681 1695 1705 externum
1723 1674 1842 1706 cultum

1114 1717 1236 1751 attinet,
1247 1717 1388 1758 negligit.
1419 1716 1457 1747 Te
1468 1718 1562 1756 ipsum
1572 1722 1705 1752 concute,
1718 1722 1842 1752 excute,

1112 1768 1148 1788 ex
1175 1759 1249 1789 lora.

1152 1771 1208 1831 157.
1234 1800 1368 1841 Namque
1394 1800 1544 1842 Neglectis
1569 1801 1686 1830 urenda
1699 1799 1774 1840 filia:
1794 1801 1842 1831 in-

1113 1844 1250 1873 nascitur
1263 1845 1357 1883 agris.
1403 1843 1464 1873 Per
1482 1841 1663 1882 imaginem,
1677 1851 1695 1872 a
1713 1840 1795 1873 filice
1809 1842 1844 1872 in

1113 1885 1195 1924 agris
1224 1884 1374 1924 neglectis
1401 1891 1549 1915 nascente
1579 1883 1718 1925 petitam,
1741 1884 1842 1925 expri-

1112 1935 1192 1956 mere
1222 1926 1319 1956 voluit
1354 1926 1430 1956 hoc:
1469 1935 1553 1962 nam,
1585 1924 1843 1966 quemadmodum

1102 1969 1178 2007 filix
1215 1971 1301 2009 (nos,
1336 1966 1545 2007 Farenkraut)
1579 1966 1659 2007 agiis
1695 1967 1846 2008 neglectis

1114 2010 1293 2045 innascens,
1327 2009 1456 2046 urenda,
1489 2009 1532 2039 ita
1567 2009 1654 2043 vitia,
1683 2019 1753 2050 quae
1790 2015 1844 2040 aut

1113 2057 1223 2081 natura
1239 2056 1291 2082 aut
1308 2051 1390 2081 mala
1410 2051 1603 2082 consuetudo
1622 2050 1743 2088 insevit,
1756 2052 1841 2082 evel-

1113 2093 1207 2123 lenda
1223 2099 1255 2123 et
1268 2092 1467 2134 exstirpanda
1482 2098 1556 2124 sunt
1567 2103 1606 2124 ex
1621 2092 1738 2123 animo.

1155 2136 1208 2165 38.
1242 2134 1323 2165 Illuc
1356 2141 1584 2174 pretim-tamur,
1621 2143 1740 2165 nexus:
1776 2133 1843 2170 sed,

1114 2175 1214 2205 missis
1243 2175 1311 2206 aliis
1341 2176 1418 2213 (hoc
1445 2175 1526 2207 inest
1555 2176 1647 2207 verbo
1675 2175 1845 2217 composito

1111 2216 1280 2256 praevertu'),
1306 2217 1465 2247 redeamus
1494 2217 1606 2258 (illuc)
1637 2217 1676 2248 ad
1704 2217 1736 2248 id
1760 2217 1843 2248 loco-

1114 2268 1193 2295 rum,
1223 2257 1278 2288 ubi
1307 2259 1407 2289 videre
1435 2259 1520 2295 licet,
1550 2261 1625 2298 quod
1651 2257 1843 2299 (quatenus)

1115 2302 1218 2338 turpia
1231 2301 1307 2330 vitia
1322 2303 1421 2330 amicae
1435 2301 1590 2339 decipiunt
1602 2307 1773 2330 amatorem.

1157 2343 1208 2372 39.
1232 2344 1294 2372 Aut
1317 2343 1406 2372 eliam
1430 2343 1493 2381 ipsa
1516 2343 1574 2373 haec
1598 2342 1776 2373 Delectant:
1804 2341 1844 2372 de

1114 2383 1238 2423 ingenio
1269 2390 1453 2419 amatorum,
1486 2390 1540 2414 aut
1568 2383 1643 2414 vitia
1676 2382 1844 2414 amicarum

1113 2426 1206 2467 plane
1221 2435 1282 2455 non
1304 2425 1627 2459 animadvertentium.
1644 2430 1699 2456 aut
1717 2435 1755 2455 ex
1776 2425 1844 2456 ani-

1114 2467 1281 2498 madversis
1316 2467 1503 2508 voluptatem
1534 2467 1611 2498 adeo
1638 2466 1843 2509 captantium,

1114 2509 1252 2539 laudavit
1273 2509 1429 2540 Gesnerus
1454 2510 1534 2540 Plat.
1556 2509 1594 2540 de
1617 2508 1754 2551 Republ.
1767 2519 1796 2546 v,
1810 2519 1844 2550 p.

1114 2552 1195 2587 474;
1222 2552 1344 2581 Lucret.
1367 2551 1408 2586 iv,
1434 2552 1516 2582 1154
1538 2561 1631 2592 sqq-3
1655 2550 1748 2582 Ovid.
1774 2550 1845 2581 Art.

1114 2592 1147 2628 ii,
1163 2593 1224 2622 657
1242 2603 1311 2634 sqq.

1157 2636 1208 2665 40.
1229 2635 1378 2675 Polypus.-
1395 2633 1432 2664 de
1443 2634 1500 2664 hoc
1513 2638 1590 2664 tetro
1603 2631 1723 2664 narium
1736 2634 1843 2664 morbo

1115 2686 1168 2706 seu
1191 2677 1299 2708 tubere
1320 2677 1385 2716 agit
1407 2676 1518 2707 Celsus
1539 2675 1581 2711 vi,
1605 2677 1637 2711 8,
1659 2675 1690 2705 2.
1737 2675 1842 2706 Prima

1112 2719 1244 2759 syllaba,
1272 2718 1360 2759 quasi
1387 2717 1569 2748 scriberetur
1592 2717 1744 2757 pollypus,
1772 2727 1842 2759 pro·

1110 2760 1247 2795 ducitur,
1271 2766 1306 2790 ut
1327 2759 1425 2801 prima
1451 2759 1570 2800 syllaba
1591 2757 1624 2788 in
1651 2758 1769 2799 religio,
1793 2770 1842 2790 re-

1111 2804 1195 2837 tulit,
1223 2801 1311 2843 quasi
1334 2800 1526 2835 scriberetur,
1553 2800 1684 2839 relligio,
1709 2802 1842 2834 rettuli-⁵.

1111 2845 1240 2884 Hognae,
1258 2844 1376 2874 Graecae
1394 2842 1557 2876 libertinae,
1579 2851 1618 2871 ex
1635 2840 1839 2883 Graeco'¹A·y-

1111 2895 1183 2924 νης·
1205 2885 1269 2916 vid.
1286 2884 1456 2915 Bentleius.

1151 2929 1204 2962 41,
1221 2928 1274 2957 42.
1300 2927 1407 2956 Vellem
1423 2928 1454 2956 in
1471 2925 1615 2962 amicitia,
1632 2929 1707 2956 cett.
1727 2925 1838 2956 vellem
