1904 3314
307 206 394 248 412

847 207 1276 249 SATIRARUM

422 306 492 348 De
513 321 558 348 re
580 308 790 348 communi
811 309 961 350 scribae
981 324 1133 364 magna
1154 316 1281 363 atque
1301 324 1407 350 nova
1429 316 1470 350 te

421 373 617 414 orabant
636 374 764 415 hodie
785 377 1057 425 meminisses,
1081 376 1257 425 Quinte,
1280 376 1448 416 reverti.

425 439 641 493 Imprimat
663 440 743 488 his,
766 455 881 489 cura,
903 441 1120 483 Maecenas
1144 443 1263 496 signa
1282 441 1461 482 tabellis.

421 505 610 554 Dixeris,
635 506 868 560 Experiar:
902 507 948 547 Si
969 509 1044 557 vis,
1066 516 1204 562 potes,
1227 508 1346 549 addit
1366 514 1409 548 et
1429 507 1574 547 instat.

337 571 393 611 40
423 571 637 625 Septimus
659 579 807 612 octavo
828 573 1003 626 propior
1017 574 1105 627 jam
1127 574 1284 628 fugerit
1305 588 1455 622 annuS‚

421 637 492 678 Ex
514 652 598 691 quo
620 637 836 678 Maecenas
858 653 924 679 me
943 641 1076 693 coepit
1099 640 1258 680 habere
1282 654 1455 681 suorum

421 704 471 744 In
491 719 680 752 numero,
703 705 911 746 duntaxat
932 707 986 746 ad
1008 706 1107 754 hoc,
1128 721 1255 759 quem
1275 706 1423 747 tollere
1445 705 1582 747 rheda

421 769 566 811 Vellet
585 771 664 810 iter
685 770 858 819 faciens,
880 778 923 811 et
944 772 1012 812 cui
1033 773 1290 814 concredere
1313 787 1448 827 nugas

422 835 520 876 Hoc
538 851 672 889 genus
688 852 697 877 :
727 837 850 877 Hora
868 845 1000 891 quota
1016 845 1080 878 est
1095 840 1111 879 ἲ
1140 839 1292 880 Threx
1308 846 1373 880 est
1391 838 1561 880 Gallina
1579 836 1690 891 Syro
1706 836 1814 890 par?
1851 867 1853 870 .

335 902 392 942 45
423 901 637 942 Matutine
658 917 807 955 parum
827 910 975 944 cautos
991 905 1080 958 jam
1101 904 1260 958 frigora
1279 905 1500 946 mordent:

426 968 486 1008 Et
507 983 603 1021 quae
623 969 776 1009 rimosa
796 970 904 1009 bene
927 970 1202 1023 deponuntur
1223 971 1264 1010 in
1285 985 1402 1011 aure.

424 1033 510 1074 Per
530 1041 664 1074 totum
685 1034 766 1074 hoc
787 1042 954 1088 tempus
977 1036 1208 1088 subjectior
1229 1036 1270 1075 in
1291 1036 1403 1076 diem
1423 1042 1467 1076 et
1486 1035 1636 1076 horam

423 1099 613 1140 Invidiae.

674 1099 838 1140 Noster
858 1100 981 1140 ludos
1004 1108 1270 1154 spectaverat
1291 1115 1389 1149 una,

426 1164 613 1205 Luserat
634 1165 675 1204 in
696 1179 869 1219 campo3
900 1166 1103 1207 Fortunae
1122 1166 1258 1207 filius!
1291 1181 1449 1207 omneS.

315 1309 374 1340 est,
402 1305 484 1345 quod
512 1314 567 1335 nos
596 1304 740 1342 dicimus,
767 1307 864 1336 durch
887 1308 943 1336 <len
967 1306 1054 1348 Kolgf'

319 1347 436 1387 [ausen.
480 1346 627 1376 Ceterum
651 1357 722 1377 cum
747 1348 815 1378 loco
839 1354 986 1388 sequente
1007 1349 1045 1378 ti-

317 1398 405 1418 rones
434 1398 630 1428 comparasse
651 1388 774 1429 juvabit
802 1389 903 1430 Epist.
929 1390 1047 1420 Mureti

318 1429 369 1471 (in
399 1429 528 1460 Selectis
556 1431 673 1460 Mureti
699 1430 850 1472 Epistolis
877 1441 895 1461 a
923 1431 1048 1462 clariss.

317 1470 441 1502 Kraftio
465 1470 554 1501 editis
580 1471 665 1508 xxxi,
686 1483 718 1513 p.
740 1471 812 1512 49),
831 1472 883 1503 ubi
905 1473 1048 1504 Muretus

318 1513 595 1543 diversissimorum
645 1514 836 1552 negotiorum
881 1514 1047 1550 molestias,

318 1555 431 1596 quibus
448 1565 634 1601 unoquoque
653 1555 703 1586 die
725 1557 854 1587 obrutus
869 1561 900 1587 et
919 1556 1049 1597 pessime

318 1602 448 1628 vexatus
463 1603 513 1632 stt,
529 1597 708 1628 suavissime
723 1597 886 1628 enarravit.

363 1639 501 1668 34—39.
525 1640 602 1668 Ante
625 1641 794 1676 secundam,
814 1639 896 1680 apud
920 1649 986 1673 nos.
1001 1650 1051 1680 ge-

319 1691 377 1722 gen
399 1681 493 1710 sieben
521 1680 598 1710 Uhr.
646 1681 768 1710 Roscius
789 1683 913 1711 orabat.-
937 1681 1052 1721 cogita,

321 1732 444 1752 servum
469 1721 604 1762 aliquem
626 1722 756 1752 Horatio
774 1723 831 1752 sub
852 1722 922 1764 ejus
945 1722 977 1753 in
997 1723 1051 1753 do-

321 1774 407 1794 mum
425 1763 610 1794 Maecenatis
629 1763 763 1794 adventu
779 1764 845 1804 jam
862 1765 981 1802 referre,
998 1765 1053 1806 qui

323 1805 477 1836 adfuerint
500 1805 533 1835 in
553 1806 621 1847 ejus
641 1806 791 1843 absentia,
809 1812 840 1837 et
856 1807 933 1848 quid
955 1807 1052 1848 preci-

321 1848 382 1878 bus
412 1848 451 1878 ab
482 1857 518 1878 eo
544 1847 708 1889 impetrare
732 1848 897 1879 voluerint.
945 1849 1054 1880 Puteal

323 1889 464 1931 (proprie
494 1889 578 1929 putei
610 1889 822 1930 operculum),
854 1901 970 1927 muru5‚
1000 1891 1054 1931 qui

324 1937 453 1973 puteum
469 1930 602 1961 cinxisse
618 1931 749 1967 videtur,
764 1932 795 1961 in
811 1932 940 1963 formam
955 1933 1053 1974 quad-

323 1972 393 2007 rati,
411 1972 459 2002 vel
475 1972 506 2002 in
527 1972 654 2002 sormam
676 1973 782 2004 altaris
803 1980 991 2010 exstructus,
1006 1975 1052 2006 uti

322 2015 427 2054 puteal
443 2015 566 2044 Libonis
585 2015 616 2044 in
635 2015 767 2045 nummis
783 2026 959 2056 expressum
977 2027 1052 2047 con-

325 2055 454 2098 spicitur
469 2056 551 2096 apud
567 2055 766 2086 Lambinum.
799 2058 936 2088 Fuerunt
950 2064 1053 2089 autem

328 2098 440 2129 Romae
454 2097 487 2127 in
508 2097 571 2127 foro
585 2097 648 2127 duo
667 2098 815 2138 putealia,
831 2105 866 2130 ut
880 2100 971 2130 docet
986 2101 1055 2131 Sal-

327 2149 405 2170 mas·
418 2139 457 2170 ad
473 2139 571 2169 Solin.
586 2150 616 2180 p.
633 2141 707 2174 802,
724 2141 854 2170 alterum
870 2140 903 2170 in
921 2142 1056 2178 Comitio,

326 2181 380 2212 ubi
393 2181 446 2222 jus
465 2180 590 2211 dicebat
606 2181 733 2217 Praetor,
750 2182 880 2212 alterum
901 2183 939 2212 ad
954 2195 1058 2214 arcum

329 2224 508 2257 Fabianum,
529 2233 547 2252 a
571 2222 733 2253 Scribonio
755 2223 875 2254 Libone
893 2223 985 2264 jussu
1008 2235 1056 2255 se-

327 2270 418 2296 natus
441 2265 622 2299 excitatum,
644 2264 699 2294 ubi
721 2265 921 2295 foeneratores
943 2276 1056 2297 conve-

329 2307 395 2338 nire
424 2311 455 2336 et
481 2306 585 2336 foenus
607 2316 751 2337 exercere
777 2307 937 2337 solebant:
963 2308 1056 2339 Ovid.

329 2350 368 2380 de
385 2349 478 2379 Rem.
498 2350 572 2378 Am.
593 2348 651 2378 561
671 2360 677 2377 :
702 2349 764 2378 vid.
780 2359 859 2389 quos
878 2349 984 2380 laudat
999 2351 1057 2380 Er-

330 2396 410 2422 nest.
426 2389 458 2419 in
476 2391 565 2420 Clav.
577 2389 645 2421 Cic.
662 2400 688 2419 s-
703 2401 734 2421 v.
754 2391 881 2421 Puteal.-
900 2391 938 2421 ad
954 2397 1056 2432 poste-

330 2433 406 2468 rius,
430 2431 513 2472 quod
537 2431 594 2462 inf.
619 2432 720 2472 Epist.
746 2432 767 2469 i,
794 2434 843 2468 19,
873 2434 910 2462 18
934 2433 1058 2474 plenius

328 2474 434 2515 puteal
451 2474 571 2504 Libonis
586 2473 710 2508 dicitur,
725 2474 856 2515 respexit
870 2474 934 2515 jam
959 2476 1056 2506 Hora-

330 2517 402 2552 tius,
425 2515 479 2546 ubi
502 2515 617 2546 Roscio
640 2515 672 2545 in
698 2527 730 2547 re
751 2516 930 2558 pecuniaria
951 2517 1059 2548 adesse

331 2559 476 2590 debebat.

374 2602 426 2631 36.
451 2600 497 2630 De
519 2610 552 2630 re
574 2601 732 2634 communi,
752 2600 789 2630 ad
813 2610 920 2631 omncs
943 2600 1059 2632 scribas

353 2643 512 2674 ertinente.
558 2641 692 2679 Reverti,
707 2652 751 2672 sc.
774 2642 806 2672 in
826 2642 965 2673 decurias
984 2644 1059 2673 scri-

330 2655 452 2721 ssarum,
468 2689 503 2714 ut
525 2693 691 2714 commune
714 2695 783 2714 cum
805 2684 841 2714 iis
855 2686 890 2714 de
906 2695 936 2714 vre
951 2697 1059 2725 magna

330 2735 358 2758 et
374 2737 448 2758 nora
464 2725 626 2756 consilium
643 2736 776 2767 caperes.
817 2727 963 2756 lim->ttius
979 2727 1060 2758 enim

331 2769 342 2800 i
366 2779 399 2799 se
430 2767 490 2798 fuit
515 2768 622 2803 scriba,
652 2774 683 2798 et
710 2768 835 2808 quidem
869 2768 1061 2802 Quaestom'ns.

333 2780 384 2842 ὗε
399 2810 559 2840 honestate
573 2811 737 2839 scribarum
747 2811 944 2849 publicorum,
960 2811 990 2840 in
1007 2812 1060 2842 de-

332 2852 434 2884 curias
473 2851 707 2892 descriptorum,
746 2858 778 2882 et
811 2852 982 2882 mercedem
1022 2864 1059 2884 ex

333 2893 440 2926 aerario
456 2893 688 2935 accipientium,
706 2893 768 2924 vid.
782 2895 905 2924 Ernest.
921 2894 952 2925 iu
971 2895 1061 2927 Clav.

335 2937 405 2969 Cic.
420 2947 444 2968 S.
459 2947 491 2967 v.
507 2937 622 2967 Scriba.
911 2951 915 2955 =

1133 1307 1189 1337 38.
1214 1307 1372 1346 Imprimat
1398 1307 1452 1342 his,
1478 1310 1554 1337 cett.
1579 1303 1714 1344 Porrigit
1738 1303 1819 1335 alius

1090 1348 1221 1379 Horatio
1242 1349 1384 1382 tabellas.
1400 1357 1523 1388 rogans,
1538 1351 1572 1377 ut
1588 1355 1641 1377 eas
1661 1356 1680 1376 a
1700 1347 1821 1376 Μεσε-

1091 1396 1161 1420 nate
1177 1390 1404 1429 consignandas
1419 1397 1516 1420 curet.
1559 1389 1723 1419 Maecenas
1736 1386 1820 1418 enim

1092 1431 1216 1462 nomine
1232 1431 1380 1472 Augusti,
1397 1442 1415 1462 a
1430 1441 1494 1473 quo
1513 1430 1666 1461 annulum
1681 1429 1820 1470 signato-

1092 1473 1168 1503 rium
1193 1479 1353 1514 acceperat
1377 1473 1458 1514 (vid.
1481 1471 1676 1510 naiadum),
1695 1470 1822 1502 tabellis

1091 1514 1229 1554 sigillum
1256 1515 1442 1556 imprimere,
1466 1515 1531 1546 sive
1557 1523 1610 1545 eas
1639 1512 1822 1554 consignare

1092 1557 1223 1588 solebat.

1134 1599 1188 1629 39.
1218 1599 1349 1633 Dixeris,
1366 1608 1433 1640 pro,
1449 1596 1475 1628 si
1495 1596 1621 1634 dixeris,
1635 1601 1667 1627 et
1681 1595 1740 1626 hoe
1754 1604 1823 1637 pro,

1096 1639 1122 1670 si
1139 1650 1196 1680 ego
1219 1640 1348 1671 dixerim
1365 1652 1371 1669 :
1395 1641 1540 1680 experiar,
1556 1638 1728 1680 perieulum
1744 1636 1822 1667 faci·

1096 1691 1159 1717 am,
1183 1693 1259 1712 num
1287 1682 1426 1714 satisfieri
1453 1681 1549 1723 possit
1573 1679 1634 1710 tuis
1658 1678 1823 1722 precibus3

1096 1734 1163 1760 noS,
1181 1725 1227 1754 ich
1241 1725 1304 1754 wilt
1319 1725 1453 1758 zusehen,
1468 1725 1501 1754 ob
1516 1734 1543 1754 es
1555 1723 1639 1763 geht.

1138 1767 1191 1797 40.
1214 1767 1360 1805 Septimus
1382 1773 1493 1800 octavo,
1509 1770 1584 1796 cett.
1606 1763 1733 1804 elegans
1754 1772 1823 1810 ver:

1097 1817 1147 1838 sus
1180 1819 1233 1850 pro
1262 1807 1393 1848 vulgari,
1422 1807 1490 1849 jam
1521 1811 1591 1838 octo
1622 1805 1716 1836 ferme
1748 1814 1824 1835 anm

1098 1850 1286 1891 praeterlapsi
1310 1856 1402 1880 sunt:
1417 1850 1555 1892 sugerit,
1570 1847 1630 1878 nisi
1652 1846 1755 1882 fallor,
1772 1845 1824 1877 fu-

1098 1891 1160 1932 git;
1185 1903 1250 1930 nos,
1265 1903 1292 1923 es
1309 1894 1424 1923 werden
1443 1903 1506 1922 mm
1523 1891 1600 1922 wohl
1615 1889 1738 1920 beinahe
1755 1889 1825 1919 aoht

1097 1934 1193 1965 Jahre
1206 1935 1360 1975 vevflossen
1376 1944 1459 1974 ευριπ.

1139 1977 1190 2007 42.
1218 1977 1375 2007 Daunum
1404 1978 1444 2007 ad
1473 1975 1535 2009 hoc,
1562 1984 1657 2014 quem,
1686 1977 1759 2004 cett.
1788 1981 1825 2003 eo

1097 2022 1219 2048 tantum
1241 2017 1384 2054 consilio,
1403 2023 1439 2048 ut
1461 2025 1560 2047 essem
1579 2025 1685 2056 quem,
1700 2014 1757 2045 iter
1779 2013 1842 2044 faa

1098 2059 1195 2095 ciens,
1224 2061 1315 2090 rheda
1345 2069 1449 2090 secum
1479 2059 1605 2092 tolleret,
1631 2055 1696 2087 sive
1721 2065 1827 2096 quem,

1100 2112 1170 2131 curn
1197 2101 1293 2132 rheda
1315 2107 1423 2132 vectus
1451 2101 1509 2131 iter
1532 2099 1656 2135 faceret,
1680 2097 1827 2128 comitem

1100 2143 1159 2173 sibi
1178 2143 1381 2183 adjungeret3
1403 2142 1447 2173 sic
1470 2140 1555 2184 apud
1575 2139 1700 2171 Livium
1722 2138 1779 2176 xli,
1794 2139 1826 2174 3,

1099 2187 1209 2223 equites
1228 2185 1375 2215 dicuntur
1387 2186 1498 2224 pedites
1515 2185 1547 2213 in
1562 2193 1646 2223 equos
1661 2192 1755 2213 mcum
1771 2181 1828 2212 tol-

1102 2227 1171 2256 lere.

1142 2269 1194 2297 44.
1224 2267 1290 2298 Hoc
1303 2278 1406 2308 genus,
1422 2265 1586 2307 ejusmodi,
1601 2262 1738 2306 exempli
1751 2271 1828 2293 eau-

1099 2319 1145 2340 sa.
1192 2309 1287 2339 Threi*
1316 2314 1356 2339 est
1388 2308 1516 2338 Gallina
1546 2307 1622 2346 Syro
1648 2306 1726 2344 pur?
1751 2313 1827 2334 num

1099 2350 1251 2391 gladiator
1268 2349 1398 2381 Gallina
1412 2348 1547 2390 corporis
1562 2347 1678 2379 viribus
1691 2352 1724 2378 et
1737 2344 1829 2386 agili-

1100 2398 1162 2423 tate
1180 2404 1236 2432 pur
1251 2399 1291 2423 est
1314 2391 1476 2432 gladiatori
1497 2391 1597 2431 Syro?
1641 2389 1737 2420 Plura
1759 2387 1827 2418 fue-

1102 2440 1174 2464 runt
1193 2434 1398 2475 gladiatorum
1418 2442 1544 2474 genera.
1588 2431 1710 2462 Threces
1727 2429 1824 2472 (Θρῆ-

1102 2476 1186 2515 κες),
1213 2477 1252 2506 ab
1278 2475 1370 2506 armis
1394 2474 1532 2505 Thraciis
1557 2472 1602 2504 ita
1625 2471 1721 2508 dicti3
1744 2471 1828 2502 Sam-

1103 2520 1189 2555 nites,
1217 2518 1255 2548 ab
1284 2522 1438 2548 armatura
1470 2514 1660 2552 Samnitica;
1692 2513 1830 2545 Min-mit-

1104 2562 1192 2595 lones,
1225 2561 1265 2590 ab
1296 2559 1410 2600 insigni
1438 2557 1533 2600 piscis
1562 2556 1729 2599 cujusdam
1759 2553 1830 2596 (cui

1103 2613 1214 2632 nomen
1248 2601 1305 2632 fuit
1333 2602 1500 2643 μόρμυρος
1529 2599 1576 2630 vel
1605 2595 1830 2642 μορμυρίων),

1103 2644 1196 2686 cujus
1214 2644 1380 2684 imaginem
1399 2642 1547 2684 gerebant
1564 2640 1596 2671 in
1615 2643 1716 2682 galea.
1757 2638 1831 2670 Jam

1105 2697 1175 2717 vero
1191 2696 1263 2716 cum
1281 2686 1403 2716 Threces
1416 2683 1571 2726 precipue
1591 2680 1734 2724 componi
1749 2680 1830 2728 sole·

1105 2734 1172 2759 rent
1187 2739 1256 2758 curn
1271 2727 1516 2762 Mirmiuonibus,
1529 2725 1625 2765 Syrus
1638 2723 1732 2755 fuisse
1745 2722 1830 2753 vide-

1105 2775 1154 2800 tur
1170 2770 1328 2800 Mirmilto.

1146 2813 1198 2842 45.
1231 2812 1345 2842 Parnm
1374 2815 1494 2841 cautor.-
1517 2807 1573 2850 qui
1603 2811 1711 2855 contra
1733 2805 1832 2847 frigus

1104 2864 1166 2884 non
1192 2859 1274 2884 veste
1299 2852 1444 2884 crassiore
1473 2861 1506 2882 se
1531 2855 1643 2884 munit,
1667 2858 1695 2879 is
1722 2857 1832 2889 parum

1104 2896 1162 2926 sibi
1184 2901 1284 2927 cavet.
1327 2895 1489 2925 Mordent.-
1512 2892 1656 2926 mordere,
1676 2899 1737 2920 non
1760 2894 1830 2937 tan-

1104 2943 1182 2974 tum,
1207 2943 1242 2968 ut
1265 2947 1364 2972 urere,
1387 2937 1526 2971 adurere,
1547 2934 1585 2965 de
1609 2932 1834 2965 vehementiore
