1884 3288
93 1455 198 1497 aarum
214 1444 389 1489 provincia.
404 1453 462 1487 pro
483 1442 632 1476 universo
655 1443 844 1475 Parthorum

93 1500 223 1569 ιΊιῗῃιιτιιιὶε.
231 1512 246 1560 f
254 1494 402 1564 flviieg'iitasw
405 1487 522 1573 (ἷῖἓοο,
545 1486 677 1570 03021312-
682 1497 732 1561 1¹3¹ss
735 1487 845 1573 1-2οῷὲῖιὶ

27 1600 43 1617 4
94 1581 128 1608 et
142 1574 253 1608 Asiam
269 1573 428 1610 dividens,
449 1583 507 1621 pro
527 1572 598 1614 ejus
620 1573 740 1605 accolis
762 1575 842 1615 Scy-

94 1618 174 1656 this,
190 1617 381 1650 Parthorum
397 1615 506 1648 socna.
552 1616 693 1647 Discors.-
718 1615 771 1647 hic
786 1627 842 1658 po·

96 1661 194 1705 pulun
207 1660 316 1704 igitur,
331 1660 387 1702 qui
407 1659 477 1702 ipse
497 1658 577 1690 inter
599 1669 633 1690 se
655 1659 844 1695 dissidebat,

97 1705 200 1737 multo
229 1704 338 1736 minus
369 1702 527 1734 timendus
556 1701 617 1733 suit
647 1702 844 1741 Maecena1i3

92 1748 162 1798 jam
174 1757 248 1791 sup.
268 1746 431 1781 Horatius,
455 1751 492 1776 ut
515 1755 632 1776 vanum
655 1744 846 1776 Maecenatis

641 186 869 231 LIBER
904 185 989 236 ΙΙΙ,
1020 187 1090 228 29.
1563 186 1642 227 193

385 295 495 337 Ritu
516 293 729 341 seruntur,
752 302 868 331 nunc
888 289 1032 331 medio
1054 288 1174 331 alveo

299 365 356 406 35
445 363 555 405 Cum
576 373 685 416 pace
706 358 950 402 delabentis
973 357 1212 399 Etruscum

500 429 552 470 In
573 442 704 478 mare,
727 441 843 468 nunc
863 425 1032 482 lapides
1055 425 1229 474 adesos,

384 499 644 553 Stirpesque
665 502 829 551 raptas,
853 501 898 536 et
919 509 1054 550 pecus
1076 500 1121 536 et
1143 493 1296 535 domos

384 565 614 610 Volventis
635 579 738 614 una,
761 579 848 605 non
870 563 961 605 sine
983 563 1194 605 montium

439 633 638 676 Clamore
659 632 900 686 vicinaeque
924 631 1058 679 silvae,

296 703 354 745 40
501 702 649 750 Quum
671 700 763 743 fera
785 699 968 742 diluvies
990 700 1162 755 quietos

385 770 541 814 Irritat,
553 783 714 810 amnes.
777 767 856 810 Ille
878 775 1035 823 potens
1058 767 1126 809 sui

385 839 628 894 Laetusque
650 839 797 893 deget,
820 838 892 879 cui
911 835 1014 878 licet
1034 836 1079 877 in
1100 835 1215 877 diem

442 908 641 956 Dixisse,
663 906 794 948 Vixi:
828 920 924 947 cras
946 904 1014 947 vel
1035 912 1131 946 atra

496 976 632 1018 Nube
653 974 803 1030 polum
826 973 960 1016 Pater
982 980 1210 1028 occupato,

295 1046 352 1088 45
382 1044 470 1088 Vel
491 1043 581 1087 sole
603 1056 739 1100 puro:
773 1058 860 1085 non
882 1051 1027 1085 tamen
1047 1043 1232 1091 irritum,

385 1113 697 1168 Quodcunque
719 1119 837 1154 retro
859 1119 940 1162 est,
964 1111 1143 1160 efficiet3
1176 1124 1320 1165 neque

441 1181 673 1236 Diffinget,
695 1179 991 1235 infectumque
1014 1179 1186 1229 reddet,

501 1249 638 1298 Quod
661 1249 834 1305 fugiens
857 1248 990 1290 semel
1010 1247 1120 1289 hora
1141 1247 1273 1289 vexit.

382 1317 579 1360 Fortuna
600 1332 716 1359 saevo
736 1317 837 1359 laeta
857 1316 1050 1372 negotio,
1073 1323 1117 1357 et

889 1453 985 1475 cursu
1011 1447 1226 1485 comparatur,
1256 1439 1328 1472 vide
1351 1450 1424 1482 quae
1451 1438 1560 1470 attulit
1587 1438 1640 1470 Cl.

890 1486 1024 1518 Mitsch.
1036 1498 1043 1525 ;
1061 1486 1208 1528 exempla
1218 1490 1327 1516 autem
1338 1483 1371 1514 in
1381 1482 1483 1525 rapidi
1493 1487 1525 1513 et
1534 1482 1642 1512 omnia

889 1530 1075 1562 inundantis
1091 1527 1232 1560 fluminis
1249 1526 1463 1568 descriptione
1483 1524 1643 1556 versantia

888 1573 986 1615 plena
1001 1583 1097 1604 manu
1112 1582 1150 1604 ex
1165 1578 1299 1612 utraque
1316 1570 1423 1611 lingua
1437 1568 1527 1600 dabit
1537 1567 1642 1600 Cerda

889 1615 929 1646 ad
946 1616 1036 1658 Virg.
1056 1615 1182 1651 1²En.i'1,
1203 1616 1279 1646 305.
1325 1614 1491 1647 Fluminis,
1516 1611 1642 1643 Tiberis

889 1668 1016 1702 nempe,
1045 1659 1262 1690 Romanorum
1293 1657 1396 1687 oculis
1425 1654 1643 1693 obversantis;

888 1713 957 1732 cum
971 1713 1055 1742 pace,
1069 1701 1190 1743 quiete.
1206 1698 1342 1742 placide.
1391 1699 1541 1735 Clamore,
1565 1698 1642 1728 sub·

890 1744 998 1776 limius
1012 1755 1067 1787 pro
1083 1743 1216 1785 vulgari,
1239 1742 1360 1778 sonitu,
1384 1741 1519 1782 fragore.
1567 1742 1641 1771 Am·

96 1797 239 1824 umorem
255 1800 325 1823 esse
338 1788 530 1824 ostenderet,
547 1789 588 1820 de
603 1788 734 1819 Parthis
751 1788 798 1824 iii,
812 1789 844 1823 8,

100 1835 152 1871 19,
178 1834 290 1866 Medus
316 1833 437 1876 infestis
461 1832 518 1863 sibi
543 1832 689 1862 luctuosis
711 1831 846 1862 Dissidet

97 1888 204 1910 armu-

140 1921 284 1953 29—41.
309 1918 463 1951 Prudens.
482 1916 624 1959 sapiente
647 1916 792 1954 consilio,
811 1923 848 1948 ut

97 1973 171 2039 ἓξὲξ
181 1961 376 2038 ῑὲὶηῗξῖἳὸα
381 1961 835 2046 11{‡‚323;”.i.¹22“,3‡.‡52”1'322¹5
837 1983 847 2033 3

97 2050 133 2082 in
168 2047 360 2082 senteutiam
396 2047 446 2079 vel
483 2056 619 2088 gnomen
661 2051 850 2088 comparant

98 2092 246 2135 Theogn.
259 2091 341 2123 1037
352 2100 443 2133 sqq.;
465 2090 562 2122 Pind.
573 2089 706 2131 Olymp.
718 2089 774 2124 xii,
790 2090 844 2128 133

99 2135 214 2180 Eurip.
237 2134 346 2178 Iphig.
370 2133 469 2165 Taur.
497 2133 581 2172 4763
615 2133 733 2164 Incert.
760 2131 846 2174 apud

100 2179 191 2212 Stob.
206 2177 355 2218 Florileg.
369 2187 402 2219 p.
419 2177 504 2214 409;
526 2175 679 2208 Juvenal.
701 2175 745 2212 vi,
768 2177 845 2206 556.

103 2222 200 2255 Ultra
218 2222 289 2265 sm,
312 2219 354 2252 de
379 2219 475 2252 rebus
501 2218 626 2254 futuris.
656 2228 736 2260 quas
766 2218 846 2250 scire

99 2265 183 2299 vol-le
197 2264 287 2299 neh·
300 2269 361 2296 est.
392 2263 481 2298 Quod
495 2263 592 2299 adest,
606 2268 752 2293 memento
765 2273 844 2292 com-

93 2319 219 2351 ponere,
233 2308 309 2344 imo.
332 2317 406 2349 quae
427 2305 557 2342 adsunt,
584 2311 668 2337 recte
693 2304 846 2336 adhibere

98 2357 132 2387 et
152 2351 187 2385 in
209 2361 303 2384 usum
324 2354 506 2382 convertere
527 2347 639 2381 decet:
669 2348 783 2380 Cicero
805 2347 846 2380 de

100 2395 227 2428 Senmet
242 2405 273 2426 c.
287 2395 322 2430 9,
339 2394 428 2429 Quod
443 2394 539 2428 adest,
556 2403 588 2424 eo
603 2393 686 2422 decet
709 2394 780 2428 uti,·
805 2391 844 2422 ad

0 2465 3 2469 ,
37 2452 52 2479 '.
226 2443 296 2470 tum
312 2437 498 2469 Graecorum
519 2436 556 2467 τὸ
581 2435 694 2477 παρὸν
717 2433 847 2466 effete-

0 2503 1 2512 ι
38 2517 40 2523 Ι
99 2449 173 2518 gae,
256 2480 382 2515 ποιεῖν.
404 2479 445 2511 de
459 2489 525 2520 quo
547 2477 614 2509 vid.
630 2478 849 2510 Hemsterhus.

36 2527 39 2533 ²
100 2523 294 2559 &Luciam
317 2524 359 2556 T.
385 2521 408 2558 i,
434 2533 466 2565 p.
489 2523 566 2554 544.
609 2522 740 2562 AEquus‚
757 2521 850 2563 quid-

55 2567 62 2600 ⁴.
100 2566 179 2612 quid
201 2567 284 2600 illud
309 2565 364 2602 sit,
389 2575 427 2597 eo
451 2570 640 2602 contentus3
664 2574 758 2606 aequo
780 2563 850 2606 pla-

100 2611 237 2654 &oque
250 2609 358 2642 animo
371 2609 406 2640 in
421 2618 460 2640 eo
475 2607 695 2649 acquiescens.
743 2607 852 2638 Cetera

67 2683 73 2690 ,,
91 2655 239 2697 fluminis
254 2653 336 2686 Ritu
348 2652 520 2695 feruntur,
535 2656 611 2682 cett.
632 2649 719 2692 quod
737 2650 778 2681 ad
795 2660 851 2682 ce-

60 2694 79 2738 ]
102 2701 183 2736 un,
203 2707 278 2740 que
304 2706 363 2728 nos
387 2701 529 2732 manent,
556 2693 622 2725 fata
646 2692 772 2728 attinet,
800 2703 851 2730 ea,

100 2739 171 2780 εἰς.
190 2739 313 2773 latiora
327 2738 394 2770 sive
410 2737 547 2769 tristiora
562 2737 669 2768 futura
685 2737 762 2771 sint,
789 2746 852 2768 non

67 2783 81 2818 “,
102 2782 206 2827 ugit
219 2782 307 2816 curis
331 2780 446 2813 nostris
467 2779 583 2812 mutari
607 2786 742 2822 possunt
756 2789 852 2821 quam

69 2830 78 2842 ⁵
231 2824 334 2863 fluvii,
349 2823 406 2866 qui
423 2823 520 2856 modo
540 2822 666 2866 placide
687 2828 719 2854 et
740 2822 855 2854 leniter

891 1798 952 1823 nes,
976 1788 1121 1829 intellige
1146 1785 1279 1817 flumina
1302 1784 1358 1815 illa
1381 1784 1515 1819 minora,
1542 1784 1643 1815 Anie-

892 1841 976 1866 nem,
994 1831 1159 1867 Clanium,
1175 1830 1306 1865 Narem,
1317 1834 1391 1859 cett.
1404 1838 1476 1868 quae
1489 1826 1596 1858 Tiberi
1609 1837 1643 1858 se

891 1873 1082 1905 immiscent.
1125 1871 1301 1905 Commode
1325 1871 1358 1902 in
1382 1871 1463 1902 lianc
1481 1880 1544 1902 rem
1571 1870 1642 1901 lau-

891 1917 971 1947 dant
990 1917 1076 1948 Ptin.
1095 1916 1200 1958 Epist.
1222 1914 1290 1952 viii,
1310 1916 1360 1949 17,
1386 1913 1502 1944 Tiberis
1520 1914 1641 1944 alveum

892 1962 1065 1991 excessit.—
1075 1960 1160 1995 lude,
1177 1969 1241 1999 quoe
1256 1959 1329 1989 solet
1343 1958 1482 1999 flumina
1506 1958 1643 1995 accipere

892 2010 919 2033 et
944 2005 1094 2042 permixta-
1121 2002 1274 2036 devehere,
1299 2003 1384 2032 velut
1409 2001 1512 2030 obvius
1537 2001 1642 2031 sistcre

893 2048 985 2088 cogit,
1001 2052 1092 2087 atque
1108 2047 1153 2076 ita
1177 2046 1286 2075 alienis
1312 2046 1398 2084 aquis
1423 2045 1519 2083 operit
1539 2054 1642 2083 agros,

889 2101 960 2131 quos
977 2091 1037 2130 ipse
1052 2100 1110 2120 uon
1127 2090 1243 2129 tangit.
1280 2087 1405 2122 Quietus
1422 2088 1540 2121 irritat,
1556 2086 1643 2117 brevi

889 2133 1051 2173 elegantia
1066 2142 1133 2175 pro,
1150 2131 1227 2162 facit
1250 2135 1284 2161 ut
1307 2130 1522 2160 intumescant
1546 2135 1641 2161 aestu-

890 2182 1018 2217 eatque,
1034 2175 1089 2217 qui
1106 2175 1199 2205 modo
1216 2173 1324 2215 quiete
1339 2173 1492 2203 fluebant.

935 2219 1076 2250 41—48.
1100 2218 1159 2250 Ille
1174 2224 1278 2258 potens
1293 2219 1352 2250 sui,
1368 2215 1423 2247 ille
1439 2215 1566 2246 demum
1590 2227 1641 2256 po-

890 2269 955 2294 tens
964 2263 1012 2293 sui
1023 2261 1212 2304 (ἐγκρατὴς
1221 2258 1362 2298 ἑαυτοῦ)
1375 2259 1555 2295 habebitur,
1570 2259 1600 2290 h.
1613 2270 1643 2290 e.

890 2305 1120 2348 cupiditatibus
1148 2305 1228 2339 suis,
1260 2309 1296 2334 ut
1329 2302 1432 2333 virum
1465 2301 1642 2345 sapientem

889 2349 991 2386 decet,
1006 2347 1186 2391 imperabit.
1232 2347 1392 2387 Laetnsque
1406 2347 1505 2388 deget,
1530 2353 1560 2377 et
1575 2356 1643 2377 om-

890 2392 980 2423 nium
993 2391 1032 2423 de
1045 2397 1127 2423 sorte
1139 2392 1247 2422 futura
1262 2399 1410 2420 curarum
1422 2399 1534 2431 expers
1547 2390 1644 2420 vitam

893 2434 1000 2466 laetam
1025 2440 1058 2466 et
1083 2433 1260 2477 jucundam
1290 2437 1374 2473 aget.
1425 2432 1465 2463 In
1492 2434 1582 2470 diem,
1610 2432 1643 2462 in

894 2488 1066 2520 quemque,
1079 2477 1136 2519 qui
1147 2477 1176 2509 ei
1192 2475 1339 2518 contigit,
1355 2475 1452 2510 diem,
1467 2475 1506 2506 de
1516 2486 1645 2517 quoque

894 2527 1056 2553 transacto
1070 2521 1135 2552 die.
1185 2520 1267 2555 Vixi,
1292 2517 1419 2562 percepi
1442 2519 1550 2550 oblata
1568 2519 1645 2549 mihi

894 2564 955 2596 hoc
970 2564 1022 2596 die
1046 2564 1119 2595 vitae
1142 2574 1296 2599 munera;
1320 2562 1365 2593 sic
1389 2562 1506 2604 passim
1535 2564 1646 2597 vivere,

896 2614 931 2639 ut
947 2608 1133 2640 Graecorum
1148 2607 1227 2649 ζῇν,
1244 2616 1312 2649 pre,
1330 2605 1397 2636 vita
1412 2605 1484 2641 frui,
1508 2604 1643 2636 dicitur:

896 2650 938 2682 cf.
953 2651 1124 2694 Interpret.
1148 2650 1304 2692 Apposite
1318 2647 1464 2691 inprimis
1478 2648 1519 2680 ad
1544 2649 1648 2680 Hora·

898 2694 976 2725 tium
992 2695 1117 2726 Seneca
1141 2693 1244 2736 Epist.
1263 2693 1316 2727 12,
1336 2691 1395 2723 lue
1418 2693 1605 2723 beatissimus
1620 2699 1649 2722 et

895 2748 1020 2768 securus
1043 2739 1090 2768 sui
1119 2734 1271 2776 possbssor,
1303 2737 1356 2776 qui
1385 2736 1554 2766 crastinum
1584 2738 1648 2766 sine

895 2782 1104 2812 sollicitudine
1114 2786 1286 2820 exspectan
1311 2780 1446 2819 quisquis
1456 2780 1547 2813 dixit,
1569 2778 1647 2813 Vni,

897 2825 1031 2865 quotidie
1046 2824 1086 2854 ud
1102 2823 1225 2854 lucrum
1240 2824 1366 2864 surgit5
1390 2827 1421 2852 et
1446 2822 1548 2864 Epist.
1574 2822 1647 2857 101,

227 2879 278 2905 m.
302 2867 397 2900 modo
421 2866 557 2908 graviter
585 2865 802 2897 intumescens
824 2872 858 2897 et
902 2867 1039 2907 Propera
1065 2868 1176 2902 vivere,
1201 2873 1230 2897 et
1255 2866 1392 2908 singulos
1422 2866 1486 2895 ‹iIes
1511 2866 1650 2905 singulas

106 2910 216 2950 omnia
230 2921 340 2944 secum
357 2910 485 2954 rapiens
497 2919 614 2951 magno
629 2919 703 2940 cum
719 2909 859 2940 tumultu
902 2912 980 2942 vitas
993 2916 1083 2951 puta.
1133 2910 1196 2945 Qui
1218 2911 1271 2940 hoc
1294 2910 1379 2939 modo
1401 2919 1431 2939 se
1451 2909 1582 2947 aptabit,
1599 2909 1650 2937 cui

50 2963 73 2992 ζ*
110 2953 300 2990 &flebitur-
342 2954 396 2986 De
418 2953 569 2994 imagine,
594 2962 659 2994 qua
681 2951 776 2983 sortis
797 2952 858 2983 hu-

51 2995 54 3003 '
112 3007 217 3033 uu
240 2996 425 3030 vicissitudo
452 3007 526 3028 cum
549 2994 698 3027 mutabili
721 2995 861 3026 fluminis
904 2997 944 3029 de
973 2996 1086 3029 Benef.
1118 3007 1148 3034 v,
1181 2997 1232 3027 17.
1280 2996 1357 3026 Cras
1388 2995 1431 3025 cel
1459 2999 1529 3023 atr-a
1562 2992 1650 3023 Nube

515 3053 520 3059 ·
873 3052 892 3072 o

902 2956 966 2986 vita
983 2965 1039 2985 sua
1054 2955 1189 2994 quotidie
1198 2953 1273 2995 fuit
1289 2958 1363 2986 tota,
1379 2962 1504 2982 securus
1519 2957 1560 2980 est
1575 2962 1582 2978 .·
1608 2949 1649 2980 cf.
