1904 3314
621 199 767 236 mpex
799 198 1062 228 vultuosum.

65 285 148 319 inter
160 292 287 320 euntem
304 289 372 320 Sat.
386 289 410 325 i,
429 290 458 326 1,
479 288 550 320 116.
594 287 696 320 libelli
712 287 812 320 Stoici

65 329 150 362 inter
162 330 278 363 sericos
288 331 396 373 jacere
410 331 560 375 pulvillos
582 337 690 363 amant
706 331 812 373 Epod.

66 373 100 409 8.
119 373 171 405 15.
213 373 296 406 inter
310 375 420 406 niveos
434 374 611 416 viridesque
626 373 754 416 lapillos
773 373 814 406 sit

39 417 42 419 ’
65 414 142 448 licet
163 417 231 459 Sat.
247 417 270 454 i,
284 418 318 452 2,
334 419 388 449 80.
434 428 473 450 ne
494 417 571 449 fidos
593 417 675 448 inter
694 416 812 448 amicos

39 491 43 495 ,
65 457 107 490 Sit
130 459 192 502 Ep.
215 459 238 495 i,
251 462 284 495 5,
300 461 354 491 24.
400 471 440 492 ne
465 460 543 491 foret
567 459 706 502 aequales
730 459 812 491 inter

65 499 201 533 conviva
223 502 330 545 Epod.
350 504 400 538 12.
417 504 470 534 23.
515 502 573 534 hos
588 502 710 534 utinam
731 501 812 534 inter

38 562 39 565 =
64 542 178 576 heroas
204 550 314 576 natum
338 546 434 577 tellus
455 555 507 577 me
537 545 638 588 prima
663 544 806 576 tulisset!

4 616 12 628 ¹.
46 585 133 619 Sat.
157 586 191 625 ii,
207 588 241 623 2,
256 589 311 619 92.
355 588 437 620 inter
454 587 574 620 amicos
595 594 723 619 cantare
739 589 808 620 Sat.

62 627 87 665 i,
101 630 135 666 3,
156 630 186 661 1.
228 630 311 662 inter
333 631 441 662 lances
463 641 653 673 mensasque
674 631 810 663 nitentes

64 671 132 704 Sat.
161 671 196 709 ii,
222 673 255 709 2,
286 675 317 705 4.
363 674 519 710 Demetri,
550 680 656 716 teque,
682 673 808 715 Tigelli.

60 713 294 764 discipularum
309 716 390 748 inter
397 717 497 759 jubeo
509 717 632 759 plorare
644 716 810 748 cathedras

61 757 131 790 Sat.
143 768 166 796 1,
182 759 235 795 10,
253 760 308 791 91.
345 760 428 791 inter
440 759 536 791 silvas
549 759 705 791 Academi
720 770 810 802 quae-

61 809 129 833 rere
143 811 250 833 verum
275 802 335 845 Ep.
354 802 387 839 ii,
403 803 437 838 2,
454 804 509 834 45.
553 802 698 844 interque
719 802 810 844 signe

62 847 98 875 tu
166 844 316 876 militaria
325 845 372 876 sol
383 845 516 887 adspicit
526 845 695 888 conopium
708 845 810 887 Epod.

61 853 167 922 9:13.
205 888 371 919 reticulum
387 888 479 930 panis
493 888 620 919 venales
636 889 716 920 inter
732 888 810 920 forte

62 929 162 962 vehas
183 930 250 962 Sat.
266 930 289 966 i,
308 932 339 966 1,
355 931 409 963 47.
454 930 537 962 inter
559 930 695 962 audaces
715 931 809 974 lupus

61 977 144 1004 emt
159 982 259 1015 agnos
273 973 339 1006 Od.
355 973 403 1010 iii,
422 975 472 1011 18,
493 975 543 1005 13.
586 974 706 1005 utinam
729 973 810 1006 inter

61 1024 160 1047 errem
178 1016 264 1048 nuda
286 1016 392 1048 leones
406 1016 471 1048 Od.
493 1016 540 1052 iii,
555 1017 610 1052 27,
626 1018 680 1048 51.
725 1017 810 1048 mili-

63 1057 245 1090 teris-inter
269 1060 409 1101 aequales
432 1060 555 1102 equitat
580 1059 644 1091 Od.
669 1059 692 1097 i,
717 1061 750 1095 8,
778 1061 810 1093 6.

41 1133 44 1138 ,
61 1098 208 1144 interque
222 1110 391 1134 moerentes
405 1103 524 1134 amicos
538 1102 684 1144 egregius
697 1113 808 1176 prope-

43 1142 145 1175 'rai-et
165 1145 256 1176 exsul
282 1145 345 1176 Od.
368 1144 416 1181 iii,
441 1148 474 1181 5,
499 1146 552 1176 47.
597 1144 678 1176 inter
714 1145 810 1177 udere

61 1185 200 1228 virgines
216 1187 281 1219 Od.
304 1187 352 1225 iii,
369 1189 420 1223 15,
437 1189 469 1219 5.
513 1188 653 1220 adfertur
675 1188 810 1230 squillas

62 1227 144 1261 iuter
159 1240 301 1262 murtena
322 1231 389 1262 Sat.
410 1230 446 1269 ii,
461 1232 494 1266 8.
512 1232 566 1262 42.
611 1231 738 1262 insanos
753 1230 809 1273 qui

61 1270 146 1304 inter
160 1283 283 1306 vereare
298 1273 432 1304 insanus
447 1273 556 1305 haberi
573 1274 641 1304 Sat.
658 1274 692 1310 ii,
709 1275 741 1311 3,
757 1275 809 1306 40.

61 1313 203 1347 insanior
226 1316 307 1348 iuter
325 1326 420 1347 sanos
440 1316 565 1348 dicatur
586 1318 653 1347 Sat.
669 1317 690 1353 i,
707 1318 739 1352 3,
757 1318 810 1348 82.

62 1367 196 1399 magnas
214 1359 296 1391 inter
318 1369 392 1401 opoe
414 1360 506 1401 inops
530 1359 594 1390 Od.
618 1358 665 1396 iii,
684 1361 734 1396 16,
755 1360 811 1392 28.

64 1410 164 1443 quum
179 1411 279 1443 genus
293 1401 353 1434 hoc
370 1402 451 1433 inter
461 1402 535 1433 vitae
547 1407 687 1433 versetur
701 1402 769 1432 Sat.
785 1401 807 1438 i,

63 1443 96 1480 8,
113 1444 166 1476 66.
209 1445 291 1476 inter
313 1444 451 1477 scabiem
467 1450 588 1475 tantam
608 1449 641 1476 et
660 1445 808 1485 contagia

63 1484 143 1518 lucri
169 1486 214 1518 nil
238 1496 369 1530 parvum
399 1487 507 1530 sapias
535 1488 595 1529 Ep.
623 1486 647 1523 i,
677 1488 727 1523 12,
757 1489 808 1518 14.

62 1527 145 1562 inter
165 1535 212 1562 tot
233 1540 327 1562 curas
347 1535 455 1573 totque
480 1530 605 1562 labores
629 1530 691 1573 Ep.
715 1529 750 1566 ii,
775 1531 808 1567 2,

62 1571 119 1604 66.
163 1573 262 1605 micat
277 1572 358 1605 inter
372 1583 482 1605 omnes
498 1574 518 1606 J
523 1572 622 1604 ulium
637 1573 737 1609 sidus,
754 1583 807 1604 ve-

62 1613 112 1646 lut
136 1614 216 1648 inter
238 1615 330 1657 ignes
352 1618 447 1648 Luna
469 1616 604 1647 minores
627 1616 691 1648 Od.
713 1615 735 1654 i,
756 1617 807 1653 12,

63 1657 119 1694 46,
136 1658 192 1690 47.
236 1658 382 1702 fulgebat
404 1660 498 1691 Luna
522 1659 604 1691 inter
623 1658 744 1690 minora
765 1658 808 1690 si-

62 1699 141 1733 dera
168 1701 271 1744 Epod.
303 1704 354 1739 15.
385 1703 416 1735 2.
459 1701 542 1734 iuter
571 1708 688 1733 cuncta
718 1702 810 1744 (ante

62 1743 183 1784 omnia)
206 1745 234 1776 E
260 1767 268 1776 .
291 1745 316 1782 i,
339 1746 391 1781 18.
416 1746 470 1777 96.
513 1745 596 1776 inter
619 1755 692 1787 quae
719 1747 807 1787 (car-

62 1786 165 1828 mina)
189 1797 241 1819 ver
266 1798 318 1819 um
347 1787 478 1822 emicuit
501 1789 527 1820 si
555 1787 634 1820 forte
659 1788 808 1819 decorum

65 1829 127 1872 Ep.
153 1829 188 1867 ii,
218 1832 247 1867 1,
273 1831 330 1862 73.
374 1831 522 1873 dignatur
549 1831 631 1862 inter
656 1831 810 1863 amabiles

64 1877 173 1904 vatum
197 1883 312 1917 ponere
335 1884 386 1906 me
410 1874 523 1906 choros
548 1874 612 1905 Od.
638 1873 680 1910 iv,
704 1875 736 1911 3,
761 1875 810 1907 14.

65 1924 154 1948 acres
168 1915 250 1948 inter
265 1922 447 1948 numeretur
463 1918 530 1948 Sat.
545 1917 568 1952 i,
583 1918 615 1954 3,
631 1918 684 1948 53.
730 1917 812 1948 inter

107 1958 221 1990 rfectos
230 1964 414 2001 veteresque
426 1959 531 1992 referri
546 1960 641 1991 debet
655 1960 715 2001 Ep.
730 1959 768 1995 ii,
779 1962 809 1996 1,

61 1967 117 2032 ἃ.
161 2011 202 2033 an
225 2002 306 2034 inter
320 2002 398 2034 viles
418 2009 515 2044 atque
531 2013 628 2034 novos
651 2001 731 2034 ibid.
757 2004 811 2034 37.

63 2041 147 2076 inter·
164 2054 245 2086 quos
268 2045 450 2076 referendus
470 2045 530 2077 erit
551 2045 631 2077 ibid.
655 2047 708 2076 41.
751 2045 812 2078 iste

63 2085 193 2128 quidem
211 2093 327 2120 veteres
341 2087 424 2120 inter
438 2094 572 2131 ponetur
587 2089 717 2120 honeste
733 2088 811 2121 ibid.

63 2129 117 2161 43.
161 2131 194 2167 3,
211 2132 248 2162 de
262 2137 411 2172 tempore:
433 2132 514 2162 inter
530 2141 617 2162 arma
634 2131 698 2162 Od.
715 2131 737 2167 i,
753 2132 807 2166 32,

63 2171 96 2203 6.
139 2172 220 2204 dura
238 2173 320 2205 inter
339 2184 425 2215 saepe
439 2174 559 2216 pericla
579 2174 646 2204 Sat.
669 2173 692 2209 i,
707 2175 740 2210 2,
756 2174 810 2206 40.

64 2214 142 2246 satis
157 2214 240 2247 inter
253 2215 329 2247 vilia
345 2216 434 2248 fortis
450 2217 510 2258 Ep.
525 2217 548 2252 i,
568 2218 619 2252 15,
637 2217 692 2249 43.
730 2216 811 2248 inter

63 2257 141 2290 vina
161 2258 228 2290 Od.
252 2258 298 2296 iii,
315 2259 348 2295 6,
367 2260 432 2298 26;
457 2260 519 2301 Ep.
544 2259 566 2294 i,
581 2260 614 2296 7,
632 2260 685 2290 28.
730 2259 812 2290 inter

61 2299 166 2342 jocosi
182 2311 314 2333 munera
329 2301 435 2333 Liberi
453 2302 516 2333 Od.
531 2302 573 2338 iv,
593 2303 644 2337 15.
661 2302 715 2333 26.
755 2302 812 2334 has

55 2343 146 2375 'inter
170 2344 285 2387 epulas
311 2345 413 2393 Epod.
440 2344 475 2380 ii,
503 2346 556 2376 61.
602 2345 705 2376 media
731 2344 812 2376 inter

49 2385 208 2418 ‘earmina
239 2387 301 2430 Ep.
330 2386 365 2424 ii,
400 2388 429 2424 1,
463 2389 536 2420 185.
582 2387 664 2420 inter
696 2387 808 2430 strepi-

65 2433 119 2460 tus
149 2429 210 2472 Ep.
237 2429 273 2466 ii,
303 2430 336 2466 2,
366 2431 420 2462 79.
485 2430 567 2463 inter
594 2431 690 2462 verba
723 2431 811 2462 cadit

49 2469 111 2506 Vlin
158 2481 176 2503 a
199 2471 327 2504 silentio
351 2472 415 2504 Od.
438 2472 481 2509 iv,
501 2475 530 2510 1,
550 2475 606 2505 36.
651 2473 725 2515 quis
747 2484 810 2505 non

66 2522 119 2546 ma
132 2523 234 2552 arum,
257 2525 339 2558 quas
368 2525 456 2548 amor
487 2526 580 2548 curas
607 2516 714 2552 habet,
742 2516 811 2548 haec

66 2557 202 2631 §rustica
215 2559 353 2600 negotia)
368 2558 451 2589 inter
466 2558 685 2590 obliviscitur!
711 2559 813 2601 Epod.

50 2631 62 2638 ,,
91 2623 101 2638 ,
115 2601 170 2632 38.
213 2599 354 2642 perditur
368 2600 436 2632 haec
453 2601 532 2633 inter
546 2601 658 2632 misero
675 2601 730 2633 lux
746 2604 815 2634 Sat.

65 2640 103 2678 ii,
135 2643 168 2680 6,
197 2644 252 2674 59.
313 2642 446 2674 Cervius
475 2644 544 2675 haec
578 2643 660 2675 inter
690 2644 816 2676 vicinus

65 2685 163 2727 garrit
176 2684 277 2717 aniles
290 2695 330 2717 ex
345 2695 379 2716 re
394 2685 530 2717 fabellas
547 2687 616 2718 Sat.
631 2685 665 2721 ii,
681 2687 714 2722 6,
730 2688 784 2718 77.

110 2729 302 2760 intercidere.
360 2728 388 2758 si
416 2728 610 2760 interciderit
638 2728 696 2760 tibi
727 2740 810 2760 nunc

66 2769 189 2812 iliquid
218 2772 272 2812 (in
303 2772 479 2802 oblivionem
510 2772 647 2810 venerit)
679 2772 745 2804 Sat.
779 2771 813 2810 ii,

68 2814 105 2850 4.
118 2814 154 2844 6.

59 2848 74 2882 ⁷¹-
109 2858 303 2888 interorum.
342 2865 403 2888 neu
420 2857 498 2899 quid
516 2856 634 2889 medios
649 2857 817 2888 intercinat

55 2902 162 2933 ,nctus
177 2899 238 2942 Ep.
252 2899 293 2930 ad
311 2898 378 2930 Pis.
399 2901 471 2932 194.

54 2941 65 2982 ᾗ.
111 2942 327 2974 interdictum.
365 2942 532 2974 interdicto
547 2941 621 2974 huic
639 2953 732 2978 omne
747 2942 816 2974 adi-

50 2984 137 3019 ’ζειαί
146 2983 203 3026 jus
216 2990 330 3027 prator
346 2985 414 3016 Sat.
430 2985 463 3022 ii,
479 2986 511 3020 3,
529 2986 604 3016 217.

1529 191 1614 232 675

900 290 1094 321 interdictus.
1133 289 1277 334 voluptas
1293 291 1354 334 Ep.
1369 292 1391 328 i,
1407 293 1439 330 6,
1456 293 1512 325 64.
1552 293 1602 324 in-

857 330 986 363 terdicta
1005 331 1086 374 petit
1101 333 1168 364 Sat.
1183 333 1206 369 i.
1221 334 1254 370 2,
1272 335 1326 366 96.

899 376 1067 406 interdum.
1105 376 1169 407 Od.
1187 375 1223 412 ii,
1239 378 1292 413 12,
1307 378 1371 416 28;
1395 377 1463 408 Sat.
1478 376 1501 412 i,
1516 378 1548 414 9,
1560 379 1598 416 95

858 417 924 448 Sat.
950 417 973 453 i,
993 418 1044 454 10,
1063 419 1125 457 13;
1147 419 1212 450 Sat.
1238 419 1272 455 ii,
1300 420 1332 454 7.
1357 421 1399 458 8;
1425 421 1482 462 Ep.
1507 419 1529 455 i,
1548 421 1600 455 18.

854 460 919 533 3313
953 460 1014 502 Ep.
1044 459 1079 498 ii,
1114 463 1142 497 l,
1172 463 1237 500 635
1271 462 1332 505 Ep.
1370 462 1411 493 ad
1445 463 1512 494 Pis.
1544 463 1600 501 93,

897 547 1025 576 interea.
1070 547 1138 578 Sat.
1154 546 1176 581 i,
1194 548 1226 585 5,
1241 548 1296 578 31.

898 590 1047 622 interesse.
1088 590 1117 626 l,
1129 589 1273 632 differre.-
1297 590 1374 633 quid
1391 591 1450 622 hoc
1466 590 1601 627 intersit,

854 630 895 662 ab
925 630 994 673 ipso
1023 631 1159 664 audieris
1185 632 1300 664 melius
1330 634 1397 664 Sat.
1423 633 1456 670 ii,
1484 635 1517 669 8,
1547 635 1602 666 32.

853 674 932 715 quid
942 679 1084 712 interest,
1093 675 1126 706 in
1138 682 1292 713 matrona,
1306 676 1436 709 ancilla.
1446 687 1601 718 peccesne

854 718 982 758 togata'!
1021 718 1088 749 Sat.
1113 718 1135 754 i,
1158 719 1191 754 2,
1212 719 1266 750 62.
1309 725 1346 750 ut
1368 718 1445 749 nihil
1468 718 1603 756 intersit,

856 759 1010 791 Davusne
1025 760 1186 802 loquatur,
1200 771 1241 792 an
1255 760 1383 793 Silenus
1401 762 1460 803 Ep.
1475 761 1516 792 ad
1533 762 1602 794 Pis.

852 802 928 834 237.
972 802 1112 835 intererit
1137 804 1283 840 multum,
1311 805 1464 836 Davusne
1488 804 1602 847 loqua-

854 850 916 881 tur,
939 855 980 876 an
1006 846 1096 878 heros
1120 846 1197 878 ibid.
1225 849 1295 878 114.
1339 849 1372 883 2,
1399 850 1516 879 adesse:
1541 858 1600 879 nec

854 888 946 920 Deus
970 888 1093 920 intersit
1116 891 1179 932 Ep.
1202 890 1243 921 ad
1265 890 1330 921 Pis.
1350 891 1421 922 191.
1467 902 1493 922 c.
1516 892 1601 922 dat..-

854 931 972 973 populo
997 931 1061 963 Od.
1084 931 1106 970 i,
1127 934 1159 969 2,
1184 934 1237 964 46.
1282 934 1387 975 epulis
1412 932 1476 964 Od.
1499 933 1542 969 iv,
1568 935 1601 970 8,

853 974 908 1005 29.
953 974 1072 1016 Satyris
1092 976 1150 1017 Ep.
1167 976 1205 1007 ad
1223 975 1286 1007 Pis.
1309 978 1388 1007 233.
1434 977 1467 1012 3,
1484 976 1601 1019 refert:

854 1016 897 1048 nil
916 1016 1056 1054 interest,
1070 1028 1110 1049 an
1127 1019 1190 1050 Od.
1208 1019 1241 1055 ii,
1256 1020 1289 1055 3,
1305 1021 1360 1051 22.

854 1061 1077 1133 Ogrrteijfiisus.
1120 1062 1273 1093 interfusa
1295 1072 1423 1104 aequora
1444 1062 1603 1105 Cycladas

909 1127 916 1134 .
931 1102 953 1139 i,
975 1105 1023 1138 14,
1043 1105 1094 1135 19.

897 1148 1031 1177 interim.
1069 1146 1132 1178 Od.
1149 1146 1195 1183 iii,
1210 1149 1264 1185 20,
1279 1149 1300 1179 9
1315 1160 1322 1186 ;
1347 1149 1410 1190 Ep.
1427 1147 1461 1185 ii,
1477 1149 1509 1185 2,
1524 1149 1579 1180 25.

896 1191 1080 1220 interimere.
1127 1191 1329 1222 Hasdrubale
1351 1190 1517 1222 interemto
1539 1191 1603 1223 Od.

854 1229 895 1266 iv,
915 1234 945 1266 4,
964 1233 1016 1263 72.
1054 1243 1153 1274 quum
1170 1234 1286 1275 laqueo
1302 1244 1432 1266 uxorem
1448 1234 1603 1266 interimis

855 1274 923 1304 Sat.
939 1273 974 1310 ii,
991 1277 1022 1311 3,
1043 1277 1118 1307 131.

897 1319 1038 1348 interior.
1076 1319 1188 1350 bruma
1203 1319 1340 1351 nivalem
1357 1319 1503 1351 interiore
1517 1319 1602 1350 diem

853 1360 1061 1434 {ydo'imglitss
1072 1362 1138 1392 Sat.
1164 1361 1197 1399 ii,
1221 1363 1252 1397 6,
1273 1363 1328 1394 26.
1373 1369 1450 1393 nota
1475 1361 1603 1393 Falerni

913 1426 920 1432 .
939 1413 973 1438 ιι,
1016 1427 1023 1438 ,
1066 1426 1074 1435 .

898 1447 1035 1476 interire.
1081 1456 1170 1478 novae
1200 1453 1334 1489 pergunt
1360 1447 1487 1479 interire
1516 1447 1602 1479 lunae

854 1487 918 1519 Od.
942 1487 976 1526 ii,
997 1489 1048 1524 18,
1070 1490 1120 1520 16.
1166 1497 1257 1521 aestas
1281 1491 1445 1522 interitura
1469 1489 1534 1522 Od.
1558 1490 1602 1527 iv,

853 1531 886 1567 7,
916 1532 968 1562 10.
1012 1542 1053 1563 ne
1082 1532 1192 1564 credas
1219 1533 1384 1565 interitura
1411 1544 1484 1575 quae
1508 1533 1604 1565 verba

853 1573 963 1615 loquor
981 1575 1132 1606 socianda
1148 1576 1274 1608 chordis
1289 1577 1354 1608 Od.
1370 1576 1413 1614 iv,
1426 1578 1459 1612 9,
1474 1578 1502 1608 1.
1535 1586 1603 1608 ver-

853 1616 965 1647 borum
979 1617 1084 1649 interit
1097 1625 1172 1650 aetas
1186 1619 1245 1661 Ep.
1257 1620 1298 1650 ad
1310 1621 1375 1651 Pis.
1387 1621 1441 1651 61.
1478 1622 1581 1659 perire
1593 1632 1601 1649 .-

853 1659 1017 1696 inteream,
1034 1660 1061 1691 si
1079 1661 1168 1693 valeo
1183 1668 1266 1694 stare
1279 1664 1347 1694 Sat.
1363 1662 1385 1700 i,
1402 1663 1434 1699 9,
1449 1663 1504 1694 38.

896 1705 1051 1734 interitus.
1097 1704 1254 1746 Meleagri
1282 1706 1343 1747 Ep.
1369 1705 1409 1736 ad
1432 1705 1502 1736 Pis.
1528 1705 1602 1736 146.

853 1745 954 1777 Siculi
967 1751 1068 1788 poetae
1084 1745 1163 1778 ibid.
1179 1749 1253 1779 464.

898 1790 1080 1820 interlunia.
1138 1790 1198 1820 sub
1226 1790 1400 1822 interlunia
1426 1789 1604 1821 bacchante

854 1837 948 1863 vento
966 1831 1031 1862 Od.
1047 1830 1070 1868 i,
1085 1833 1140 1869 25,
1160 1833 1210 1863 11.

898 1876 1128 1906 interminatus.
1174 1875 1263 1907 cibus
1280 1876 1382 1917 Epod.
1397 1878 1430 1912 5,
1448 1876 1501 1907 39.

898 1919 1116 1949 intermiscere.
1155 1919 1263 1960 patriis
1278 1919 1490 1951 intermiscere
1506 1917 1603 1950 verba

855 1959 954 2002 petita
970 1960 1043 1991 foris
1058 1962 1125 1992 Sat.
1140 1960 1162 1997 i,
1184 1962 1231 1997 10,
1248 1963 1303 1993 29.

899 2005 1111 2035 intermittere.
1154 2004 1333 2036 intermissa
1356 2005 1411 2036 diu
1432 2004 1517 2036 bella
1538 2003 1602 2036 Od.

855 2045 897 2083 iv,
918 2046 996 2087 l,·l.

898 2090 1108 2120 internoscere.
1146 2090 1173 2120 si
1189 2091 1268 2122 sciet
1284 2090 1496 2122 internoscere
1511 2099 1601 2121 men-

853 2130 965 2163 dacem
994 2142 1177 2174 vernmque-
1199 2133 1334 2164 amicum
1371 2133 1432 2175 Ep.
1463 2133 1503 2164 ad
1535 2132 1602 2164 Pis.

898 2219 1107 2257 interpellare.
1138 2218 1364 2267 interpellarim
1379 2225 1407 2249 te
1423 2219 1505 2250 laevo
1521 2225 1600 2250 tem·

827 2281 842 2290 .
854 2270 927 2301 pore
943 2261 1010 2291 Sat.
1029 2260 1063 2297 ii,
1077 2263 1107 2297 4,
1124 2263 1157 2292 5.
1202 2261 1427 2304 interpellandi
1442 2261 1533 2292 locus
1550 2261 1601 2293 hic

853 2308 921 2334 etat
949 2305 1016 2335 Sat.
1045 2303 1067 2342 i,
1093 2305 1126 2340 9,
1156 2306 1211 2336 26.
1255 2306 1397 2346 metaph„
1426 2306 1602 2345 prohibere:

855 2351 1009 2387 quantum
1026 2345 1205 2389 interpellet
1220 2348 1307 2379 inani
1325 2353 1430 2379 ventre
1443 2346 1526 2378 diem
1542 2347 1601 2378 du-

854 2399 921 2420 rare
937 2390 1004 2420 Sat.
1021 2388 1043 2425 i,
1061 2390 1093 2426 6,
1114 2391 1189 2421 127.

895 2434 1058 2473 interpres.
1106 2434 1136 2468 l,
1166 2437 1217 2475 qui
1247 2436 1356 2465 audita
1386 2433 1458 2464 aliis
1486 2433 1602 2475 refert.-

856 2484 919 2506 non
941 2481 1046 2507 tamen
1069 2475 1223 2519 interpres
1248 2483 1371 2508 tantum
1393 2475 1513 2517 juveris
1538 2477 1604 2507 Sat.

857 2516 892 2554 ii,
915 2519 946 2554 4,
966 2518 1020 2549 91.
1065 2517 1218 2561 interpres
1237 2520 1378 2551 Deorum
1403 2522 1503 2561 (vates
1524 2521 1603 2551 divi-

857 2571 927 2597 nus,
943 2562 996 2602 qui
1019 2563 1104 2592 canit
1119 2573 1183 2603 quoe.
1203 2575 1221 2592 α
1241 2563 1310 2594 Diis
1331 2562 1465 2602 accepit)
1484 2562 1544 2604 Ep.
1563 2562 1604 2593 ad

859 2603 929 2634 Pis.
950 2604 1026 2635 391.
1069 2603 1240 2646 interprete
1259 2605 1371 2647 lingua
1387 2607 1468 2646 (quoe
1485 2607 1605 2636 intimos

859 2647 954 2676 animi
975 2656 1076 2677 sensus
1094 2649 1190 2678 verbis
1209 2649 1369 2688 exprimit)
1391 2649 1453 2690 Ep.
1476 2647 1517 2679 ad
1537 2647 1605 2679 Pis.

861 2689 932 2720 111.
981 2688 1014 2726 2}
1046 2691 1232 2721 translator:
1265 2691 1346 2722 fidus
1376 2692 1438 2733 Ep.
1466 2691 1506 2721 ad
1536 2691 1604 2722 Pis.

902 2775 1112 2805 intervallum.
1159 2775 1296 2807 humane
1327 2777 1493 2807 commoda
1522 2775 1606 2806 vides

860 2816 1026 2847 intervalla
1042 2817 1102 2859 Ep.
1118 2816 1151 2853 ii,
1168 2819 1200 2854 2,
1217 2819 1270 2849 70.

901 2861 1095 2891 intestabilis.
1128 2860 1317 2892 intestabilis
1332 2867 1363 2892 et
1379 2872 1466 2893 sacer
1481 2866 1527 2891 est
1542 2861 1607 2891 Sat.

859 2901 893 2937 ii,
910 2903 942 2939 3,
963 2904 1034 2934 181.

904 2946 1043 2976 intimus.
1081 2945 1196 2987 puellae
1212 2946 1291 2977 risus
1308 2946 1348 2977 ab
1364 2946 1474 2976 intimo
1491 2945 1607 2985 angulo

864 2987 926 3018 Od.
945 2987 966 3023 i,
984 2989 1016 3023 9,
1032 2989 1087 3019 21.

800 3032 895 3061 xx?-
