1904 3314
368 215 452 255 450

857 214 1376 257 EPISTOLARUM

485 314 700 356 Ostendat
720 314 798 355 tibi
818 322 887 364 te;
918 329 970 355 ne
991 314 1101 357 fidos
1122 315 1232 357 inter
1252 317 1408 358 amicos

398 381 455 422 25
483 380 562 430 Sit,
584 380 658 434 qui
677 379 792 420 dicta
811 379 926 421 foras
946 380 1154 431 eliminet3
1186 389 1233 422 ut
1254 390 1373 423 coeat
1396 397 1474 436 par

483 447 784 500 Jungaturque
805 447 911 500 pari.

972 447 1153 488 Butram
1174 448 1263 497 tibi,
1288 449 1622 503 Septiciumque,

483 512 544 553 Et
563 513 644 553 nisi
664 526 786 553 coena
805 513 922 566 prior
941 513 1164 567 potiorque
1186 513 1328 567 puella
1349 515 1555 555 Sabinum

483 578 932 630 DetinetLassumam:
964 578 1082 619 locus
1103 586 1169 619 est
1189 587 1231 620 et
1251 579 1445 633 pluribus
1467 579 1654 629 umbris;

483 645 571 685 Sed
591 644 712 685 nimis
731 652 848 685 arcta
867 652 1065 698 premunt
1085 644 1210 685 olidae
1230 647 1418 687 convivia
1439 660 1594 700 caprae.

397 711 454 752 30
481 710 568 760 Tu,
589 717 746 764 quotus
767 724 861 751 esse
882 710 998 759 velis,
1019 711 1206 752 rescribe
1225 728 1234 760 ;
1266 719 1322 760 et,
1345 713 1474 753 rebus
1495 710 1676 759 omissis,

482 775 607 817 Atria
626 782 861 816 servantem
882 776 1047 829 postico
1067 774 1164 816 falle
1186 775 1393 817 clientem.

907 939 1222 981 EPISTOLA
1253 941 1332 982 VI.

846 1076 930 1106 AD
981 1074 1394 1106 NUMICIUM.

482 1179 575 1220 Nu,
595 1180 792 1220 admirari
811 1193 947 1233 prope
967 1193 1035 1219 res
1057 1185 1122 1219 est
1142 1193 1240 1226 una,
1261 1178 1448 1228 Numici,

481 1246 679 1300 Solaque,
701 1260 798 1299 quae
819 1245 954 1299 possit
974 1245 1114 1285 facere
1135 1251 1179 1285 et
1200 1258 1368 1285 servare
1387 1245 1574 1286 beatum.

480 1312 612 1353 Hunc
633 1311 776 1361 solem,
799 1319 842 1352 et
863 1310 1019 1359 stellas,
1041 1317 1084 1351 et
1104 1310 1356 1351 decedentia
1377 1311 1503 1351 certis

478 1378 696 1431 Tempora
715 1376 951 1424 momentis,
973 1382 1086 1424 sunt,
1108 1376 1180 1428 qui
1201 1375 1422 1416 formidine
1442 1375 1557 1416 nulla

423 1444 450 1483 5
479 1443 638 1485 Imbuti
659 1448 853 1496 spectent
870 1457 878 1482 :
911 1442 1013 1494 quid
1036 1455 1183 1482 censes
1203 1455 1378 1482 munera
1398 1443 1555 1482 terrae?

482 1508 602 1555 Quid
622 1509 747 1549 maris
767 1514 981 1549 extremos
1002 1506 1172 1548 Arabas
1193 1507 1366 1547 ditantis
1387 1514 1430 1548 et
1451 1507 1614 1548 Indos?

371 1645 402 1678 4,
414 1646 467 1679 84,
482 1645 568 1674 illota
583 1645 705 1679 toralia,
717 1642 771 1673 ubi
782 1643 846 1674 vid.
862 1648 927 1673 not.
964 1643 1076 1681 Mappa
1089 1654 1097 1670 .-

368 1685 411 1716 cf.
425 1695 494 1726 sup.
509 1685 548 1716 ad
565 1686 629 1716 Sat.
643 1685 678 1720 ii,
694 1686 725 1720 4,
742 1685 794 1715 81.

410 1727 465 1763 23,
484 1727 539 1757 24.
575 1727 722 1767 corruget
752 1737 858 1757 nares.-
896 1734 998 1760 nares,
1026 1734 1099 1755 cum

368 1768 486 1798 malum
516 1767 638 1799 odorem
665 1767 803 1801 trahunt,
831 1766 864 1797 in
891 1776 984 1807 rugas
1011 1766 1099 1807 quasi

367 1809 521 1844 contrahi,
533 1808 729 1850 distorqueri,
741 1814 773 1840 et
781 1809 887 1840 diduci
897 1809 1011 1839 solent.
1053 1808 1099 1838 Ne

368 1863 428 1882 non
443 1858 471 1882 et
486 1853 649 1882 cantharus
663 1858 690 1882 et
711 1852 792 1886 lanx,
815 1852 959 1882 Ostendat
980 1851 1035 1880 tibi
1051 1855 1098 1879 te:

368 1898 405 1922 ut
430 1898 494 1923 tam
519 1892 670 1927 canthari,
697 1903 791 1933 quam
814 1892 915 1923 lancis
939 1892 1018 1922 bene
1044 1891 1097 1921 de-

367 1938 456 1964 tersae
482 1939 512 1965 et
531 1934 636 1976 politae
659 1934 805 1976 splendor
826 1934 991 1974 imaginem
1013 1939 1098 1963 tuam

368 1974 442 2006 inde
471 1985 681 2016 repercussam
708 1975 764 2006 tibi
794 1980 1001 2023 repraesentet.
1049 1975 1099 2005 De

369 2017 526 2088 congrego,
546 2016 653 2059 poculi
667 2027 790 2057 genere,
805 2017 869 2048 vid.
882 2027 950 2058 sup.
974 2016 1013 2046 ad
1035 2017 1098 2047 Od.

368 2058 390 2095 i,
407 2060 426 2088 2
452 2081 460 2094 ,
500 2079 507 2088 .

411 2100 548 2130 25-27,
572 2099 729 2136 Eliminet,
749 2099 908 2140 eleganter
929 2109 996 2140 pro,
1011 2100 1098 2130 evul-

369 2146 431 2182 get,
455 2141 597 2172 effutiat:
627 2151 698 2181 quae
727 2141 819 2171 amici
845 2141 924 2171 inter
946 2151 978 2171 se
1000 2141 1098 2171 collo·

368 2188 518 2224 quuntur,
539 2192 578 2213 ea
593 2188 681 2213 extra
698 2182 791 2212 limen
813 2182 867 2212 ubi
889 2188 1099 2213 couvenerant

369 2235 433 2255 non
447 2234 602 2260 emanare,
619 2223 650 2254 h.
665 2233 692 2254 e.
705 2233 777 2254 cum
793 2222 862 2254 aliis
876 2223 1099 2254 communicari

368 2272 400 2298 et
424 2266 572 2308 patefieri,
601 2265 726 2296 debent.
772 2265 846 2300 Par,
870 2264 925 2305 qui
952 2264 1039 2295 alteri
1066 2270 1098 2296 et

368 2313 459 2339 aetate
479 2313 511 2339 et
533 2306 686 2338 sentiendi
708 2306 882 2347 agendique
905 2306 1023 2337 ratione
1042 2316 1097 2347 par

368 2355 425 2385 est,
439 2349 494 2391 qui
508 2349 616 2380 eadem
632 2358 703 2379 curn
719 2349 816 2378 altero
831 2346 935 2378 studia
950 2353 1097 2378 sectatur.

368 2393 443 2429 Pro,
471 2391 688 2430 Septiciumque
714 2395 787 2420 ante
810 2389 987 2420 Bentleiurn
1011 2390 1095 2429 lege-

368 2433 470 2468 batur,
513 2433 754 2471 Septimiumque,
793 2435 829 2461 ut
874 2430 1098 2470 intelligeretur

371 2475 470 2505 Titius
489 2474 658 2513 Septimius,
681 2473 774 2514 cujus
795 2483 866 2514 sup.
890 2471 991 2512 Epist.
1014 2473 1047 2508 3,
1069 2483 1100 2503 v.

367 2517 389 2547 9
404 2515 521 2547 mentio
534 2515 617 2546 facta
631 2519 689 2545 est.
736 2515 826 2544 Coena
840 2516 934 2553 prior,
949 2514 988 2544 ad
1003 2524 1098 2554 quam

364 2558 431 2599 jam
461 2557 500 2588 ab
530 2557 591 2587 alio
618 2561 746 2586 vocatus
768 2562 834 2586 est:
864 2557 972 2595 potior,
995 2565 1094 2586 coenae

367 2599 450 2642 apud
489 2609 538 2629 me
575 2597 781 2639 praeferenda:
829 2607 896 2638 pr0,
933 2599 1094 2638 potiorque,

366 2641 484 2676 malim,
498 2642 638 2679 potimve.

409 2684 461 2713 29.
485 2682 580 2711 Otidae
598 2691 706 2719 caprae,
726 2679 870 2721 caprinus
888 2679 935 2710 vel
956 2679 1096 2711 hircinus

366 2723 458 2755 soetor
480 2723 539 2753 sub
563 2722 621 2752 alis
645 2721 827 2759 hominum;
854 2724 959 2761 gravis
983 2723 1096 2759 hircus,

366 2776 435 2807 sup.
466 2765 492 2795 E
535 2764 567 2795 d.
606 2765 655 2798 12,
691 2765 722 2799 5,
760 2763 843 2793 Trux
877 2773 975 2801 caper,
1013 2764 1095 2804 apud

366 2806 484 2838 Catull.
512 2805 575 2841 xix,
591 2807 624 2835 5.
665 2804 758 2834 Haud
772 2804 867 2835 dubie
882 2804 1029 2835 Horatius
1047 2815 1092 2835 re-

364 2848 464 2889 spexit
479 2847 627 2888 aliquem,
642 2856 749 2887 quem.
772 2846 830 2875 hoc
848 2846 930 2875 malo
949 2846 1092 2876 laboran-

364 2896 438 2925 tem,
447 2889 587 2920 umbi-am
598 2887 712 2918 adduci
723 2886 859 2922 nolebat,
872 2887 976 2917 addita
986 2898 1093 2924 causa,

364 2941 416 2966 ne,
435 2931 461 2962 si
482 2931 658 2971 Torquatus
675 2929 780 2971 plures
799 2938 904 2960 secum
924 2928 1090 2961 adduceret

1141 1641 1276 1675 umbras.
1293 1641 1410 1672 alarum
1430 1641 1487 1673 iste
1506 1641 1582 1673 odor
1600 1642 1739 1674 convivis
1754 1644 1872 1676 arctius

1141 1683 1397 1714 accumbentibus
1427 1693 1464 1714 eo
1495 1683 1616 1724 gravior
1649 1689 1682 1715 et
1713 1685 1871 1717 molestior

1142 1730 1231 1755 esset.

1185 1767 1237 1797 30.
1262 1766 1319 1801 Tu,
1343 1773 1450 1806 quotus
1472 1776 1528 1798 esse
1545 1767 1628 1802 velis.
1653 1767 1774 1800 scilicet
1795 1779 1869 1800 cum

1141 1807 1271 1843 umbris,
1310 1817 1342 1838 ro
1354 1807 1485 1848 vulgari,
1498 1807 1644 1846 rescribe,
1657 1814 1734 1850 quot
1744 1811 1870 1842 umbras

1141 1854 1244 1879 tecum
1263 1858 1280 1879 a
1303 1849 1452 1880 ducturus
1470 1850 1522 1886 sis,
1541 1850 1599 1885 vel.
1617 1857 1694 1891 quot
1714 1851 1798 1893 apud
1819 1862 1869 1884 me

1141 1901 1267 1922 coenare
1286 1890 1343 1921 tibi
1361 1891 1493 1932 placeat.
1535 1892 1646 1929 Rebus,
1668 1893 1771 1925 musis
1790 1903 1869 1935 quas

1140 1932 1349 1963 defendendas
1362 1939 1541 1975 susceperat
1553 1935 1742 1975 Torquatus.

1157 2015 1163 2022 .
1184 1975 1239 2004 31.
1260 1975 1352 2005 Atria
1371 1982 1548 2012 servantem,
1570 1975 1604 2007 in
1624 1974 1702 2007 atrio
1721 1981 1752 2008 te
1773 1986 1867 2019 oppe-

1140 2021 1280 2047 rientem.

1355 2098 1573 2130 EPISTOLA
1599 2100 1659 2131 VI.

1184 2140 1363 2171 Humanam
1378 2140 1554 2172 felicitatem
1570 2142 1611 2173 ab
1625 2141 1730 2174 animo
1747 2142 1791 2174 nil
1812 2144 1869 2175 nd·

1140 2183 1281 2219 mirante,
1309 2181 1343 2212 h.
1369 2192 1399 2214 e.
1423 2192 1526 2223 neque
1550 2182 1681 2214 nimium
1705 2189 1870 2226 appetente

1141 2233 1243 2264 neque
1265 2223 1394 2254 nimium
1420 2224 1547 2255 timente
1569 2224 1752 2266 quidquam,
1779 2235 1868 2268 repe-

1139 2264 1279 2300 tendam,
1292 2270 1322 2295 et
1336 2274 1459 2295 omnem
1477 2275 1602 2306 operam
1615 2266 1647 2296 in
1662 2267 1783 2298 virtutis
1799 2274 1867 2299 stu·

1138 2305 1190 2377 gio
1204 2305 1379 2347 ponendam
1394 2315 1474 2342 esse.
1489 2306 1705 2349 philosophica
1719 2309 1868 2350 gravitate

1160 2353 1239 2378 ocet.

1185 2390 1212 2418 l.
1236 2389 1292 2419 Nil
1313 2389 1473 2426 admirari,
1487 2393 1562 2420 cett.
1576 2388 1665 2421 nulla
1679 2391 1806 2423 omnino
1821 2403 1866 2427 re.

1140 2430 1204 2462 sive
1230 2429 1302 2460 laeta
1328 2430 1390 2461 sive
1411 2429 1502 2466 tristi,
1530 2431 1660 2471 graviter
1688 2432 1781 2468 affici,
1811 2434 1867 2465 sed

1141 2482 1261 2513 aequam
1276 2471 1309 2502 in
1328 2471 1419 2502 rebus
1437 2471 1543 2502 arduis
1557 2472 1670 2514 pariter
1683 2474 1766 2516 (Od.
1783 2474 1818 2510 ii,
1833 2477 1866 2511 3.

1144 2513 1180 2553 l)
1203 2519 1296 2554 atque
1317 2512 1350 2543 in
1378 2513 1467 2544 bonis
1491 2519 1627 2546 mentem
1653 2525 1784 2548 servare.
1807 2517 1866 2549 hoc

1138 2565 1236 2585 unum
1253 2564 1310 2585 nos
1331 2555 1437 2585 beatos
1453 2554 1578 2587 reddere
1601 2562 1632 2587 et
1650 2563 1794 2598 prestare
1810 2568 1866 2600 po·

1138 2601 1210 2628 test.
1255 2597 1411 2627 Admirari
1437 2596 1503 2638 jam
1525 2597 1566 2628 de
1592 2597 1702 2638 quavis
1728 2599 1866 2639 graviore

1139 2638 1233 2668 animi
1246 2637 1419 2668 affectione.
1460 2638 1655 2679 Pythagoras
1668 2650 1687 2670 a
1708 2641 1751 2671 ud
1766 2641 1866 2676 Stob..

1137 2679 1241 2721 μηδὲν
1259 2679 1450 2720 θαυμάζειν·
1474 2679 1600 2711 Cebetis
1618 2681 1693 2712 tabu
1707 2691 1726 2712 a
1743 2692 1774 2724 p.
1790 2683 1867 2719 232.

1138 2723 1176 2774 ζὸ
1187 2720 1512 2772 Δαιῆόνιυνικελεύει,
1527 2722 1576 2763 μὴ
1588 2722 1780 2764 θαυμάζειν,
1794 2723 1823 2760 ὅ,
1834 2737 1866 2756 τι

1137 2775 1382 2840 ἕέωἷέαῆὶἲξπῖἷ
1398 2762 1867 2839 ιῖἒὲ3“εηεέἶὲ’ῖ’ω”ἑῖἑῖῖ“ἔὲῃθῗὲ

1136 2846 1255 2877 divitiis
1285 2855 1380 2888 quam
1412 2845 1445 2876 in
1477 2845 1645 2877 honoribus
1682 2848 1864 2889 appetendi·

1136 2898 1261 2918 nlmlus.

1176 2931 1207 2965 3,
1224 2931 1256 2961 4.
1281 2929 1319 2960 Ee
1340 2930 1508 2960 decedentia
1530 2930 1619 2960 certis
1641 2929 1778 2970 Tempora
1801 2941 1862 2961 mu-
