1904 3314
702 181 927 225 LIBER
964 182 1000 233 Ι,
1038 182 1101 224 10.

1589 185 1673 225 351

246 286 421 342 Nempe
441 280 727 341 incomposito
747 284 839 326 dixi
860 284 974 339 pede
995 297 1174 326 currere
1196 298 1348 326 versus

249 354 420 396 Lucili:
453 355 551 410 quis
573 361 660 395 tam
681 351 826 394 Lucili
847 351 992 393 fautor
1011 351 1159 406 inepte
1181 358 1263 402 est,

250 422 314 465 Ut
334 439 421 465 non
441 422 524 464 hoc
545 421 766 463 fateatur?

827 419 891 461 At
910 420 1040 470 idem,
1063 419 1184 474 quod
1207 418 1295 460 sale
1316 419 1455 461 multo

250 491 421 533 Urbem
441 489 658 539 defricuit,
682 488 834 530 charta
853 487 1059 529 laudatur
1080 487 1248 529 eadem.
1591 532 1594 535 .

191 559 221 601 5
249 559 348 601 Nec
371 565 513 600 tamen
532 557 618 599 hoc
639 557 851 606 tribuens,
875 555 1073 598 dederim
1095 571 1271 611 quoque
1293 563 1461 607 cetera3
1494 571 1592 597 nam
1615 556 1676 597 sic

248 625 313 668 Et
334 626 500 668 Laberi
519 626 684 676 mimos,
707 632 755 667 ut
776 624 961 681 pulchra
982 631 1197 679 poemata,
1220 624 1363 665 mirer.

247 694 372 750 Ergo
392 709 479 736 non
502 695 604 736 satis
626 701 708 743 est,
731 694 820 735 risu
844 693 1054 735 diducere
1076 693 1230 734 rictum

245 761 476 805 Auditor-is
499 763 558 818 (et
578 770 644 805 est
665 762 866 818 quaedam
889 768 1032 803 tamen
1053 760 1125 802 hic
1147 774 1322 815 quoque
1346 760 1496 813 virtus)
1515 778 1524 810 ;

245 829 332 872 Est
350 832 565 874 brevitate
587 846 712 886 opus,
735 839 784 872 ut
806 836 952 872 currat
975 830 1205 879 sententia,
1230 844 1315 870 neu
1337 843 1383 871 se

161 898 216 940 10
244 897 461 955 Impediat
482 900 627 942 verbis
648 898 784 940 lassas
807 898 1092 940 onerantibus
1114 912 1241 939 aures
1260 915 1269 948 3

245 966 309 1008 Et
329 982 526 1010 sermone
547 983 658 1023 opus
681 974 749 1009 est
770 967 900 1008 modo
924 966 1052 1015 tristi,
1076 981 1193 1021 saepe
1208 967 1379 1021 jocoso,

247 1033 528 1078 Defendente
547 1036 683 1078 vicem
704 1034 833 1077 modo
855 1033 1045 1076 rhetoris
1068 1041 1199 1089 atque
1222 1041 1378 1090 poetae,

131 1186 203 1224 tuli,
222 1187 412 1219 sententiam
437 1189 576 1226 sufficit;
602 1199 675 1220 nam
699 1199 770 1220 cum
785 1189 880 1226 Cato,

129 1229 224 1272 cujus
238 1231 272 1262 in
287 1231 388 1273 primo
405 1242 509 1267 versu,
523 1238 560 1263 ut
575 1231 694 1264 Lucilii
708 1231 883 1263 defensoris

130 1277 164 1304 et
184 1273 255 1316 ejus
278 1274 361 1305 male
383 1274 539 1306 factorum
561 1285 706 1305 versuum
731 1275 881 1306 emenda-

129 1314 218 1352 toris.
233 1316 352 1348 mentio
372 1317 417 1353 fit,
435 1317 558 1348 Horatii
581 1323 673 1348 aetate
692 1317 804 1348 vixerit
824 1318 881 1358 (de

131 1357 255 1391 catone
269 1359 409 1397 Valerio,
421 1360 522 1391 nobili
539 1359 660 1391 Horatii
673 1366 763 1391 aetate
776 1371 878 1401 gram-

130 1402 258 1438 matico,
274 1402 340 1434 vid.
359 1404 491 1435 Sueton.
507 1403 547 1434 de
563 1403 687 1434 Illustr.
705 1403 880 1434 Grammat.

130 1453 162 1476 c.
182 1445 231 1481 ll,
246 1451 279 1477 et
297 1455 391 1488 quem
413 1446 524 1477 citavit
549 1446 672 1478 Eichst.
694 1445 727 1477 in
753 1446 882 1477 laudato

131 1486 247 1530 Progr.
277 1499 312 1531 p.
342 1490 374 1525 7,
402 1489 590 1520 Wernsdorf
615 1490 648 1520 in
675 1489 778 1520 Poett.
806 1490 881 1520 Lat.

132 1529 219 1563 Min.
239 1532 279 1563 T.
298 1530 345 1566 iii,
362 1543 395 1574 p.
411 1533 453 1563 46
471 1538 503 1564 et
518 1534 555 1563 61
579 1533 672 1573 sqq.)
686 1532 789 1574 ipsum
812 1533 879 1564 Ho-

129 1573 248 1605 ratium
267 1585 413 1606 versuum
438 1575 566 1606 illorum
591 1581 749 1606 auctorem
773 1574 881 1611 fuisse,

131 1622 245 1665 sponte
278 1623 421 1660 apparet.
465 1619 550 1649 Nam
579 1618 653 1659 quis
682 1618 732 1649 vel
765 1618 883 1658 fingere

131 1659 194 1690 sibi
216 1665 317 1703 potest
338 1661 456 1698 animo,
478 1662 549 1692 vivo
578 1661 720 1696 Horatio¹
742 1661 884 1692 extitisse

131 1707 196 1734 tam
215 1703 373 1746 perfrictae
395 1703 506 1735 frontis
527 1704 698 1741 hominem,
716 1703 770 1745 qui
794 1703 884 1735 nobi·

130 1743 244 1778 lissimi
257 1751 326 1778 tum
347 1747 497 1789 temporis
518 1752 619 1789 poetae
642 1746 775 1777 carmini
798 1747 883 1788 ejus·

133 1787 221 1820 modi
251 1789 414 1821 exordium
445 1790 595 1832 pararet!
641 1790 659 1821 J
665 1799 715 1820 am
745 1800 828 1823 vero.
859 1789 885 1820 si

133 1831 208 1873 quis
221 1838 356 1874 quaerat,
367 1832 445 1875 quid
462 1833 514 1870 sit,
525 1832 609 1875 quod
625 1839 697 1864 octo
713 1832 761 1863 illi
778 1843 886 1864 versus

129 1873 166 1905 in
197 1874 390 1917 quibusdam
428 1875 532 1907 Codd.
569 1875 678 1906 omissi
714 1877 810 1906 sunt&
849 1876 882 1906 in

154 1923 280 1960 romptu
295 1923 355 1954 est,
371 1918 456 1959 quod
473 1919 502 1950 ei
518 1916 735 1960 respondeam.
776 1918 883 1960 Eques

109 1963 119 1966 “
131 1927 311 1998 Riaecenas,
327 1961 414 2003 quod
438 1961 591 1993 Horatius
613 1962 711 1992 alium
730 1962 881 2003 equitem,

131 2003 315 2036 verberibus
347 2003 441 2046 quasi
477 2004 515 2036 ad
548 2004 703 2036 doctrinae
740 2004 882 2035 studium

131 2046 343 2090 compulsum,
366 2047 444 2078 satis
469 2048 580 2079 acerbe
605 2048 884 2079 Grammaticorum

131 2091 268 2130 equitum
296 2091 500 2122 doctissimum
527 2091 713 2133 appellavit.
738 2101 802 2122 non
833 2091 882 2121 in-

132 2131 231 2174 digno
252 2138 378 2164 tantum
398 2133 522 2166 tulisse.
541 2134 594 2165 sed
614 2133 780 2164 Horatium
804 2144 881 2174 quo-

133 2185 210 2216 que,
226 2180 263 2207 ut
277 2186 384 2208 versus
401 2175 474 2207 illos
487 2177 618 2213 deleret,
636 2187 761 2217 rogasse
775 2182 807 2207 et
823 2177 882 2207 im-

133 2218 256 2260 pulisse
276 2218 410 2251 videtur.
454 2219 607 2251 Horatius
630 2219 708 2256 viro,
732 2218 764 2250 iu
789 2220 883 2261 cujus

133 2261 237 2303 gratia
259 2271 385 2294 omnem
408 2261 591 2294 felicitatem
618 2273 708 2293 suam
734 2263 882 2305 ponebat,

133 2304 253 2347 paruit.
293 2305 430 2337 Videtur
445 2304 542 2346 igitur
554 2305 610 2336 ille
627 2305 751 2342 Codex,
769 2306 801 2336 in
819 2316 883 2348 quo

131 2357 242 2379 versus
256 2347 304 2379 illi
326 2348 436 2390 scripti
453 2354 538 2386 sunt,
553 2348 702 2389 integrior
724 2349 822 2380 fuisse
845 2349 883 2380 iis

133 2399 155 2422 ι
179 2390 294 2439 quibus
324 2390 419 2422 iidem
446 2401 557 2423 versus
581 2392 742 2423 exsulant.
788 2392 884 2429 Quod

132 2432 199 2465 dixi
219 2433 261 2466 de
275 2434 335 2466 hac
356 2434 461 2466 Satira
474 2444 512 2465 ex
535 2435 669 2477 abrupto
692 2445 765 2466 cum
786 2435 883 2477 parti-

132 2476 209 2508 cula
225 2476 339 2517 Nempe
353 2476 538 2520 incipiente,
555 2477 586 2508 id
600 2488 650 2509 me
669 2476 786 2508 dixisse
803 2488 883 2508 non-

133 2518 210 2551 dum
225 2518 377 2563 poenituit
389 2531 399 2558 3
422 2530 496 2551 nam
512 2520 552 2551 ad
566 2520 754 2563 particulam
774 2521 884 2560 Nempe

133 2561 312 2606 supplenda
337 2562 467 2596 omnino
496 2568 545 2595 est
570 2563 679 2604 aliqua
703 2563 883 2603 sententia3

133 2605 220 2648 quod
237 2616 300 2638 non
315 2617 396 2649 opus
409 2611 469 2642 est,
485 2606 511 2636 si
525 2613 596 2637 octo
617 2606 666 2637 illi
682 2617 787 2637 versus
809 2606 884 2638 huic

133 2649 239 2681 zatiroe
260 2650 382 2692 praefixi
397 2649 557 2690 leguntur,
573 2654 610 2679 ut
626 2649 720 2691 paulo
743 2654 815 2680 ante
832 2659 884 2680 os-

134 2691 304 2724 tendimus.
327 2728 331 2730 >
349 2692 509 2723 Laudavit
527 2691 657 2733 quidem
682 2692 885 2724 Eichstadius

135 2733 238 2767 simile
252 2733 378 2766 initium
393 2735 504 2766 Satirae
519 2734 618 2766 tertiae
635 2734 720 2778 apud
738 2735 882 2767 Persium

127 2777 271 2818 (Nmpe
301 2779 353 2809 hoc
382 2780 502 2810 assidue
514 2777 567 2819 ?);
599 2778 654 2809 sed
682 2778 742 2808 hoc
774 2779 886 2820 probat

134 2824 270 2858 tantum,
285 2821 432 2852 Persium
450 2820 697 2852 Horatianarum
719 2820 884 2852 satirarum

134 2864 315 2906 exemplum
342 2864 376 2895 in
401 2864 548 2895 manibus
576 2863 738 2900 habuisse,
765 2864 798 2894 in
822 2874 885 2906 quo

135 2915 244 2938 vernus
265 2906 311 2937 illi
329 2906 528 2949 praetermissi
547 2906 685 2938 fuerunt.
732 2907 814 2944 Quis
830 2917 884 2938 ne·

137 2946 199 2979 scit
211 2954 329 2984 autem,
346 2959 441 2991 quarn
459 2960 544 2991 saepe
559 2949 734 2980 imitatores
748 2960 798 2985 ea,
814 2960 887 2991 quae

136 2989 242 3024 minus
257 2997 342 3036 recta
352 2998 441 3031 sunt,
456 2991 558 3026 secuti
573 2992 660 3025 sint‘!
685 2994 834 3026 Ceterum
848 2992 888 3026 de

925 1197 970 1223 re,
987 1197 1058 1229 quae
1075 1197 1240 1230 nunquam
1263 1187 1340 1219 satis
1363 1187 1402 1218 ad
1426 1186 1583 1229 liquidum
1608 1198 1678 1230 per-

926 1229 999 1261 duci
1024 1236 1138 1272 potest,
1155 1229 1303 1272 equidem
1325 1230 1412 1261 nolui
1438 1241 1578 1272 pugnare
1601 1242 1675 1262 cum

926 1284 1099 1315 quoquam.
1123 1274 1224 1304 multo
1250 1274 1356 1305 minus
1383 1284 1456 1305 cum
1482 1274 1558 1310 viro,
1583 1285 1679 1315 quem

927 1327 976 1347 me
992 1323 1025 1347 et
1038 1316 1208 1347 doctiorem
1225 1322 1257 1348 et
1272 1316 1444 1348 auctiorem
1460 1326 1530 1347 esse
1546 1315 1623 1348 scio.

968 1360 1000 1390 4.
1049 1359 1104 1389 Est
1125 1371 1181 1400 quo
1206 1361 1255 1390 vir
1279 1361 1401 1390 melior:
1427 1360 1494 1390 haec
1519 1365 1566 1390 est
1589 1365 1679 1390 vetus

923 1401 1029 1439 lectio,
1070 1412 1165 1443 quam
1210 1402 1367 1434 revocavi.
1421 1403 1570 1433 Subtitiar
1611 1404 1679 1439 illo,

924 1444 1046 1476 acutior
1059 1444 1114 1475 illo
1130 1444 1248 1487 equite.

969 1489 1001 1518 6.
1031 1487 1227 1524 ΕιΙωνταιυε,
1246 1487 1369 1530 passive
1384 1499 1391 1517 :
1418 1486 1482 1518 vid.
1497 1498 1592 1530 quem
1610 1488 1678 1520 lau-

924 1530 1012 1561 davit
1037 1530 1155 1562 Heind.
1181 1532 1341 1563 Vecliner.
1371 1530 1571 1563 Hellenolex.
1598 1532 1620 1567 i,
1651 1535 1679 1569 Ι,

925 1574 957 1610 9,
973 1584 1004 1615 p.
1022 1574 1096 1608 116,
1114 1575 1165 1605 ed.
1189 1575 1294 1605 Heus.
1318 1573 1372 1606 sed
1395 1573 1599 1605 Heindorfius
1622 1586 1678 1617 pro

925 1617 1102 1647 exhortatus
1125 1627 1164 1648 ex
1188 1617 1268 1648 Cod.
1289 1617 1396 1648 Berol.
1419 1616 1507 1647 dedit
1530 1626 1682 1650 exoratus.

928 1659 962 1689 Si
976 1659 1053 1700 quid
1068 1660 1255 1690 mutandum
1269 1659 1321 1697 sit,
1334 1659 1456 1695 malim,
1473 1660 1558 1701 quod
1576 1662 1680 1702 suspi-

929 1708 1021 1733 catus
1035 1707 1083 1732 est
1103 1703 1146 1732 H.
1165 1702 1359 1737 Glareanus.
1377 1710 1550 1733 erm-nutus.
1597 1704 1680 1735 Huic

929 1743 1014 1776 enim
1042 1744 1170 1775 lectioni
1196 1745 1278 1776 favet
1301 1746 1429 1776 Terent.
1453 1745 1568 1776 Heaut.
1592 1756 1624 1782 v,
1651 1749 1679 1782 l,

930 1789 983 1823 78,
997 1789 1070 1818 adeo
1084 1795 1261 1819 exornatum
1278 1789 1364 1826 dabo,
1375 1789 1448 1818 adeo
1463 1789 1620 1828 depexum,
1634 1799 1680 1821 sc.
1723 1798 1730 1805 '

929 1830 1125 1862 verberibus.

975 1875 1002 1904 l.
1047 1873 1357 1914 11100mp0sit0,haud
1382 1872 1422 1904 ad
1443 1873 1624 1915 rhythmum
1646 1880 1679 1906 et

927 1927 1073 1947 numeros
1097 1917 1293 1958 composit03
1318 1917 1448 1948 moleste
1476 1917 1559 1947 enim
1591 1918 1678 1949 ince-

926 1959 1044 1990 debant
1061 1970 1167 1991 versus
1192 1959 1331 1998 Lucilii;
1356 1959 1429 1990 hinc
1451 1970 1521 2002 sup.
1546 1961 1612 1992 Sat.
1636 1961 1678 1997 iv,

927 2004 1026 2034 durus
1039 2014 1211 2042 componere
1227 2014 1341 2034 versus.

971 2047 1003 2077 2.
1030 2046 1107 2081 Quis
1123 2053 1182 2076 ram
1202 2045 1434 2088 Lucicifauaeor
1448 2047 1549 2084 inepte
1563 2052 1626 2076 est.-
1652 2047 1679 2076 si

928 2088 973 2120 ita
997 2088 1125 2131 scripsit
1140 2088 1304 2125 Horatius,
1319 2088 1387 2125 erit,
1404 2088 1476 2130 quis
1495 2088 1597 2120 fautor
1614 2089 1679 2119 Lu-

927 2131 996 2163 cilii
1011 2138 1075 2163 tam
1092 2132 1199 2174 inepto
1214 2132 1308 2163 modo
1322 2138 1371 2163 est
1385 2132 1456 2173 ejus
1473 2131 1576 2163 fautor
1589 2134 1600 2162 ἶ
1624 2132 1680 2162 sed

927 2174 988 2206 hoc
1017 2175 1141 2206 durum.
1186 2174 1344 2217 Exempla
1369 2175 1496 2216 quidem
1526 2175 1566 2206 ad
1597 2175 1679 2206 hanc

927 2217 1078 2259 loquendi
1117 2217 1269 2249 rationem
1311 2217 1533 2249 stabiliendam
1577 2218 1680 2248 afferri

927 2266 1072 2302 possunt,
1102 2272 1132 2292 v.
1163 2271 1192 2292 c.
1222 2261 1320 2292 Ovid.
1349 2261 1460 2292 Amor.
1490 2260 1535 2298 iii,
1562 2263 1595 2295 5.
1627 2262 1678 2295 15,

930 2304 1048 2335 Taurus
1070 2311 1137 2335 erat
1156 2315 1248 2335 comes
1264 2305 1498 2346 huic-,feliciter
1518 2307 1568 2335 ille
1586 2316 1678 2334 murt-

927 2353 977 2378 tus
998 2349 1084 2390 (pro,
1103 2346 1198 2384 felix)
1214 2359 1223 2386 ;
1245 2354 1278 2378 et
1297 2347 1442 2378 Martial.
1461 2346 1507 2384 iii,
1523 2349 1576 2385 44,
1592 2349 1682 2377 nimis

924 2398 1012 2430 poeta
1036 2402 1075 2422 es.
1119 2390 1182 2421 Sed
1203 2390 1328 2438 scripsit
1351 2390 1481 2422 fortasse
1506 2390 1545 2420 ad
1568 2391 1678 2431 vulga-

928 2443 993 2465 rem
1031 2433 1183 2475 loquendi
1221 2439 1374 2464 rationem
1412 2433 1577 2471 Horatius,
1616 2435 1682 2474 quis

929 2483 990 2507 tam
1008 2477 1236 2519 Lucilifautor
1254 2477 1398 2517 ineptus?

972 2521 1003 2550 4.
1051 2520 1168 2550 Charta
1194 2520 1308 2555 eadem,
1335 2519 1368 2550 iu
1392 2518 1503 2551 eodem
1528 2517 1680 2554 carmine,

929 2562 1053 2594 scilicet
1068 2562 1100 2593 in
1118 2569 1231 2604 quarta
1246 2563 1353 2593 satira.

962 2606 1005 2636 ’6.
1052 2606 1184 2636 Laberi.-
1213 2606 1344 2636 Sueton.
1375 2605 1460 2636 Caes.
1486 2605 1542 2640 39,
1573 2605 1682 2642 Ludis,

930 2648 1073 2679 Decimus
1091 2648 1250 2685 Laberius,
1266 2660 1351 2689 eques
1364 2648 1542 2683 Romanus,
1558 2650 1682 2678 mimum

928 2702 1018 2722 suum
1037 2693 1120 2733 egit:
1144 2693 1330 2732 donatusque
1345 2692 1520 2733 quingentis
1539 2692 1683 2722 sestertiis

929 2741 956 2765 et
980 2736 1097 2765 annulo
1121 2746 1226 2771 aureo,
1243 2735 1390 2766 Macrob.
1415 2734 1450 2768 ii,
1476 2734 1508 2768 7,
1531 2739 1563 2764 et
1577 2733 1632 2771 vii,
1651 2734 1682 2764 3.

930 2778 1060 2809 Mimos.-
1100 2779 1196 2814 mimi,
1241 2783 1388 2820 poemata
1431 2776 1607 2807 lascivioris
1651 2781 1683 2807 et

929 2820 1152 2863 petulantioris
1170 2820 1238 2862 joci
1254 2821 1361 2864 plena,
1378 2821 1429 2852 vel
1450 2819 1599 2851 licentius
1619 2819 1682 2849 las-

930 2864 1046 2895 civiam
1063 2863 1231 2895 imitantia.

973 2908 1005 2938 8.
1033 2907 1091 2937 Hic
1107 2918 1232 2948 quoque,
1249 2906 1282 2937 in
1305 2906 1365 2938 hac
1383 2914 1510 2948 quoque
1533 2913 1577 2937 re,
1595 2902 1682 2933 scili-

931 2955 982 2980 cet
1012 2950 1043 2980 in
1075 2949 1231 2981 movendo
1262 2949 1346 2988 risu;
1383 2949 1487 2978 Virtus
1524 2945 1683 2987 (ἀρετὴ),

932 2992 1067 3025 facultas
1082 2992 1176 3025 laude
1191 2993 1300 3034 digna.
