1904 3314
329 204 413 246 426

865 204 1295 246 SATIRARUM

349 305 407 345 20
437 303 635 345 Summus
656 319 751 359 ego,
772 310 816 345 et
835 318 972 359 prope
993 319 1057 346 me
1079 305 1236 347 Viscus
1257 305 1497 355 Thurinus,
1519 312 1562 348 et
1581 305 1704 356 infra,

437 371 484 411 Si
502 371 685 420 memini,
706 369 864 411 Varius
881 387 891 420 ;
922 385 1017 412 cum
1038 371 1216 412 Servilio
1238 371 1469 413 Balatrone

435 437 654 486 Vibidius,
676 451 783 490 quos
805 436 1022 478 Maecenas
1043 438 1285 479 adduxerat
1304 439 1492 479 umbras.

435 503 734 545 Nomentanus
755 510 846 544 erat
868 518 997 558 super
1017 504 1171 558 ipsum,
1195 504 1373 546 Porcius
1394 505 1519 554 infra,

437 569 664 611 Ridiculus
686 577 798 611 totas
821 569 943 610 simul
963 571 1196 611 obsorbere
1218 570 1450 624 placentas,

351 637 407 678 25
437 636 733 678 Nomentanus
754 636 810 677 ad
830 636 928 685 hoc,
951 637 1039 689 qui,
1063 636 1098 676 si
1118 637 1220 691 quid
1244 637 1355 678 forte
1374 636 1542 686 lateret,

437 702 584 744 Indice
603 709 860 743 monstraret
880 702 1039 756 digito:
1070 717 1165 743 nam
1185 709 1327 744 cetera
1348 704 1488 752 turba,

437 769 548 819 Nos,
567 769 754 823 inquam,
775 783 992 810 coenamus
1013 783 1126 818 aveS,
1149 768 1384 822 conchylia,
1404 769 1561 823 pisces,

437 835 589 889 Longe
610 834 852 877 dissimilem
873 842 974 876 noto
994 834 1173 876 celantia
1193 849 1381 885 succum,

438 902 501 943 Ut
521 901 587 942 vel
607 902 807 943 continuo
826 902 979 955 patuit,
1001 916 1131 954 quum
1150 902 1336 956 passeris
1357 902 1440 942 assi
1460 909 1503 943 et

354 970 410 1010 30
439 968 664 1023 Ingustata
681 967 784 1008 mihi
804 974 1056 1021 porrexerat
1077 967 1147 1008 ilia
1166 967 1347 1008 rhombi.

439 1035 546 1076 Post
566 1035 649 1075 hoc
668 1048 734 1075 me
756 1034 915 1082 docuit,
937 1032 1142 1074 melimela
1161 1034 1317 1074 rubere
1337 1033 1542 1074 minorem

439 1100 512 1142 Ad
533 1100 674 1141 lunam
693 1099 872 1141 delecta.

328 1226 392 1260 tile,
409 1226 539 1271 quodque
557 1224 656 1255 Posset
671 1230 816 1255 caenantes
829 1223 976 1264 offendere
991 1223 1056 1264 (in-

325 1267 431 1308 tellige
455 1266 594 1297 ciborum
615 1266 776 1297 adesorum
800 1266 959 1306 reliquias,
982 1266 1057 1296 frus-

325 1309 403 1344 tula,
431 1309 539 1344 micas,
564 1318 643 1344 ossa,
670 1307 775 1349 cett.,)
799 1307 960 1338 dicebatur
982 1320 1057 1338 ana-

325 1352 411 1382 lectes
427 1351 475 1381 vel
490 1351 639 1382 analecta.

370 1394 506 1423 13—15.
535 1393 576 1423 Ut
603 1394 707 1423 Attica
741 1393 832 1432 Virgo
862 1392 938 1421 Cum
967 1394 1058 1422 sacris

328 1434 456 1470 Cereris,
479 1434 620 1465 sacerdos
645 1433 777 1465 Cereris.
821 1433 925 1464 Schol.
945 1433 1056 1474 Cruq.,

327 1476 405 1506 Illas
420 1478 499 1512 vult,
514 1487 585 1516 quas
610 1475 728 1506 Tullius
751 1477 783 1506 in
810 1475 945 1506 Ver-riuis
966 1475 1007 1510 iv,
1026 1478 1056 1511 3,

326 1519 505 1557 canephoras
527 1520 571 1548 ait
591 1516 731 1559 (vocat),
752 1529 813 1558 quae
834 1528 918 1548 sacra
941 1518 1058 1548 Cereris

325 1562 451 1591 sublatis
468 1571 558 1600 supra
578 1566 669 1599 caput
697 1561 832 1590 manibus
856 1561 888 1589 in
913 1561 1057 1598 sportulis

329 1602 506 1643 (canistris)
519 1609 639 1641 portare
652 1602 796 1632 solebant.
833 1601 923 1631 Ridet
936 1603 1058 1631 nimiam

326 1655 459 1684 pompam
474 1646 506 1674 in
519 1645 603 1674 tenui
619 1650 781 1682 apparatu.
826 1643 876 1673 De
887 1645 1058 1682 canephorz's

326 1685 390 1716 vid.
414 1685 583 1727 Spanhem.
607 1686 647 1715 ad
672 1684 802 1716 Callim.
831 1685 874 1714 H.
897 1684 929 1714 in
955 1686 1060 1716 Cerer.

329 1728 402 1758 127.
461 1728 588 1763 Fuscus,
621 1726 700 1758 fusci
735 1737 773 1757 ex
810 1726 902 1757 India
939 1727 1060 1757 coloris.

330 1770 438 1800 Chium
459 1772 549 1800 maris
570 1779 681 1809 expers,
705 1768 756 1799 cui
780 1768 857 1799 nihil
880 1779 970 1810 aquae
993 1779 1058 1799 ma-

327 1811 402 1842 rinae
425 1811 596 1842 admixtum
618 1817 679 1842 est.
722 1810 828 1841 Schol.
852 1811 942 1846 Aer„
966 1813 998 1841 id
1020 1818 1061 1842 est

326 1855 389 1884 sine
412 1865 489 1894 aqua
513 1855 642 1884 marina.
685 1853 723 1883 In
751 1853 869 1884 Graecia
891 1856 968 1884 enim
989 1855 1059 1883 solet

329 1898 397 1926 vino
418 1907 495 1935 aqua
518 1898 636 1926 marina
657 1897 824 1930 admisceri,
841 1901 875 1924 ut
896 1895 1061 1936 nonfacile

329 1943 550 1976 corrumpatur.
615 1938 756 1968 Fortasse
795 1937 903 1967 vinum
944 1937 1060 1968 Chium

333 1989 423 2020 aquae
443 1979 571 2009 marinae
580 1989 713 2026 experS,
733 1979 765 2009 h.
770 1988 806 2009 e.
827 1989 937 2020 purum
960 1985 992 2010 et
1013 1979 1059 2010 in-

331 2026 463 2062 tegrum,
479 2020 511 2050 in
526 2020 642 2062 majore
658 2021 749 2051 laude
765 2021 834 2051 fuit.

377 2064 426 2093 18.
449 2063 602 2109 (Divitias
616 2063 774 2100 miseras!)
798 2063 846 2093 11ae
863 2072 965 2098 voceS,
981 2073 1060 2110 quas

329 2105 548 2146 parentheseos
566 2104 655 2145 signo
673 2103 800 2139 inclusi,
820 2115 874 2145 per
891 2104 1057 2146 appositio-

331 2157 403 2178 nem
439 2146 605 2178 referendae
639 2145 784 2176 videntur
818 2146 856 2175 ad
889 2153 1060 2186 utrumqne.

330 2189 441 2223 Poeta,
472 2188 525 2229 qui
552 2187 708 2218 Fundanii
737 2188 907 2218 orationem
931 2188 1059 2237 excipit,

330 2230 396 2261 vini
414 2230 530 2260 Albani
545 2235 576 2260 et
591 2230 712 2260 Falerni
727 2229 951 2270 possessionem
974 2233 1058 2260 mise-

330 2283 380 2303 ras
416 2274 537 2303 divitias
573 2272 722 2313 appellat,
759 2271 833 2312 quia
868 2270 1060 2302 Nasidienus

327 2315 429 2356 jactat
443 2314 568 2356 quidem
589 2324 622 2344 se
638 2313 750 2344 habere
765 2313 837 2343 vina
855 2313 1058 2353 generosiora,

329 2357 383 2388 sed
399 2362 434 2387 ut
448 2367 486 2388 ea
500 2361 635 2402 apponat
650 2366 711 2385 non
726 2355 891 2396 impetrare
906 2360 1004 2395 potest
1020 2356 1059 2385 ab

330 2397 611 2429 avaritia.11inc
646 2397 699 2428 ille
730 2409 760 2428 v.
789 2399 830 2428 35
864 2397 1057 2438 expallescn,

330 2451 401 2471 cum
432 2439 573 2471 convivae
603 2440 734 2481 majores
768 2438 882 2470 calices
912 2445 1058 2480 poscunt.

335 2483 416 2518 Una,
434 2492 478 2513 sc.
493 2487 607 2513 tecum.

374 2526 426 2555 19.
473 2525 560 2555 Nosse
598 2525 707 2560 laboro,
748 2523 826 2554 scire
863 2523 1059 2555 vehementer

329 2566 432 2609 cupio.

370 2608 510 2640 20—23.
533 2608 605 2639 Jam
618 2607 801 2638 Fundanius
814 2607 962 2639 describit
977 2608 1059 2638 ordi-

329 2661 399 2682 nem
437 2660 498 2690 quo
534 2650 668 2691 quisque
711 2660 826 2681 mensae
869 2650 1059 2680 accubuerit.

329 2694 404 2724 Tres
427 2691 512 2729 lecti,
539 2698 571 2722 ut
598 2691 671 2723 satis
696 2697 830 2727 constat,
855 2691 893 2721 ad
919 2701 1058 2722 mensam

328 2734 572 2770 collocabantur,
599 2734 679 2764 unde
709 2734 807 2768 locus.
833 2733 886 2764 ubi
909 2734 1056 2764 coenaba-

329 2782 390 2814 tur,
412 2786 525 2806 nomen
551 2775 674 2816 accepit
700 2778 891 2811 triclinium
922 2775 953 2805 in
978 2786 1056 2805 uno-

351 2829 452 2860 uoque
476 2817 557 2849 lecto
584 2823 655 2852 tres,
683 2817 721 2847 ad
747 2827 901 2848 summum
927 2823 1059 2858 quatuor

329 2830 585 2899 discumbebant3
618 2870 698 2890 unus
724 2859 824 2890 lectus
845 2870 986 2894 summus,
1011 2869 1057 2890 se·

329 2902 450 2933 nundus
479 2904 603 2938 medius,
631 2902 739 2932 tertius
767 2903 842 2931 imus
868 2902 1056 2940 vocabatur3

281 2976 283 2978 .
330 2955 426 2977 unum
448 2954 560 2976 mensae
586 2944 668 2975 latus
687 2943 764 2975 cibis
788 2954 841 2986 per
861 2953 964 2974 servos
981 2944 1055 2974 suh-

934 1099 1052 1145 Quid
1073 1098 1154 1139 hoc
1175 1099 1356 1147 intersit,
1378 1099 1431 1139 ab
1451 1099 1547 1152 ipso

1099 1223 1311 1254 ministrandis
1320 1233 1453 1254 vacuum
1463 1221 1706 1264 relinquebatur.
1735 1222 1832 1253 Totus

1099 1266 1150 1296 hic
1168 1266 1255 1296 locus
1272 1265 1394 1296 Horatii
1409 1265 1543 1302 facilius,
1561 1270 1646 1312 puto,
1660 1262 1830 1337 perspicie-

1099 1314 1160 1343 tur,
1187 1307 1213 1337 si
1237 1307 1318 1338 hanc
1338 1307 1400 1338 sere
1425 1317 1540 1338 mensae
1562 1313 1592 1338 et
1614 1305 1645 1336 in
1697 1310 1755 1336 ctis
1776 1315 1830 1336 ac-

1099 1349 1315 1380 cumbentium
1338 1349 1452 1380 ordinis
1472 1349 1512 1379 ob
1534 1348 1639 1380 oculos
1659 1347 1716 1379 tibi
1735 1357 1830 1390 posu-

1099 1391 1159 1422 eris
1174 1391 1302 1432 figuram
1316 1403 1323 1420 :

1338 1493 1465 1524 Medius
1477 1493 1590 1524 lectus.

1245 1557 1250 1598 l
1305 1558 1324 1586 3
1387 1557 1393 1597 l
1457 1557 1469 1585 ¹
1535 1555 1678 1604 l—zl

1177 1695 1205 1714 2

1731 1698 1760 1717 ε
1719 1638 1758 1643 Ι

1719 1778 1761 1784 Ι

1115 1871 1145 1956 Imus
1114 1746 1146 1857 lectus.

1178 1845 1206 1858 1

1730 1849 1760 1862 1

1789 1881 1820 1991 ’sn2031
1789 1721 1820 1867 summus

1169 1922 1214 2060 -311

1731 1993 1758 2011 τ

1104 2147 1142 2177 In
1171 2150 1266 2178 medio
1297 2150 1368 2178 lecto
1392 2149 1522 2187 primum
1547 2151 1578 2178 et
1599 2146 1710 2178 ceteris
1730 2146 1832 2178 omni-

1103 2189 1162 2219 bus
1192 2189 1224 2219 in
1256 2195 1320 2220 tota
1349 2199 1456 2220 mensa
1480 2188 1704 2220 honoratiorem
1727 2188 1832 2219 locum

1103 2231 1279 2271 occupabat
1298 2231 1454 2265 Mamertus,
1477 2233 1639 2262 secundum
1660 2236 1694 2262 et
1709 2232 1832 2261 tertium

1103 2272 1229 2302 adducti
1261 2282 1280 2302 a
1311 2273 1488 2303 Maecenate
1526 2270 1653 2303 Umbrae
1688 2273 1833 2304 Servilius

1105 2314 1232 2344 Balatro
1249 2320 1278 2344 et
1303 2314 1447 2350 libidius,
1468 2323 1594 2350 scurrae,
1612 2318 1649 2344 ut
1668 2324 1702 2344 se
1721 2319 1834 2354 gerunt

1088 2354 1134 2393 *in
1152 2355 1314 2393 convivi0;
1337 2356 1368 2386 in
1383 2367 1493 2386 summo
1510 2357 1582 2386 lecto
1598 2355 1753 2396 (Summus
1769 2367 1832 2396 ego,

1103 2397 1135 2427 h.
1164 2408 1193 2428 e.
1221 2398 1339 2439 primus
1367 2397 1400 2427 in
1429 2408 1549 2428 summo
1577 2397 1676 2438 lecto)
1699 2400 1832 2438 primum

1103 2439 1204 2470 locum
1222 2441 1414 2474 Fundanius,
1429 2441 1589 2471 secundum
1608 2439 1709 2471 Viscus
1721 2440 1834 2471 Thuri·

1102 2485 1308 2517 mcs‚terti1‹m
1324 2483 1454 2519 Varius,·
1477 2482 1510 2511 in
1530 2483 1587 2512 imo
1609 2482 1682 2512 lecto
1701 2484 1832 2520 primum

1102 2524 1204 2554 locum
1221 2526 1310 2563 (nam
1337 2523 1458 2554 medius
1480 2524 1567 2554 locus
1588 2523 1621 2554 in
1644 2533 1833 2565 unoquoque

1104 2565 1184 2596 lecto
1199 2572 1264 2597 erat
1283 2566 1416 2607 primus)
1433 2575 1533 2597 coenae
1549 2570 1636 2607 pater
1652 2565 1833 2597 Nasidienus

1104 2610 1212 2649 (super
1236 2610 1342 2647 ipsum,
1368 2608 1483 2643 αὐτὸν,
1506 2607 1696 2645 dominum),
1711 2617 1831 2638 secun-

1102 2651 1175 2680 dum
1201 2650 1418 2685 Nomentanus,
1437 2649 1557 2681 tertium
1581 2649 1717 2685 Porcius,
1738 2649 1833 2680 Nasi-

1103 2691 1186 2723 dieni
1209 2693 1348 2734 parasiti.
1392 2693 1535 2723 Ceterum
1557 2690 1597 2722 de
1615 2693 1760 2722 tricliniis
1777 2701 1832 2723 ac-

1100 2739 1206 2765 curate
1217 2740 1248 2764 et
1262 2734 1381 2765 erudite
1396 2733 1458 2775 egit
1470 2733 1714 2764 Wiistemannus
1730 2741 1832 2764 noster

1101 2777 1132 2806 in
1150 2776 1269 2807 Pallast
1283 2777 1338 2807 des
1352 2778 1500 2811 Scaurus,
1515 2786 1548 2817 p.
1563 2775 1625 2806 229
1641 2785 1711 2816 sqq.

1141 2820 1195 2848 24.
1219 2819 1381 2849 Ridiculus
1402 2824 1489 2852 ta,›1as
1515 2817 1570 2858 qui
1595 2816 1747 2848 ridiculus
1773 2817 1832 2847 suit

1100 2871 1148 2896 eo,
1170 2860 1253 2907 quod
1276 2866 1355 2891 totas
1377 2860 1535 2902 placentas
1558 2868 1620 2890 uno
1642 2858 1754 2890 haustu
1776 2859 1830 2891 de-

1100 2902 1265 2944 glutiebat.

1141 2946 1279 2976 25—30.
1329 2945 1531 2976 Nomentanus
1572 2945 1612 2974 ml
1653 2945 1717 2982 hoc,
1755 2948 1832 2975 cett·
