1904 3314
331 520 1371 591 EPISTOLARUM

669 755 811 787 LIBER
834 756 1026 789 PRIMUS.

653 1124 976 1168 EPISTOLA
1008 1126 1043 1168 I.

566 1264 644 1295 AD
690 1265 1127 1299 MAECENATEM.

146 1383 151 1387 '
190 1369 357 1423 Pium
379 1382 496 1424 dicte
517 1381 636 1429 mihi,
659 1397 823 1423 summa
846 1383 1031 1425 dicende
1055 1384 1277 1435 Camoena,

190 1453 446 1510 Spectatum
468 1455 587 1505 satis,
610 1461 654 1496 et
675 1454 883 1496 donatum
897 1454 989 1509 jam
1009 1455 1135 1506 rude,
1158 1457 1332 1511 quaeris,

191 1522 429 1573 Maecenas,
450 1523 606 1564 iterum
628 1522 806 1576 antiquo
828 1537 895 1564 me
916 1521 1138 1565 includere
1160 1523 1295 1566 ludo?

189 1590 296 1634 Non
317 1591 470 1633 eadem
491 1598 559 1633 est
579 1598 699 1641 aetas,
721 1605 808 1632 non
829 1605 964 1633 mens.

312 1703 537 1736 EPISTOLA
561 1703 592 1735 Ι.

118 1747 274 1780 Horatius
297 1757 316 1779 a
339 1747 476 1786 lusibus,
501 1747 618 1789 quibus
644 1745 747 1777 adhuc
770 1746 820 1777 in-

73 1789 227 1830 dulserat,
251 1791 293 1823 ad
317 1789 399 1822 seria
424 1791 549 1825 transit,
573 1790 650 1820 dum
677 1789 716 1820 ad
740 1799 821 1821 verae

73 1834 239 1878 sapientia
275 1839 412 1876 raecepta
427 1844 461 1865 se
484 1834 582 1864 vitam
604 1832 637 1863 in
661 1837 820 1875 posterum

71 1877 206 1920 dirigere
218 1887 256 1909 ve
271 1877 300 1909 le
313 1877 476 1920 profitetur
493 1876 596 1918 (Quid
610 1887 713 1906 verum
729 1881 820 1916 atque

72 1922 179 1952 decens
193 1932 268 1952 curo
281 1926 310 1952 et
324 1931 410 1962 rogo,
426 1927 455 1951 et
470 1921 564 1951 omnis
581 1921 612 1950 in
630 1920 682 1950 hoc
697 1929 774 1949 sum.
790 1929 819 1950 v.

118 2006 214 2039 1-3,
237 2005 343 2037 Prima
366 2006 447 2038 dicte
469 2005 555 2040 mihi,
579 2008 655 2036 cett.
679 2006 815 2036 sensus:

71 2049 136 2089 Tu,
153 2050 327 2085 Maecenas,
365 2059 438 2080 uem
454 2058 512 2090 ego
529 2047 562 2078 in
586 2047 686 2090 primo
709 2047 819 2089 cujus-

72 2103 136 2135 que
158 2091 283 2134 generis
306 2092 344 2134 (o
367 2101 468 2128 arum,
489 2090 627 2133 epodssn,
655 2095 687 2122 et
707 2090 818 2121 satira-

72 2134 162 2177 rum)
178 2134 318 2167 carmine
334 2140 408 2167 ante
423 2144 534 2166 omnes
556 2134 636 2165 alios
661 2139 695 2164 ut
714 2139 819 2175 patro-

72 2189 150 2210 num
165 2188 271 2210 meum
285 2177 456 2213 celebravi.
475 2182 507 2209 et
529 2177 584 2220 qui
607 2176 685 2208 mihi
709 2176 741 2207 iu
763 2187 818 2208 ex-

72 2226 183 2258 tremo,
243 2220 306 2253 uod
343 2220 518 2263 scripturus
555 2230 638 2255 sum,
678 2219 818 2251 carmine

71 2265 218 2296 celebr-an
243 2265 282 2296 us'
294 2274 349 2304 es;
373 2265 470 2301 (sive,
486 2264 547 2300 Tu,
561 2263 738 2300 Maecenas,
753 2262 817 2299 cui,

71 2317 145 2350 quoe
167 2306 290 2350 scripsi,
320 2306 466 2338 dedicavi
489 2305 642 2340 carmina,
668 2311 711 2341 et,
746 2315 818 2347 quae

20 2351 22 2355 ’
69 2359 164 2425 porro
184 2351 359 2392 scripturus
380 2359 462 2386 sum,
486 2347 658 2389 dedicabo)
671 2361 679 2389 ;
704 2347 744 2379 ad
768 2348 817 2380 lu-

7 2391 29 2424 ιῖ-
92 2392 207 2431 um‚in
221 2403 285 2436 quo
302 2392 372 2436 jam
385 2393 462 2424 satis
475 2391 556 2423 vires
578 2401 665 2423 meas
686 2391 814 2434 pericli-

9 2418 33 2481 ἐξ
42 2471 43 2474 ¹
69 2438 156 2470 atus
177 2446 263 2473 sum,
279 2435 311 2468 h.
325 2446 353 2468 e.
369 2435 411 2467 ad
434 2434 587 2471 carmina,
610 2434 726 2477 quibus
746 2435 814 2477 jam

16 2510 22 2520 ,
43 2511 45 2513 ,
60 2478 150 2521 >εειῒὶιι
162 2489 214 2512 me
229 2478 369 2516 exercui,
385 2477 426 2510 de
442 2478 563 2519 integro
583 2478 750 2509 scribenda
766 2488 816 2510 me

15 2538 18 2563 j
55 2521 222 2566 impellis.
269 2522 424 2558 Camaena,
441 2527 479 2553 ut
494 2520 622 2563 saepius,
636 2521 747 2557 Musa,
762 2531 817 2563 pro

69 2564 221 2598 emine.
270 2565 391 2601 Prima,
428 2575 493 2596 non
522 2563 658 2606 primum
689 2569 814 2595 tantum

12 2618 17 2623 ·
31 2607 196 2642 “2„wmen
211 2607 368 2644 Odarum,
383 2606 439 2640 sed
454 2607 550 2639 etiam
568 2606 701 2649 Epodfin
711 2612 744 2638 et
756 2607 814 2637 Sa-

66 2644 198 2684 ,tim-um
221 2650 394 2700 respexisse
416 2650 562 2688 videtur;
586 2649 619 2681 iu
643 2649 693 2681 his
715 2649 816 2681 tribus

0 2692 156 2740 3‘Qnim
177 2694 373 2727 carminibus
397 2699 492 2736 poeta
510 2692 627 2735 pariter
649 2694 814 2724 Maecena-

3 2741 148 2778 ‘mptum
165 2743 203 2771 ut.
215 2747 374 2769 summum
391 2747 484 2768 suum
508 2741 689 2779 patronum,
705 2735 812 2778 appel-

13 2774 159 2820 -ῑῖἶινιι
201 2780 338 2818 Summa,
353 2785 505 2815 extrema,
522 2784 558 2810 ut
573 2790 721 2810 summum
743 2790 813 2810 car-

99 2842 101 2846 *
151 2833 223 2866 sup.
237 2823 430 2860 Od.iii,28,
445 2824 498 2854 13.
531 2823 705 2863 Spectatum
721 2824 814 2853 satis.-

7 2865 14 2887 '3
41 2870 76 2886 ··³·
87 2877 93 2879 ·
105 2866 224 2899 oratius
235 2877 270 2899 se
285 2877 356 2899 com
381 2871 446 2898 arat
462 2876 534 2897 cum
551 2865 736 2907 gladiatore,
748 2865 816 2907 qui,

61 2910 237 2953 ‘postquam
258 2909 293 2941 in
319 2910 354 2941 lu
378 2921 397 2941 o
421 2908 608 2950 gladiatmio
639 2908 705 2950 jam
741 2908 817 2940 satis

5 2961 7 2966 ·
31 2956 235 2996 -ffflpectante
255 2957 288 2985 et
310 2953 435 2984 favente
459 2951 578 2995 populo
603 2958 700 2983 artem
725 2961 815 2982 suam

24 2998 53 3044 :f
69 2994 269 3039 probaverat,
288 2998 385 3035 trude,
412 2994 478 3028 sive
507 2995 635 3031 baculo,
662 2993 817 3027 libertatis

1026 1591 1253 1643 Veianius,
1276 1593 1405 1634 armis

865 1703 967 1745 signo,
984 1705 1133 1742 donatuS‚
1148 1716 1210 1737 non
1234 1705 1372 1748 amplius
1395 1716 1509 1748 pugnae
1533 1708 1615 1751 peri-

865 1747 973 1777 culum
990 1747 1095 1778 subire
1110 1748 1288 1779 tenebatur.
1338 1749 1489 1780 Horatius
1504 1750 1614 1792 igitur,

866 1799 930 1820 non
957 1793 1034 1822 rude
1057 1790 1197 1832 quidem,
1221 1791 1276 1822 sed
1300 1792 1388 1822 lauro
1408 1791 1557 1829 donatus,
1580 1805 1614 1827 se

866 1838 902 1863 ut
919 1832 1051 1864 militem
1076 1833 1108 1864 in
1132 1834 1243 1865 castris
1267 1835 1432 1866 Musarum
1448 1837 1615 1869 emeritum

863 1875 912 1907 vel
944 1882 1183 1907 exauctoratum
1214 1876 1366 1908 declarat.
1418 1877 1613 1917 Spectatum:

862 1918 1019 1959 gladiator
1032 1926 1198 1960 spectatur,
1215 1930 1289 1951 cum
1304 1920 1337 1950 in
1357 1927 1531 1963 conspectu
1555 1933 1611 1965 po-

862 1961 928 2009 puli
954 1968 1098 2004 pugnat3
1121 1968 1215 2005 poeta
1237 1969 1403 2003 spectatur,
1418 1973 1491 1994 cum
1514 1974 1564 1996 ars
1582 1973 1614 1998 et

862 2005 1025 2045 ingenium
1042 2005 1074 2036 in
1092 2006 1162 2048 ejus
1179 2005 1374 2037 carminibus
1397 2008 1610 2047 cognoscitur.

867 2047 985 2082 Qum-is
999 2050 1108 2080 iterum
1126 2050 1253 2090 antiquo
1268 2060 1314 2079 me
1334 2050 1494 2080 includere
1517 2052 1590 2082 ludo
1602 2066 1611 2083 :

863 2090 1024 2123 locutione
1036 2091 1215 2132 gladiatori,
1229 2091 1283 2123 cui
1300 2091 1452 2123 Horatius
1465 2103 1498 2124 se
1514 2095 1614 2136 aequi·

863 2139 962 2175 parat,
978 2133 1228 2171 accommodata,
1245 2145 1312 2177 pro,
1337 2134 1426 2178 cupis
1441 2146 1491 2167 me
1512 2139 1615 2180 repel-

863 2176 926 2208 lere
943 2177 982 2208 ad
995 2187 1137 2219 poeseos,
1153 2176 1204 2208 cui
1221 2177 1295 2208 olim
1313 2187 1440 2220 operam
1457 2178 1543 2217 dedi,
1555 2191 1612 2212 ex-

861 2219 1018 2258 ercitium,
1034 2230 1162 2252 revocas
1178 2231 1228 2252 me
1249 2220 1288 2252 ad
1308 2219 1477 2252 scribenda
1497 2223 1612 2255 carmi-

862 2273 922 2294 na:
949 2263 1138 2304 gladiatores
1153 2264 1340 2306 pugnabant
1355 2263 1387 2294 in
1410 2264 1499 2301 ludo,
1524 2276 1614 2299 muro

862 2305 912 2337 vel
941 2306 1095 2338 cancellis
1126 2306 1264 2338 incluso.
1311 2307 1391 2338 Post
1420 2309 1492 2339 ludo
1521 2311 1612 2352 posui

862 2359 935 2380 cum
953 2350 1016 2380 Fea
1031 2349 1156 2392 signum
1167 2349 1421 2391 interrogationis
1436 2362 1443 2389 ;
1467 2351 1513 2383 sic
1528 2360 1612 2386 certe

859 2393 958 2424 oratio
985 2392 1020 2424 fit
1044 2392 1189 2429 vividior,
1205 2393 1366 2436 habetque
1391 2393 1513 2436 aliquid
1535 2406 1608 2439 spe-

860 2434 954 2467 ciosae
969 2435 1230 2478 exprobrationis.

904 2479 1002 2510 4—6.
1042 2480 1142 2515 Mens,
1181 2478 1341 2511 sentiendi
1377 2479 1474 2519 rati0;
1517 2481 1609 2514 aliter

860 2520 946 2553 euim
969 2521 1002 2552 in
1022 2521 1172 2564 juvenili,
1195 2522 1286 2555 aliter
1300 2522 1333 2553 in
1357 2522 1451 2559 virili,
1469 2523 1609 2562 aliterin

859 2564 952 2595 senili
968 2570 1062 2597 aetate
1077 2565 1243 2597 sentimus.
1278 2566 1427 2597 Ceterum
1442 2566 1495 2598 hic
1509 2567 1608 2606 locus,

861 2607 1029 2639 Horatium
1046 2613 1126 2645 tum,
1150 2619 1225 2640 cum
1248 2608 1332 2639 hanc
1354 2608 1520 2651 epistolam
1545 2612 1608 2652 pri-

860 2661 946 2681 mam
957 2650 1124 2688 scriberet,
1145 2651 1212 2694 jam
1234 2657 1327 2683 aetate
1351 2659 1534 2694 provectum
1558 2654 1608 2685 su-

861 2693 936 2730 isse,
965 2699 1072 2736 aperte
1098 2695 1200 2730 docet,
1224 2694 1301 2726 licet
1327 2705 1432 2727 annus
1462 2707 1526 2738 quo
1552 2697 1609 2728 illa

856 2736 972 2780 scripta
990 2736 1031 2768 sit
1054 2743 1142 2769 certo
1167 2737 1318 2769 constitui
1340 2745 1490 2780 nequeat.
1539 2741 1607 2772 Vei-

859 2782 961 2818 anius,
986 2782 1090 2819 armis,
1116 2786 1191 2812 cett.
1242 2781 1317 2813 Jam
1346 2779 1533 2813 nominatim
1558 2784 1607 2815 in-

859 2822 951 2855 ducit
975 2823 1180 2865 gladiatorem
1210 2823 1393 2859 Veianium,
1425 2825 1492 2867 qui,
1522 2833 1611 2867 post-

862 2877 957 2908 quam
975 2872 1039 2899 arte
1055 2866 1243 2908 gladiatoria
1258 2877 1292 2899 se
1312 2866 1548 2904 nobilitaverat,
1574 2875 1610 2901 ut

859 2920 915 2952 per
929 2909 1083 2951 reliquam
1101 2910 1196 2941 vitam
1213 2920 1345 2941 securus
1365 2916 1449 2942 esset
1464 2911 1504 2941 ab
1522 2913 1608 2942 omni

860 2951 904 2984 rei
927 2952 1123 2994 gladiatoriae
1147 2952 1300 2996 periculo,
1318 2963 1393 2994 agro
1413 2953 1539 2984 abditus
1563 2954 1609 2985 la'-

860 2995 966 3027 tuerit.
1011 2996 1073 3028 Ille
1099 2996 1196 3038 igitur
1222 3006 1310 3027 arma
1335 3006 1393 3027 sua
1420 2996 1453 3026 in
1490 2997 1609 3028 foribus
