1884 3288
281 221 364 262 278

882 216 1180 258 EPODON

819 455 1089 495 CARMEN
1122 455 1248 497 XVI.

678 605 746 635 AD
791 603 1047 634 POPULUM
1095 603 1390 635 ROMANUM.

504 710 696 751 ALTERA
711 710 800 763 jam
820 708 972 749 teritur
993 706 1112 748 bellis
1135 706 1327 746 civilibus
1349 712 1467 754 aetas,

568 777 666 817 Suis
688 783 730 816 et
752 776 844 828 ipsa
865 774 1004 814 Roma
1024 773 1183 812 viribus
1204 773 1312 812 ruit:

507 843 648 889 Quam
669 856 807 895 neque
828 839 992 880 finitimi
1012 838 1234 879 valuerunt
1255 838 1435 892 perdere
1457 837 1608 887 Marsi,

565 909 748 949 Minacis
770 914 843 948 aut
864 906 1052 946 Etrusca
1073 905 1276 946 Porsenae
1297 919 1459 953 manus,

452 976 477 1014 5
507 974 682 1015 AEmula
703 988 780 1014 nec
801 974 934 1013 virtus
957 972 1132 1025 Capuae,
1154 985 1232 1011 nec
1254 971 1484 1024 Spartacus
1505 984 1615 1019 acer,

566 1040 789 1093 Novisque
810 1039 938 1079 rebus
959 1037 1143 1078 infidelis
1164 1036 1400 1086 Allobrox3

506 1107 602 1147 Nec
623 1107 713 1146 fera
734 1105 914 1146 caerulea
935 1104 1096 1144 domuit
1117 1103 1348 1143 Germania
1369 1102 1499 1155 pube,

566 1173 909 1225 Parentibusque
931 1170 1195 1211 abominatus
1217 1167 1461 1210 Hannibal:

509 1240 644 1293 Impia
664 1239 892 1293 perdemus
915 1236 1059 1277 devoti
1080 1236 1295 1290 sanguinis
1315 1241 1443 1284 aetas3

426 1307 478 1347 10

487 1406 685 1437 CARMEN
714 1405 809 1436 XVI.

326 1448 409 1479 Cum
434 1448 571 1478 nondum
599 1447 706 1478 saevire
733 1447 907 1477 desinerent
929 1445 1013 1476 bella

285 1489 399 1526 civilia,
420 1489 482 1519 imo
500 1489 590 1520 novis
606 1499 690 1519 nunc
709 1488 933 1529 rempublicam
953 1493 1012 1517 ter-

283 1537 384 1563 rerent
397 1531 556 1573 periculis,
575 1537 677 1572 poeta,
694 1531 791 1561 ruinae
808 1541 877 1571 quae
891 1538 944 1570 per
961 1529 1015 1559 illa

284 1573 412 1615 imperio
438 1573 599 1604 immineat
625 1572 811 1613 cogitatione
836 1581 1014 1612 percussus,

283 1615 437 1656 ejusmodi
460 1615 615 1646 Romanis
638 1614 670 1644 in
699 1615 756 1644 hoc
784 1613 921 1644 carmine
943 1623 1013 1653 pro-

284 1658 373 1698 ponit
393 1657 568 1693 consilium,
592 1656 675 1697 quod
699 1656 737 1686 ad
760 1665 862 1685 eorum
894 1655 1014 1684 animos

284 1699 498 1740 percellendos
519 1705 549 1729 et
570 1708 588 1728 a
610 1699 710 1728 furore
733 1697 803 1732 isto,
827 1707 888 1737 quo
908 1701 1015 1726 contra

287 1746 382 1771 semet
398 1741 483 1782 ipsos
498 1746 601 1778 ruant,
622 1739 804 1770 avertendos
826 1738 947 1778 egregie
964 1747 1015 1768 ac-

285 1784 516 1814 commodatum
539 1789 595 1814 est.
641 1783 758 1812 Suadet
781 1790 890 1821 nempe
912 1779 961 1816 iis,
983 1785 1018 1810 ut

285 1825 318 1855 in
347 1835 378 1856 re
409 1825 569 1866 desperata
597 1824 749 1855 Phocaeos
777 1821 946 1859 imitentur,
975 1827 1016 1858 et,

286 1867 368 1898 sicut
398 1867 454 1902 illi,
478 1867 597 1897 deserta
619 1866 729 1907 patria,
753 1865 909 1905 regionem
931 1869 1017 1895 exte-

286 1918 363 1944 ram,
380 1909 412 1939 in
429 1918 648 1949 quamcunque
672 1907 794 1938 tandem
814 1916 879 1936 sors
894 1916 947 1936 eos
963 1906 1016 1937 de-

286 1950 375 1985 ferat,
387 1950 511 1981 adeant.
558 1951 651 1985 Quod
664 1949 788 1990 quidem
804 1954 838 1978 ut
853 1958 888 1979 eo
904 1949 1018 1989 majore

287 1991 423 2023 melioris
437 1991 568 2022 fortunae
585 2002 639 2033 spe
653 1996 823 2031 sequautur
842 1990 1018 2026 consilium,

286 2035 473 2064 Fortunatas
493 2034 613 2064 Oceani
635 2033 766 2067 insulas,
782 2038 817 2063 ut
839 2032 943 2062 sedem
963 2042 1019 2062 au-

287 2075 494 2117 spicatiorem‚
513 2074 571 2116 piis
584 2075 738 2105 Romanis
754 2074 926 2104 destinatas
941 2084 1019 2108 esse,

288 2117 543 2148 comminiscitur.
587 2116 813 2147 Sententiarum
845 2126 943 2146 nexus
973 2122 1021 2146 est

289 2159 351 2191 fere
366 2159 417 2190 hic
433 2171 439 2189 :
465 2165 485 2178 “
501 2159 616 2195 Roma,
628 2169 721 2199 quam
733 2157 839 2188 nullus
847 2163 1019 2187 exterorum

287 2201 424 2232 hostium
447 2201 568 2231 vincere
591 2200 700 2237 valuit,
722 2210 777 2241 per
798 2199 881 2229 bella
903 2198 1019 2235 civilia,

289 2243 321 2274 in
338 2244 464 2274 alteram
478 2243 543 2283 jam
568 2248 690 2274 aetatem
713 2241 874 2283 producta,
892 2241 956 2270 suis
972 2241 1018 2282 ip-

289 2285 354 2316 sius
368 2284 529 2316 conficitur
544 2284 660 2315 viribus
674 2285 680 2313 !
729 2284 830 2314 Roma
846 2283 878 2312 in
899 2282 1019 2313 cineres

290 2327 429 2368 collapsa
444 2327 509 2357 solo
526 2326 708 2367 aequabitur‚
726 2330 757 2355 et
777 2324 873 2354 erutis
889 2325 1018 2354 Romuli

289 2369 412 2399 ossibus
442 2368 627 2399 insolentius
656 2366 820 2397 insultabit
849 2367 1015 2396 barbarus!

289 2411 440 2448 Fortasse,
471 2410 519 2440 his
542 2410 632 2440 malis
659 2409 748 2439 nobis
772 2408 1018 2444 imminentibus,

290 2459 342 2483 aut
359 2462 478 2487 omneS,
494 2458 546 2483 aut
562 2458 643 2482 certe
659 2450 767 2481 melior
782 2455 914 2481 vestrum
936 2460 1018 2491 pars,

289 2495 329 2526 de
354 2494 525 2525 salubriore
550 2492 702 2535 dispicitis
725 2491 879 2523 consilio!
926 2493 1018 2522 Salu-

289 2537 452 2567 berrimum
480 2541 583 2566 autem
615 2534 697 2565 haud
725 2533 820 2564 dubie
849 2533 906 2564 erit
928 2533 970 2570 id,
993 2534 1019 2564 si

289 2579 442 2610 Phocaeos
457 2579 490 2609 in
501 2577 599 2608 simili
614 2587 712 2608 rerum
723 2575 936 2617 desperatione
948 2575 1016 2606 imi-

288 2621 343 2652 tati
365 2631 483 2656 eamus,
506 2629 695 2661 quocunque
718 2628 774 2648 nos
796 2618 889 2659 pedes
910 2618 1018 2653 serent,

289 2669 321 2694 et
342 2668 455 2694 ventus
475 2661 607 2698 vocabit,
629 2667 670 2698 et,
693 2671 731 2691 ne
749 2659 798 2691 cui
822 2670 959 2700 unquam
987 2659 1018 2690 in

289 2705 345 2736 has
369 2711 463 2736 terras
485 2703 583 2735 redire
601 2703 679 2733 velle
699 2702 730 2732 in
751 2707 886 2732 mentem
902 2701 1018 2737 veniat,

287 2746 516 2778 sanctissimum
532 2744 755 2786 jusjurandum
775 2744 1019 2784 interponamus.

287 2788 406 2820 Sumite
419 2788 510 2828 igitur
522 2787 671 2821 animum,
685 2785 885 2816 conscendite
896 2795 1017 2822 navem,

287 2837 320 2862 et
331 2830 451 2870 (dicam
467 2829 553 2860 vobis
568 2839 638 2869 quae
661 2826 862 2858 fortunatiora
877 2827 946 2858 loca
961 2837 1017 2858 nos

287 2871 450 2912 maneant)
466 2871 576 2902 divites
590 2870 709 2900 insulas
725 2868 836 2910 petite!
884 2868 946 2900 I-lie
962 2879 1015 2899 vo-

286 2916 335 2945 bis
364 2914 502 2944 omnium
538 2923 638 2944 rerum
673 2916 783 2952 sponte
819 2910 1017 2942 affluentibus

285 2957 384 2999 copiis
399 2961 430 2988 ct
449 2965 571 2988 summa
585 2954 656 2986 vita:
675 2952 839 2986 securitate
855 2957 950 2993 atque
971 2953 1013 2984 sc-

563 1306 768 1358 Ferisque
789 1318 938 1345 rursus
959 1303 1240 1356 occupabitur
1261 1300 1411 1342 solum.

1054 1402 1170 1433 licitate
1194 1403 1252 1432 frui
1276 1401 1402 1432 licebit!
1448 1401 1521 1443 Ipse
1546 1399 1680 1442 Jupiter.
1704 1405 1789 1442 post-

1056 1455 1148 1485 quam
1171 1450 1293 1475 aetatem
1309 1453 1432 1474 auream
1449 1443 1482 1473 in
1500 1453 1611 1474 aeream
1629 1447 1660 1474 et
1676 1442 1789 1473 deinde

1056 1486 1089 1516 in
1116 1486 1244 1517 ferream
1273 1485 1414 1520 mutavit,
1436 1485 1504 1516 haec
1528 1484 1619 1515 litora
1639 1494 1658 1514 a
1679 1484 1790 1516 ceteris

1057 1528 1143 1558 terris
1158 1528 1309 1569 corruptis
1325 1526 1463 1562 secrevit,
1477 1532 1508 1557 et
1523 1526 1583 1568 piae
1599 1525 1685 1567 genti
1696 1526 1789 1557 desti-

1059 1571 1161 1607 navit3
1178 1570 1244 1600 haec
1262 1569 1366 1609 igitur,
1382 1579 1399 1599 ο
1415 1568 1469 1623 pii,
1486 1568 1632 1599 secundis
1643 1568 1791 1610 auspiciis

1058 1611 1144 1642 vobis
1160 1611 1302 1641 adeunda
1319 1610 1412 1642 sunt.'
1469 1612 1558 1648 Quas
1575 1609 1702 1651 quidem
1719 1620 1789 1641 sen-

1058 1653 1170 1683 tentias
1186 1663 1249 1694 qua
1265 1659 1329 1684 arte
1346 1653 1494 1683 Horatius
1509 1651 1741 1694 amplificaverit
1759 1658 1791 1684 et

1056 1695 1261 1730 exornaverit,
1282 1695 1410 1725 lectores
1424 1694 1485 1736 ipsi
1499 1694 1644 1726 sentient.

1106 1739 1220 1767 1—-10,
1231 1739 1335 1767 Altera
1348 1743 1432 1767 oetas:
1449 1737 1475 1766 si
1484 1735 1642 1767 hominum
1655 1739 1789 1772 aetatem,

1061 1780 1192 1821 γενεὰν,
1213 1779 1252 1810 ad
1267 1779 1426 1820 vulgarem
1444 1778 1592 1809 rationem
1613 1777 1695 1820 (vid.
1712 1787 1791 1818 quos

1060 1822 1170 1852 laudat
1195 1822 1320 1852 Albert.
1347 1821 1385 1851 ad
1411 1821 1548 1862 Hesych.
1574 1830 1601 1851 s.
1627 1830 1657 1851 v.
1681 1820 1791 1862 γενεὰ,

1061 1864 1100 1894 Τ.
1114 1863 1136 1898 i,
1156 1875 1185 1905 p.
1201 1865 1275 1900 814,
1291 1874 1324 1893 n.
1342 1863 1411 1901 18),
1427 1873 1482 1904 pro
1498 1861 1625 1903 triginta
1640 1871 1790 1893 annorum

1061 1906 1161 1947 spatio
1183 1906 1367 1947 accipimus,
1391 1907 1450 1936 hoc
1471 1914 1596 1936 carmen
1618 1909 1733 1942 autem,
1755 1909 1791 1935 ut

1061 1947 1155 1988 hujus
1186 1947 1256 1978 libri
1293 1947 1457 1988 septimum
1485 1952 1517 1978 et
1544 1956 1672 1983 nonum,
1709 1955 1791 1976 anno

1062 1990 1104 2021 U.
1124 1990 1162 2020 C.
1179 2000 1317 2024 nccxxr,
1333 1999 1394 2029 quo
1409 1994 1518 2020 contra
1534 1988 1706 2019 Antonium
1725 1987 1790 2019 bel-

1061 2032 1127 2061 lum
1141 2037 1262 2073 pararet
1278 2032 1482 2065 Octavianus,
1495 2029 1643 2072 scriptum
1654 2038 1722 2061 esse
1734 2038 1791 2071 po-

1063 2073 1166 2104 nimus
1181 2086 1188 2111 ;
1213 2073 1297 2104 bella
1313 2072 1432 2109 civilia,
1447 2073 1520 2103 inde
1535 2073 1574 2103 ab
1589 2081 1671 2103 anuo
1690 2071 1732 2103 U.
1750 2072 1791 2103 C.

1065 2126 1203 2150 nctxvr,
1214 2125 1276 2156 quo
1290 2115 1379 2145 Sulla
1396 2120 1503 2146 contra
1518 2114 1655 2145 Marium
1671 2113 1792 2144 hostili.

1065 2162 1110 2186 ter
1135 2158 1350 2191 insurrexerat,
1377 2156 1515 2198 repetita,
1541 2156 1608 2198 jam
1631 2155 1790 2197 quinqua-

1063 2198 1150 2237 ginta
1164 2205 1194 2230 et
1207 2198 1347 2239 quinque
1363 2207 1461 2228 annos
1474 2197 1506 2228 in
1523 2197 1684 2239 republica
1700 2197 1791 2229 saevi-

1062 2246 1159 2270 erant.
1219 2241 1261 2270 Et
1288 2243 1365 2279 ipsa,
1397 2240 1495 2277 αὐτὴ,
1519 2245 1641 2282 sponte,
1666 2246 1700 2270 ut
1721 2249 1791 2270 sex-

1060 2282 1190 2312 centies.
1240 2281 1357 2312 Viribus
1373 2285 1433 2312 suis
1447 2284 1531 2312 ruit.-
1553 2291 1623 2323 sup.
1638 2281 1741 2323 Epod.
1758 2282 1790 2317 7,

1061 2325 1092 2356 9,
1109 2324 1165 2353 Sed
1182 2330 1229 2358 ut,
1247 2325 1408 2354 secundum
1427 2329 1494 2354 vota
1516 2323 1712 2358 Parthorum,
1737 2334 1791 2354 sua

1067 2365 1143 2395 Urbs
1159 2367 1217 2396 haec
1231 2368 1342 2405 periret
1356 2367 1489 2396 dextera.
1532 2365 1673 2396 Finitimi
1688 2366 1790 2396 value-

1062 2415 1137 2438 runt
1165 2410 1286 2447 perdere
1315 2408 1430 2438 Marsi:
1467 2406 1647 2447 designatur
1671 2405 1792 2438 bellum

1062 2449 1234 2479 Marsicum
1258 2449 1323 2481 sive
1345 2449 1477 2485 Sociale,
1497 2449 1535 2480 de
1554 2459 1615 2490 quo
1637 2448 1700 2480 vid.
1722 2458 1791 2491 sup.

1063 2491 1102 2521 ad
1119 2491 1163 2527 iii,
1182 2493 1233 2526 14,
1254 2493 1302 2522 18.
1350 2492 1482 2523 Minacis
1495 2497 1549 2522 aut
1565 2491 1695 2524 Etrusca
1712 2490 1790 2522 Por-

1061 2544 1134 2563 semr.
1148 2544 1272 2564 manus:
1295 2533 1411 2564 bellum
1434 2534 1602 2564 Etruscum
1621 2542 1692 2564 cum
1711 2533 1790 2564 Por-

1063 2585 1137 2605 sena
1158 2586 1195 2605 ex
1222 2575 1292 2606 Liv.
1313 2575 1347 2611 ii,
1369 2576 1389 2606 9
1410 2575 1485 2605 satis
1509 2581 1626 2607 notum.
1669 2573 1792 2605 AEmula

1063 2627 1115 2648 nec
1128 2619 1225 2648 virtus
1239 2618 1366 2657 Capuae:
1389 2617 1520 2648 laudant
1533 2616 1604 2648 Cic.
1615 2616 1649 2647 in
1660 2616 1699 2647 L.
1713 2615 1792 2656 Agr.

1063 2658 1096 2694 ii,
1126 2660 1179 2695 32,
1209 2660 1340 2699 Major-es
1362 2661 1565 2690 vestri—tres
1587 2660 1682 2690 solum
1703 2659 1791 2690 urbes

1063 2702 1096 2731 in
1110 2703 1197 2732 terris
1207 2703 1352 2736 omnibus,
1364 2702 1588 2742 Carthaginem,
1600 2701 1788 2735 Corinthum,

1063 2743 1208 2782 Capuam,
1230 2749 1404 2774 statuerunt
1421 2753 1499 2782 pos-se
1517 2743 1634 2782 imperii
1653 2743 1790 2784 gravita-

1062 2791 1119 2815 tem
1137 2796 1172 2815 ac
1196 2796 1298 2815 nomen
1318 2786 1472 2815 sustinere.
1516 2785 1678 2823 Spartacus
1701 2794 1789 2814 acer.-

1061 2826 1177 2857 bellum
1193 2826 1405 2867 servile‚quod
1420 2825 1591 2857 concitavit
1602 2826 1787 2868 Spartacus:

1060 2868 1121 2898 vid.
1136 2879 1207 2909 sup.
1223 2868 1262 2898 ad
1286 2867 1330 2904 iii,
1351 2870 1399 2903 14,
1423 2869 1472 2899 19.
1516 2868 1675 2899 Allobrox:
1698 2867 1788 2898 Allo-

1060 2911 1182 2950 broges,
1203 2910 1316 2941 Galliae
1333 2909 1480 2952 populus,
1505 2909 1654 2940 Rhodani
1676 2918 1696 2939 a
1717 2908 1789 2939 lacu

1060 2953 1198 2983 Lemano
1221 2953 1260 2983 ad
1283 2952 1401 2983 Isaram
1424 2961 1523 2993 usque
1547 2951 1677 2990 accola;
1706 2952 1789 2982 novis
