1904 3314
330 220 416 262 488

821 215 1355 262 EPISTOLARUM

450 319 670 369 Reddere,
692 319 757 360 vel
777 326 920 373 partes
942 320 1110 361 mimum
1131 326 1314 360 tractare
1337 318 1569 360 secundas:

371 386 423 427 15
452 385 578 427 Alter
597 386 760 426 rixatur
781 386 835 426 de
854 385 950 426 lana
971 400 1087 440 saepe
1109 386 1293 439 caprina,

453 451 705 506 Propugnat
724 452 848 505 nugis
869 458 1078 492 armatus:

1112 450 1295 499 Scilicet,
1318 457 1366 490 ut
1386 465 1471 490 non

454 517 519 557 Sit
539 516 640 556 mihi
660 516 795 570 prima
814 516 936 566 fides,
959 524 1015 565 et,
1036 531 1134 557 vere
1154 517 1271 570 quod
1292 516 1445 570 placet,
1468 523 1516 556 ut
1536 530 1622 557 non

452 582 625 623 Acriter
645 581 833 631 elatrem,
855 584 1040 636 pretium
1061 589 1164 623 aetas
1185 582 1319 623 altera
1341 583 1500 623 sordet.

453 646 701 702 Ambigitur
722 649 824 702 quid
846 650 955 689 enim
974 651 991 690 ‚⁹
1049 649 1203 689 Castor
1226 650 1344 698 sciat,
1367 662 1420 688 an
1441 647 1650 688 Dolichos
1670 643 1796 702 plus?

371 715 427 756 20
456 713 748 755 Brundusium
770 714 938 756 Minuci
956 714 1104 755 melius
1126 715 1192 755 via
1213 715 1355 763 ducat,
1378 729 1431 755 an
1452 713 1603 768 Appi?

456 781 597 828 Quem
618 781 821 822 damnosa
841 781 1005 830 Venus,
1026 795 1150 834 quem
1171 795 1363 834 praeceps
1385 780 1476 822 alea
1495 781 1644 830 nudat,

458 846 610 888 Gloria
629 862 755 901 quem
777 862 907 902 supra
926 848 1036 888 vires
1057 854 1100 888 et
1122 847 1247 887 vestit
1267 853 1310 887 et
1331 847 1465 901 ungit,

457 913 599 960 Quem
619 920 734 954 tenet
754 914 919 967 argenti
941 913 1029 953 sitis
1051 913 1292 966 importuna
1310 912 1541 967 famesque,

459 979 599 1026 Quem
619 981 884 1034 paupertatis
903 980 1045 1033 pudor
1065 986 1108 1019 et
1130 978 1245 1032 fuga,
1268 979 1386 1018 dives
1407 979 1580 1028 amicus,

372 1047 427 1086 25
458 1045 583 1099 Saepe
605 1046 751 1086 decem
773 1046 883 1086 vitiis
904 1043 1163 1090 instructior,
1186 1044 1276 1084 odit
1297 1051 1339 1084 et
1359 1044 1528 1084 horret:

458 1112 564 1161 Aut,
587 1113 622 1152 si
643 1127 726 1153 non
749 1113 852 1161 odit,
875 1113 1006 1166 regit3
1039 1125 1103 1159 ac,
1125 1110 1255 1151 veluti
1276 1111 1345 1164 pia
1365 1117 1516 1159 mater,

459 1178 564 1219 Plus
587 1194 711 1232 quam
734 1194 779 1220 se
802 1193 967 1232 sapere,
990 1185 1032 1218 et
1055 1177 1282 1217 virtutibus
1304 1191 1398 1217 esse
1419 1177 1604 1230 priorem

461 1244 568 1286 Vult
584 1262 593 1294 ;
626 1251 669 1286 et
689 1246 747 1286 ait
767 1259 903 1299 prope
926 1258 1046 1284 vera:
1080 1242 1195 1284 Meae
1215 1243 1490 1292 (contendere
1511 1242 1613 1296 noli)

348 1355 423 1386 hinc.
443 1365 512 1396 sup.
535 1356 600 1386 Sat.
625 1356 647 1390 i,
671 1357 702 1390 8,
725 1356 776 1391 40,
797 1365 909 1385 scurrae
931 1353 1078 1385 Vibidius

350 1397 538 1437 Balatroque
559 1400 611 1428 imi
635 1399 702 1427 lecti
724 1399 851 1427 couvivae
870 1396 1078 1438 appellantur.

352 1439 476 1474 Horret,
493 1438 604 1479 plenus
618 1438 747 1469 horroris
762 1443 793 1469 et
808 1437 1000 1469 verecundiae
1023 1437 1077 1467 ob-

350 1485 462 1511 servat.

397 1523 445 1552 14.
468 1522 615 1558 Reddere,
629 1521 775 1553 recitare:
800 1523 921 1551 reddere
931 1519 1078 1550 dicuntur

351 1563 415 1603 qui,
437 1564 521 1604 quod
542 1563 746 1599 edidicerunt,
767 1563 918 1601 recitant;
942 1562 986 1592 sic
1010 1572 1080 1602 sup.

353 1605 415 1635 Od.
431 1605 472 1641 iv,
488 1607 520 1641 6,
540 1606 591 1642 43,
605 1607 726 1636 reddere
740 1616 869 1636 carmen.
919 1604 970 1634 Vel
983 1610 1082 1642 partes

352 1648 474 1677 mimum
486 1654 616 1677 tractare
625 1649 768 1678 secundas
780 1659 787 1675 ;
811 1646 872 1684 vel,
883 1646 956 1676 dum
970 1645 1082 1686 primas

351 1688 441 1729 quasi
476 1695 576 1730 partes
603 1689 666 1730 agit
704 1694 860 1730 patronus,
889 1697 960 1718 eum
991 1697 1081 1726 agere

351 1730 514 1761 secundas.
547 1731 626 1762 Cum
638 1730 724 1760 mimi
736 1730 891 1772 prodirent
902 1729 933 1759 in
946 1738 1082 1765 scenam,

352 1772 431 1802 alius
449 1774 573 1812 primas,
597 1772 678 1802 alius
694 1773 849 1806 secundas,
868 1771 948 1802 alius
966 1771 1081 1806 tertias,

351 1819 384 1844 et
398 1814 442 1844 sic
465 1824 564 1855 porro,
579 1820 680 1856 partes
695 1814 816 1854 agebat,
833 1814 875 1844 ita
896 1813 1033 1854 quidem,
1050 1819 1084 1843 ut

351 1855 459 1886 histrio
482 1856 508 1886 is
529 1857 583 1898 qui
607 1856 721 1897 primas
743 1857 866 1895 agebat,
881 1862 998 1886 ceteros
1020 1860 1083 1884 tam

353 1907 384 1928 re
399 1905 431 1928 et
445 1897 537 1928 dictis
551 1908 644 1938 quam
661 1899 783 1928 actione
799 1903 965 1938 superaret.
1002 1896 1084 1927 Rem

353 1938 488 1969 illustrat
501 1939 565 1979 jam
578 1950 593 1969 a
606 1940 757 1970 Lambino
769 1940 883 1969 allatus
896 1939 983 1970 locus
993 1938 1083 1969 Cice-

355 1980 447 2016 ronis,
472 1981 547 2011 Div.
565 1982 655 2012 Verr.
678 1992 707 2012 c.
733 1983 792 2012 15:
822 1982 862 2011 Ut
884 1982 915 2010 in
939 1982 1086 2011 actoribus

358 2022 470 2052 Grcecis
486 2024 560 2063 fieri
583 2025 737 2059 ridemns5
760 2034 831 2061 stfpe
854 2024 954 2058 illum,
974 2025 1024 2062 qui
1043 2029 1084 2053 est

354 2066 552 2094 secundarum
580 2072 634 2095 aut
662 2068 821 2095 tertiarum
847 2067 992 2103 partium,
1017 2076 1084 2095 cum

354 2107 445 2145 possit
467 2107 622 2146 aliquanto
643 2108 756 2137 clarius
782 2109 880 2137 dicere
907 2118 995 2146 quam
1024 2108 1084 2146 ipse

355 2149 534 2187 primarum,
572 2150 701 2178 multum
735 2150 929 2184 summittere,
964 2154 999 2177 ut
1033 2150 1085 2178 ille

354 2191 491 2229 princeps
505 2201 592 2230 quam
608 2191 732 2220 maaime
746 2191 880 2220 excellat.
916 2189 1085 2229 Boettigeri

358 2231 524 2272 singularis
540 2232 578 2262 de
593 2242 630 2262 ea
647 2242 677 2262 re
692 2237 794 2262 exstat
818 2231 942 2261 libellus
962 2231 1000 2261 de
1023 2231 1084 2271 pri-

358 2282 490 2309 marum,
506 2273 723 2307 secundarum,
734 2278 762 2303 et
779 2273 936 2304 tertiarum
954 2273 1086 2313 partium

359 2315 528 2350 actor-ihm,
547 2316 658 2347 Vinar.
678 2316 768 2345 1798.

407 2358 455 2387 15.
478 2358 574 2396 Alter,
591 2357 680 2388 homo
698 2367 787 2398 asper
807 2361 837 2387 et
850 2355 996 2386 difficilis.
1042 2357 1088 2386 De

361 2400 433 2429 Inna
456 2402 594 2439 caprina,
619 2409 655 2430 ex
683 2405 784 2430 vetere
805 2397 977 2439 proverbio,
997 2397 1035 2428 de
1057 2408 1088 2429 re

361 2441 518 2471 vilissima.

407 2483 541 2514 16—18.
563 2482 694 2517 Scilicet,
707 2489 754 2517 ut,
771 2486 844 2513 cett.
861 2483 995 2512 Sensus:
1021 2481 1087 2512 Sci-

359 2523 444 2560 licet,
459 2530 495 2555 ut
510 2535 571 2556 non
586 2524 662 2554 mihi
676 2523 871 2565 potissimum
883 2523 958 2554 fides
973 2523 1085 2554 habea-

362 2571 422 2601 tur,
454 2573 485 2598 et
514 2572 549 2596 ut
574 2576 642 2606 ego,
673 2566 756 2607 quod
786 2576 855 2597 vere
884 2565 998 2607 placet,
1026 2575 1087 2596 non

360 2608 481 2644 acriter,
504 2608 583 2639 sicut
609 2608 672 2642 ille,
693 2608 887 2638 vociferando
911 2607 1086 2644 defendam,

361 2649 392 2680 id
407 2650 485 2681 tanti
501 2651 581 2692 apud
598 2659 667 2680 eum
684 2655 742 2684 est,
759 2655 794 2680 ut
809 2650 880 2680 licet
901 2648 1032 2692 (altera)
1049 2649 1088 2680 de

361 2691 479 2733 integro
493 2691 659 2733 repetenda
675 2691 736 2721 vita
754 2697 902 2732 tanquam
919 2691 1049 2733 pretium
1061 2691 1088 2722 ei

362 2738 560 2776 proponatur,
590 2733 620 2764 h.
646 2744 675 2764 e.
707 2734 780 2764 licet
807 2735 899 2764 vitam
927 2733 1088 2764 decursam

362 2777 472 2807 iterum
487 2775 670 2807 decurrendi
685 2775 744 2805 sibi
767 2781 900 2816 potestas
915 2774 1015 2810 detur,
1029 2775 1087 2805 sci-

362 2817 435 2849 licet
465 2818 491 2849 si
527 2828 545 2848 a
572 2822 678 2859 coepta
709 2817 918 2858 disputatione
949 2817 1087 2853 absistat,

362 2865 476 2896 tamen,
501 2865 658 2891 contemto
683 2858 738 2889 illo
760 2859 869 2900 pretio,
891 2858 923 2888 in
942 2869 972 2889 re
993 2869 1085 2899 quam

360 2900 421 2932 sibi
432 2901 656 2933 defendendam
669 2901 779 2932 sumsit
794 2900 954 2943 persistere
966 2901 1066 2931 malit.

408 2945 455 2976 18.
479 2944 625 2975 Elatrem.
661 2943 860 2980 Quisumma
874 2942 1085 2984 pulmonisin-

1122 1352 1258 1384 tentione
1273 1352 1490 1388 vociferantur,
1507 1363 1569 1384 non
1585 1352 1682 1393 loqui,
1693 1351 1758 1387 sed,
1769 1351 1851 1383 sicut

1121 1404 1226 1429 canes,
1239 1396 1351 1424 latrare
1364 1394 1552 1436 (ὑλακτεῖν,
1563 1394 1672 1436 βοᾷν)
1686 1393 1849 1425 dicuntur:

1122 1436 1191 1467 Cic.
1206 1435 1244 1466 de
1270 1436 1355 1467 Clar.
1379 1437 1466 1467 Orat.
1489 1447 1518 1467 c.
1541 1437 1591 1472 15,
1616 1436 1750 1467 Latrant
1771 1439 1850 1467 enim

1111 1480 1180 1517 jam
1197 1479 1316 1518 quidam
1332 1485 1473 1512 oratores,
1495 1489 1554 1508 non
1575 1479 1756 1518 loquuntur.-
1779 1488 1851 1519 sup.

1122 1521 1185 1550 Sat.
1197 1520 1219 1554 i,
1231 1521 1262 1555 3,
1274 1521 1345 1555 136,
1357 1521 1514 1559 Rumperis
1525 1526 1553 1550 et
1565 1521 1669 1555 latras,
1676 1530 1852 1559 magnorum

1123 1563 1247 1592 maxime
1271 1571 1396 1601 regum:
1430 1561 1503 1592 hinc
1528 1562 1669 1595 elatrare.
1698 1561 1851 1599 latrando,

1124 1602 1155 1632 h.
1171 1613 1199 1634 e.
1213 1603 1419 1634 intentissimo
1434 1603 1503 1634 uisu
1515 1613 1605 1634 voces
1618 1603 1768 1634 emittere.

1171 1646 1222 1675 19.
1268 1645 1372 1675 Castor
1399 1647 1484 1682 sciat,
1513 1657 1553 1676 an
1589 1645 1728 1676 Dolichos
1762 1645 1853 1684 pluit?

1125 1687 1239 1717 Utrum
1251 1687 1358 1718 Castor
1367 1697 1406 1717 an
1415 1686 1567 1718 Dolichos
1576 1686 1650 1718 artis
1662 1686 1852 1727 gladiatoriae

1125 1728 1250 1769 peritior
1263 1729 1312 1759 sit.
1358 1730 1529 1765 Plusscire,
1545 1729 1638 1771 plane
1652 1728 1730 1759 utin
1745 1739 1853 1760 verna-

1127 1771 1210 1807 cula,
1234 1771 1316 1801 mehr
1337 1773 1451 1806 wissen,
1479 1773 1524 1801 als
1555 1773 1604 1802 ein
1637 1772 1760 1807 anam,
1785 1782 1852 1812 ges-

1126 1813 1267 1849 chickter,
1283 1814 1328 1843 als
1342 1814 1390 1843 ein
1405 1815 1517 1844 andrer
1528 1814 1560 1844 in
1574 1815 1656 1844 einer
1666 1813 1758 1843 Sache
1769 1823 1851 1853 oeyn.

1129 1854 1234 1885 Castor
1263 1860 1294 1885 et
1325 1855 1482 1885 Dolichos:
1514 1855 1587 1886 Vet.
1618 1853 1736 1890 Schol„
1766 1859 1854 1886 erant

1126 1895 1212 1926 illius
1228 1896 1373 1937 temporis
1389 1897 1508 1928 nobiles
1522 1896 1720 1937 gladiatores-

1170 1939 1223 1969 20.
1270 1939 1390 1969 Minuci
1422 1941 1480 1975 via,
1507 1939 1558 1970 via
1587 1949 1606 1969 a
1640 1939 1678 1969 L.
1708 1937 1854 1969 Minucio

1128 1985 1234 2015 strata,
1259 1991 1329 2021 quae
1354 1991 1371 2011 a
1397 1986 1484 2022 porta
1512 1980 1596 2011 urbis
1629 1979 1774 2012 Minucia
1800 1990 1856 2022 per

1127 2022 1260 2053 Sabinos
1277 2022 1486 2053 Brundusium
1501 2021 1647 2054 ducebat.
1683 2022 1738 2053 Via
1755 2023 1834 2062 Appi
1845 2034 1854 2052 .·

1128 2063 1170 2094 cf.
1183 2074 1253 2105 sup.
1272 2065 1373 2105 Epod.
1390 2066 1420 2100 4,
1441 2066 1489 2095 14.

1169 2107 1308 2136 21—25.
1332 2107 1350 2137 J
1356 2116 1404 2136 am
1422 2111 1583 2137 enumerat
1599 2105 1686 2143 vitia,
1701 2115 1720 2136 a
1739 2104 1856 2147 quibus

1127 2147 1154 2177 is
1167 2148 1220 2188 qui
1237 2147 1356 2178 ditioris
1372 2148 1469 2188 gratia
1485 2148 1542 2178 frui
1559 2147 1656 2190 cupit,
1670 2147 1729 2178 sibi
1748 2157 1857 2179 cavere

1128 2189 1249 2220 debeat.
1293 2190 1464 2220 Lambinus
1479 2195 1510 2221 et
1525 2189 1579 2220 alii
1599 2199 1757 2232 perperam
1773 2188 1856 2221 hunc

1128 2230 1230 2261 locum
1248 2231 1439 2272 interpretati
1453 2238 1534 2262 sunt.
1557 2232 1679 2271 Junge:
1695 2233 1856 2262 divesami-

1129 2283 1181 2302 cus
1195 2282 1278 2307 eum,
1291 2284 1384 2312 quem,
1401 2278 1474 2303 cett.
1487 2275 1547 2304 odit
1564 2279 1592 2304 et
1607 2275 1718 2314 horru-
1761 2273 1856 2303 Dam-

1130 2325 1212 2348 nosa,
1230 2324 1291 2344 non
1307 2324 1374 2344 raro
1388 2314 1469 2344 enim
1487 2315 1596 2345 Venus
1608 2315 1721 2356 fimdi,
1744 2319 1779 2345 ut
1797 2315 1858 2346 Te-

1130 2356 1246 2386 rentius
1268 2355 1417 2396 loquitur,
1447 2362 1488 2387 est
1515 2357 1681 2387 calamitas.
1726 2356 1859 2396 Praeceps

1131 2398 1197 2428 alea
1224 2400 1330 2434 nudat,
1355 2398 1412 2428 tria
1438 2403 1571 2433 tantum,
1599 2398 1655 2429 sed
1685 2397 1859 2438 gravissimi

1131 2439 1274 2480 ponderis
1296 2440 1399 2476 verba,
1426 2439 1594 2481 juvenibus
1618 2440 1774 2482 praecipue
1795 2440 1860 2471 alta

1131 2488 1233 2512 mente
1249 2481 1440 2522 reponenda:
1465 2483 1530 2512 alea
1546 2481 1707 2517 aleatores,
1723 2481 1796 2512 dum
1808 2491 1860 2512 eos

1130 2525 1228 2554 nudat
1252 2523 1360 2565 (bonis
1381 2523 1499 2564 exuit),
1530 2524 1704 2566 precipites
1731 2523 1798 2564 agit
1826 2523 1860 2554 iu

1130 2565 1314 2606 perniciem!

1172 2608 1225 2644 22,
1249 2608 1301 2637 23.
1333 2607 1453 2643 Gloria,
1481 2617 1562 2638 vana
1587 2605 1761 2643 ostentatio,
1789 2607 1860 2649 jac-

1131 2649 1240 2680 tantia.
1284 2650 1383 2688 Supra
1397 2651 1484 2685 vires,
1505 2659 1598 2691 supra
1618 2648 1780 2679 modulum
1796 2659 1860 2690 quo

1132 2690 1263 2733 quisque
1291 2701 1323 2722 se
1349 2690 1450 2722 metiri
1473 2690 1582 2722 debet:
1614 2691 1690 2722 Juv.
1713 2689 1758 2726 iii,
1785 2691 1857 2727 180,

1132 2733 1209 2764 Heic
1223 2735 1309 2764 ultra
1323 2734 1398 2764 vires
1413 2733 1530 2763 habitus
1541 2734 1640 2763 nitor.-
1662 2733 1726 2762 heic
1740 2733 1858 2772 aliquid

1128 2776 1200 2814 plns
1226 2776 1323 2811 Quam
1346 2778 1417 2806 sotis
1437 2780 1498 2805 est:
1529 2783 1585 2805 nos
1609 2772 1759 2810 similiter,
1784 2776 1858 2805 iiber

1137 2818 1308 2859 Vermb‘gem
1325 2819 1398 2847 iiber
1417 2818 1467 2848 die
1489 2816 1614 2857 Krhjstea
1656 2815 1833 2854 Imporeuna
1844 2827 1855 2853 ‚-

1130 2859 1216 2900 quia,
1232 2859 1287 2901 qui
1301 2858 1405 2890 divitis
1419 2857 1540 2900 patroni
1562 2862 1692 2889 venatur
1733 2857 1856 2894 ratium,

1129 2903 1299 2940 importuno
1327 2907 1452 2941 temporo
1487 2899 1623 2932 habendi
1654 2898 1855 2942 cupiditatem

1129 2943 1273 2975 ostendit.
