1884 3288
656 145 968 223 CARMEN
1000 179 1041 220 7.
1539 174 1626 217 263

309 284 527 326 Parumne
549 282 711 337 campis
732 288 864 336 atque
887 279 1103 336 Neptuno
1124 294 1258 336 super

479 350 517 393 F
520 365 644 391 usum
664 357 732 391 est
754 348 902 390 Latini
923 347 1178 403 sanguinis?

250 419 278 461 5
307 419 414 462 Non
434 425 484 461 ut
505 415 718 472 superbas
742 416 899 458 invidae
921 415 1201 471 Carthaginis

484 485 711 527 Romanus
732 498 856 525 arces
877 491 1026 525 ureret
1045 500 1055 533 ;

306 555 502 598 Intactus
523 561 598 594 aut
620 552 858 594 Britannus
880 559 930 593 ut
951 550 1242 593 descenderet

481 621 615 662 Sacra
636 626 863 661 catenatus
885 619 979 660 via:

307 689 396 732 Sed
416 695 480 738 ut,
503 687 743 729 secundum
764 694 866 728 vota
892 685 1170 736 Parthorum,
1194 699 1274 726 sua

481 754 602 797 Urbs
623 754 719 796 haec
740 754 904 809 periret
925 753 1123 794 dextera.

305 823 466 879 Neque
486 822 558 864 hic
579 821 694 877 lupis
715 836 823 871 mos,
845 835 926 863 nec
947 820 1030 862 fuit
1050 819 1267 869 leonibus,

482 889 737 945 Nunquam,
759 889 842 930 nisi
861 889 906 930 in
927 889 1090 944 dispar,
1113 888 1230 930 feris.

225 758 280 799 10

308 958 508 1001 Furorne
530 972 687 1009 caecus,
710 973 763 999 an
785 958 900 1012 rapit
920 958 984 999 vis
1006 957 1181 999 acrior?

482 1023 558 1066 An
578 1024 708 1080 culpa
725 1026 741 1066 2
770 1039 1030 1079 responsum
1052 1025 1169 1066 date.

226 1092 281 1134 15
308 1091 494 1143 Tacent,
517 1100 561 1134 et
582 1107 658 1134 ora
678 1091 819 1147 pallor
839 1091 965 1134 albus
986 1092 1139 1143 inficit,

483 1159 748 1214 Mentesque
770 1159 984 1215 perculsae
1006 1167 1201 1214 stupent.

311 1226 385 1268 Sic
405 1233 499 1268 est:
532 1227 691 1268 acerba
712 1226 802 1268 fata
823 1227 1047 1268 Romanos
1069 1233 1219 1281 agunt,

485 1294 728 1348 Scelusque
750 1294 955 1335 fraternae
976 1294 1118 1344 necis3

310 1360 375 1403 Ut
394 1361 658 1403 immerentis
679 1360 807 1402 fluxit
829 1362 873 1401 in
895 1368 1054 1401 terram
1075 1360 1206 1402 Remi

230 1430 289 1472 20

83 1578 173 1605 num,
195 1567 250 1600 sed
276 1567 369 1600 saevis
393 1567 504 1600 bestiis
527 1570 606 1600 adeo
632 1568 834 1600 immaniores

83 1619 196 1642 contra
217 1611 402 1659 semetipsos
423 1613 474 1653 agi
500 1612 673 1654 patiantur,
699 1612 834 1652 graviter

84 1654 252 1692 ostendam
283 1653 422 1696 denique
447 1655 604 1690 fatalium,
632 1665 703 1696 quae
726 1664 834 1685 eorum

83 1697 203 1729 scelera
229 1703 392 1733 maneant,
420 1708 587 1740 poenarum
613 1697 835 1739 praesagitione

86 1749 142 1771 eos
157 1739 321 1783 percellat.

133 1783 230 1814 1—4.
255 1783 334 1821 Quo,
349 1794 406 1831 quo
424 1784 540 1814 scaleni
558 1784 663 1818 ruitis,
671 1792 745 1830 quo
763 1787 834 1813 tan—

84 1824 157 1856 dem
169 1825 236 1868 rapi
251 1835 307 1857 vos
317 1825 463 1867 patimini
480 1826 602 1862 vestris,
615 1835 634 1856 o
651 1825 748 1859 cives.
765 1835 834 1856 sce-

85 1867 227 1900 leribus}
249 1869 353 1900 Scelus
365 1867 492 1916 (ἄγος).
498 1868 680 1904 admittunt,
693 1874 725 1899 et
737 1868 766 1899 ei
781 1878 835 1898 ex-

86 1911 204 1959 piando
219 1921 255 1942 sc
265 1911 424 1959 obligant,
439 1922 495 1953 qui
511 1911 678 1952 sanguine,
701 1911 733 1942 in
750 1910 834 1942 bello

86 1953 176 1985 civili
198 1954 633 1996 fuso,inquinantur;l1inc
657 1964 728 1996 sup.
753 1954 775 1989 i,
799 1954 832 1990 2,

86 1997 143 2032 29,
164 1996 206 2028 de
226 1996 320 2028 bellis
345 1997 504 2032 civilibus,
538 1998 598 2028 Cui
625 1999 711 2028 dabit
733 2003 836 2036 partes

85 2040 181 2071 scelus
208 2041 351 2080 expiandi
380 2040 529 2084 Jupiter?
584 2040 678 2071 Enses
706 2041 834 2075 conditi,

86 2088 256 2131 postquam
281 2093 395 2131 nempe
420 2084 461 2115 U.
482 2078 529 2115 C.
554 2094 711 2114 nccxvnt
739 2084 831 2114 Pom·

87 2124 180 2200 &iius
205 2125 341 2157 Antonii
362 2125 456 2168 jussu
472 2125 604 2174 occisus
629 2125 742 2162 fuerat,
765 2124 832 2156 vid.

494 1429 628 1471 Sacer
648 1429 882 1484 nepotibus
904 1442 1047 1470 cruor.

877 1575 933 1600 aut
958 1568 1141 1600 Britannus.
1187 1566 1329 1599 Intactas
1351 1565 1468 1598 dicitur
1495 1565 1628 1597 Britan-

879 1623 948 1649 nus,
959 1622 1032 1642 cum
1046 1611 1186 1642 noudum
1201 1613 1359 1651 adjectus'
1351 1611 1475 1650 imperio
1493 1609 1629 1640 Romano

880 1636 964 1694 (vid.
983 1665 1054 1696 sup.
1079 1654 1126 1689 iii,
1149 1656 1182 1688 5,
1207 1655 1238 1689 3,
1262 1660 1294 1684 et
1318 1653 1364 1683 ibi
1387 1651 1474 1692 not)
1498 1650 1630 1693 integris

880 1696 986 1728 adhuc
1015 1697 1136 1727 viribus
1162 1696 1320 1727 resisteret
1351 1694 1519 1726 Romanis.
1565 1695 1628 1725 De-

876 1741 1027 1770 scanderet
1049 1739 1144 1770 Sacra
1165 1745 1323 1769 catenatus
1345 1741 1408 1773 via,
1428 1737 1557 1768 vinctus
1575 1746 1630 1778 per

879 1781 961 1812 viam
993 1782 1122 1812 Sacram
1153 1788 1226 1812 ante
1250 1791 1376 1812 currum
1402 1779 1630 1828 triumphantis

879 1825 1058 1861 duceretur,
1074 1831 1105 1856 et
1122 1824 1196 1855 inde
1219 1824 1252 1854 in
1273 1834 1431 1855 carcerem
1454 1822 1528 1865 (ubi
1550 1832 1627 1864 sup-

880 1868 977 1910 plicia
993 1878 1013 1898 a
1028 1867 1164 1910 captivis
1180 1867 1406 1906 sumebantur)
1428 1866 1630 1897 descenderet.

879 1911 1029 1942 Laudant
1058 1922 1090 1941 in
1122 1911 1203 1941 hanc
1235 1921 1300 1941 rem
1331 1909 1437 1940 locum
1463 1907 1629 1940 Ciceronis

880 1954 970 1985 Verr.
987 1965 1018 1990 v,
1043 1954 1096 1990 30,
1115 1957 1155 1984 At
1180 1955 1273 1984 etiam
1287 1955 1340 1993 qui
1356 1953 1562 1991 triumphant,
1579 1962 1628 1982 eo-

878 2007 934 2037 que
951 1999 1070 2028 diutius
1084 1998 1164 2027 vivas
1178 1997 1306 2027 hostium
1322 1998 1413 2026 duces
1427 2000 1561 2031 servant,
1577 2000 1627 2031 ut,

879 2041 924 2070 his
951 2051 1006 2080 per
1034 2041 1221 2079 triumphum
1247 2040 1358 2076 ductis,
1385 2038 1629 2078 pulcherrimum

875 2084 1093 2123 spectaculum,
1110 2089 1317 2124 Jructumque
1341 2082 1473 2112 victoriae
1498 2080 1629 2121 populus

879 2127 1035 2156 Romanus
1055 2129 1209 2165 percipere
1231 2127 1343 2166 possin·
1377 2130 1478 2155 tamen
1500 2135 1568 2155 cum
1591 2125 1630 2155 de

135 2178 155 2199 o
176 2169 256 2206 xlix,
282 2169 334 2204 18,
361 2168 447 2201 Vell.
471 2168 506 2205 ii,
531 2170 584 2205 79,
608 2169 740 2200 ensibus
769 2168 832 2200 huc
865 2170 997 2210 sorcin
1018 2169 1205 2208 Capitolium
1222 2179 1351 2200 currum
1363 2168 1495 2209 flectere
1517 2168 1629 2206 incipi-

85 2220 188 2252 usqne
201 2210 234 2242 in
247 2211 364 2253 vagina
377 2211 512 2243 conditis
524 2222 579 2253 per
594 2211 716 2253 aliquot
732 2221 833 2242 annos
876 2219 947 2249 unt,
962 2213 1008 2243 ille
1009 2222 1030 2242 vs
1046 2213 1118 2242 duci
1134 2213 1167 2242 in
1182 2222 1332 2242 carcerem
1336 2212 1475 2251 jubent
1470 2221 1476 2227 ·
1495 2211 1631 2250 idemque

88 2263 108 2285 a
139 2253 224 2285 bello
252 2254 340 2285 civili
368 2261 527 2286 cessatum
556 2254 670 2286 fuerat.
718 2255 840 2294 Campis

10 2294 27 2335 ‘222
59 2335 67 2344 .
86 2302 179 2346 atque
200 2297 348 2337 Neptuno
359 2308 461 2337 super,
476 2303 558 2328 terra
579 2298 742 2339 marique:
767 2307 839 2340 sup.

17 2341 26 2367 ἕ
89 2337 126 2376 ii,
150 2340 181 2376 1.
204 2340 259 2376 29,
288 2339 328 2372 de
356 2339 449 2371 bellis
478 2340 640 2376 civilibus,
672 2342 748 2376 Quis
779 2352 840 2371 non

89 2381 206 2414 Latino
218 2384 370 2425 sanguine
384 2386 532 2426 pinguior
549 2384 680 2424 Campus
694 2385 840 2424 sepulcris

87 2426 183 2466 inpio
196 2427 307 2466 ρι’ωἱία
324 2425 352 2456 T
349 2429 587 2468 astatur-quod
603 2438 686 2458 mare
703 2427 837 2458 Daunia

34 2491 35 2494 =
91 2467 164 2501 Non
177 2469 383 2500 decoloravere
397 2471 505 2500 cedes.
499 2471 510 2492 ²

134 2511 350 2543 5—10.N‹m
365 2518 400 2542 ut
420 2513 575 2552 superbas
589 2518 663 2543 cett.
685 2522 749 2543 nou
766 2512 838 2553 qui-

91 2550 166 2587 dem
185 2558 222 2586 ut
241 2554 381 2586 Romani
402 2555 591 2596 sanguinem
615 2554 707 2586 illum
729 2562 841 2587 contra

35 2631 46 2644 ς
90 2595 199 2634 butes
214 2603 360 2629 externos
380 2597 561 2634 funderent,
580 2603 624 2635 et,
644 2599 728 2629 sicut
750 2597 838 2634 olim,

15 2639 60 2676 ,ῗμῖ
92 2639 144 2672 ul
157 2641 328 2683 superbam
344 2640 570 2682 Carthaginem
587 2646 774 2677 everterent,
790 2622 842 2672 vei

14 2707 16 2710 ψ
93 2680 135 2716 ἆ·
149 2683 315 2715 Britannis
330 2683 515 2731 perdomitis
530 2683 773 2725 triumpharent,
787 2683 843 2715 sed

19 2760 27 2764 ,
59 2732 62 2770 ζ
94 2729 132 2759 at
154 2725 338 2758 Romanum
362 2727 530 2774 imperium
552 2737 592 2756 ex
617 2732 688 2757 voto
709 2726 843 2758 Partho—

47 2795 56 2800 .,
93 2777 166 2805 Μ
181 2778 216 2801 se
230 2768 299 2800 suis
313 2768 413 2811 ipsius
425 2770 545 2800 viribus
559 2769 740 2800 conficeret.
785 2770 844 2800 Su-

94 2812 211 2860 μύω,
229 2811 311 2843 refer
331 2812 373 2843 ad
391 2811 706 2855 Carthaginiensium
726 2812 766 2843 de
790 2823 845 2854 po-

32 2849 43 2867 ⁵
95 2853 196 2890 untia
222 2865 282 2886 sua
308 2855 501 2902 superbiam.

35 2937 38 2942 ⁸
100 2936 207 2972 tffl·

4 3053 58 3288 Ξ

566 2854 694 2890 Invidae,
732 2855 848 2886 summi

98 2894 222 2947 ’ῌιξώὶ
259 2897 370 2930 loriam
386 2898 543 2929 Romanis
558 2897 750 2938 invidentis3
773 2898 847 2929 hinc

335 2942 368 2971 ni
401 2944 520 2982 impet-zi
550 2942 659 2972 aemula
690 2941 851 2982 Carthago

101 2979 216 3015 dieitur
242 2982 328 3026 apud
356 2984 488 3016 Sallust.
515 2984 588 3016 Cat.
613 2985 666 3016 10.
712 2984 853 3016 Intactas

883 2257 946 2286 dies
960 2262 989 2286 et
1002 2256 1165 2286 victoribus
1181 2256 1301 2295 imperii
1313 2263 1341 2285 et
1354 2255 1442 2285 victis
1455 2253 1630 2294 vitaefinem

872 2298 972 2340 facin
1016 2298 1189 2329 Secundum
1210 2304 1278 2329 vota
1298 2297 1496 2332 Parthorum,
1518 2302 1554 2326 ut
1572 2306 1629 2338 op-

884 2347 952 2372 tant
981 2340 1114 2384 imperio
1139 2346 1244 2372 nostro
1269 2339 1480 2371 infestissimi.
1524 2338 1632 2370 Notus

884 2383 917 2414 in
931 2385 1012 2415 banc
1028 2383 1215 2415 sententiam
1228 2389 1278 2414 est
1288 2384 1378 2414 locus
1391 2383 1522 2414 Homer.
1538 2381 1634 2413 Iliad.

882 2427 904 2463 i,
914 2428 992 2465 255,
998 2426 1114 2459 Ηκεν
1124 2426 1456 2468 γηθήσαιΠρὶαμος,
1466 2425 1634 2467 Πριάμοιο

883 2482 918 2502 τε
937 2469 1069 2508 παῖδες,
1081 2468 1204 2502 Ἀλλοι
1221 2481 1256 2501 τε
1271 2472 1387 2522 Τρῶες
1429 2469 1489 2522 ’γα
1505 2480 1564 2500 κεν
1580 2480 1632 2500 κε-

885 2525 1050 2556 χαροιατο
1064 2513 1171 2565 ΘυμῳἸ
1182 2511 1222 2544 Εἰ
1231 2514 1337 2555 σφῶϊν
1348 2512 1391 2544 τά
1414 2524 1428 2544 ε
1439 2511 1558 2544 πάντα
1570 2523 1634 2543 πυ-

885 2557 1002 2588 θοίατο
1014 2555 1276 2598 μαρναμένοιιν.
1321 2556 1384 2586 Sua
1398 2556 1478 2587 Urbs
1490 2556 1551 2586 hoec
1563 2566 1634 2596 per-

885 2602 944 2631 iret
971 2601 1113 2631 dextera:
1142 2599 1288 2630 similiter
1311 2598 1370 2630 inf.
1393 2599 1496 2641 Epod.
1523 2599 1574 2634 16,
1599 2599 1634 2633 2,

887 2643 958 2674 Suis
981 2649 1011 2673 et
1039 2645 1101 2682 ipsa
1128 2642 1225 2673 Roma
1252 2644 1369 2673 viribus
1393 2644 1483 2679 ruit,·
1510 2641 1580 2672 Liv.
1603 2641 1636 2673 in

888 2687 1030 2717 Prooem.
1047 2687 1220 2727 legentium
1227 2686 1639 2727 metisque—festinantibus

888 2731 928 2760 ad
945 2724 1006 2760 liaec
1021 2730 1303 2769 noua,qu1busJam
1316 2730 1435 2769 pridem
1446 2729 1640 2768 proevalentis

888 2773 995 2812 populi
1011 2773 1090 2803 tit-es
1104 2782 1132 2802 se
1148 2773 1218 2812 ipsae
1233 2773 1413 2813 conficiunt.

938 2816 988 2851 ll,
1015 2816 1068 2845 12.
1092 2814 1197 2855 Neque
1220 2816 1269 2846 hic
1296 2816 1378 2854 lupis
1404 2824 1476 2850 mos,
1500 2825 1553 2845 nec
1566 2814 1642 2855 suit

893 2859 1037 2892 leonibus.
1067 2862 1141 2888 cett.
1186 2857 1353 2907 Ejusmodi
1390 2855 1542 2894 immane,
1576 2866 1641 2903 quo

893 2901 978 2932 cives
993 2900 1026 2931 in
1041 2900 1127 2931 cives
1141 2902 1288 2937 saeviunt,
1303 2899 1468 2941 ingenium
1485 2909 1543 2930 nec
1560 2898 1645 2946 lupis

895 2953 954 2975 nec
973 2943 1117 2975 leonibus
1131 2953 1201 2975 esse
1217 2943 1307 2979 solet,
1320 2943 1376 2984 qui
1394 2951 1569 2983 nunquam,
1584 2952 1615 2971 n·
1607 2940 1645 2971 si

896 2986 929 3017 iu
945 2986 1053 3028 dispar
1069 2997 1181 3028 genus,
1199 2986 1276 3018 saevi
1293 2991 1383 3017 sunt.
1424 2985 1576 3018 Juvenal.
1594 2994 1645 3020 xv,
