1904 3314
5 3174 7 3179 ,
3 3139 6 3143 .
0 2940 25 3115 ’,μ-τὴι-ὖγωρζ
0 2733 18 2927 ’,εῗ-’ἔ-ῧψέη
0 2670 18 2718 ’4Λᾶ
7 2638 20 2660 sc
20 2601 25 2611 ,.
20 2549 22 2554 7

643 221 892 264 ‘LIBER
923 221 982 272 II,
1012 223 1054 263 6.

1545 223 1632 264 413

115 324 174 367 50
201 325 407 382 Frigidus
428 340 454 367 a
474 324 652 367 Rostris
674 330 819 366 manat
839 338 919 378 per
939 323 1127 378 compita
1148 325 1320 373 rumo‘r3

209 393 474 448 Quicunque
495 393 648 435 obvius
670 398 751 442 est,
772 406 840 434 me
862 391 1076 433 consulit:
1111 391 1153 432 Ο
1174 391 1289 432 bone
1312 392 1427 445 (nam
1449 399 1491 433 te

207 460 345 511 Scire,
369 462 492 503 Deos
513 460 714 516 quoniam
736 459 918 515 propius
939 459 1170 515 contingis,
1193 460 1399 514 oportet),

204 527 435 584 Numquid
456 528 512 570 de
534 527 670 570 Dacis
692 527 884 569 audisti?
944 526 1022 568 Nil
1044 527 1261 581 equidem.

207 595 389 652 Semper
409 597 494 638 eris
516 597 684 638 derisor
699 598 708 637 !

1325 527 1387 568 Ut
1410 535 1458 568 tu

770 595 834 637 At
856 610 1003 637 omnes
1027 595 1089 636 Di
1110 596 1333 650 exagitent
1354 611 1436 644 me,

119 662 176 705 55
207 662 255 704 Si
275 665 518 719 quicquam.
581 664 732 711 Quid?
763 663 970 705 militibus
991 664 1205 718 promissa
1225 663 1467 718 Triquetra

205 727 550 773 Proedia‘Caesar
570 747 623 772 an
646 738 713 772 est
735 730 846 773 Itala
867 730 1021 772 tellure
1044 731 1227 773 daturus
1245 733 1262 773 2

204 797 432 840 Jurantem
453 813 521 840 me
543 799 653 841 scire
675 798 796 850 nihil,
819 799 1030 841 mirantur
1051 807 1100 841 ut
1122 815 1255 841 unum

206 864 382 908 Scilicet
402 867 570 922 egregii
592 866 813 908 mortalem
834 866 997 922 altique
1019 866 1177 909 silenti.

205 932 414 976 Perditur
433 935 528 977 haec
547 936 661 977 inter
681 936 840 977 misero
860 934 953 984 lux,
975 951 1063 977 non
1085 937 1176 977 sine
1197 935 1308 977 votis
1325 951 1333 976 :

105 1001 176 1055 ,60
205 1001 249 1044 Ο
269 1017 359 1053 rus,
381 1003 559 1058 quando
581 1018 664 1058 ego
685 1010 729 1045 te
751 1003 1019 1058 adspiciam?
1051 1004 1315 1059 quandoque
1336 1002 1501 1052 licebit,

209 1068 346 1112 Nunc
365 1077 558 1113 veterum
579 1071 718 1121 libris,
740 1086 855 1113 nunc
878 1087 1028 1113 somno
1050 1079 1094 1114 et
1114 1073 1327 1114 inertibus
1349 1071 1469 1112 horis

209 1136 387 1180 Ducere
409 1138 603 1180 sollicitae
619 1139 817 1193 jucunda
837 1139 995 1180 oblivia
1015 1140 1143 1181 vitae?

210 1203 254 1246 Ο
274 1206 450 1260 quando
471 1206 572 1248 faba
593 1206 859 1262 Pythagorae
882 1214 1084 1262 cognata,
1110 1206 1323 1261 simulque

91 1338 218 1382 frigore,
242 1340 299 1372 sed
324 1340 420 1373 etiam
444 1341 484 1372 de
510 1340 740 1372 vehementiore
764 1341 841 1372 solis

94 1388 188 1419 aestu,
203 1389 240 1416 ut
255 1383 312 1414 inf.
327 1384 430 1426 Epist.
448 1383 470 1421 i,
484 1385 517 1419 8,
535 1385 566 1415 5.

137 1426 191 1457 46.
213 1426 309 1462 Bene,
333 1436 464 1465 secure3
488 1436 590 1457 sermo
613 1431 661 1457 est
685 1426 724 1457 de
750 1427 842 1457 rebus

93 1467 216 1500 nullius
241 1468 406 1506 momenti,
430 1479 503 1511 quae
533 1479 644 1500 securo
676 1469 781 1500 animo
810 1474 843 1500 et

94 1510 164 1543 sino
178 1510 266 1542 omni
279 1521 356 1544 cura
373 1511 490 1554 deponi
504 1518 635 1554 possunt
649 1511 682 1542 in
702 1523 779 1542 aure
794 1514 839 1543 ri-

95 1564 187 1590 moso,
207 1553 240 1586 h.
259 1564 290 1586 e.
354 1554 432 1591 rvia,
454 1565 527 1596 quae
551 1554 699 1586 tribuitur
720 1554 841 1586 homini

95 1594 164 1638 qui,
176 1607 249 1638 quae
260 1606 300 1627 au
324 1596 394 1632 ivit,
406 1603 521 1628 temere
537 1597 661 1628 effutit:
687 1597 719 1627 in
735 1597 842 1628 animo

96 1638 210 1671 habuit
226 1639 376 1671 Horatius
392 1639 588 1670 notissimum
606 1639 686 1670 illud
702 1640 842 1671 Terentii

96 1681 268 1723 (Eunuch.
286 1681 311 1718 i,
326 1683 360 1718 2,
373 1683 448 1723 25),
465 1683 581 1714 Plenus
593 1684 742 1714 rimorum
763 1694 841 1718 sum,

96 1724 159 1757 Mu:
180 1731 271 1766 atque
293 1725 371 1756 illuc
397 1726 527 1768 perfluo.
570 1726 706 1756 Auribus
728 1727 844 1756 rimosis

96 1773 301 1810 opponuntur
315 1779 406 1799 aures
421 1775 494 1799 tntae
512 1779 583 1810 sup.
599 1768 664 1799 Od.
681 1767 703 1804 i,
719 1769 774 1804 27,
794 1770 843 1799 18.

140 1811 284 1843 47-49.
319 1811 379 1842 Per
410 1818 504 1842 totum
537 1812 600 1848 hoc,
632 1817 707 1842 cett.
745 1812 840 1842 Hunc

97 1852 209 1885 locum
228 1863 288 1895 ego
314 1853 500 1895 interpretor
527 1854 592 1885 sic:
620 1854 674 1885 Ab
701 1864 739 1885 eo
769 1853 842 1885 inde

97 1899 237 1938 tempore
252 1896 284 1928 in
298 1896 383 1928 diem
393 1903 426 1928 et
442 1896 551 1927 horam
568 1896 668 1937 magis
679 1896 843 1938 magisque

96 1939 258 1981 expositus
286 1939 332 1970 fui
362 1939 509 1970 invidiae:
535 1939 561 1970 si
589 1940 754 1970 Maecenas
781 1949 845 1970 uua

97 1991 224 2013 mecum
243 1981 338 2014 ludos
353 1988 562 2024 spectaverat,
574 1983 621 2014 vel
638 1993 700 2013 una
719 1992 842 2015 mecum

98 2023 132 2056 iu
147 2024 271 2067 Campo
292 2024 412 2062 Martio
435 2024 564 2062 lu'serat,
580 2031 612 2056 et
632 2024 677 2056 sic
702 2024 844 2066 singula-

98 2075 164 2098 mm
181 2067 258 2098 mihi
274 2067 413 2099 favorem
429 2069 624 2110 probaverat,
642 2074 708 2098 tum
725 2078 844 2104 ornnes,

99 2108 252 2142 Horatius
283 2110 427 2142 Fortunae
455 2117 499 2142 est
517 2111 622 2152 filius,
650 2111 843 2142 clamabant.

98 2151 152 2184 sic
168 2155 252 2192 παῖς
265 2155 328 2192 τῆς
343 2152 460 2195 Τύχης
475 2153 660 2194 Sophocles,
673 2154 748 2185 OEd.
766 2156 845 2195 Reg.

101 2195 198 2232 10⁷3,
210 2202 245 2228 et
256 2195 426 2238 Euripides
437 2206 490 2238 ap.
502 2196 666 2227 Plutarch.
677 2197 716 2227 de
732 2195 845 2227 Solert.

98 2237 242 2270 Animal.
258 2249 291 2281 p.
305 2239 382 2271 965.
421 2239 522 2270 Recte
539 2240 703 2270 Maecenas
717 2239 757 2269 ab
775 2239 839 2270 Ho-

99 2281 179 2313 ratio
193 2281 377 2324 simpliciter
390 2281 495 2312 vocari
513 2288 632 2324 poterat
646 2282 766 2316 Noster,
780 2292 843 2313 non

99 2322 173 2355 ideo
189 2329 326 2362 tautum,
341 2325 426 2366 quod
445 2325 608 2356 Maecenas
627 2325 795 2356 Horatium
811 2326 843 2355 ἰη

100 2376 225 2399 numero
237 2378 360 2399 suorum
376 2368 483 2398 habere
495 2374 625 2407 caeperat
639 2369 688 2406 (v.
703 2369 741 2398 41
752 2369 776 2406 ),
789 2368 843 2399 sed

98 2407 196 2446 Cfiflm
209 2409 295 2452 quod
314 2409 353 2446 is,
371 2410 427 2452 qui
443 2409 533 2441 nobis
553 2410 646 2446 favet,
665 2410 848 2452 simpliciter

101 2451 214 2489 Nouer-
233 2453 387 2495 appellari
411 2453 514 2490 solet;
538 2459 574 2484 ut
597 2453 655 2495 ipsi
675 2453 719 2483 dii
740 2455 848 2490 nostri,

101 2494 160 2536 qui
178 2495 283 2533 nobiS,
301 2497 361 2532 tui,
378 2495 433 2537 qui
452 2495 522 2531 tibi,
540 2498 608 2533 mei,
624 2495 682 2537 qui
701 2495 778 2526 mihi
802 2496 849 2527 fa·

101 2543 189 2574 vent,
203 2537 374 2571 dicuntur:
397 2538 462 2570 vid.
478 2539 684 2569 Burmannus
699 2539 738 2570 ad
751 2539 848 2571 Ovid.

101 2579 258 2618 frithjv,
274 2583 306 2618 4,
324 2582 377 2612 23.
413 2581 466 2612 Ad
482 2588 668 2621 spectaverat
686 2588 719 2613 et
734 2583 849 2613 luserat

101 2623 240 2667 suppleri
264 2624 359 2656 debet
382 2623 539 2666 particula
559 2627 597 2660 si,
614 2631 650 2655 ut
669 2635 742 2655 mox
757 2635 848 2656 versu

101 2671 255 2708 nequeme
281 2666 322 2698 ad
349 2674 467 2702 manat,
492 2673 524 2698 et
554 2667 731 2698 sexcenties
761 2667 849 2700 alibi.

103 2708 294 2742 Bmueiaua
315 2709 412 2752 hujus
436 2709 497 2741 loci
518 2709 612 2740 lectio
628 2715 660 2741 et
675 2709 849 2747 distinctio,

102 2761 199 2794 quam
226 2751 315 2784 dedit
345 2752 562 2788 Heindorfius,
593 2758 641 2783 est
670 2752 738 2784 haec
752 2765 758 2782 :
788 2753 851 2784 Per

105 2799 202 2827 totum
220 2795 276 2826 hoe
294 2801 409 2836 tempus
429 2797 591 2836 subjectior·
611 2797 645 2826 in
661 2797 739 2826 diem
757 2802 787 2825 et
802 2796 853 2827 ho·

102 2847 172 2869 nn
207 2837 338 2870 Invidiae
376 2845 486 2870 noster.
538 2839 640 2870 Ludos
675 2840 852 2879 spectaverit

53 2919 58 2925 .
103 2890 183 2917 una,
202 2881 327 2913 Luserit
348 2883 380 2912 in
399 2892 513 2921 canapo.
558 2881 620 2912 Sed
643 2881 716 2922 quis
736 2880 769 2911 in
793 2881 853 2913 hoc

106 2924 330 2955 sententiarum
364 2934 449 2955 nexu
486 2923 731 2966 explicationem
766 2924 853 2955 vocis

106 2972 207 3000 nun
237 2977 305 3009 pro,
339 2977 410 3007 ego,
443 2973 476 2998 et
509 2977 635 2999 omnem
670 2966 854 2998 Latinitatis

108 3007 308 3051 asperitatem
324 3009 426 3041 serati

930 1341 985 1371 50.
1014 1340 1177 1381 Frigidus,
1203 1340 1260 1381 qui
1290 1339 1389 1382 frigus
1418 1345 1450 1372 et
1479 1340 1635 1372 horrorem

885 1382 1012 1418 incutit,
1026 1382 1060 1413 11.
1075 1392 1104 1413 e.
1123 1382 1251 1418 tristior,
1266 1393 1297 1413 v.
1315 1393 1343 1414 c.
1358 1382 1397 1414 de
1414 1383 1516 1414 Dacis
1532 1383 1634 1414 rebel-

886 1425 1039 1460 lantibus,
1064 1425 1104 1456 de
1126 1424 1253 1456 funesto
1276 1424 1392 1467 proelio
1414 1426 1534 1467 aliquo,
1557 1430 1635 1457 cett.

886 1470 912 1498 A
932 1468 1061 1503 Rostris,
1075 1467 1116 1498 ob
1130 1467 1301 1498 maximam
1317 1467 1481 1499 hominum
1497 1467 1542 1499 ibi
1557 1478 1636 1500 con-

884 1509 1080 1543 venientium
1098 1509 1321 1551 frequentiam.

929 1555 982 1586 52.
1006 1554 1095 1589 Deos,
1112 1554 1326 1585 Maecenatem
1340 1558 1372 1584 et
1389 1554 1584 1596 Augustum.

929 1598 984 1627 54.
1010 1596 1147 1630 Derisor.
1166 1597 1233 1637 qui,
1249 1596 1336 1637 quod
1361 1596 1433 1633 scit,
1454 1607 1487 1628 se
1512 1596 1634 1628 nescire

885 1638 941 1674 ait,
978 1644 1009 1670 et
1045 1639 1104 1670 hac
1142 1638 1392 1670 dissimulatione
1431 1639 1510 1671 alios
1543 1639 1638 1676 ludit,

887 1681 1038 1723 (εἴρων),
1056 1687 1090 1712 ut
1104 1681 1163 1712 ius.
1180 1682 1284 1723 Epist.
1301 1682 1340 1712 ad
1358 1681 1425 1712 Pis.
1440 1693 1472 1713 v.
1490 1683 1565 1714 453.
1591 1684 1637 1714 At

886 1735 983 1755 omnes
998 1724 1041 1755 Di
1055 1726 1209 1765 exagitent
1219 1735 1281 1755 me.-
1299 1724 1431 1755 formula
1437 1725 1579 1766 jurandi,
1590 1736 1637 1756 me

886 1769 1053 1808 exagitent,
1081 1777 1130 1797 me
1160 1766 1365 1803 insectentur,
1392 1773 1636 1809 persequantur,

886 1815 1012 1845 vexent,
1032 1819 1086 1851 pro
1102 1808 1237 1850 vulgari,
1253 1810 1396 1851 perdant.

930 1854 984 1883 55.
1015 1852 1048 1883 Si
1079 1854 1250 1893 quicquam,
1280 1862 1325 1883 sc.
1362 1851 1481 1883 audivi.
1528 1853 1636 1888 Quid?

886 1896 1047 1930 militibus.
1064 1900 1139 1926 cett.
1177 1895 1326 1926 Caesarne
1341 1894 1462 1938 praedia
1476 1894 1636 1926 militibus

887 1938 1041 1980 promissa
1064 1937 1096 1968 in
1123 1937 1234 1968 Sicilia
1258 1948 1299 1968 an
1325 1938 1357 1969 in
1380 1937 1478 1968 Italia
1502 1937 1635 1969 daturus

886 1982 959 2012 est!
1007 1979 1204 2022 Respicitur,
1219 1986 1254 2011 ut
1273 1981 1440 2022 probatum
1461 1979 1517 2011 ivit
1533 1981 1633 2012 Bent-

888 2023 967 2054 leius
990 2023 1023 2054 in
1044 2023 1136 2054 Praef.
1155 2023 1196 2053 ad
1215 2024 1329 2054 Horat.
1354 2033 1379 2054 s.
1403 2023 1472 2059 fin..
1488 2033 1636 2064 agrorum

887 2066 1012 2101 divisio,
1029 2076 1113 2107 quae,
1134 2066 1229 2096 Sexto
1253 2065 1406 2108 Pompeio
1429 2065 1462 2096 in
1487 2065 1565 2098 freto
1586 2065 1637 2097 Si-

889 2109 964 2140 culo
984 2109 1067 2140 victo
1092 2109 1135 2141 U.
1164 2109 1204 2140 C.
1230 2119 1374 2145 nccvm,
1396 2115 1428 2140 et
1448 2109 1570 2151 Lepido
1595 2109 1638 2140 ad

887 2151 1081 2183 deditionem
1118 2151 1232 2182 adacto
1271 2162 1414 2188 nccxx1,
1454 2151 1538 2183 facta
1575 2158 1636 2184 est.

891 2195 1073 2236 Triquetra.-
1098 2194 1208 2226 Schol.
1230 2194 1348 2236 Cruq.,
1365 2195 1486 2230 Sicilia,
1501 2197 1578 2235 qitod
1601 2197 1635 2226 in

890 2245 948 2268 ires
977 2244 1078 2278 partes
1107 2249 1158 2268 seu
1187 2239 1391 2277 promontoria
1424 2239 1552 2269 diducta
1582 2244 1638 2274 est,

889 2280 993 2312 Groeoe
1027 2280 1200 2315 Trinacria,
1232 2293 1250 2310 α
1280 2282 1378 2312 tribus
1411 2284 1636 2320 promontoriis,

889 2323 1048 2364 Pachyno,
1076 2323 1223 2365 Lilybeo,
1250 2330 1280 2354 et
1310 2325 1428 2354 Peloro.
1476 2324 1640 2365 Triquetra

887 2369 924 2407 (a
948 2366 1139 2408 Triquetrus,
1157 2379 1187 2402 a,
1205 2366 1274 2406 nm)
1297 2377 1360 2398 non
1380 2366 1421 2397 ad
1442 2369 1570 2406 praedia,
1585 2368 1641 2399 sed

893 2410 932 2441 ad
949 2411 1060 2440 tellure
1076 2409 1286 2440 referendum.

937 2454 992 2483 57.
1031 2453 1145 2487 Unum,
1178 2463 1241 2494 prae
1275 2451 1348 2482 aliis
1378 2452 1550 2483 omnibus:
1579 2452 1642 2484 vid.

894 2496 1002 2526 Bentl.
1019 2494 1074 2525 ins.
1090 2495 1130 2527 ad
1147 2495 1250 2537 Epist.
1269 2495 1310 2525 ad
1327 2494 1391 2526 Pis.
1409 2506 1438 2526 v.
1455 2496 1510 2526 32.

935 2540 990 2570 59.
1017 2538 1141 2574 Misero,
1157 2537 1335 2579 elegantius
1359 2548 1426 2579 pro,
1443 2538 1533 2569 mihi.
1570 2537 1641 2568 Non

891 2582 954 2612 sine
971 2583 1055 2616 votis,
1075 2581 1113 2611 iis
1128 2581 1252 2612 scilicet
1269 2591 1342 2622 quae
1358 2588 1545 2623 sequuntur.

936 2624 990 2655 61.
1015 2624 1132 2660 Somno,
1157 2634 1203 2654 sc.
1225 2634 1347 2659 securo,
1365 2623 1419 2664 qui
1447 2634 1510 2655 non
1531 2622 1644 2654 officiis

893 2665 926 2698 in
936 2667 1014 2698 urbe
1025 2666 1200 2697 subeundis
1213 2666 1462 2707 interrumpitur.
1488 2666 1643 2697 Inar-tibus

893 2710 994 2740 horis:
1017 2709 1083 2740 noli
1093 2711 1180 2741 horos
1193 2708 1308 2741 inertes
1318 2709 1430 2740 referre
1444 2710 1484 2740 ud
1495 2709 1644 2750 ignavum

893 2753 992 2783 otium
1017 2758 1049 2783 et
1070 2752 1236 2789 desidiam,
1259 2752 1311 2783 cui
1335 2752 1488 2783 Horatius
1512 2752 1545 2782 iu
1570 2761 1645 2792 agro

895 2794 1060 2837 indulgere
1080 2796 1227 2831 voluerit,
1243 2795 1298 2825 sed
1316 2794 1356 2824 ad
1374 2795 1467 2825 vitam
1489 2803 1554 2836 qua
1577 2795 1645 2824 Ho-

896 2838 994 2870 ratius
1014 2838 1047 2869 in
1065 2838 1140 2870 villa
1161 2848 1219 2870 sua
1237 2848 1301 2868 non
1321 2837 1404 2874 aliis,
1421 2837 1476 2868 sed
1498 2837 1559 2868 sibi
1576 2842 1646 2866 tan-

897 2886 963 2911 tum
993 2881 1129 2912 vivebat.
1173 2881 1297 2912 Tibull.
1329 2880 1354 2915 i,
1384 2882 1413 2915 1,
1445 2882 1477 2917 5,
1503 2880 1556 2910 Me
1582 2890 1646 2909 mea

894 2931 1062 2964 paupertas
1079 2927 1148 2955 vitae
1164 2925 1309 2954 traducat
1326 2925 1432 2954 inerti.

940 2968 996 2998 62.
1022 2968 1155 3002 Ducere,
1172 2965 1336 2999 imbibere,
1352 2971 1384 2996 et
1400 2965 1526 3006 quidem
1553 2963 1646 3005 pleno

898 3009 1036 3041 haustu:
1061 3010 1103 3041 cf.
1127 3020 1201 3051 sup.
1225 3008 1265 3040 ad
1288 3009 1351 3039 Od.
1373 3007 1396 3043 i,
1417 3009 1467 3043 17,
1486 3007 1540 3037 22.
1586 3006 1647 3035 Ob—
