1884 3288
659 207 1022 250 PRAEFATIO.
1559 224 1615 250 xv

74 322 248 366 toritate
269 338 336 366 me
356 338 444 365 non
475 322 687 364 serviliter
722 323 894 364 stetisse
924 328 969 363 et
1000 321 1280 376 pependisse,
1301 320 1422 363 haud
1455 337 1610 377 pauca,

0 422 6 438 ·»
74 402 152 444 ubi
190 403 246 444 ab
284 417 338 444 eo
377 401 602 451 dissentio,
645 401 748 442 satis
788 399 1280 442 declarant.—-Multum
1319 401 1515 455 praesidii
1557 402 1614 443 ad

74 479 250 523 Horatii
279 480 682 536 interpretationem
706 480 896 522 editione
924 479 1080 522 Romae
1101 479 1156 534 (a.
1183 480 1309 534 1811)
1329 495 1355 521 a
1375 479 1466 521 Fea
1495 479 1613 522 evul-

71 566 174 614 gata
193 566 238 601 et
258 559 402 601 multis
423 560 653 615 praeconiis
685 559 986 601 commendata
1006 573 1073 601 me
1094 566 1324 601 nacturum
1345 573 1442 601 esse
1465 574 1614 614 spera·

70 651 242 689 veram3
284 639 363 680 sed
402 638 498 680 haec
540 654 639 694 spes
680 654 748 680 me
789 637 955 680 fefellit.
1017 637 1150 686 Nam,
1190 644 1352 693 praeter
1392 638 1613 693 ingentem

67 715 301 760 lectionum
336 731 361 759 e
395 715 541 759 multis
584 717 823 759 Codicibus
867 717 1186 772 descriptarum
1220 723 1265 758 et
1304 723 1612 773 congestarum

67 797 346 854 farraginem,
367 812 521 854 pauca,
544 812 642 852 quae
664 797 840 840 Horatii
860 797 1074 839 editorem
1088 797 1243 852 juvare
1271 796 1454 852 possint,
1476 795 1612 838 habet

66 875 139 919 illa
166 877 314 919 editio.
376 877 475 919 Nee
506 892 660 932 parum
690 877 734 918 in
758 892 810 919 ca
837 876 1021 918 offendit
1051 876 1267 918 acerbitas
1295 882 1339 917 et
1368 874 1612 931 petulantia

67 970 155 1011 qua
183 955 275 998 Fea
303 955 483 998 insultat
514 955 604 998 fere
637 955 855 1005 Bentleio,
881 970 1010 1010 quem
1040 962 1185 997 tamen
1214 953 1343 1010 longe
1374 953 1494 996 illum
1523 960 1611 996 tam

65 1034 276 1077 doctrinae
306 1036 431 1091 copia
451 1050 581 1091 quam
607 1035 877 1077 accuratiore
901 1035 1071 1077 Latinae
1098 1034 1259 1090 linguae
1280 1034 1460 1076 scientia
1481 1049 1612 1090 supe-

64 1127 181 1164 rare,
202 1115 300 1170 quis
321 1122 388 1156 est
409 1115 486 1170 qui
505 1130 592 1156 non
613 1113 855 1170 intelligat?

122 1191 297 1235 Indices
318 1193 557 1236 Nominum
577 1201 622 1235 et
637 1193 888 1235 Verborum
909 1207 1066 1248 magna
1082 1193 1307 1248 diligentia
1322 1207 1390 1234 me
1410 1192 1608 1234 modera-

61 1278 159 1314 tore
176 1271 458 1314 confecerunt
477 1279 566 1314 tres
583 1273 640 1314 ad
654 1271 828 1314 laudem
844 1272 1056 1314 doctrinae
1072 1272 1396 1314 efflorescentes
1407 1272 1607 1327 juvenes,

64 1349 205 1392 classi
222 1350 407 1393 Selectae
423 1351 467 1392 in
485 1351 728 1406 Gymnasio
744 1358 895 1392 nostro
918 1350 1142 1405 adscripti,
1162 1349 1346 1391 Carolus
1363 1349 1606 1392 Matthaeus

62 1428 298 1486 Bamberg,
317 1430 558 1472 Eduardus
576 1429 823 1479 Reibstein‚
841 1436 884 1471 et
900 1428 1045 1470 Julius
1068 1427 1264 1479 Franck3
1294 1429 1415 1484 prior
1430 1429 1608 1484 quidem

60 1506 315 1558 Nominum,
346 1508 614 1564 posteriores
647 1508 900 1551 Verborum
935 1507 1145 1550 Iudicem.
1207 1508 1426 1550 Fecerunt
1461 1515 1607 1549 autem

63 1587 171 1630 dicti
185 1587 370 1642 juvenes
386 1589 478 1643 jam
498 1587 714 1643 ejusmodi
744 1588 789 1629 in
815 1589 1029 1629 bonarum
1057 1587 1302 1630 litterarum
1331 1587 1486 1630 studiis
1507 1602 1609 1643 pro-

61 1681 255 1723 gressus,
287 1674 336 1709 ut
369 1681 459 1718 eos,
493 1682 571 1709 suo
612 1675 810 1723 tempore
845 1668 998 1709 merita
1036 1666 1166 1709 laude
1202 1674 1378 1709 ornatos
1420 1674 1464 1709 et
1498 1667 1609 1708 rude

61 1746 263 1797 donatos,
295 1761 319 1788 e
353 1746 459 1788 ludo
494 1752 645 1788 nostro
685 1746 956 1788 discessuros
998 1761 1094 1788 esse
1130 1762 1218 1788 non
1252 1753 1340 1788 tam
1379 1761 1603 1801 speremus

61 1840 192 1880 quam
211 1825 498 1868 confidamus.

118 1903 326 1947 Ceterum
347 1904 449 1956 noli,
472 1920 636 1960 quaeso,
658 1904 983 1946 Humanissime
1012 1903 1190 1955 Lector,
1218 1911 1415 1960 peccata,
1440 1905 1601 1960 quibus

59 1985 250 2027 obnoxia
269 1991 336 2026 est
355 1984 546 2026 humana
577 1983 862 2034 imbecillitas,
886 1982 1021 2025 oculis
1053 1982 1241 2038 Lynceis
1266 1983 1424 2033 rimari,
1448 1997 1603 2038 specu-

57 2063 154 2115 lari,
173 2065 450 2120 investigare,
474 2071 519 2107 et
544 2064 804 2119 investigata
829 2070 973 2105 mente
1005 2062 1154 2117 iniqua
1185 2063 1432 2118 exagitare!
1493 2062 1604 2104 Pec-

58 2143 170 2186 catis
187 2145 355 2187 veniam
367 2139 568 2201 posce-nti
588 2149 629 2186 te
649 2143 850 2198 darefas
871 2149 949 2184 est.

174 2302 351 2355 Gothae,
372 2318 520 2347 mense
541 2302 722 2346 Januar.
746 2315 1022 2344 MDcccxxw.

1218 2459 1539 2502 DOERING.
