1884 3288
645 199 871 243 LIBER.
903 199 984 250 IV,
1016 200 1057 241 4.

434 308 663 350 Sectamur
682 305 812 354 ultro,
836 318 946 359 quos
970 304 1140 359 opimus

491 372 662 416 Fallere
681 379 726 414 et
747 370 945 427 effugere
966 378 1034 412 est
1055 370 1318 426 triumphus.

375 443 515 492 Gens,
536 457 637 497 quae
658 447 849 483 cremato
869 431 995 482 sortis
1017 440 1073 481 ab
1096 438 1176 483 Ilio

372 511 548 554 Jactata
567 509 728 553 Tuscis
751 509 1004 564 aequoribus
1027 522 1164 558 sacra,

287 582 343 622 55

431 579 664 634 Natosque
684 585 967 632 maturosque
988 584 1152 632 patre8‚

487 646 676 689 Pertulit
700 646 918 687 Ausonias
938 646 994 687 ad
1015 646 1164 695 urbes,

261 697 335 774 >(
373 716 512 758 Duris
533 723 582 758 ut
602 715 690 757 ilex
712 722 839 757 tonsa
860 714 1124 769 bipennibus

285 794 344 966 l

368 783 524 840 Nigrae
545 784 679 826 feraci
699 782 867 825 frondis
889 783 934 823 in
957 780 1135 838 Algido,

429 853 518 895 Per
538 853 711 903 damna,
733 865 813 908 per
834 851 992 900 caedes,
1015 852 1070 893 ab
1092 851 1188 907 ipso

488 922 628 964 Ducit
648 935 754 976 opes
776 921 1050 975 animumque
1072 844 1315 968 ferro.>(

370 991 478 1034 Non
498 991 657 1047 Hydra
679 996 798 1032 secto
820 1003 1005 1045 corpore
1028 989 1192 1030 firmior

82 1125 123 1158 de
145 1135 184 1158 eo
206 1123 347 1166 graviore
372 1123 468 1159 bello,
493 1132 559 1165 quo
584 1121 671 1153 salus
698 1120 831 1163 publica

82 1169 188 1200 subito
205 1167 342 1199 hostium
359 1165 498 1198 adventu
513 1171 545 1197 et
560 1165 679 1207 impetu
695 1165 728 1195 in
744 1175 828 1195 sum-

82 1222 170 1244 mum
185 1210 355 1243 discrimen
379 1209 558 1241 adducitur.
605 1209 724 1244 Rectus,
744 1218 830 1239 erec-

81 1260 143 1293 tos,
159 1252 440 1298 ἀνωρθωμὲνους,
450 1253 484 1284 in
499 1252 668 1296 pristinum
683 1251 832 1283 honorem

81 1299 251 1330 restitutos.

126 1341 267 1373 49-60.
293 1339 436 1381 Perfidus
450 1338 634 1375 Hannibal;
660 1337 693 1368 in
704 1336 829 1368 Hanni-

80 1384 156 1417 bale
167 1383 266 1420 enim,
279 1389 316 1415 ut
326 1392 456 1414 severus
471 1381 542 1423 ejus
559 1381 704 1412 vitiorum
718 1390 832 1411 censor

81 1427 191 1460 Livius
215 1427 282 1466 xxi,
306 1428 339 1462 4,
361 1425 406 1457 ait
431 1424 741 1456 animadvertebatur
761 1434 830 1464 per-

70 1473 159 1515 fidia
182 1471 254 1511 plus
271 1481 363 1512 quam
390 1469 522 1504 Punica,
547 1469 627 1498 nihil
649 1469 726 1501 veri,
751 1467 831 1497 nihil

81 1516 194 1550 sanai,
210 1514 318 1546 utilius
331 1515 455 1544 deornm
470 1518 576 1549 metus,
591 1512 831 1551 nttllumjusjva-

81 1559 228 1594 randum,
244 1557 335 1588 nulla
348 1557 472 1597 religio.
519 1556 619 1586 Poeta
636 1560 740 1584 autem
761 1553 830 1595 jam

82 1601 202 1645 primas
227 1598 425 1644 potissimum
452 1597 528 1630 belli
559 1597 672 1628 Punici
697 1595 831 1627 secundi

82 1654 208 1683 causas,
233 1653 347 1686 nempe
366 1642 483 1683 perfide
497 1646 624 1683 ruptum
643 1640 683 1671 ab
709 1640 831 1670 Hanni-

82 1689 157 1720 bale
172 1687 308 1729 Sagunti
324 1684 560 1728 oppugnatione
573 1683 681 1714 foedus
704 1693 831 1725 respex-

82 1731 147 1764 isse
160 1731 296 1762 videtur.
340 1728 427 1760 Hinc
443 1728 529 1770 apud
551 1726 677 1758 Livium
694 1735 832 1768 quoque,

83 1774 152 1812 xxi,
178 1775 233 1811 40,
260 1771 426 1805 Hannibal
455 1773 518 1802 dua·
540 1769 699 1813 foederum
724 1775 835 1809 ruptor

84 1817 278 1862 appellatur.
335 1816 469 1846 Tandem
495 1815 595 1845 disit:
631 1812 833 1847 Hannibalis.

84 1871 158 1904 quae
178 1859 334 1903 sequitur,
358 1858 500 1890 oratione
525 1856 605 1887 nibil
632 1856 772 1899 profecto
794 1855 834 1887 ad

84 1905 146 1936 boe
169 1913 297 1936 carmen
321 1907 387 1934 tam
412 1901 446 1932 iu
472 1901 650 1936 Neronum,
677 1909 773 1941 quam
801 1899 833 1930 in

85 1948 183 1980 totius
198 1946 303 1990 gentis
319 1945 476 1977 Romanae
498 1943 625 1974 laudem
647 1948 678 1974 et
701 1942 832 1984 gloriam

83 1990 204 2036 aptius,
237 1988 377 2032 gravius,
416 1992 448 2019 et
480 1986 650 2018 sublimius
682 1986 833 2017 accedere

127 2034 200 2066 tuit.
244 2033 294 2065 Eo
308 2030 410 2073 magis
423 2036 528 2062 autem
547 2029 763 2061 Hannibalem
785 2029 832 2060 sic

82 2045 267 2120 implentem
291 2074 445 2107 inducere
493 2076 594 2105 oterat
626 2078 731 2115 poeta.
758 2083 830 2104 cum

82 2131 157 2153 vere
172 2121 240 2157 ille,
255 2125 389 2162 accepto
410 2117 450 2149 de
484 2122 597 2149 unesta
619 2115 833 2148 Hasdrubalis

84 2164 178 2196 clade
193 2163 326 2198 nuncio,
341 2172 500 2205 agnoscere
522 2171 551 2191 se
563 2161 729 2202 jin-tunam
755 2159 832 2190 Car-

85 2208 224 2250 thaginis
245 2205 366 2238 dixisse
388 2205 525 2236 feratur:
549 2203 614 2234 vid.
640 2202 710 2234 Liv.
735 2202 834 2238 xxvii.

85 2251 142 2284 51.
187 2250 336 2283 Ceterum
359 2249 392 2280 in
418 2246 478 2279 hac
502 2246 657 2282 oratione,
678 2257 751 2288 quae
770 2246 834 2277 vim

85 2303 178 2326 suam
201 2291 361 2336 precipue
382 2301 421 2323 eo
443 2290 571 2333 accipit,
595 2290 679 2332 quod
705 2290 731 2321 is
753 2290 833 2332 ipse,

109 2337 143 2370 ni
169 2336 320 2369 Romano
349 2334 471 2366 nomini
499 2333 723 2365 infestissimus
752 2339 832 2369 erat,

86 2405 88 2407 -
141 2389 306 2412 menarum
329 2377 480 2410 virtutum
501 2387 587 2409 nunc
611 2377 758 2408 laudator
778 2387 832 2408 ex-

87 2422 168 2460 istit,
182 2422 298 2455 acriter
321 2432 376 2465 pro
391 2431 425 2453 se
440 2421 576 2463 quisque
598 2420 744 2451 intendat
766 2420 835 2450 ani-

85 2477 175 2499 mum
198 2466 240 2498 ad
261 2475 422 2498 summum
444 2464 535 2495 illum
558 2464 720 2495 verborum
745 2473 837 2494 orna-

85 2515 168 2547 m,
194 2515 229 2542 et
250 2507 508 2552 splendidissima
531 2507 760 2539 sententiarum
785 2507 833 2537 lu-

46 2573 50 2576 ·
86 2553 187 2591 nina,
209 2553 330 2596 quibus
349 2551 486 2594 simplex
509 2550 678 2585 sententia,
703 2555 726 2568 “
740 2550 835 2581 vana

36 3116 49 3163 β.

86 2596 222 2629 etin-rita
235 2601 286 2628 est
307 2596 412 2627 omnis
434 2604 531 2637 opera
557 2599 673 2629 nostra,
689 2602 784 2635 quam
802 2592 835 2624 in

86 2638 174 2672 bollo
199 2645 310 2671 contra
340 2638 518 2672 Romanos,
552 2636 719 2678 fugiendos
745 2636 837 2667 nobis

87 2682 209 2728 potins,
218 2692 316 2726 qnam
324 2680 574 2725 persequendos,
587 2680 733 2723 ponimus
747 2691 755 2717 ;
772 2689 838 2720 quo

89 2726 218 2768 gravius
231 2726 317 2758 enim
339 2734 395 2757 eos
416 2725 653 2766 impugnamus,
675 2733 713 2754 eo
734 2722 838 2763 magis

82 2776 200 2806 ,mn
223 2767 393 2801 efflorescit
418 2767 541 2810 gloria3
573 2766 637 2797 imo
662 2766 838 2802 Romanos,

90 2815 173 2857 ᾲοι
191 2811 234 2844 ab
247 2811 334 2844 omni
349 2810 494 2854 periculo
509 2816 592 2841 tutos
617 2819 740 2852 semper
758 2820 838 2851 prae-

89 2854 192 2893 ..δὴ
203 2855 367 2887 Neronum
381 2854 493 2888 virtus,
504 2864 521 2884 a
536 2852 626 2884 nobis
640 2852 724 2883 vinci
738 2862 840 2894 posse,

79 2895 317 2942 mplune,
335 2897 539 2930 Hasdrubale
563 2897 743 2930 interemto,
768 2898 841 2938 spes

91 2940 268 2975 th'
291 2941 416 2984 egregie
431 2948 580 2983 expressa
593 2945 626 2971 et
648 2938 842 2981 amplificata

92 2988 156 3016 000-
215 2985 319 3023 Cervi,
353 2985 496 3025 luporum
532 2984 636 3025 prada
669 2983 841 3022 rapacium,

876 1121 1053 1157 Romanos,
1071 1126 1107 1152 ut
1122 1120 1206 1152 sieut
1216 1120 1301 1152 cervi
1312 1120 1375 1153 fere
1389 1120 1456 1152 istis
1473 1126 1625 1165 tanquam

876 1164 960 1206 lupis
990 1165 1159 1207 rapacibus
1189 1164 1304 1207 praedae
1335 1164 1456 1196 simus:
1492 1165 1536 1197 cf.
1565 1166 1627 1208 Ep.

877 1207 1046 1250 Posidipp.
1064 1208 1128 1244 xiv,
1144 1207 1278 1239 Anthol.
1293 1208 1402 1240 Graec.
1417 1208 1455 1239 T.
1474 1208 1507 1246 ii,
1525 1219 1555 1251 p.
1572 1210 1627 1241 50.

880 1251 1006 1291 Opimus
1021 1258 1064 1282 est
1082 1251 1268 1291 triumphus,
1283 1251 1314 1282 in
1332 1251 1459 1292 gloriosi
1473 1252 1626 1294 triumphi

876 1294 945 1325 loco
972 1294 1157 1336 ponendum
1183 1300 1244 1332 est,
1268 1306 1325 1337 pro
1349 1295 1448 1331 tenui,
1474 1300 1627 1337 praestat5

876 1337 1547 1380 triumphumjaminsignivitepitheto‚quo
1579 1350 1627 1370 ro-

875 1379 942 1421 prie
955 1381 1089 1421 gloriosa
1106 1380 1162 1411 illa
1178 1382 1286 1420 spolia.
1302 1391 1321 1412 a
1338 1381 1421 1412 duce
1443 1391 1528 1413 caeso
1551 1349 1626 1413 ‹i‘uci

875 1422 1015 1465 derepta,
1042 1423 1186 1465 insigniri
1212 1424 1326 1455 solent.
1373 1425 1513 1454 Cremato
1526 1425 1627 1466 sortis

875 1467 912 1496 ab
930 1466 1001 1502 Ilio,
1012 1467 1138 1498 Jaetnta
1154 1467 1257 1498 Tuscis
1268 1468 1434 1508 oequoribus
1443 1479 1528 1499 sacra
1542 1479 1548 1497 :
1568 1478 1623 1511 op-

875 1515 1008 1551 portune
1023 1516 1209 1553 comparant
1230 1511 1319 1552 Virg.
1339 1511 1417 1542 AEn.
1434 1510 1456 1547 i,
1471 1511 1524 1548 71,
1545 1511 1628 1544 Gens

876 1554 1000 1584 inimica
1031 1555 1104 1584 mihi
1137 1554 1330 1595 Tyrrhenum
1362 1557 1490 1596 navigat
1513 1567 1625 1596 aequor,

875 1595 970 1627 Ilium
987 1599 1019 1628 in
1042 1597 1169 1628 Italiam
1180 1603 1305 1638 portans
1320 1600 1470 1639 victosque
1489 1599 1627 1631 Penates.

876 1639 983 1675 Sacra,
1002 1641 1159 1671 Penates:
1186 1640 1248 1671 vid.
1262 1641 1365 1682 lleyu.
1378 1641 1512 1672 Excurs.
1527 1641 1571 1677 ix,
1586 1643 1626 1674 ad

879 1682 971 1724 Virg.
994 1684 1072 1714 AEn.
1096 1683 1130 1718 ii,
1152 1694 1181 1713 v.
1204 1684 1269 1714 293
1291 1694 1362 1725 sqq.
1377 1694 1411 1724 p.
1427 1685 1504 1715 304.
1552 1686 1626 1716 Μα-

878 1731 974 1761 turos,
991 1733 1035 1757 sc.
1056 1726 1172 1761 funeri,
1189 1732 1223 1757 ut
1238 1726 1298 1757 inf.
1324 1726 1428 1769 Epist.
1445 1726 1484 1758 ad
1513 1727 1579 1760 Pis.
1597 1740 1627 1759 ν.

883 1769 955 1805 115,
980 1775 1120 1800 maturus
1144 1780 1242 1805 senex,
1271 1775 1304 1800 et
1326 1780 1398 1812 sup.
1426 1769 1471 1804 iii.
1511 1772 1560 1807 15,
1593 1774 1625 1807 4,

882 1812 1002 1843 Chloris
1016 1819 1137 1843 maturo
1159 1814 1280 1852 propior
1292 1813 1421 1855 funeri.
1466 1814 1627 1852 Ausonias,

880 1855 993 1891 Italas,
1008 1856 1049 1886 ab
1069 1855 1264 1890 Ausonibus.
1281 1855 1424 1898 antiquis
1447 1857 1552 1888 Italiae
1575 1857 1625 1889 in-

879 1898 979 1929 colis:
1006 1899 1069 1929 vid.
1103 1899 1206 1940 Heyn.
1234 1900 1370 1930 Excurs.
1397 1899 1440 1936 iv,
1464 1900 1505 1930 ad
1534 1901 1626 1944 Virg.

881 1943 961 1973 AEn.
981 1941 1034 1979 vii,
1051 1942 1106 1976 37,
1124 1953 1155 1984 p.
1175 1943 1247 1973 129.
1295 1943 1394 1973 Duris
1410 1949 1444 1973 ut
1461 1944 1515 1974 ilex
1542 1951 1626 1976 tonsu

876 1986 1065 2025 bipennibus,
1101 1991 1178 2016 cett.
1234 1985 1516 2022 Quemadmodum
1549 1987 1625 2025 ilex,

876 2028 970 2071 cujus
987 2028 1115 2059 frondes
1132 2028 1179 2059 vel
1196 2029 1274 2059 rami
1297 2039 1352 2071 per
1373 2028 1544 2071 bipennem
1567 2031 1623 2063 de-

877 2071 1056 2106 tondentur,
1074 2071 1178 2103 laetius
1193 2071 1307 2103 deinde
1325 2072 1519 2104 efflorescere
1535 2074 1627 2114 solet,

876 2114 921 2146 ita
935 2125 1013 2156 gens
1035 2115 1192 2152 Romana,
1215 2115 1291 2146 dum
1313 2115 1460 2146 cladibus
1487 2115 1519 2147 in
1541 2117 1627 2150 bello

878 2159 1025 2194 afficitur,
1036 2159 1077 2190 ab
1091 2159 1159 2200 ipso
1168 2159 1261 2194 ferro,
1274 2169 1338 2200 quo
1350 2158 1495 2195 caeditur,
1510 2171 1627 2192 novum

877 2202 1016 2240 vigorem
1033 2209 1063 2233 et
1079 2201 1221 2232 animum
1236 2202 1364 2245 accipit.
1408 2204 1541 2244 Algido.-
1564 2205 1629 2237 vid.

879 2255 947 2288 sup.
964 2245 1003 2276 ad
1029 2245 1051 2281 i,
1075 2247 1130 2280 21.
1154 2247 1188 2276 6.
1237 2245 1346 2277 Feroci
1362 2246 1493 2288 frondis
1516 2249 1626 2290 nigre,

879 2289 935 2331 qui
951 2289 1068 2332 profert
1083 2289 1201 2320 multas
1222 2289 1359 2325 arbores,
1383 2289 1475 2321 ilices
1500 2301 1626 2334 nempe,

877 2342 1010 2374 quarum
1027 2331 1153 2364 frondes
1168 2332 1312 2374 subnigri
1329 2333 1392 2364 fere
1407 2333 1523 2364 coloris
1539 2341 1626 2366 sunt.

880 2377 942 2407 Per
956 2378 1080 2414 damna,
1101 2387 1155 2415 per
1181 2378 1282 2412 caedes,
1299 2377 1336 2407 ab
1358 2379 1419 2416 ipso
1444 2377 1539 2409 Ducit
1563 2389 1629 2418 opes

879 2421 1074 2461 animumque
1085 2419 1198 2461 ferro:
1222 2419 1352 2451 observa
1374 2419 1535 2452 delectum
1558 2432 1629 2453 ver-

881 2463 1004 2497 borum.
1020 2469 1085 2494 tam
1109 2462 1195 2504 genti
1221 2463 1390 2501 Romanae,
1410 2474 1504 2506 quam
1529 2470 1630 2496 tonse

877 2506 945 2538 ilici
969 2516 1042 2536 cum
1070 2506 1127 2536 illa
1155 2512 1358 2549 comparatae,
1383 2507 1509 2549 egregie
1532 2508 1629 2540 simul

878 2549 1203 2580 accommodatorurn.

924 2593 1065 2624 61-64,
1091 2593 1160 2624 Non
1184 2592 1296 2634 Hydra
1323 2599 1400 2624 secto
1424 2605 1546 2634 corpore
1562 2595 1629 2636 fir-

881 2638 968 2672 mior,
993 2641 1069 2667 cett.
1096 2646 1228 2667 sensus:
1257 2647 1335 2677 gens
1362 2636 1524 2674 Romana,
1550 2649 1631 2680 quo-

882 2679 1071 2724 tiescunque
1087 2679 1128 2710 ab
1144 2679 1234 2711 hoste
1249 2679 1334 2711 victa
1350 2685 1408 2716 est,
1433 2680 1527 2712 toties
1550 2692 1633 2713 nova

880 2728 992 2754 contra
1017 2733 1089 2753 eum
1114 2722 1264 2754 firmitate
1289 2723 1402 2764 surgit,
1426 2723 1523 2755 veluti
1555 2724 1631 2755 olim

883 2765 983 2808 hydra
1015 2766 1159 2802 Lernaea,
1191 2776 1275 2808 quae,
1306 2767 1560 2810 quotiescunque
1591 2768 1632 2799 ab

881 2809 951 2851 ejus
966 2819 1096 2851 corpore
1114 2819 1210 2840 unum
1227 2815 1327 2851 caput
1340 2810 1526 2842 desecuerat
1550 2812 1632 2842 Her-

883 2852 984 2888 cules,
1010 2852 1103 2883 toties
1126 2863 1164 2883 eo
1193 2853 1320 2888 firmior.
1351 2853 1497 2884 subnatis
1527 2855 1632 2884 statim

884 2896 1009 2927 duobus
1024 2895 1097 2926 aliis
1109 2895 1178 2938 (vel
1195 2895 1359 2938 pluribus)
1368 2896 1541 2939 capitibus,
1557 2907 1634 2928 con-

885 2944 932 2970 tra
947 2949 1032 2976 eum,
1046 2949 1110 2970 non
1126 2938 1194 2971 sine
1209 2939 1332 2975 dolore,
1358 2949 1391 2970 se
1414 2939 1455 2970 ab
1477 2949 1514 2970 ea
1538 2939 1635 2974 vinci,

886 2982 1087 3018 sentientem,
1111 2982 1308 3021 exsurrexit3
1349 2981 1397 3013 vel
1423 2982 1469 3012 uti
1494 2981 1568 3013 olim
1595 2991 1635 3012 ex

93 3026 253 3059 &emur
268 3028 362 3064 ulem,
385 3037 444 3058 nos
466 3026 555 3059 stulti
578 3027 662 3058 ultro
685 3031 844 3057 sectamur
876 3025 966 3099 2satis
981 3025 1132 3057 dentibus
1147 3025 1296 3057 draconis
1311 3025 1413 3062 illius,
1430 3035 1525 3066 quem
1550 3025 1636 3056 Cad-

585 3077 590 3082 '
838 3080 857 3100 ι’
