1904 3314
324 221 408 262 618

327 318 387 350 bus
416 318 516 351 Divos
551 331 724 363 puerosque
756 323 894 354 Deorum
923 325 984 366 Ep.
1015 323 1053 355 ad

328 360 396 392 Pis.
413 362 468 392 83.
513 365 544 399 3,
560 366 662 395 edere:
686 364 786 395 lucem
809 376 847 396 ex
871 366 956 396 fumo
980 366 1054 397 dare

328 403 389 444 Ep.
405 404 444 433 ad
460 403 529 435 Pis.
549 406 617 436 143.
661 406 863 446 gladiatorum
885 407 958 439 dare
978 419 1052 439 cen-

327 449 395 474 tum
418 445 505 486 paria
527 447 643 488 populo
666 449 733 478 Sat.
757 448 790 483 ii,
820 450 852 485 3,
875 451 930 480 85.
975 450 1053 480 risus

329 485 394 516 Sat.
411 486 433 521 i,
449 489 481 522 5,
495 489 556 525 983
579 489 643 519 Sat.
659 489 691 524 ii,
708 491 739 526 5,
755 491 808 522 57.
851 490 928 521 dant
950 492 1051 522 Furioe

326 529 624 612 iffi‘ssffiffsspmss‘ss
634 531 733 603 ⁰13·st
751 533 1050 616 ἷῖὲρζζὲωίρὲῗὲῗ

329 610 360 646 7,
379 612 427 641 14.
471 622 616 654 responsa
635 615 701 645 Sat.
717 615 739 650 i,
761 617 792 650 8,
807 617 861 646 29.
906 616 997 646 datus
1020 616 1052 647 in

326 651 446 684 theatro
461 654 589 695 plausus
603 655 664 686 Od.
681 656 702 692 i,
718 658 772 692 20,
784 658 815 688 3.
854 659 883 693 4,
901 660 1051 688 tribuere.-

326 694 497 726 mobilibus
520 697 639 728 naturis
661 697 754 729 decor
774 699 895 729 dandus
915 705 946 730 et
965 700 1054 730 annis

329 735 390 777 Ep.
415 738 454 768 ad
478 738 546 770 Pis.
575 740 646 771 157.
692 739 738 770 vis
765 747 846 772 recte
872 741 994 772 vivere‘!
1029 741 1054 772 si

327 777 422 809 virtus
445 779 504 811 hoc
527 790 591 811 una
614 786 715 822 potest
737 782 810 813 dare
834 783 893 823 Ep.
910 782 931 817 i,
952 784 982 820 6,
1001 785 1053 814 30.

327 818 387 850 hoc
409 821 489 862 juris
509 832 582 852 cum
600 823 691 854 venia
710 823 800 854 dabis
818 825 880 855 Sat.
897 824 917 859 i,
933 827 964 860 4,
986 826 1054 856 105.

327 861 450 893 veniam
467 864 530 894 Sat.
546 863 580 900 ii,
597 866 627 900 4,
644 867 684 903 5;
709 867 769 906 Ep.
785 866 806 901 i,
823 868 854 900 5,
873 867 930 903 10;
957 867 1016 908 Ep.
1033 867 1054 904 i,

328 903 360 941 7,
375 904 415 942 43
440 905 500 946 Ep.
516 905 554 936 ad
570 906 637 937 Pis.
654 908 787 942 11,264.
831 910 862 943 5,
880 911 1053 939 concedere:

326 949 479 976 trecentos
507 946 600 988 pedes
628 948 739 989 cippus
767 949 800 979 in
829 959 935 990 agrum
963 950 1056 980 dabat

328 986 393 1018 Sat.
409 987 431 1023 i,
447 989 544 1024 8,13.
587 989 641 1020 ubi
665 990 738 1031 quid
764 992 854 1021 datur
878 991 921 1021 oti
945 993 1010 1022 Sat.
1034 993 1054 1029 i,

328 1029 360 1063 4,
379 1029 451 1060 138.
491 1029 614 1061 dabitur
638 1031 762 1062 licentia
786 1034 844 1073 Ep.
862 1033 900 1062 ad
922 1033 988 1062 Pis.
1003 1035 1055 1064 51.

327 1079 421 1110 quern
442 1071 504 1101 sors
527 1081 652 1113 cunque
667 1073 785 1103 dierum
801 1073 890 1104 dabit
906 1075 966 1104 Od.
984 1075 1005 1109 i,
1021 1076 1053 1110 9,

330 1112 381 1142 14.
426 1119 564 1153 premant
587 1114 677 1149 falce,
694 1115 808 1155 quibus
827 1115 912 1146 dedit
932 1116 1055 1146 fortuna

326 1152 419 1184 vitem
444 1154 506 1184 Od.
530 1155 552 1191 i,
572 1157 624 1191 31,
648 1156 680 1186 9.
724 1156 749 1186 si
775 1165 835 1186 non
859 1157 949 1187 datur
974 1157 1055 1188 ultra

329 1194 389 1235 Ep.
415 1195 436 1232 i,
462 1196 491 1230 1,
516 1197 570 1226 32.
617 1197 714 1236 magis
739 1208 833 1238 quam
868 1198 921 1229 det
947 1204 1056 1230 natura

328 1236 395 1267 Sat.
423 1236 444 1274 i,
467 1238 500 1273 2,
527 1238 598 1268 124.
645 1238 779 1270 dederim
804 1250 929 1281 quoque
954 1246 1056 1271 cetera

327 1278 393 1309 Sat.
409 1278 430 1314 i,
450 1280 499 1315 10,
515 1282 546 1309 5.
587 1279 663 1320 quid
678 1281 771 1311 dem'!
793 1282 868 1322 quid
885 1292 945 1313 non
961 1283 1029 1313 dem
1043 1284 1055 1312 t

326 1320 386 1362 Ep.
402 1319 435 1356 ii,
451 1322 482 1356 2,
498 1322 551 1352 63.
595 1322 620 1352 81
640 1333 702 1353 11011
718 1323 778 1354 des
800 1325 865 1354 sat.
886 1323 919 1360 ii,
935 1325 968 1358 3,
981 1325 1055 1356 259.

326 1361 353 1392 si
383 1362 438 1393 das
468 1363 525 1394 hoc
555 1364 613 1405 Ep.
640 1364 674 1400 ii,
705 1366 732 1402 1,
760 1366 830 1395 125.
882 1365 969 1396 dedit
998 1366 1055 1397 hoc

326 1403 417 1435 hodie
433 1405 491 1447 Ep.
507 1404 529 1441 i,
548 1406 596 1441 16,
614 1406 667 1436 33.
707 1412 813 1438 noctes
827 1406 937 1447 potiori
955 1408 1055 1449 Epod.

331 1446 381 1481 15,
409 1447 458 1477 13.
509 1446 617 1477 ludum
652 1448 758 1478 Amori
786 1449 849 1479 Od.
876 1449 920 1485 iii,
951 1450 998 1484 12,
1027 1451 1055 1481 l.

325 1487 436 1529 pennis
465 1487 582 1519 homini
614 1499 676 1520 non
701 1489 782 1520 datis
809 1490 870 1521 od.
896 1491 918 1526 i,
943 1492 975 1526 3,
1002 1492 1054 1522 35.

325 1529 386 1571 piis
415 1530 555 1561 secunda
582 1531 655 1570 suga
685 1531 775 1562 datur
798 1532 899 1573 Epod.
927 1534 975 1570 16,
1001 1535 1053 1563 66.

325 1577 491 1619 perpetuus
511 1572 589 1602 nulli
610 1573 702 1603 datur
715 1584 789 1604 usus
806 1575 865 1615 Ep.
882 1574 914 1609 ii,
931 1577 961 1611 2,
982 1575 1053 1605 175.

325 1622 428 1644 amico
449 1624 519 1654 quae
543 1613 664 1646 dederis
691 1615 796 1646 animo
816 1616 878 1646 Od.
896 1616 938 1652 iv,
953 1617 983 1652 7,
999 1618 1052 1647 20.

325 1655 403 1695 quid
421 1655 507 1686 dabit
526 1657 567 1696 (i.
583 1667 610 1687 e.
629 1658 778 1687 licentiam
801 1669 876 1688 nova
894 1659 982 1688 verba
995 1658 1053 1700 fiz-

325 1699 441 1736 ciendi)
466 1697 595 1729 Caecilio
620 1698 821 1739 Plautoque!
846 1700 905 1741 Ep.
927 1701 967 1730 ad
986 1700 1052 1731 Pis.

325 1740 379 1770 54.
422 1738 534 1769 studiis
559 1749 656 1770 annos
679 1746 795 1782 septem
820 1741 906 1772 dedit
933 1742 993 1783 Ep.
1019 1741 1051 1777 ii,

325 1781 357 1817 2,
374 1781 426 1812 82.
468 1780 526 1811 das
547 1781 667 1822 aliquid
692 1782 783 1813 farnae
805 1783 870 1814 Sat.
889 1783 922 1819 ii,
942 1785 975 1819 2,
1000 1785 1053 1815 94.

325 1833 352 1853 c.
371 1824 482 1863 iusim:
506 1823 546 1853 da
569 1823 645 1854 mihi
670 1824 775 1855 fallere
803 1825 862 1866 Ep.
884 1825 906 1861 i,
929 1826 977 1862 16,
1002 1827 1054 1857 61.

325 1863 460 1895 dederim
480 1865 596 1905 quibus
619 1875 686 1897 esse
709 1866 807 1907 poetis
829 1869 896 1897 Sat.
917 1867 940 1903 i,
955 1870 985 1903 4,
1002 1869 1054 1900 39.

325 1906 421 1937 Musa
435 1906 539 1938 Graiis
560 1906 647 1938 dedit
666 1918 718 1938 ore
736 1908 868 1939 rotundo
891 1909 976 1950 loqui
995 1910 1054 1951 Ep.

326 1947 366 1978 ad
382 1948 448 1979 Pis.
461 1949 535 1979 323.
579 1949 622 1979 Di
647 1949 703 1980 tibi
721 1949 796 1981 dent
812 1956 902 1992 capta
923 1951 1053 1983 classem

325 1989 471 2021 reducere
493 1991 588 2031 Troja
615 1992 683 2022 Sat.
703 1991 736 2029 ii,
762 1993 793 2027 3,
819 1993 890 2023 191.
934 1994 964 2030 6,
984 2005 1052 2024 con-

324 2033 461 2067 stituere,
481 2034 597 2063 dicere:
623 2033 713 2064 detur
736 2033 823 2064 nobis
848 2034 922 2065 hora
946 2036 1011 2066 Sat.
1030 2036 1052 2071 i,

324 2075 357 2110 4,
371 2075 404 2104 5.
449 2073 500 2110 da,
523 2085 593 2115 quae
617 2075 715 2115 prima
732 2082 867 2106 ventrem
887 2077 1056 2117 placaverit

325 2125 397 2146 esca
419 2116 484 2146 Sat.
503 2115 536 2150 ii,
552 2118 583 2150 8,
600 2118 629 2146 4.
673 2118 764 2152 locut,
781 2117 821 2148 do
844 2127 956 2148 manus
975 2120 1054 2158 (vic-

325 2163 388 2188 tum
404 2169 448 2188 me
457 2157 580 2198 fateor)
602 2158 703 2200 Epod.
720 2160 770 2194 17,
791 2160 820 2189 1.
864 2170 896 2190 88
911 2161 1053 2202 praecipi-

325 2205 386 2229 tem
402 2199 486 2230 dedit
501 2200 566 2230 Sat.
581 2199 602 2235 i,
619 2201 650 2237 2,
667 2202 720 2230 41.
751 2200 823 2231 dare
838 2200 956 2231 circum
974 2207 1054 2234 tora-

326 2240 370 2270 lia
394 2247 494 2272 vestes
520 2242 585 2272 Sat.
609 2241 643 2276 ii,
670 2243 700 2279 4,
723 2243 776 2272 84.
819 2243 900 2272 datis
923 2243 1054 2274 vadibus

325 2284 392 2313 Sat.
409 2283 430 2318 i,
452 2284 481 2318 1,
510 2285 560 2314 ll.
605 2283 680 2314 satis
709 2294 862 2325 superque
891 2295 1054 2325 poenarum

324 2324 396 2355 dedi
412 2326 511 2372 Epod.
530 2326 579 2360 17,
597 2326 647 2356 19.
682 2335 794 2367 poenas
808 2325 894 2356 dedit
907 2327 974 2357 Sat.
987 2327 1008 2362 i,
1020 2329 1052 2363 2,

325 2368 378 2398 65.
428 2366 524 2398 lintea
550 2367 651 2408 Epod.
678 2368 729 2403 16,
751 2369 803 2398 27.
847 2367 914 2398 vela
941 2368 1003 2399 Od.
1031 2369 1052 2405 i,

325 2409 379 2444 34,
404 2409 444 2448 45
472 2409 533 2440 Od.
560 2408 600 2443 iv,
630 2410 681 2444 15,
706 2411 736 2440 4.
780 2409 872 2440 verba
895 2411 1054 2451 (decipere,

324 2449 558 2490 circumvenire)
575 2451 642 2481 Sat.
657 2450 678 2486 i,
693 2451 725 2486 3,
741 2452 794 2482 22.

367 2494 414 2523 de.
461 2494 489 2530 l,
504 2495 610 2528 locum,
628 2503 700 2529 rem,
721 2500 750 2523 et
767 2504 920 2533 personam
936 2495 1052 2535 signifi-

325 2541 387 2570 cat,
409 2546 428 2564 α
448 2546 505 2575 qua
531 2536 733 2574 prtficiscitur
753 2537 887 2576 aliquid:
911 2542 994 2567 certo
1014 2537 1053 2568 de

325 2575 449 2608 tramite
465 2576 551 2618 pellit
567 2577 634 2607 Sat.
649 2576 684 2612 ii,
703 2578 734 2611 3,
753 2578 807 2608 49.
851 2577 890 2608 de
912 2578 983 2608 sede
1004 2588 1052 2609 se-

325 2618 428 2650 cunda
441 2618 563 2650 cederet
578 2619 636 2660 Ep.
652 2619 691 2649 ad
707 2618 770 2649 Pis.
785 2620 860 2650 257.
897 2618 935 2650 de
951 2619 1053 2650 medio

325 2660 435 2691 sumtis
465 2661 523 2702 Ep.
552 2659 590 2690 ad
622 2660 689 2691 Pis.
719 2662 794 2691 243.
836 2661 986 2702 quicquid
1014 2661 1052 2693 de

325 2701 451 2743 Libycis
474 2702 603 2733 verritur
628 2702 707 2733 areis
731 2703 792 2733 Od.
815 2703 838 2739 i,
864 2705 892 2738 l.
919 2704 969 2733 10.
1015 2703 1054 2735 (18

326 2743 418 2775 rumis
432 2743 514 2775 oliva
528 2744 608 2775 lecta
623 2745 722 2785 Epod.
737 2745 768 2779 2,
784 2747 838 2776 55.
870 2745 932 2775 11110
947 2744 1054 2777 1011818

325 2787 364 2818 (18
380 2786 478 2827 gradu
493 2786 554 2817 Od.
572 2785 593 2822 i,
610 2787 663 2822 35,
680 2787 710 2816 2.
747 2786 785 2817 de
802 2792 907 2828 patera
921 2787 1054 2819 fundens

327 2829 390 2860 Od.
403 2828 426 2863 i,
441 2829 495 2864 31,
509 2829 542 2859 2.
585 2828 623 2859 de
638 2827 765 2859 conchis
782 2833 941 2869 unguenta
958 2829 1053 2861 funde

327 2871 390 2902 Od.
405 2870 438 2906 ii,
455 2870 486 2905 7,
502 2871 555 2902 23.
598 2879 710 2910 magno
725 2869 764 2901 de
782 2870 908 2902 flumine
927 2871 1052 2902 mallem

326 2915 392 2943 Sat.
413 2911 434 2948 i,
454 2913 482 2948 l,
499 2913 553 2944 55.
596 2913 635 2943 de
658 2917 782 2954 pectore
805 2918 910 2943 manat
934 2914 993 2954 ΕΡ.
1014 2913 1054 2944 ad

328 2954 394 2987 Pis.
418 2955 492 2986 337.
544 2953 667 2996 singula
695 2955 733 2986 de
764 2954 853 2985 nobis
883 2955 1054 2996 praedantes

859 237 1003 266 INDEX
1034 238 1292 267 VERBORUM·

1098 324 1171 355 anni
1187 325 1247 366 Ep.
1264 324 1296 359 ii,
1314 325 1346 360 2,
1362 325 1417 357 55.
1460 324 1499 356 de
1513 325 1692 367 quincunce
1705 331 1822 358 remota

1097 371 1143 396 est
1161 366 1255 396 uncia
1270 367 1329 407 Ep.
1345 367 1384 397 ad
1399 367 1464 398 Pis.
1477 368 1553 398 327.
1595 367 1635 398 de
1655 367 1753 400 solido
1770 367 1823 400 die

1096 413 1211 448 partem
1228 408 1348 439 demere
1362 409 1424 440 Od.
1438 409 1460 444 i,
1480 411 1507 446 l,
1523 411 1576 441 20.
1611 409 1651 441 de
1663 409 1716 440 die
1729 418 1821 442 0888-

1095 449 1211 479 sionem
1235 450 1389 490 rapiamus
1403 450 1504 492 Epod.
1525 452 1573 487 13,
1589 452 1620 482 4.
1663 451 1702 482 de
1718 450 1822 494 pueris

1094 490 1204 530 quaerit
1220 492 1285 522 Sat.
1301 491 1334 527 ii,
1350 493 1381 528 8,
1399 493 1452 524 81.
1495 493 1533 524 (18
1547 498 1576 524 te
1591 492 1729 535 pendens
1743 492 1822 524 nmi-

1095 542 1151 562 cus
1172 533 1231 574 Ep.
1251 532 1272 568 i,
1294 534 1322 569 1,
1344 535 1415 564 105.
1457 535 1488 572 2,
1508 537 1543 566 de
1565 541 1619 566 tem
1641 545 1689 566 ore
1712 545 1746 565 ex
1766 546 1823 575 quo

1094 575 1261 647 dzidmgdib
1270 574 1556 659 dgietetpglgrdmsgdli
1579 546 1755 649 iigssffibe'
1769 577 1824 650 23¹⁰.

1095 657 1198 688 media
1226 658 1296 688 luce
1325 659 1386 700 Ep.
1416 659 1438 695 i,
1464 661 1513 695 14,
1542 661 1594 693 34.
1652 660 1692 691 de
1720 659 1824 691 media.

1096 705 1185 729 nocte
1201 700 1267 731 Sat.
1283 699 1316 736 ii,
1332 702 1363 736 3,
1380 702 1463 738 2383
1487 702 1548 750 Ep.
1563 701 1586 737 i,
1598 702 1631 737 7,
1644 702 1706 740 883
1725 702 1786 744 Ep.
1799 701 1822 738 i,

1100 741 1149 775 18,
1166 742 1219 772 91.
1264 741 1302 772 de
1321 748 1411 774 nocte
1432 744 1493 786 Ep.
1515 754 1537 779 1,
1552 745 1584 779 2,
1601 744 1654 774 32.
1697 744 1729 780 3,
1743 746 1823 775 inte-

1093 793 1183 822 grum
1200 785 1325 819 indicat,
1341 787 1428 824 cujus
1446 796 1516 825 put-s
1529 792 1570 816 est
1589 786 1724 826 aliquid.-
1746 795 1824 827 pau-

1099 834 1152 865 per
1164 830 1195 855 et
1210 826 1314 856 infima
1329 825 1367 857 de
1381 833 1473 865 gente
1489 827 1553 858 Od.
1567 827 1602 864 ii,
1617 828 1649 863 3,
1664 828 1717 858 23.
1760 837 1825 858 una

1098 865 1136 896 de
1161 867 1265 897 multis
1290 868 1351 898 Od.
1378 867 1422 904 iii,
1451 870 1501 905 11,
1525 869 1578 900 33.
1619 869 1658 900 de
1682 866 1824 910 pluribus

1099 918 1161 938 una
1176 909 1235 950 Ep.
1251 909 1284 943 ii,
1299 911 1330 945 2,
1347 911 1421 941 212.
1453 910 1580 952 Epicuri
1594 911 1633 942 de
1648 921 1738 951 grege
1753 921 1824 952 por-

1098 950 1267 991 cus,Ep.i,
1283 953 1313 987 4,
1332 952 1381 982 16.
1424 951 1462 983 (18
1486 951 1571 984 mille
1594 951 1706 983 modiis
1730 952 1841 983 sarri--

1098 991 1146 1031 pis
1161 1001 1257 1022 unum
1276 993 1335 1034 Ep.
1351 992 1373 1027 i,
1392 994 1442 1029 16,
1456 995 1508 1026 55.
1541 994 1642 1024 multa
1656 993 1695 1025 de
1710 1003 1825 1035 magna

1098 1042 1190 1063 coena
1205 1040 1402 1080 superessent
1417 1035 1482 1065 Sat.
1498 1035 1531 1072 ii,
1548 1037 1580 1072 6,
1596 1037 1666 1066 104.
1697 1045 1771 1076 garo
1785 1036 1825 1066 de

1098 1074 1200 1104 succis
1225 1075 1320 1116 piscis
1347 1076 1430 1107 Iberi
1454 1077 1520 1108 Sat.
1540 1076 1574 1112 ii,
1593 1078 1628 1115 8,
1646 1078 1699 1108 46.
1741 1078 1774 1114 4,
1789 1080 1826 1109 de

1098 1122 1274 1156 argumento
1297 1119 1378 1148 unde
1398 1120 1512 1157 petitur
1534 1121 1647 1149 oratio:
1670 1129 1767 1160 quum
1786 1118 1825 1150 de

1099 1166 1131 1186 se
1154 1157 1290 1197 loquitur
1306 1159 1372 1189 Sat.
1386 1159 1407 1194 i,
1427 1161 1475 1196 10,
1491 1161 1544 1191 55.
1586 1159 1663 1202 quid
1685 1161 1724 1191 de
1745 1171 1824 1202 quo-

1098 1208 1159 1238 que
1174 1199 1238 1229 viro
1253 1199 1340 1230 dicas
1356 1201 1415 1242 Ep.
1430 1201 1452 1236 i,
1470 1202 1519 1236 18,
1536 1202 1589 1232 68.
1619 1201 1659 1233 de
1674 1207 1704 1233 te
1718 1201 1825 1233 fabula

1099 1247 1237 1272 narratur
1253 1242 1320 1272 Sat.
1335 1241 1357 1278 i,
1375 1244 1402 1278 l,
1418 1244 1470 1274 69.
1510 1243 1627 1274 mentio
1641 1244 1680 1274 de
1696 1243 1825 1286 Capito.

1097 1280 1154 1311 lini
1179 1282 1267 1313 furtis
1293 1284 1358 1314 Sat.
1383 1284 1405 1319 i,
1431 1286 1462 1321 4,
1485 1286 1537 1316 94.
1580 1290 1681 1316 cetera
1702 1285 1742 1316 de
1764 1285 1823 1317 hoc

1098 1333 1209 1361 genere
1225 1325 1291 1355 Sat.
1308 1324 1330 1360 i,
1350 1327 1377 1360 l,
1395 1327 1445 1358 13.
1488 1326 1564 1368 quid
1581 1326 1620 1358 de
1639 1337 1688 1358 me
1705 1326 1826 1368 judicet

1098 1364 1195 1396 haeres
1217 1367 1275 1407 Ep.
1293 1366 1325 1402 ii,
1342 1368 1373 1403 2,
1393 1368 1466 1399 191.
1509 1374 1562 1399 tua
1587 1368 1626 1399 de
1650 1378 1683 1399 se
1704 1368 1827 1410 judicia.

1098 1407 1158 1453 Ep.
1176 1407 1208 1443 ii,
1229 1410 1256 1445 l,
1271 1409 1346 1438 245.
1391 1409 1428 1441 (18
1448 1415 1477 1441 18
1492 1409 1599 1442 fecerit
1613 1410 1720 1442 Minos
1742 1410 1824 1441 arbi-

1098 1453 1156 1479 tna
1171 1449 1234 1480 Od.
1252 1450 1293 1484 iv.
1308 1450 1338 1485 7,
1354 1451 1407 1481 21.
1451 1451 1490 1483 (18
1505 1452 1598 1483 fratre
1611 1452 1718 1483 dolent
1733 1453 1791 1494 Ep.
1802 1452 1825 1489 i,

1101 1491 1151 1525 14,
1168 1492 1200 1522 7.
1243 1499 1421 1532 querentem
1436 1493 1563 1535 Sappho
1577 1493 1616 1525 de
1634 1493 1748 1535 puellis
1762 1494 1825 1525 Od.

1097 1530 1131 1564 ii.
1151 1533 1201 1567 13,
1217 1534 1270 1564 25.
1315 1533 1353 1564 (18
1374 1541 1554 1577 paupertate
1573 1540 1711 1567 tacentes
1726 1536 1787 1578 Ep.
1801 1535 1824 1572 i,

1101 1574 1150 1608 17,
1165 1575 1219 1605 43.
1263 1575 1301 1606 (18
1317 1581 1346 1606 te
1363 1576 1433 1616 plus
1447 1587 1542 1618 quam
1557 1577 1614 1608 tibi
1629 1577 1752 1609 credam
1765 1578 1826 1618 Ep.

1098 1614 1184 1651 i,16,
1205 1617 1253 1646 19.
1297 1617 1322 1647 si
1341 1617 1415 1658 quid
1435 1619 1608 1662 promittere
1626 1619 1665 1650 de
1685 1629 1735 1650 me
1753 1629 1825 1660 pos-

1096 1666 1164 1687 sum
1181 1659 1249 1689 Sat.
1266 1658 1287 1693 i,
1307 1660 1337 1694 4,
1356 1660 1426 1692 102.
1469 1661 1608 1692 rixantur
1621 1661 1660 1692 de
1680 1661 1755 1692 18118
1772 1670 1824 1692 88-

1097 1699 1185 1739 prina
1201 1701 1259 1741 Ep.
1275 1700 1296 1737 i,
1315 1702 1363 1735 18.
1381 1702 1431 1734 15.
1473 1702 1560 1733 missi
1577 1703 1616 1734 de
1638 1703 1760 1744 magnis
1778 1713 1827 1735 re-

1097 1741 1155 1771 bus
1171 1741 1236 1772 Sat.
1252 1741 1274 1776 i,
1289 1744 1319 1777 5,
1335 1744 1388 1774 28.

1139 1785 1206 1814 dea.
1259 1784 1354 1815 Delia
1385 1785 1448 1816 Od.
1478 1785 1520 1821 iv.
1549 1787 1581 1822 6,
1610 1787 1662 1817 33.
1716 1785 1826 1818 Thetis

1097 1825 1197 1866 Epod.
1215 1826 1266 1861 13,
1283 1827 1332 1857 12.
1377 1826 1422 1858 Dt
1438 1827 1579 1870 Deaeque
1595 1829 1660 1859 Set.
1673 1827 1708 1863 ii,
1722 1828 1754 1863 3.
1772 1829 1825 1860 16.

1139 1868 1325 1899 debacchari.
1378 1879 1440 1910 qua
1475 1876 1561 1912 parte
1594 1868 1828 1902 debacchentur

1097 1908 1185 1948 ignes
1201 1909 1262 1940 Od.
1277 1909 1322 1946 iii,
1339 1911 1371 1945 3,
1388 1913 1440 1943 55.

1139 1952 1296 1982 debellare.
1345 1952 1412 1984 rixa
1439 1962 1533 1994 super
1561 1963 1644 1985 mero
1672 1952 1827 1985 debellata

1099 1993 1162 2023 Od.
1177 1992 1199 2028 i,
1217 1994 1268 2030 18,
1283 1994 1316 2024 9.

1139 2037 1253 2066 debere.
1300 2037 1328 2070 1,
1349 2034 1406 2066 tibi
1430 2034 1580 2067 creditum
1604 2036 1698 2068 debes
1722 2035 1827 2078 Virgi-

1098 2075 1174 2106 lium
1191 2077 1253 2108 Od.
1268 2076 1290 2113 i,
1305 2078 1336 2112 3,
1353 2078 1384 2108 6.
1427 2077 1496 2108 laus
1515 2077 1562 2108 illi
1579 2078 1708 2110 debetur
1721 2078 1789 2108 Sat.
1802 2077 1826 2114 i,

1098 2119 1129 2154 6,
1143 2120 1194 2149 88.
1239 2118 1299 2160 qui
1309 2119 1423 2150 debent
1442 2119 1527 2161 ligna
1544 2120 1704 2160 salemque
1719 2120 1785 2150 Sat.
1800 2119 1824 2156 i,

1097 2161 1130 2195 5,
1153 2162 1206 2192 46.
1250 2161 1361 2192 debitae
1387 2171 1509 2192 coronas
1535 2162 1598 2192 Od.
1621 2161 1667 2196 iii,
1692 2162 1746 2198 27,
1771 2162 1826 2192 30.

1098 2199 1186 2232 vituli
1210 2202 1316 2234 debito
1339 2203 1490 2243 sanguine
1509 2203 1570 2234 Od.
1586 2203 1608 2240 i,
1623 2205 1677 2239 36,
1692 2205 1727 2234 2.
1770 2203 1825 2234 de-

1097 2242 1162 2273 bita
1181 2244 1254 2285 jura
1278 2245 1340 2275 Od.
1361 2245 1383 2280 i,
1403 2245 1458 2279 28,
1474 2246 1527 2276 32.
1571 2245 1676 2276 debita
1696 2245 1827 2276 lacrima

1099 2284 1160 2316 Od.
1175 2285 1208 2319 ii,
1222 2287 1253 2321 6,
1265 2287 1318 2316 23.
1361 2286 1428 2316 dies
1443 2287 1536 2327 longa
1550 2287 1671 2318 videtur
1684 2287 1826 2318 debenti-

1097 2326 1156 2356 bus
1181 2337 1259 2367 opus
1287 2328 1346 2369 Ep.
1369 2327 1391 2363 i,
1418 2330 1444 2365 l,
1463 2329 1518 2359 21.
1561 2329 1710 2360 debemur
1736 2327 1827 2360 morti

1098 2369 1156 2409 Ep.
1182 2369 1220 2399 ad
1246 2368 1310 2399 Pis.
1326 2370 1377 2400 63.
1420 2369 1521 2400 ventis
1540 2369 1709 2401 ludibrium
1731 2370 1827 2402 debes

1097 2410 1159 2440 Od.
1183 2409 1203 2446 i,
1231 2412 1279 2446 14.
1307 2412 1357 2442 16.
1400 2411 1477 2452 quid
1501 2411 1616 2444 debeas
1647 2411 1826 2444 Neronibus

1097 2451 1159 2482 Od.
1174 2451 1215 2487 iv,
1230 2454 1260 2488 4,
1276 2453 1330 2483 37.
1369 2453 1475 2494 patrive
1491 2453 1567 2494 quid
1585 2453 1696 2485 debeat
1711 2454 1771 2496 Ep.
1785 2453 1826 2485 ad

1097 2493 1163 2524 Pis.
1178 2494 1253 2525 312.
1296 2497 1327 2530 2,
1344 2505 1369 2525 c.
1383 2497 1414 2525 in
1433 2496 1513 2526 'nim
1535 2495 1580 2526 sic
1601 2505 1657 2527 nos
1673 2495 1824 2527 debemus

1097 2545 1158 2565 non
1176 2535 1312 2567 fastidire
1328 2537 1392 2567 Sat.
1408 2547 1430 2572 1,
1446 2538 1478 2572 3,
1493 2538 1545 2568 43.
1576 2537 1759 2580 respondere
1769 2537 1824 2569 de-

1094 2577 1189 2608 bebat
1202 2579 1264 2609 Sat.
1281 2578 1302 2614 i,
1319 2579 1351 2613 9,
1367 2579 1419 2610 37.
1462 2578 1556 2610 debes
1579 2579 1638 2611 hoc
1659 2579 1753 2611 etiam
1775 2589 1823 2610 18-

1095 2619 1226 2650 scribere
1245 2621 1304 2661 Ep.
1324 2619 1345 2654 i.
1361 2621 1394 2655 3.
1409 2620 1462 2651 30.
1505 2620 1634 2663 scriptor
1655 2621 1734 2652 inter
1755 2631 1824 2663 per-

1096 2660 1193 2692 fectos
1208 2661 1310 2693 referri
1325 2662 1417 2693 debet
1433 2663 1492 2704 Ep.
1504 2662 1538 2699 ii,
1554 2664 1583 2701 l,
1595 2663 1648 2694 37.
1677 2662 1825 2695 debentia

1097 2702 1157 2734 dici
1175 2704 1236 2745 Ep.
1252 2703 1291 2735 ad
1307 2703 1370 2734 Pis.
1385 2705 1436 2735 43.

1139 2746 1264 2776 debitor.
1303 2745 1373 2777 aeris
1389 2746 1455 2777 Sat.
1470 2745 1493 2782 i,
1509 2746 1541 2781 3,
1558 2747 1612 2776 86.

1139 2789 1308 2818 decantare.
1359 2797 1419 2818 neu
1456 2787 1646 2818 miserabiles
1677 2787 1824 2819 decantes

1095 2829 1199 2869 elegos
1225 2829 1290 2860 Od.
1312 2829 1335 2864 i,
1362 2830 1414 2866 33,
1442 2830 1472 2860 3.
1522 2829 1636 2860 Naenia
1659 2829 1823 2861 decantata

1098 2870 1240 2902 Camillis
1255 2871 1314 2913 Ep.
1331 2870 1352 2907 i.
1370 2873 1400 2907 1,
1416 2872 1470 2902 64.
1799 2911 1807 2917 ι

1137 2915 1286 2944 decedere.
1331 2914 1360 2948 1,
1374 2914 1457 2944 abire
1472 2926 1480 2943 .·
1503 2913 1549 2944 801
1565 2912 1719 2944 decedens
1731 2912 1821 2953 Epa,

1100 2956 1151 2992 16,
1167 2956 1198 2987 7.
1235 2954 1363 2988 decedet
1377 2955 1451 2987 odor
1465 2956 1532 2988 Sat.
1546 2955 1580 2994 ii,
1595 2956 1626 2992 4,
1642 2956 1698 2987 53.
1730 2953 1821 2985 dece-
