1884 3288
60 2526 64 2529 ·
110 2513 183 2546 elle
211 2514 368 2556 praeserret
379 2524 388 2552 ;

646 220 874 266 LIBER
908 220 994 272 ΙΙΙ,
1032 221 1102 263 21.

339 329 366 370 5
397 327 545 376 Quum
565 338 646 380 per
665 324 890 365 obstantes
906 323 1118 378 juvenum
1139 326 1336 363 catervas

393 395 481 437 Ibit
500 393 712 449 insignem
729 398 937 447 repetens
957 389 1230 440 Nearchum,

394 461 576 505 Grande
597 467 832 509 certamen,
854 459 935 501 tibi
956 459 1110 514 praeda
1130 458 1260 500 cedat

796 527 960 582 Major,
983 541 1038 568 an
1058 525 1133 567 illi.

390 597 584 646 Interim,
603 595 707 637 dum
729 602 777 637 tu
798 594 962 637 celeres
985 594 1167 650 sagittas

309 666 361 708 10
391 665 577 714 Promis,
600 663 694 705 baec
716 663 872 704 dentes
894 663 1012 704 acuit
1033 661 1267 712 timendos,

391 729 574 776 Arbiter
594 747 756 788 pugnae
776 731 978 787 posuisse
1000 730 1120 772 nudo

475 850 479 854 ,
797 799 892 841 Sub
915 799 1031 855 pede
1051 798 1237 854 palmam

389 870 564 920 Fertur,
586 876 630 911 et
649 867 737 910 leni
757 881 956 909 recreare
978 873 1108 908 vento

391 939 604 994 Sparsum
626 936 818 980 odoratis
839 935 1070 976 humerum
1091 932 1256 989 capillis
1276 949 1285 974 :

310 1009 362 1050 15
393 1007 548 1057 Qualis
569 1014 645 1049 aut
665 1005 832 1048 Nireus
858 1003 955 1053 fuit,
978 1010 1054 1044 aut
1075 1017 1241 1057 aquosa

795 1073 971 1129 Raptus
994 1073 1050 1114 ab
1073 1071 1167 1113 Ida.

650 1209 928 1254 CARMEN
963 1209 1097 1253 XXI.

595 1341 678 1373 AD
730 1325 1139 1372 AMPHORAM.

393 1437 437 1479 Ο
460 1450 583 1479 NATA
604 1450 774 1478 mecum
794 1434 972 1477 consule
994 1435 1178 1486 Manlio,

393 1505 482 1548 Seu
502 1512 550 1548 tu
571 1503 786 1561 querelaS,
811 1504 900 1546 sive
921 1504 1037 1559 geris
1054 1505 1202 1560 jocos,

106 1607 180 1639 tulis
195 1605 303 1651 ponit3
325 1605 432 1648 cogita
452 1605 550 1647 igitur
564 1616 620 1649 per
637 1607 786 1637 obstantes
793 1608 854 1646 ju-

103 1661 214 1685 venum
241 1657 378 1682 catervas
404 1649 548 1685 comites,
579 1648 636 1691 qui
666 1659 701 1681 se
732 1650 855 1685 leaenae,

105 1700 263 1736 raptorem
286 1693 464 1725 catulorum
488 1702 618 1724 suorum
642 1692 855 1735 persequenti,

105 1742 284 1780 opponunt.
327 1735 496 1776 Insignem,
517 1746 562 1767 sc.
582 1735 678 1766 forma
696 1748 704 1775 3
727 1738 784 1767 ibic
806 1746 855 1766 re-

102 1787 218 1821 petens,
248 1790 316 1823 pro,
346 1779 407 1810 ibit
435 1785 472 1811 ut
500 1783 634 1820 repetat,
664 1778 714 1810 vel
739 1778 854 1820 repeti-

105 1828 188 1859 tum,
215 1829 252 1855 ut
281 1833 351 1865 sup.
377 1822 424 1859 iii,
455 1823 507 1859 14,
535 1823 567 1858 6,
602 1822 733 1853 Prodeat
755 1822 856 1862 justis

106 1873 231 1907 operata
261 1865 350 1898 Divis
375 1876 442 1908 pro,
466 1871 502 1897 ut
529 1870 686 1907 operetur.
731 1865 858 1896 Grande

52 1947 64 1956 ,
106 1916 272 1945 certamen,
290 1910 348 1940 tibi
364 1910 470 1949 proeda
484 1910 571 1940 cedat
591 1909 708 1948 Major,
724 1920 766 1938 απ,
785 1910 834 1939 illi
844 1918 856 1944 ;

105 1951 140 1984 h.
164 1963 196 1984 e.
225 1951 354 1994 grandis
377 1951 572 1990 certaminis,
596 1956 702 1982 utrum
732 1951 789 1982 tibi
815 1962 856 1982 an

107 1994 157 2026 illi
183 1995 350 2037 contingat
375 1994 518 2030 victoria,
545 2004 676 2030 causam
706 1994 856 2026 futuram.

106 2038 279 2113 glearchus
295 2045 445 2071 certamen
461 2048 529 2081 pro,
545 2037 726 2069 certaminis
746 2047 857 2074 causa,

130 2082 238 2114 icitur.

150 2125 272 2158 9-16.
293 2124 436 2161 Interim,
453 2126 527 2156 dum
546 2130 583 2155 tu
602 2125 710 2155 celeres
728 2125 858 2166 sagittas

60 2166 64 2169 ’
109 2167 242 2200 Promis.
284 2167 389 2210 Atqui
416 2178 446 2199 v.
469 2169 502 2205 3,
527 2172 563 2198 ut
584 2169 723 2198 inaudax
748 2174 857 2207 raptor

107 2212 190 2245 ditm
213 2212 310 2243 leaenae
325 2212 436 2251 proelia
455 2210 614 2252 fugiturus
635 2221 706 2242 esse
727 2210 855 2241 diceba-

107 2258 180 2286 tur:
204 2254 330 2286 scilicet
349 2264 411 2285 non
431 2254 538 2285 statim
560 2254 600 2285 ab
621 2253 722 2291 initio,
738 2255 804 2287 sed.
822 2259 856 2284 ut

107 2297 154 2329 ihi
175 2297 313 2334 additur,
333 2304 398 2337 post
419 2298 538 2337 paullo.
584 2298 710 2328 Arbiter
728 2308 854 2339 pugnae,

108 2341 278 2373 Nearchus
309 2340 517 2384 βραβευτής,
547 2350 566 2371 a
599 2340 694 2382 cujus
726 2340 856 2371 arbitrio

108 2383 197 2419 stetit
210 2383 352 2416 victoria.
398 2384 540 2414 Palmam
556 2384 611 2414 sub
625 2385 697 2424 pede
712 2386 853 2423 posuisse,

107 2426 188 2459 nihil
213 2437 354 2465 curasse,
378 2425 607 2469 utri'palmam
634 2426 733 2462 daret,
763 2426 796 2457 h.
825 2436 854 2458 e.

109 2474 215 2503 utrum
236 2470 378 2514 puellam
397 2470 530 2512 Pyrrho,
555 2480 596 2500 an
619 2470 775 2512 Pyrrhum
799 2480 858 2512 pu-

417 2514 513 2555 plane
537 2518 572 2544 ut
598 2511 657 2543 illa
687 2513 800 2544 mulier
824 2513 858 2544 iu

111 2556 228 2599 cyatho
248 2556 382 2599 caprarii
404 2556 487 2599 apud
505 2555 668 2587 Theocrit.
687 2556 710 2592 i,
726 2556 768 2586 33
788 2565 858 2597 sqq.

108 2611 181 2632 -π
245 2598 279 2631 δέ
301 2598 333 2632 οἱ
347 2598 472 2642 ἄνδρες
491 2599 614 2631 Καλὸν
631 2598 860 2641 ἑθειρὰζοντες

111 2642 178 2685 ἀμο
217 2642 294 2681 αδὶς
307 2643 456 2675 ἄλλοθεν
470 2643 577 2680 ἄλλος
587 2642 768 2674 Νεικείουσ’
782 2642 856 2673 ἐπέ-

111 2696 193 2719 εσσι·
208 2687 252 2718 τὰ
266 2685 293 2718 δ’
309 2686 346 2718 οὐ
362 2687 482 2729 φρενὸς
495 2684 641 2718 ἅπτεται
654 2685 774 2722 αὐτᾶς.
796 2685 858 2716 Sub

107 2731 184 2770 pede
201 2726 285 2769 pohi,
300 2729 351 2761 vel
368 2731 494 2770 pedibus
513 2730 625 2769 suly'ici
646 2728 758 2770 (Virg.
779 2728 860 2760 Geo.

6 2778 12 2785 ’
44 2777 51 2781 “
112 2771 148 2809 ii,
163 2773 248 2813 492)
263 2771 392 2808 dicitur,
411 2773 496 2815 quod
513 2778 759 2807 contemnimus,
779 2770 860 2802 nihil

110 2825 274 2854 curamus,
296 2826 416 2857 susque
436 2816 541 2858 deque
562 2815 735 2846 habemus:
766 2817 860 2850 nudo,

114 2851 156 2893 td
170 2869 301 2894 morem,
318 2869 381 2901 quo
397 2859 486 2901 pueri
502 2857 702 2889 delicatiores
716 2868 779 2888 non
795 2858 861 2888 cal-

113 2901 209 2938 ocati.
240 2903 296 2934 sed
326 2901 437 2933 solenti
470 2901 672 2936 incedebant,
704 2900 862 2939 referunt3

115 2943 196 2977 mihi
215 2945 345 2986 quidem
371 2945 405 2976 in
429 2945 570 2986 epitheto
597 2946 692 2981 mido,
714 2944 798 2986 quod
821 2943 861 2974 ad

116 2993 261 3019 amatum
289 2988 435 3030 pertinet,
462 2987 548 3019 haud
576 2987 716 3028 urgenda
739 2987 863 3018 videtur

117 3029 356 3071 significationis
373 3030 558 3074 proprietas
597 3031 742 3070 Sparsum
755 3032 863 3061 odora-

899 1607 938 1638 tis
957 1608 1118 1638 humerum
1138 1607 1272 1647 capillis,
1294 1605 1325 1637 h.
1343 1616 1373 1638 e.
1394 1604 1574 1640 humerum,
1594 1614 1648 1636 su·

899 1660 955 1692 per
975 1661 1039 1692 quo
1054 1650 1166 1692 capilli
1181 1649 1353 1690 unguentis
1374 1648 1509 1680 delibuti
1526 1648 1647 1680 deflue-

899 1694 989 1725 bant.
1021 1693 1187 1724 Horatium
1200 1692 1342 1723 imitatus
1352 1698 1399 1724 est
1413 1691 1549 1723 Ovidius
1563 1693 1650 1723 Fast.

899 1735 934 1773 ii,
957 1737 1034 1772 509,
1053 1736 1121 1766 Ibat
1141 1738 1274 1767 odoratis
1294 1736 1431 1766 humeros
1447 1734 1576 1777 perfusa
1596 1746 1648 1764 ca-

898 1780 985 1819 pillis
1015 1779 1154 1809 Maeonis.
1198 1778 1277 1809 Leni
1305 1789 1442 1809 recreare
1465 1784 1564 1813 vento,
1592 1777 1649 1807 fla-

900 1822 985 1853 bello
1004 1821 1054 1853 vel
1071 1821 1188 1853 tabella
1206 1821 1348 1852 adhibita
1362 1833 1369 1859 ;
1382 1821 1550 1863 flabellum
1563 1820 1649 1851 enirn

900 1865 949 1896 vel
966 1866 1078 1896 tabella
1099 1865 1182 1906 (vid.
1200 1864 1245 1895 N.
1269 1863 1384 1895 Heins.
1401 1864 1442 1895 ad
1460 1863 1558 1895 Ovid.
1579 1864 1651 1895 Art.

901 1907 978 1939 Am.
1002 1907 1025 1943 i,
1056 1908 1135 1947 161)
1161 1907 1201 1939 ad
1227 1907 1437 1938 instrumenta
1462 1906 1652 1949 pertinebat,

900 1961 972 1992 quae
993 1951 1190 1982 mollioribus
1211 1951 1251 1982 ad
1269 1961 1384 1992 corpus
1401 1950 1577 1982 curandum
1598 1949 1650 1980 in-

900 1994 1072 2032 servirent;
1095 1993 1241 2036 exempla
1258 1993 1291 2024 in
1307 1994 1388 2025 hanc
1404 2004 1468 2024 rem
1484 1993 1548 2024 vid.
1564 1992 1651 2034 apud

901 2038 954 2069 Cl.
980 2037 1116 2069 Mitsch.
1162 2038 1236 2069 Jarn
1267 2047 1340 2068 vero
1365 2035 1452 2078 quod
1483 2036 1653 2067 Nearchus

902 2080 1078 2119 certamini,
1099 2080 1198 2123 ipsius
1217 2090 1316 2111 causa
1337 2081 1419 2111 inter
1439 2079 1596 2121 Pyrrhum
1620 2084 1654 2110 et

902 2124 1043 2165 puellam
1059 2129 1180 2157 exorto.
1196 2123 1242 2154 ita
1256 2123 1368 2155 adesse
1383 2122 1510 2161 dicitur,
1530 2128 1566 2153 ut
1581 2132 1651 2153 cor-

901 2178 962 2209 pus
991 2178 1084 2198 suum
1113 2167 1235 2197 interea
1270 2172 1363 2198 vento
1398 2176 1454 2208 per
1488 2165 1652 2197 flabellum

899 2210 982 2242 facto
1012 2210 1184 2251 refrigeret.
1217 2209 1250 2240 id
1281 2208 1477 2241 incuriosum
1508 2209 1579 2251 ejus
1612 2208 1652 2241 de

899 2254 1065 2296 utriusque
1082 2264 1187 2284 amore
1202 2252 1342 2284 animum
1359 2252 1485 2293 egregie
1499 2252 1654 2283 declarat.

901 2297 1036 2329 Nireus.-
1062 2298 1193 2328 Homer.
1209 2295 1304 2327 Iliad.
1319 2295 1354 2333 ii,
1372 2297 1449 2331 673,
1465 2296 1601 2338 Νιρεὺς,
1615 2296 1654 2333 ὃς

899 2340 1081 2378 κάλλιστος
1094 2339 1184 2381 ἀνὴρ
1197 2338 1384 2371 ὑπὸἼλιον
1396 2339 1494 2378 ἦλθε.
1529 2339 1652 2379 Raptus

898 2385 936 2414 ab
960 2384 1030 2420 Ida,
1052 2382 1278 2425 Ganymedes:
1302 2394 1426 2424 aquosa,
1450 2381 1535 2424 quod
1558 2381 1651 2412 multi

898 2426 1001 2459 sontes
1032 2426 1065 2457 in
1097 2432 1205 2458 monte
1239 2425 1300 2457 Ida
1332 2426 1518 2457 scatebant:
1558 2424 1655 2456 ovid.

904 2471 987 2503 Met.
1018 2469 1052 2505 ii,
1083 2470 1160 2505 218,
1191 2470 1386 2500 celeberrima
1406 2470 1551 2511 fontibus
1582 2468 1655 2500 Ida.

898 2511 974 2553 Ἰδη
992 2512 1200 2548 πολυπίδαξ.
1220 2511 1403 2551 πιόἡεσσα.

1116 2598 1322 2630 CARMEN
1348 2597 1445 2629 XXI.

945 2642 995 2672 M.
1013 2641 1142 2673 Valerio
1163 2641 1315 2672 Messalae
1338 2641 1486 2676 Corvino,
1505 2641 1560 2682 qui
1584 2641 1653 2671 Ho-

902 2685 981 2716 ratio
996 2695 1029 2716 se
1043 2684 1095 2715 die
1110 2685 1249 2726 quodam
1266 2683 1351 2726 apud
1365 2694 1437 2715 eum
1453 2690 1656 2715 coenaturum

904 2738 973 2758 esse
1023 2727 1180 2758 romisisse
1206 2727 1342 2763 videtur,
1365 2726 1460 2768 quale
1486 2727 1595 2758 vinum
1622 2727 1655 2756 in

905 2770 974 2812 ejus
1019 2781 1145 2802 onorem
1167 2770 1226 2801 hoc
1245 2770 1296 2802 die
1317 2770 1376 2801 sibi
1397 2769 1560 2801 laetissimo
1581 2780 1656 2811 sup-

906 2813 1106 2855 peditaturus
1117 2814 1168 2849 sit,
1182 2814 1241 2845 hoc
1251 2813 1392 2845 carmine
1402 2812 1537 2844 indicat.
1580 2813 1656 2843 Tes-

906 2861 969 2887 tam
998 2867 1122 2899 nempe,
1150 2867 1221 2899 quae
1245 2856 1355 2887 vinum
1386 2856 1566 2887 Massicum
1592 2865 1658 2886 uno

908 2909 992 2931 anno
1018 2910 1124 2931 secum
1155 2906 1264 2931 natum
1291 2904 1404 2935 servet,
1425 2899 1658 2941 depromturus,

905 2948 938 2974 et
952 2943 1010 2978 sic,
1027 2943 1141 2984 quanti
1157 2942 1333 2974 Messalam
1350 2953 1441 2973 suum
1458 2942 1568 2976 faciat,
1587 2951 1658 2981 pro-

906 2986 1039 3017 baturus
1052 2992 1112 3017 est.
1159 2987 1233 3024 Quo
1249 2986 1376 3028 quidem
1393 2985 1466 3015 vino
1479 2983 1555 3014 satis
1570 2993 1658 3014 com-

908 3029 1056 3060 mendato
1080 3029 1112 3060 in
1140 3029 1320 3060 universam
1351 3027 1417 3058 vini
1446 3026 1571 3058 laudem
1597 3025 1660 3067 (cf.
