1884 3288
308 186 365 227 36

866 185 1262 230 CARMINUM

538 287 564 327 5
594 285 697 327 Non
717 285 1001 339 Dindymene,
1024 301 1109 328 non
1130 288 1269 342 adytis
1290 289 1427 342 quatit

592 351 785 393 Mentem
805 353 1074 400 sacerdotum
1092 354 1232 396 incola
1252 355 1450 410 Pythius,

647 419 751 460 Non
773 419 906 461 Liber
925 435 1062 474 aeque,
1081 436 1165 462 non
1186 430 1311 464 acuta

704 485 751 526 Si
770 487 986 540 geminant
1007 487 1274 541 Corybantes
1296 504 1396 538 aera,

592 551 759 593 Tristes
779 559 828 593 ut
848 553 921 592 irae
939 567 948 593 e
980 566 1086 606 quas
1106 566 1246 606 neque
1265 553 1454 594 Noricus

510 621 562 661 10
591 620 797 661 Deterret
817 621 944 670 ensis,
966 634 1044 660 nec
1063 634 1179 660 mare
1199 620 1465 674 naufragum,

644 686 741 728 Nec
763 701 899 727 saevus
920 687 1047 740 ignis,
1069 701 1147 727 nec
1169 687 1391 728 tremendo

702 753 874 806 Jupiter
893 753 986 806 ipse
1005 767 1133 793 ruens
1155 752 1353 793 tumultu.

588 819 745 860 Fertur
767 817 1067 867 Prometheus,
1090 818 1249 859 addere
1270 818 1453 872 principi

590 885 713 926 Limo
734 892 907 926 coactus
928 883 1179 938 particulam
1199 885 1391 938 undique

504 952 555 991 15

642 951 888 999 Desectam,
910 957 953 990 et
973 950 1110 990 insani
1129 950 1263 991 leonis

698 1018 798 1059 Vim
819 1016 1036 1057 stomacho
1057 1018 1310 1070 apposuisse
1331 1024 1494 1058 nostro.

302 1125 454 1157 traditur:
479 1132 581 1157 exstat
605 1127 700 1168 hujus
721 1126 887 1167 palinodiae
910 1126 1035 1157 initium

302 1169 384 1208 apud
407 1169 570 1200 Platonem
593 1168 625 1199 in
651 1169 782 1199 Phaedro
805 1170 907 1210 (Opp.
930 1170 968 1199 T.
990 1168 1036 1205 iii,

302 1219 333 1250 p.
347 1211 440 1248 243).

347 1253 442 1283 1—4.
489 1253 583 1286 Quem
613 1254 778 1282 criminosis
807 1263 923 1292 cunque
952 1253 1039 1289 voles,

302 1298 377 1324 cett.
401 1294 430 1324 h.
451 1305 480 1324 e.
506 1294 587 1328 dele,
602 1305 720 1335 quaeso,
737 1304 923 1336 quocunque
946 1293 1036 1324 modo

299 1335 357 1365 tibi
379 1335 525 1377 placebit,
542 1336 723 1367 criminosos
746 1337 877 1370 iambos,
894 1336 959 1365 sive
983 1346 1035 1366 eos

301 1377 333 1407 in
355 1378 470 1418 ignem,
486 1377 551 1409 sive
566 1378 598 1408 in
621 1388 747 1419 aquam,
764 1378 911 1420 projicere
927 1377 1035 1408 mavis.

300 1419 411 1450 lambis
432 1422 608 1450 criminosis.
651 1419 766 1456 lambi,
784 1421 897 1460 quibus
919 1421 1036 1460 primus

299 1470 405 1492 eorum
421 1467 529 1492 auctor
544 1461 754 1493 Archilochus
770 1463 849 1503 (Ep.
870 1461 909 1492 ad
924 1462 988 1491 Pis.
1004 1473 1035 1492 v.

300 1503 352 1537 79.
385 1505 596 1535 Archilochum
627 1506 746 1543 proprio
779 1506 875 1534 rabies
905 1506 1036 1534 armavit

297 1546 412 1586 iambo)
435 1547 473 1577 ad
497 1547 574 1576 alios
597 1546 805 1577 traducendos
826 1556 901 1576 usus
925 1551 983 1582 est,
1006 1550 1038 1576 et

298 1595 371 1628 post
394 1599 465 1619 eum
493 1588 547 1619 alii
569 1594 680 1629 poetae,
703 1588 849 1618 dicuntur
873 1589 1034 1623 criminosi,

299 1629 374 1670 qnia
389 1640 436 1660 res
453 1636 558 1677 turpes
570 1630 683 1671 puellae
698 1629 954 1664 criminabantur,
972 1629 992 1660 i.
1005 1640 1034 1660 e.

297 1672 535 1702 contumeliosi:
562 1672 595 1702 in
626 1671 684 1702 hoc
711 1682 805 1702 sensu
836 1672 917 1712 apud
944 1672 1034 1702 Suet.

299 1712 412 1746 octav.
429 1714 482 1750 75,
500 1715 574 1744 liber
591 1715 859 1751 criminosissimus,
874 1714 907 1744 h.
922 1722 950 1743 e.
966 1723 1034 1743 ma-

296 1753 570 1791 ledicentissimus,
585 1755 711 1786 dicitur.
750 1756 960 1795 Quemcunque
975 1766 1033 1785 mo—

296 1797 368 1827 dum
389 1799 494 1828 iambis
514 1808 613 1836 pones,
634 1803 693 1834 est,
715 1803 840 1834 sortem,
860 1807 1032 1838 quamcun-

295 1849 356 1878 que
378 1839 465 1874 libet,
482 1839 592 1869 iambis
607 1839 663 1869 tibi
684 1850 796 1880 ponere
819 1845 850 1871 et
869 1840 1035 1870 decernere

294 1879 414 1912 licebit.
457 1882 543 1911 Mari
566 1882 727 1911 Hadriano
749 1892 816 1922 pro,
840 1881 1033 1916 Hadriatico,

295 1928 413 1958 ornate,
429 1933 497 1964 pro,
509 1933 591 1964 aqua
607 1933 809 1964 quacunque.
841 1923 916 1954 Pari
931 1923 1032 1958 modo,

294 1974 366 2005 quae
382 1965 495 1996 frustra
510 1965 541 1994 in
558 1965 682 1996 laudem
698 1965 807 1996 amicae
829 1975 894 1995 suae
909 1965 1031 1996 cecine—

294 2012 344 2036 rat
357 2007 507 2042 carmina,
522 2007 617 2038 deleri
633 2007 721 2048 cupit
732 2007 878 2037 Tibullus
892 2007 914 2042 i,
930 2007 961 2042 9,
978 2009 1030 2044 49,

295 2048 358 2079 Illa
371 2050 458 2080 velim
472 2052 582 2088 rapida
597 2050 749 2079 Vulcanus
763 2049 1030 2089 carminaflumma

296 2090 433 2126 Torreat,
450 2098 477 2122 et
493 2093 607 2131 liquida
622 2092 720 2122 deleat
734 2093 829 2121 amnis
845 2102 933 2131 aqua.

336 2135 356 2163 5
378 2143 448 2174 sqq.
471 2135 584 2170 Locus,
604 2133 629 2164 si
645 2132 715 2174 quis
738 2133 831 2167 alius,
852 2132 930 2162 mira
952 2133 1027 2163 sub-

292 2173 423 2206 limitate
438 2175 583 2216 insignis.
623 2176 682 2206 Irae
698 2175 842 2208 furorem,
858 2174 909 2215 cuj
917 2185 950 2204 us
965 2175 1028 2205 vim

292 2217 385 2248 modo
414 2224 554 2248 senserat
584 2223 687 2259 poeta,
713 2217 780 2258 jam
809 2217 1028 2257 descripturus,

293 2268 374 2290 novo
393 2260 495 2300 quasi,
510 2270 573 2300 quo
593 2265 691 2300 poetae
714 2259 825 2300 agitari
847 2259 959 2294 solent,
979 2259 1027 2289 fu-

291 2310 358 2332 rore
379 2300 424 2332 ita
443 2301 618 2335 incalescit,
635 2307 669 2332 ut
688 2300 768 2332 furor
790 2300 922 2331 furorem
937 2310 1030 2342 pepe-

290 2341 368 2375 risse
389 2343 540 2374 videatur.
586 2343 696 2374 Nexus
714 2349 746 2374 et
766 2353 874 2373 sensus
895 2342 928 2373 h.
944 2342 965 2372 l.
984 2348 1031 2373 est

291 2383 355 2416 fere
381 2385 450 2416 hic:
474 2385 625 2416 indomita
653 2390 768 2421 autem,
794 2395 857 2426 qua
887 2384 927 2415 ad
955 2384 1030 2416 istos

290 2426 410 2458 iambos
424 2427 604 2459 scribendos
620 2427 766 2468 abreptus
782 2437 864 2462 sum,
878 2437 928 2458 me
946 2426 1029 2468 apud

290 2473 322 2499 te
343 2479 494 2501 excusare
521 2470 614 2501 debet
640 2469 692 2500 irae
715 2468 930 2500 vehementia:
955 2478 1029 2499 nam

290 2519 391 2552 neque
411 2511 540 2553 Cybele,
562 2511 587 2542 si
611 2510 679 2552 ejus
703 2521 792 2542 sacra
812 2510 1027 2547 instituuntur,

289 2562 403 2594 neque,
415 2553 542 2595 Apollo,
553 2554 580 2584 si
592 2553 624 2583 in
636 2552 743 2594 templi
756 2553 804 2583 sui
814 2552 1028 2594 penetralibus

288 2596 482 2627 sacerdotum
506 2601 629 2638 pectora
650 2600 794 2636 occupat.
817 2604 920 2636 neque
943 2595 1026 2626 Bac-

287 2637 379 2672 chus,
392 2637 419 2668 si
431 2637 464 2668 in
479 2638 548 2680 ejus
564 2638 709 2668 honorem
723 2637 919 2668 celebrantur
930 2638 1026 2676 orgia,

288 2689 392 2720 neque
419 2680 625 2722 CorybanteS,
647 2678 674 2709 si
697 2689 777 2711 aerea
801 2678 947 2720 cymbala
969 2678 1028 2710 ite-

287 2721 362 2752 ratis
383 2721 497 2753 ictibus
512 2723 650 2764 pulsant,
668 2726 788 2752 tantum
811 2720 924 2751 animis
945 2720 1027 2751 furo·

287 2773 351 2794 rem
379 2763 538 2804 injiciunt,
565 2768 716 2805 quantum
746 2773 837 2794 saevae
865 2762 930 2798 irae,
954 2773 1026 2804 quae

286 2805 376 2837 nulla
393 2807 519 2837 omnino
534 2806 565 2837 vi
585 2812 618 2837 et
634 2805 766 2847 periculi
787 2805 906 2840 timore,
924 2815 1025 2845 neque

284 2857 372 2881 ense.
390 2857 410 2878 n
454 2859 491 2880 ue
511 2849 601 2884 mari,
620 2858 720 2888 neque
740 2847 818 2888 igni,
835 2857 937 2888 neque
960 2847 1020 2877 ful-

284 2858 552 2921 minibuseilomari
565 2895 596 2922 et
606 2890 762 2931 compesci
774 2894 913 2930 possunt.
937 2889 1018 2919 Din-

283 2933 419 2972 dymene,
435 2932 564 2974 Cybele,
579 2931 737 2975 appellata
759 2931 803 2962 ita
825 2940 844 2962 a
866 2931 1019 2972 Dindyma

1077 1126 1127 1157 vel
1146 1128 1319 1168 Dindymis,
1336 1126 1482 1167 Phrygiae
1497 1130 1614 1163 monte,
1629 1125 1699 1167 ejus
1713 1125 1815 1158 cultui

1079 1178 1167 1199 sacro
1182 1180 1190 1204 ς
1214 1170 1408 1210 Dindymena
1423 1170 1543 1199 domina
1557 1167 1672 1199 dicitur
1687 1167 1814 1199 Catullo

1080 1210 1158 1246 lxiii,
1186 1212 1234 1242 13.
1278 1212 1329 1242 De
1353 1210 1489 1252 Cybeles
1514 1209 1624 1245 sacris,
1645 1210 1679 1240 in
1701 1209 1814 1251 quibus

1081 1252 1165 1294 hujae
1187 1254 1253 1284 deae
1275 1253 1462 1288 sacerdotes,
1479 1252 1566 1284 Galli
1581 1252 1628 1283 vel
1652 1252 1813 1292 Coryban-

1079 1299 1136 1330 tes,
1150 1301 1376 1336 tympanorum,
1391 1295 1613 1336 cymbalorum,
1625 1299 1656 1324 et
1668 1293 1815 1325 tibiarum

1079 1336 1182 1367 sonitu
1205 1338 1244 1368 ad
1266 1338 1410 1371 eundem,
1433 1347 1496 1378 quo
1518 1335 1577 1377 ipsi
1605 1335 1814 1376 agitabantur,

1079 1378 1212 1409 furorem
1236 1379 1314 1409 alios
1330 1389 1436 1420 rapere
1458 1379 1638 1413 studebant,
1654 1387 1702 1408 res
1719 1382 1811 1408 nota:

1080 1421 1120 1450 cf.
1145 1421 1270 1451 Lucret.
1293 1420 1327 1456 ii,
1349 1422 1412 1451 616
1435 1430 1504 1461 sqq.
1549 1419 1668 1451 Catull.
1689 1419 1815 1455 lxiii,et

1079 1461 1168 1502 Virg.
1185 1464 1262 1494 AEn.
1287 1463 1331 1499 ix,
1354 1463 1429 1493 617.
1474 1463 1595 1503 Adyris,
1617 1461 1761 1492 interiore
1782 1466 1815 1493 et

1077 1505 1239 1536 secretiore
1263 1504 1372 1546 templi
1394 1509 1608 1546 parim-quam
1630 1509 1740 1546 praeter
1763 1513 1814 1535 sn-

1078 1547 1216 1578 cerdotes
1239 1546 1356 1577 nemini
1382 1546 1496 1576 intrare
1525 1546 1572 1576 fas
1602 1545 1681 1585 fuit5
1702 1547 1813 1586 quatit,

1079 1588 1188 1627 agitat,
1215 1588 1376 1621 concutit:
1398 1595 1524 1618 mentem
1546 1589 1742 1624 sacerdotum,
1765 1586 1814 1619 in·

1079 1630 1184 1670 tellige
1199 1630 1340 1671 inprimis
1357 1629 1504 1671 Pythiam
1518 1635 1550 1661 et
1562 1629 1709 1671 Sibyllae.
1746 1630 1812 1671 Py-

1079 1672 1170 1708 thius,
1194 1672 1310 1713 Apollo
1333 1671 1519 1713 Delphicus,
1542 1681 1560 1702 a
1583 1671 1727 1713 Pythone
1747 1681 1813 1703 ser-

1078 1719 1170 1754 pente
1185 1715 1288 1744 occiso
1303 1714 1348 1745 sic
1361 1714 1464 1745 dictus
1477 1724 1486 1751 ;
1506 1714 1616 1749 incola,
1634 1713 1666 1744 h.
1680 1723 1711 1745 e.
1725 1713 1815 1744 habi-

1080 1760 1147 1785 tans
1169 1755 1260 1797 quasi
1282 1756 1315 1786 in
1337 1762 1469 1798 pectore,
1491 1755 1524 1786 in
1546 1755 1629 1797 quod
1652 1765 1685 1786 se
1709 1755 1812 1798 ipsum

1076 1796 1153 1828 deus
1171 1798 1310 1834 immisit,
1325 1798 1386 1833 vel,
1401 1797 1484 1839 quod
1499 1798 1627 1828 numine
1641 1807 1698 1829 suo
1714 1807 1811 1830 occu-

1077 1840 1184 1880 pavit3
1207 1839 1280 1871 hinc
1303 1840 1425 1882 Sibylla
1449 1840 1531 1882 apud
1554 1840 1643 1880 Virg.
1665 1840 1745 1871 AEn.
1766 1839 1811 1877 vi,

1077 1882 1130 1917 77,
1147 1884 1189 1912 At
1210 1883 1312 1913 Phoebi
1329 1885 1461 1913 nondum
1481 1884 1600 1922 patiens
1619 1883 1757 1913 immanis
1777 1883 1812 1914 in

1076 1930 1165 1954 antro
1188 1924 1361 1955 Bacchatur
1380 1931 1472 1960 vates,
1489 1935 1632 1965 magnum
1652 1926 1678 1955 σι’
1697 1930 1814 1964 pectore

1073 1967 1163 2003 possit
1187 1966 1354 1997 Excussisse
1375 1969 1474 2002 deum,
1497 1971 1572 1997 cett.
1596 1965 1658 1996 nisi
1682 1966 1814 1998 fortasse

1075 2008 1111 2038 τὸ
1127 2009 1223 2038 incola
1237 2008 1349 2039 rectius
1362 2008 1401 2038 ad
1411 2010 1515 2049 adytis
1526 2008 1680 2044 retuleris,
1690 2013 1728 2039 ut
1737 2008 1811 2039 sim-

1074 2049 1195 2090 pliciter
1217 2050 1268 2085 sit,
1283 2050 1338 2091 qui
1359 2050 1391 2080 in
1410 2049 1449 2080 iis
1467 2050 1597 2080 habitat.
1641 2049 1752 2080 Liber.-
1773 2050 1812 2081 de

1074 2091 1174 2122 furore
1189 2091 1256 2127 illo,
1271 2103 1334 2132 quo
1350 2091 1487 2123 Bacchae
1501 2097 1533 2123 et
1548 2091 1713 2123 Maenades
1727 2092 1811 2124 cele-

1070 2133 1158 2164 brare
1175 2134 1316 2164 solebant
1330 2134 1425 2174 orgia,
1437 2133 1543 2165 omnia
1553 2133 1586 2164 in
1598 2133 1712 2174 vulgus
1724 2140 1810 2165 nota.

1073 2175 1141 2205 Non
1167 2182 1258 2206 acuta-
1287 2177 1319 2206 Si
1343 2178 1501 2217 geminant
1530 2176 1712 2216 Corybantes
1738 2187 1810 2214 «ιτα,

1067 2216 1168 2258 junge
1181 2230 1187 2247 :
1214 2229 1272 2247 non
1287 2218 1466 2259 Corybantes
1481 2219 1546 2259 (sc.
1560 2218 1708 2258 quatiunt
1722 2228 1810 2260 mque

1071 2259 1236 2299 mentem),
1249 2262 1274 2290 si
1287 2267 1378 2291 aerata
1392 2271 1452 2291 aera
1464 2262 1620 2300 geminant
1627 2272 1639 2298 ,·
1662 2259 1809 2291 nimirum

1073 2300 1140 2342 ipsa
1160 2302 1218 2332 dea
1234 2302 1423 2343 Dindymene
1439 2302 1596 2333 ministros
1617 2311 1691 2332 suos
1711 2302 1808 2343 Cory-

1073 2344 1175 2374 hames
1197 2343 1260 2374 sive
1283 2344 1404 2375 Curetes
1426 2345 1458 2374 in
1482 2344 1614 2374 furorem
1633 2343 1737 2380 mittit,
1753 2343 1808 2386 qui

1074 2384 1114 2415 ad
1129 2385 1275 2420 eundem,
1290 2388 1357 2417 oeris
1374 2387 1469 2422 acuti,
1488 2385 1520 2416 h.
1533 2396 1563 2418 e.
1583 2385 1807 2427 cymbalorum,

1074 2427 1186 2458 acriter
1205 2434 1236 2458 et
1259 2434 1350 2460 acute
1371 2427 1561 2464 sonantium,
1577 2427 1682 2470 pulsu,
1697 2427 1807 2460 stimu-

1074 2468 1182 2500 labant
1197 2470 1289 2500 alios.

1114 2512 1233 2542 9—12.
1256 2512 1399 2546 Noricus,
1422 2511 1582 2554 epitheton
1603 2521 1718 2543 ornans
1739 2522 1806 2555 pro,

1070 2553 1367 2594 praestantissimus;
1389 2553 1464 2594 quia
1487 2553 1651 2590 Noricum,
1761 2555 1807 2586 11-

1070 2595 1172 2636 lyrici,
1190 2595 1455 2637 praestantissimo,
1472 2595 1556 2638 quod
1575 2595 1620 2627 ibi
1639 2563 1808 2628 affitibu-

1070 2643 1130 2674 tur,
1162 2638 1240 2669 ferro
1270 2637 1375 2668 nobile
1407 2637 1476 2668 suit.
1522 2637 1733 2679 Naufragum,
1766 2639 1806 2670 ob

1070 2679 1226 2720 naufragii
1246 2679 1420 2721 periculum
1438 2678 1635 2718 timendum;
1657 2682 1806 2711 tranendo

1070 2722 1194 2761 Jupiter
1209 2724 1269 2761 ipse
1283 2732 1372 2752 ruens
1387 2723 1536 2756 tumultu,
1553 2721 1716 2762 magnifice
1737 2732 1805 2764 pro,

1070 2763 1194 2805 Jupiter
1221 2769 1333 2794 tonans
1363 2768 1395 2794 et
1426 2763 1556 2794 fulmina
1586 2764 1736 2803 mittens;
1765 2774 1804 2795 ex

1069 2805 1171 2847 prisco
1187 2806 1268 2837 enim
1285 2804 1434 2847 loquendi
1450 2814 1560 2846 genere
1573 2805 1699 2848 Jupiter
1710 2805 1761 2848 (h.
1774 2816 1805 2838 e.

1065 2846 1175 2886 aether)
1199 2849 1247 2879 vel
1270 2848 1380 2882 imbre,
1396 2847 1446 2878 vel
1463 2847 1546 2882 nive,
1563 2848 1614 2878 vel
1636 2847 1752 2879 tonitru
1773 2853 1806 2880 et

1063 2890 1193 2921 fulmine
1210 2890 1242 2920 in
1259 2895 1369 2921 terram
1384 2888 1571 2920 descendere
1581 2888 1704 2927 dicitur,
1718 2890 1803 2921 unde

1062 2931 1116 2963 ille
1139 2933 1217 2969 Ζεὺς
1240 2930 1462 2972 καταιβάτης·
1486 2930 1544 2963 inf.
1566 2931 1669 2974 Epod.
1693 2932 1744 2968 13,
1770 2934 1800 2969 l,
