1904 3314
636 171 866 214 LIBER
897 170 932 222 I,
963 171 1035 213 20.

182 274 298 317 Hinc
319 274 403 317 illae
423 275 610 317 lacrimae
625 276 635 316 !

1520 173 1605 214 497

697 274 862 329 Spissis
883 273 1063 328 indigna
1084 271 1266 314 theatris

180 342 356 398 Scripta
377 342 514 399 pudet
534 342 733 392 recitare,
754 349 799 383 et
820 341 948 396 nugis
970 340 1135 382 addere
1155 340 1345 395 pondus,

181 409 230 451 Si
250 410 366 462 dixi3
399 409 552 459 Rides,
575 408 650 459 ait,
671 415 716 450 et
737 408 861 450 Jovis
883 408 1063 450 auribus
1084 408 1169 449 ista.

180 478 361 520 Servas:
393 476 494 519 fidis
515 477 628 518 enim
648 491 823 519 manare
845 474 1165 536 poeticabmella

92 545 152 587 45
180 545 250 588 Te
273 544 424 595 solum,
446 545 524 587 tibi
547 543 747 600 pulcher.

812 545 887 586 Ad
909 544 1003 586 haec
1025 559 1108 600 ego
1126 545 1306 587 naribus
1329 545 1392 587 uti

179 613 408 655 Formido:
440 619 500 662 et,
522 612 726 655 luctantis
749 619 878 654 acuto
900 627 954 654 ne
978 627 1103 654 secer
1126 613 1276 668 ungui,

180 681 396 736 Displicet
417 681 499 727 iste
519 679 656 732 locus,
680 680 832 731 clamo,
855 687 900 722 et
921 679 1087 722 diludia
1106 695 1256 735 posco.

181 749 338 791 Ludus
355 750 469 791 enim
489 749 641 805 genuit
662 749 883 805 trepidum
904 755 1125 791 certamen
1146 755 1191 790 et
1211 748 1331 798 iram,

180 817 254 860 Ira
274 824 420 860 truces
441 817 683 859 inimicitias
709 824 754 859 et
774 816 958 859 funebre
978 814 1154 859 bellum.

607 993 932 1037 EPISTOLA
963 992 1072 1035 XX.

522 1124 601 1156 AD
649 1123 899 1155 LIBRUM
949 1122 1140 1154 SUUM.

183 1231 493 1273 VERTUMNUM
515 1230 779 1285 Janumque,
801 1229 928 1280 liber,
952 1237 1150 1285 spectare
1173 1229 1354 1280 videris;

183 1298 359 1341 Scilicet
380 1306 428 1340 ut
449 1305 622 1353 prostes
646 1297 874 1339 Sosiorum
895 1298 1067 1352 pumice
1088 1298 1290 1339 mundus.

66 1437 214 1476 expertus
228 1436 280 1464 ,eet
298 1430 434 1474 judicia,
450 1441 524 1473 quae
540 1435 646 1463 tamen
663 1430 815 1462 Horatius

67 1485 180 1518 parum
195 1474 338 1511 curavit;
361 1473 408 1505 uti
424 1474 486 1506 fere
509 1479 614 1505 nostra
638 1479 732 1505 aetate
753 1477 813 1506 ini-

67 1529 142 1560 quas
155 1528 264 1550 eorum
278 1517 335 1559 qui
349 1524 532 1548 recensentes
545 1517 681 1548 audiunt
703 1527 815 1559 parum

68 1571 218 1593 curamus
243 1559 428 1591 sententias.
474 1560 644 1596 Nobilium,
670 1570 725 1602 per
752 1559 814 1591 iro-

69 1603 166 1642 niam,
181 1609 219 1634 ut
235 1603 371 1634 videtur.
420 1603 532 1634 Ultor.-
555 1602 611 1644 qui
633 1602 772 1644 aliquem
797 1612 816 1633 a

69 1645 319 1696 reprehensione,
350 1645 581 1680 criminatione,
612 1644 662 1675 vel
700 1645 817 1686 injuria

69 1689 181 1732 aliqua
205 1687 360 1724 defendit,
383 1687 410 1720 is
434 1688 503 1730 ejus
528 1693 576 1719 est
601 1687 693 1729 quasi
719 1690 815 1724 ultor,

67 1731 196 1768 vindex,
211 1737 376 1775 patronus.

113 1775 170 1811 40,
190 1775 245 1807 41.
269 1775 412 1805 Ambit-o.-
447 1772 503 1815 qui
527 1773 668 1805 studiose
695 1772 817 1815 aliquid

70 1824 232 1850 sectantur
244 1822 279 1849 et
299 1822 464 1860 appetunt,
481 1816 513 1847 id
528 1817 644 1847 ambire
657 1815 819 1847 dicuntur.

71 1861 297 1892 Grammaticus
318 1861 417 1891 tribus
429 1872 438 1890 .-
463 1859 764 1897 Grammaticorum,
783 1864 820 1890 ut

69 1902 117 1935 ita
133 1903 252 1940 dicam,
273 1902 411 1944 collegia
434 1902 534 1933 facete
558 1902 702 1932 nominat
720 1903 820 1933 tribus

73 1946 310 1982 Grammaticus,
325 1944 416 1988 quasi
435 1955 533 1987 penes
555 1954 608 1976 eas
630 1945 684 1987 jus
705 1944 819 1975 suffra-

71 1989 195 2032 giorum
215 1988 281 2020 sive
303 1988 408 2020 laudis
430 1987 656 2019 distribuendae
680 1993 820 2030 potestas

70 2032 122 2064 sit.
167 2032 254 2064 Hinc
275 2033 336 2063 itlae
363 2031 520 2062 lacrimae!
548 2030 624 2061 hinc
650 2030 820 2072 repetenda

72 2081 122 2107 est
142 2074 429 2107 Grammaticorum
451 2073 605 2115 iniquitas
628 2079 660 2105 et
681 2073 820 2104 malevo-

72 2117 191 2150 lentia!
238 2118 311 2149 Hoc
333 2116 455 2148 dictum
475 2116 615 2148 Terentii
630 2116 732 2147 Andr.
747 2116 770 2152 i,
790 2117 820 2152 1,

73 2161 130 2199 99,
150 2160 217 2204 jam
238 2166 308 2192 tum
329 2159 369 2191 de
391 2159 538 2201 querelis,
561 2169 696 2200 quarum
721 2169 821 2190 causa

72 2204 199 2235 tandem
215 2203 363 2247 aperitur,
379 2202 413 2233 in
427 2201 627 2245 proverbium
644 2202 732 2233 abiit.

117 2247 172 2283 41,
196 2247 251 2278 42.
280 2247 388 2286 Spissis
415 2247 546 2287 indigna
577 2245 714 2284 theatris,
744 2250 820 2276 cett.

31 2328 33 2330 ,
73 2290 181 2322 Pudet
201 2299 253 2322 me
276 2288 429 2324 carmina,
452 2287 539 2319 haud
564 2287 663 2329 digna
685 2298 759 2329 quae
786 2287 819 2318 in

74 2332 159 2369 loco,
171 2331 229 2365 ubi
243 2341 360 2374 magna
374 2331 538 2363 hominum
550 2330 725 2372 frequentia
743 2340 818 2362 con·

31 2413 33 2418 ⁴
73 2375 174 2412 venit,
189 2374 372 2410 audiantur,
384 2373 525 2410 recitare,
536 2379 568 2405 et
583 2375 694 2416 (magis
709 2375 822 2405 addere

28 2446 32 2454 .
73 2416 209 2460 pondus)
224 2418 307 2450 levia
324 2417 454 2450 reddere
473 2416 554 2448 velle
576 2417 694 2458 gravia.
740 2417 822 2456 Spis-

76 2463 118 2494 εει
138 2462 285 2493 numm.-
308 2460 367 2493 int.
387 2460 488 2503 Epist.
510 2459 663 2498 ii,1,60.
682 2460 823 2491 Roma-

27 2511 31 2514 *
76 2509 164 2536 creto
183 2505 298 2544 stipata
319 2504 458 2540 theatr0;
482 2507 515 2534 et
533 2502 591 2533 inf.
610 2502 643 2534 in
663 2502 767 2545 Epist.
785 2503 825 2534 ad

39 2572 46 2589 ,
77 2546 148 2580 Pin.
162 2547 240 2586 205,
253 2548 346 2588 spissa
359 2547 480 2578 sedilia.

44 2588 45 2592 ¹
121 2590 263 2622 43—45.
286 2589 392 2626 Rides,
415 2590 474 2624 ait,
497 2593 574 2620 cett.
599 2587 644 2618 ait
668 2586 785 2629 aliquis
808 2597 826 2619 e

44 2650 46 2675 3
76 2631 164 2665 tribu
185 2631 413 2668 Grammatica,
427 2632 479 2663 Tu
503 2641 560 2662 nos
584 2629 681 2666 ludis,
703 2635 736 2661 et
756 2640 824 2661 car·

79 2674 168 2708 nina
190 2680 248 2707 tua
270 2675 412 2716 Augusti
436 2674 568 2706 auribus
594 2682 698 2704 servas
711 2683 720 2711 3
754 2682 824 2714 per-

47 2719 50 2750 [
78 2727 206 2750 nasum
230 2717 317 2750 enim
340 2717 399 2749 tibi
425 2717 523 2749 habes
548 2714 675 2758 (fidis),
702 2719 732 2746 te
758 2725 827 2748 esse

79 2761 183 2794 nolum
198 2771 218 2792 a.
229 2760 323 2804 cujus
336 2771 390 2792 ore
407 2770 534 2791 manare
552 2758 673 2802 possint
687 2757 830 2790 carmina

81 2802 317 2843 mellitissima5
340 2808 375 2835 tu
391 2802 524 2845 tibiipsi
548 2801 678 2833 mirifice
700 2801 826 2850 places!

81 2846 152 2883 Ait,
169 2852 205 2878 ut
223 2845 340 2890 passim
355 2847 470 2888 inquit,
485 2845 640 2882 absolute,
653 2845 710 2875 ubi
725 2844 827 2876 incer-

53 2919 63 2933 .=
83 2893 135 2921 hc
147 2889 281 2933 quidam
300 2889 436 2931 loquens
449 2889 502 2920 vel
521 2886 716 2936 respondens
733 2885 828 2918 indu-

85 2930 189 2964 citur:
213 2931 276 2964 vid.
292 2931 400 2964 Bentl.
422 2930 464 2963 ad
483 2931 551 2963 Sat.
567 2941 591 2967 ι,
609 2931 640 2966 4,
658 2931 711 2961 79.
758 2930 830 2960 Μα-

59 2995 63 3004 ·
84 2985 162 3010 mre
176 2985 251 3008 cnm
268 2974 455 3007 accusativo
471 2984 538 3017 pro,
554 2972 709 3010 emittere,
724 2972 830 3010 edere,

858 1431 1031 1463 exsudare:
1060 1430 1156 1462 Ovid.
1173 1431 1256 1462 Met.
1272 1430 1314 1468 vi,
1330 1430 1407 1465 312,
1423 1436 1453 1461 et
1469 1430 1610 1460 lacrimas

859 1476 1024 1504 etiamnum
1047 1485 1198 1505 marmora
1220 1479 1361 1508 manant,
1377 1472 1431 1503 ubi
1449 1472 1538 1515 plura
1553 1482 1609 1503 ex-

859 1516 966 1558 empla
980 1518 1020 1548 de
1036 1517 1096 1548 hoc
1117 1516 1214 1557 hujus
1230 1515 1316 1548 verbi
1338 1526 1397 1547 usu
1419 1515 1548 1557 collegit
1563 1515 1610 1546 N.

862 1559 1036 1599 Heinsius;
1060 1559 1207 1591 similiter
1229 1559 1287 1591 inf.
1304 1558 1338 1589 in
1355 1558 1460 1601 Epist.
1482 1558 1522 1588 ad
1543 1558 1611 1590 Pis.

860 1603 937 1639 429,
951 1613 1047 1633 rorem
1063 1603 1176 1644 aliquis
1191 1613 1225 1632 ex
1240 1603 1335 1634 oculis
1347 1603 1468 1633 stillare
1481 1600 1612 1632 dicitur.

861 1644 913 1675 Sic
931 1643 1016 1687 ῥέειν
1033 1646 1065 1677 τί
1081 1645 1165 1686 apud
1182 1645 1326 1676 Graecos.

904 1689 946 1718 45
962 1698 1033 1730 sqq.
1058 1686 1292 1719 Sententiarum
1316 1696 1418 1717 nexus
1441 1685 1539 1728 hujus
1561 1690 1610 1717 to-

861 1729 925 1761 tius
944 1731 1006 1762 loci
1026 1730 1105 1761 mihi
1120 1730 1242 1761 videtur
1260 1739 1326 1761 esse
1345 1728 1418 1760 hic:
1445 1729 1611 1765 Horatius,

860 1772 915 1814 qui
931 1783 950 1804 a
966 1783 999 1804 se
1012 1772 1182 1816 impetrare
1202 1782 1265 1803 non
1288 1771 1402 1814 potuit,
1418 1777 1455 1803 ut
1469 1771 1611 1803 carmina

862 1825 920 1847 sua
935 1816 1080 1847 recitaret
1094 1826 1198 1847 coram
1214 1814 1366 1846 tribunali
1388 1813 1554 1845 hominum
1569 1814 1612 1846 is-

863 1864 977 1895 torum,
996 1858 1053 1900 qui
1078 1864 1175 1890 artem
1201 1857 1345 1889 criticam
1371 1858 1560 1889 exercebant
1578 1857 1611 1888 in

863 1902 1043 1944 scriptores,
1069 1913 1099 1933 v.
1124 1903 1178 1937 42,
1201 1910 1235 1932 se
1263 1905 1397 1932 excusat
1426 1899 1512 1942 apud
1539 1899 1613 1931 illos

864 1944 994 1987 pudore,
1011 1955 1075 1986 quo
1095 1954 1114 1975 a
1136 1942 1338 1986 praelectione
1359 1952 1517 1983 nugarum
1539 1952 1612 1974 sua-

863 1997 931 2018 rum
961 1987 1151 2019 retineatur:
1186 1985 1288 2018 critici
1318 1984 1522 2028 respondent,
1551 1986 1613 2017 Su-

863 2030 973 2072 perbia
988 2030 1093 2072 potius
1109 2035 1144 2061 tu
1160 2039 1178 2060 a
1189 2028 1385 2061 carminibus
1399 2028 1462 2059 tuis
1477 2027 1613 2060 recitan-

863 2073 911 2104 dis
934 2073 1098 2111 retineris3
1121 2078 1156 2104 tu
1181 2071 1267 2103 enim
1291 2077 1444 2113 tanquam
1469 2071 1613 2103 omnium

865 2121 1028 2158 poetarum
1049 2116 1168 2158 primus
1186 2114 1325 2156 Augusti
1341 2119 1466 2145 tantum
1483 2114 1614 2146 auribus

863 2158 960 2199 digna
974 2169 1088 2190 canere
1103 2157 1162 2189 tibi
1177 2156 1303 2189 videris.
1348 2156 1401 2188 Ad
1423 2157 1503 2193 haec,
1521 2157 1614 2200 quasi

863 2212 935 2233 vere
950 2201 1048 2238 dicta,
1061 2201 1206 2233 consulto
1219 2199 1372 2231 Horatius
1387 2199 1467 2230 nihil
1484 2210 1612 2243 respon-

863 2244 928 2282 det,
944 2244 999 2276 sed
1022 2245 1111 2276 addit
1132 2249 1270 2280 tantum,
1288 2243 1372 2275 Nolo
1395 2242 1536 2275 dicteriis
1557 2253 1612 2274 vo·

863 2287 986 2318 biscum
1001 2297 1164 2330 pugnare3
1188 2296 1262 2318 nam
1277 2286 1439 2317 vobiscum
1457 2285 1614 2328 pugnanti

863 2330 996 2362 timendi
1022 2337 1098 2362 sunt
1119 2329 1210 2362 vestri
1234 2340 1379 2371 ungues;
1403 2329 1477 2360 nolo
1501 2329 1616 2361 versari

865 2373 898 2404 in
925 2374 996 2405 loco
1018 2373 1074 2405 ubi
1098 2373 1173 2404 huic
1197 2382 1314 2415 pugnae
1336 2371 1500 2414 expositus
1520 2382 1613 2411 sum3

866 2416 991 2448 veniam
1016 2427 1056 2448 ex
1081 2417 1143 2448 hoc
1173 2415 1250 2447 ludo
1281 2415 1421 2446 abeundi
1447 2419 1542 2458 peto3
1576 2426 1615 2446 ex

867 2459 944 2491 ludo
959 2459 1045 2491 enim
1059 2470 1123 2491 non
1139 2468 1208 2490 raro
1221 2457 1320 2489 oritur
1334 2464 1494 2490 certamen
1507 2464 1538 2490 et
1555 2458 1614 2495 ira,

869 2513 908 2534 ex
923 2501 970 2533 ira
981 2501 1157 2534 inimicitiae
1170 2506 1204 2533 et
1217 2500 1351 2532 bellum.

913 2545 1054 2577 45—47.
1077 2545 1215 2576 Naribus
1233 2545 1282 2574 uti
1298 2542 1551 2586 (μυκτηρίζειν)
1569 2543 1616 2575 di-

869 2593 997 2624 cuntur,
1021 2587 1077 2629 qui
1102 2597 1180 2619 naso
1205 2597 1327 2618 sursum
1352 2591 1452 2618 tracto
1477 2586 1615 2629 aliquem

869 2629 987 2667 rident⁷
1007 2630 1057 2661 vel
1080 2631 1135 2672 (ut
1157 2628 1311 2661 Horatius
1333 2639 1404 2672 sup.
1423 2630 1490 2661 Sat.
1507 2630 1529 2666 i,
1546 2631 1579 2666 6,
1598 2631 1618 2660 5

870 2671 1028 2715 loquitur)
1044 2685 1117 2704 naso
1134 2674 1254 2704 adunco
1268 2673 1399 2713 aliquem
1413 2675 1617 2713 suspendunt.

874 2716 1006 2748 Diludia
1021 2715 1150 2758 (Schol.
1166 2714 1287 2757 Cruq.)
1303 2717 1454 2747 dicuutur
1473 2722 1618 2756 tempora,

872 2770 936 2800 φησι
963 2760 1189 2801 gladiatoribus
1218 2759 1427 2790 conceduntur
1451 2761 1532 2790 inter
1558 2761 1621 2790 dies

873 2813 1045 2838 munerum,
1062 2804 1170 2844 quibus
1187 2812 1229 2843 pu
1254 2807 1372 2839 natm-‚-
1396 2811 1455 2843 ego
1474 2801 1541 2843 jam
1565 2810 1620 2832 ac-

873 2845 1072 2877 commodate
1086 2844 1126 2876 ad
1142 2854 1207 2876 rem
1221 2813 1260 2876 (fit
1273 2850 1414 2887 tempore
1426 2854 1490 2886 quo
1506 2843 1619 2875 luden-

874 2888 959 2919 tibus
974 2897 1096 2920 ceesare
1109 2887 1159 2919 vel
1173 2887 1286 2920 ludum
1301 2886 1508 2919 intermittere
1523 2885 1612 2917 licet.

919 2931 973 2962 48.
997 2931 1127 2967 Genuit,
1151 2930 1279 2973 gignere
1301 2930 1393 2962 solet.

1447 2929 1621 2969 Trepidum,

877 2973 1120 3005 tumultuosum.

828 3018 884 3048 xk
