1904 3314
686 203 911 249 LIBER
942 202 979 257 1,
1012 205 1052 247 5.

1547 206 1634 247 327

205 314 444 365 Cocceius3
475 312 594 355 missi
615 310 780 367 magnis
802 310 858 351 de
881 310 1012 351 rebus
1036 315 1222 364 uterque

205 381 379 438 Legati,
400 394 576 424 aversos
599 378 713 421 soliti
734 377 1192 433 componereamicos.

117 449 176 492 30
204 449 294 493 Hic
314 449 450 493 oculis
471 463 554 504 ego
574 447 699 503 nigra
718 445 824 487 meis
845 444 1022 500 collyria
1042 444 1189 499 lippus

203 517 390 560 Illinere.

450 516 625 558 Interea
645 514 869 557 Maecenas
891 512 1081 563 advenit,
1104 519 1236 567 atque

203 585 432 636 Cocceius,
454 583 703 639 Capitoque
725 580 852 623 simul
871 581 1096 630 Fonteius,
1119 580 1174 621 ad
1198 595 1389 635 unguem

202 652 363 696 Factus
382 652 527 702 homo,
550 650 731 701 Antoni,
754 664 842 692 non
862 656 911 690 ut
930 649 1067 703 magis
1090 645 1215 698 alter,
1237 649 1414 690 amicus.

201 720 383 764 Fundos
403 718 588 762 Aufidio
611 718 759 760 Lusco
779 723 969 773 praetore
991 716 1178 758 libenter

113 788 172 831 35
201 789 476 844 Linquimus,
496 787 637 829 insani
656 786 851 828 ridentes
873 784 1050 840 praemia
1074 783 1244 831 scribae,

199 857 478 907 Praetextam‚
501 863 545 898 et
563 854 699 897 latum
720 853 901 902 clavum,
924 867 1165 908 prunaeque
1187 851 1399 895 batillum.

201 924 255 968 In
275 924 598 967 Mamurrarum
619 923 721 965 lassi
743 922 903 964 deinde
926 921 1035 962 urbe
1057 936 1294 971 manemus,

201 992 405 1036 Muraena
425 993 652 1049 praebente
675 991 865 1040 domum,
889 989 1104 1044 Capitone
1126 988 1326 1030 culinam.

202 1060 388 1103 Postera
406 1061 483 1103 lux
506 1061 644 1103 oritur
665 1059 799 1101 multo
819 1058 1089 1114 gratissima:
1122 1071 1308 1111 namque

115 1128 175 1172 40
203 1128 374 1173 Plotius
395 1137 440 1172 et
459 1129 623 1173 Varius
647 1129 882 1177 Sinuessae,
904 1125 1207 1181 Virgiliusque

204 1197 483 1250 Occurrunt3
516 1198 683 1248 animae,
706 1195 856 1252 quales
878 1209 1022 1249 neque
1044 1193 1321 1236 candidiores

87 1301 143 1334 sed
167 1302 276 1334 Schol.
302 1302 438 1345 Porph.,
461 1315 533 1334 saxa
555 1304 718 1335 candentia
742 1301 839 1333 stulte

87 1345 240 1388 explicat,
254 1345 339 1377 calci
353 1346 530 1388 coquendae
547 1345 724 1388 aptissima.

928 1302 1071 1333 34—36.
1096 1301 1231 1337 Fundos,
1254 1311 1383 1344 parvum
1406 1300 1438 1332 in
1457 1300 1508 1332 via
1526 1300 1637 1344 Appia

883 1346 1099 1384 municipium,
1121 1344 1186 1375 sive
1208 1345 1385 1376 seeundum
1409 1344 1538 1376 Festum
1557 1356 1635 1384 ρης-

131 1389 187 1420 29.
204 1390 492 1425 Aversor-amicos,
508 1388 563 1419 ubi
580 1388 659 1419 alter
672 1389 713 1418 ab
728 1387 839 1424 altero,
873 1387 1050 1434 secturam,
1083 1387 1286 1418 Tarracinam
1317 1387 1400 1418 inter
1429 1392 1462 1418 et
1493 1387 1637 1418 Formias

86 1430 173 1463 facto
192 1430 340 1468 discidio,
358 1432 530 1471 avertitur3
554 1430 698 1471 intellige
713 1431 838 1472 Augus-

87 1479 158 1506 tum
171 1480 205 1507 et
219 1474 418 1507 Antonium:
443 1474 551 1506 Schol.
569 1475 683 1516 Cruq.,
701 1475 746 1504 Ab
773 1476 838 1504 An-

89 1519 172 1550 tonio
183 1520 288 1550 missus
293 1518 409 1560 fuerat
420 1518 567 1550 Fonteius
578 1518 686 1556 Capito
699 1520 817 1559 legatus
827 1529 838 1555 ,-

89 1561 128 1591 ab
145 1562 285 1604 Augusto
309 1561 469 1597 Maecenas,
493 1562 697 1592 intercedente
721 1561 841 1591 Cocceio

90 1603 208 1640 Nerua,
229 1615 340 1645 protum
369 1603 477 1635 Nervae
505 1605 708 1643 impetatnris,
735 1605 787 1644 qui
812 1610 841 1634 et

90 1647 232 1690 Augusto
245 1653 275 1678 et
291 1648 424 1678 Antonio
431 1652 542 1689 gratus
553 1653 632 1684 erat,
644 1657 712 1676 cum
725 1648 839 1689 Agrip-

86 1701 152 1731 pa,·
179 1701 215 1721 ea
241 1695 344 1721 autem
371 1691 544 1721 conditione
567 1697 769 1720 convenerant
798 1690 839 1720 le-

88 1734 172 1775 gati,
185 1739 223 1764 ut
237 1735 274 1765 de
287 1744 403 1764 summa
426 1744 531 1763 rerum
555 1738 738 1767 tractarent,
755 1743 838 1763 exor-

90 1782 212 1817 tumque
221 1777 432 1808 dissensionem
454 1779 537 1807 inter
550 1777 625 1806 duos
640 1776 690 1806 hos
708 1777 837 1814 impera-

91 1827 168 1851 tores
197 1825 429 1860 componet-enm
458 1820 537 1860 quod
567 1825 596 1849 et
616 1818 779 1860 fecerunt,
812 1825 840 1849 et

89 1868 254 1904 utrumq-ue
271 1863 435 1894 exercitum
450 1865 549 1902 juxta
570 1862 783 1892 Brundusium
808 1863 841 1892 in

90 1916 158 1936 uem
183 1906 286 1936 castra
304 1916 374 1936 cum
397 1916 507 1946 magna
532 1905 642 1936 latitia
666 1911 841 1946 coegerunt,

91 1955 127 1979 ut
143 1947 238 1989 refert
255 1948 328 1979 Liv.
344 1949 398 1979 lib.
412 1949 523 1979 cxxvii.

134 1991 192 2022 30.
231 1991 368 2032 Lippus.-
403 1991 491 2033 quod
516 1990 586 2032 jam
615 1989 778 2025 Horatius,
809 2000 844 2022 se

91 2034 228 2067 Anxure
250 2039 287 2065 ut
310 2033 472 2065 bominem
493 2033 620 2076 ‘lippum
649 2033 751 2065 oculis
777 2033 843 2064 suis

91 2076 226 2126 collyria
247 2076 399 2114 illevisse,
419 2082 537 2114 narrat,
558 2076 591 2107 id
614 2076 681 2118 ipse
703 2076 842 2119 profecto

92 2120 134 2152 ad
153 2119 388 2162 jucunditatem
412 2119 562 2162 descripti
587 2118 707 2151 itineris
730 2120 842 2151 referre

91 2173 158 2194 non
179 2167 314 2206 poterat.
357 2162 489 2194 Scilicet
511 2162 674 2199 Horatius,
698 2162 839 2205 quifor-

91 2211 176 2238 tasse
189 2206 386 2238 laboraverat
397 2205 571 2248 aliquando
585 2205 786 2248 lippitudine,
800 2206 841 2237 ab

91 2248 290 2288 adversariis,
304 2253 340 2280 ut
355 2259 450 2292 supra
464 2249 699 2280 observavimus
715 2249 755 2280 ad
772 2250 840 2280 Sat.

90 2291 115 2328 i,
134 2293 163 2330 l,
181 2292 254 2330 1⁸20,
269 2291 451 2324 contemtim
473 2297 559 2332 poeta
579 2293 682 2332 lippus
702 2291 768 2334 ipse
783 2302 838 2335 ap-

133 2334 231 2367 natus
245 2334 343 2366 fuisse
358 2334 495 2366 videtur.
541 2333 594 2366 Ad
614 2334 671 2365 hos
689 2334 785 2376 igitur
799 2336 839 2367 de

113 2377 278 2420 ocdnepto
300 2377 438 2410 convicii
459 2388 572 2419 genere
595 2377 742 2409 ridendos
765 2378 840 2410 data

89 2429 111 2452 o
152 2430 187 2452 ra.
201 2431 431 2463 nonnunquam
452 2420 619 2452 Horatium
641 2421 840 2464 lippitudinis

90 2431 152 2496 uzei
173 2464 370 2507 exprobratae
392 2464 585 2502 mentionem
607 2463 732 2502 fecisse,
753 2464 840 2496 haud

89 2505 298 2550 improbabile
307 2512 365 2539 est.
385 2506 438 2539 Sic
447 2506 561 2539 iterum
574 2507 725 2538 Horatius
734 2507 767 2538 in
780 2507 839 2539 hac

91 2550 159 2582 Sat.
173 2549 230 2582 inf.
244 2561 277 2582 v.
293 2551 348 2587 49,
369 2560 404 2582 se
426 2552 543 2590 lippum
563 2549 698 2582 inducit.
745 2551 840 2583 Certe

92 2593 260 2630 Horatius,
277 2603 353 2625 cum
371 2593 432 2624 hoc
450 2603 578 2624 carmen
602 2593 751 2624 scriberet
774 2594 840 2634 (vi-

90 2635 172 2677 ginti
186 2646 221 2668 se
243 2642 307 2668 tem
322 2635 445 2668 scilicet
461 2646 562 2667 annos
576 2641 681 2672 natus,
697 2642 734 2667 ut
749 2636 843 2668 docet

91 2689 164 2722 sup.
193 2689 211 2710 a
263 2679 331 2711 Sat.
360 2680 384 2716 i,
410 2680 472 2710 120
500 2678 735 2718 Heindorfius),
760 2690 839 2710 non-

91 2720 168 2753 dum
189 2722 227 2763 ig
238 2732 278 2754 ea
292 2727 385 2754 aetate
400 2722 594 2754 constitutus
609 2721 681 2758 fuit,
697 2722 753 2754 ubi
769 2734 839 2754 con-

93 2766 182 2796 tinuo
196 2765 306 2806 lippire
319 2765 424 2797 solent
438 2764 594 2796 homines.

136 2808 191 2840 32.
212 2809 263 2840 Aa
282 2819 418 2850 unguem
425 2809 538 2850 factus
553 2809 647 2844 homo,
664 2807 840 2850 diligentis-

39 2850 41 2854 ‘
91 2849 172 2883 sime
184 2850 356 2895 expolitus.
399 2852 567 2883 Translata
581 2857 631 2883 est
642 2851 709 2882 haec
724 2851 842 2883 locutio

94 2902 116 2925 a
131 2894 304 2933 statuariis,
317 2893 386 2936 qui,
402 2893 560 2937 quidquid
580 2893 614 2925 in
630 2904 723 2936 opere
739 2894 842 2938 asperi

95 2934 264 2978 digitorum
278 2937 328 2969 vel
343 2932 501 2979 u'nguium
524 2947 620 2969 sensu
644 2937 841 2970 animadver-

97 2983 182 3016 tunt,
216 2979 367 3022 levigant
401 2985 434 3012 et
470 2980 658 3023 expoliunt:
705 2981 749 3013 cf.
787 2981 843 3014 inf.

99 3020 202 3064 Epist.
215 3021 263 3061 iii,
283 3024 312 3061 l,
327 3024 404 3061 294,
420 3028 453 3056 et
466 3023 510 3055 ibi
527 3024 551 3055 F
553 3034 604 3056 ea.

884 1436 988 1466 suam,
1015 1430 1067 1461 cui
1096 1436 1229 1472 praeerat
1255 1440 1354 1465 nunc,
1381 1440 1400 1460 a
1427 1435 1559 1472 praetore
1583 1441 1635 1461 ur-

885 1472 979 1510 bano,
998 1478 1034 1504 ut
1048 1472 1182 1509 videtur,
1195 1483 1232 1504 eo
1246 1473 1372 1510 missus,
1387 1482 1489 1504 vanus
1504 1472 1635 1515 quidam

884 1515 990 1552 homo,
1009 1516 1157 1547 Aufidius
1174 1517 1310 1554 Luscus,
1327 1515 1431 1547 scriba
1448 1516 1635 1558 (magistra-

885 1563 975 1589 tuum
992 1559 1025 1590 in
1042 1560 1135 1591 rebus
1155 1559 1267 1591 litteris
1285 1558 1476 1591 mandandis
1499 1559 1636 1591 admini-

885 1602 978 1640 ster),
991 1602 1058 1644 qui,
1072 1602 1163 1644 quasi
1177 1602 1243 1644 ipse
1258 1609 1342 1634 esset
1357 1607 1482 1644 praetor,
1495 1603 1636 1634 externis

885 1644 1078 1684 insignibus,
1095 1651 1259 1687 praetexta.
1275 1646 1340 1676 lato
1356 1646 1460 1680 clavo,
1474 1655 1511 1677 ac
1526 1656 1637 1687 prunae

885 1687 1008 1724 batillo,
1034 1688 1175 1731 praetoris
1199 1688 1384 1729 dignitatem
1410 1687 1547 1725 ridicule
1571 1700 1636 1731 prae

885 1739 918 1760 se
950 1730 1027 1761 serre
1058 1737 1089 1762 et
1118 1730 1306 1762 assimulare
1336 1731 1497 1762 studebat.
1549 1731 1636 1764 liinc

885 1773 1050 1808 Horatius.
1073 1773 1166 1815 quasi
1186 1773 1256 1815 ejus
1278 1774 1336 1805 iter
1360 1772 1398 1804 ad
1422 1783 1472 1804 res
1495 1773 1637 1815 insignes

884 1817 945 1846 sub
984 1815 1168 1847 assimulata
1206 1816 1328 1847 Aufidii
1366 1816 1463 1847 Lusci
1499 1823 1637 1859 praetura

885 1865 990 1900 gestas
1007 1858 1205 1902 pertinuerit.
1226 1860 1309 1891 salse
1327 1864 1360 1891 et
1372 1859 1494 1901 jocose,
1510 1861 1636 1901 Aufidio

886 1902 984 1933 Lusco
1018 1909 1146 1942 praelore
1185 1902 1310 1934 Fundos
1345 1904 1520 1943 linquimus.
1583 1904 1636 1935 De

884 1948 991 1976 scribis
1028 1946 1216 1982 Quaestoriis,
1257 1947 1425 1981 AEdiliciis,
1466 1946 1636 1983 Praetoriis,

887 1994 963 2019 cett.
978 1989 1010 2020 in
1026 1988 1168 2020 decurias
1189 1988 1355 2031 descriptis
1369 1988 1432 2019 vid.
1455 1989 1581 2020 Ernest.
1604 1989 1637 2020 in

888 2031 982 2063 Clav.
999 2031 1071 2063 Cic.
1091 2041 1118 2063 s.
1138 2043 1168 2062 v.
1182 2032 1300 2063 Scriba.
1346 2032 1490 2069 Pmrmia,
1507 2038 1638 2064 externa

886 2074 1052 2116 dignitatis
1067 2073 1219 2117 praetoriae
1235 2080 1435 2106 ornamenta.

930 2119 984 2149 36.
1012 2118 1126 2148 Latum
1141 2120 1260 2149 clavam
1277 2119 1446 2159 gestabant
1461 2123 1633 2154 senatores,

885 2162 970 2192 unde
982 2161 1030 2192 illi
1045 2162 1208 2198 laticlavii,
1218 2167 1383 2203 angustum
1400 2160 1534 2202 equites,
1551 2162 1636 2194 unde

884 2203 931 2234 illi
951 2206 1181 2246 angusticlavii.
1229 2205 1334 2235 Notus
1351 2209 1399 2235 est
1416 2204 1558 2235 Rubenii
1582 2216 1635 2247 pe-

884 2247 1012 2278 culiaris
1025 2247 1064 2279 de
1089 2248 1151 2278 lato
1173 2248 1258 2279 clavo
1278 2246 1416 2279 libellus.
1462 2248 1637 2289 Prunaeqae

884 2291 1039 2322 batillum.
1087 2290 1238 2321 Batillum
1257 2291 1306 2322 vel
1329 2291 1456 2322 batillus
1475 2290 1570 2322 fuisse
1589 2292 1635 2322 vi-

882 2332 974 2365 detur
1002 2333 1138 2369 foculus,
1162 2333 1219 2375 qui
1247 2333 1358 2376 prunis
1387 2333 1571 2365 ardentibus
1594 2335 1634 2366 ad

883 2377 1062 2408 suffimenta
1078 2376 1235 2408 adolenda
1256 2377 1419 2419 impletus,
1436 2377 1635 2418 magistratui

883 2419 916 2451 in
931 2431 963 2451 re
979 2419 1102 2451 solenni
1128 2420 1308 2463 peragenda
1328 2420 1545 2462 praeserretur:
1573 2420 1638 2453 vid.

884 2463 1117 2504 Eschenburgii
1130 2463 1277 2494 Dissertt.
1290 2464 1394 2495 Acad.
1406 2474 1436 2506 p.
1446 2464 1633 2502 519—550,

884 2508 921 2537 de
937 2508 1006 2547 igne
1022 2508 1160 2548 Augusto
1174 2508 1313 2546 praelato.

927 2550 981 2580 37.
1023 2549 1058 2580 ln
1089 2550 1325 2580 Mamurrarum
1362 2550 1449 2585 urbe,

885 2592 992 2623 Schol.
1016 2593 1128 2634 Cruq.,
1153 2593 1318 2623 Mamm-ra
1340 2599 1461 2624 senator
1473 2593 1547 2634 suit
1576 2594 1633 2623 Ro-

884 2646 1005 2677 manus,
1021 2637 1073 2676 qui
1090 2637 1247 2667 maximam
1266 2642 1384 2676 partem
1404 2637 1540 2667 civitatis
1557 2637 1633 2666 For-

884 2679 991 2709 mianae
1014 2681 1193 2719 possidebat,
1216 2681 1298 2709 unde
1317 2681 1401 2710 dicta·
1425 2685 1466 2710 est
1492 2680 1635 2710 Mamur-

884 2733 962 2751 rana
974 2723 1094 2758 civitas,
1111 2723 1157 2753 vel
1170 2723 1384 2765 quodfamilia
1399 2722 1635 2754 Mamurrarum

884 2764 1089 2807 illincsuerit
1101 2767 1245 2796 oriunda.

928 2808 982 2839 38.
1027 2808 1183 2846 Muraena,
1230 2807 1399 2844 Terentiae,
1444 2808 1637 2839 Maecenatis

885 2853 1003 2887 uxoris,
1025 2851 1130 2883 fratre.
1177 2852 1333 2882 Praebente
1346 2853 1478 2886 domum,
1494 2850 1549 2881 ubi
1565 2862 1634 2893 per-

885 2900 1108 2926 noctaremus:
1145 2905 1216 2937 sup.
1246 2893 1310 2925 od.
1339 2893 1385 2929 iii,
1419 2894 1468 2929 19,
1502 2894 1533 2928 7,
1564 2895 1635 2928 'Quo

883 2939 1031 2978 praebente
1056 2939 1188 2973 domum,
1214 2947 1260 2968 sc.
1287 2936 1328 2967 ad
1355 2936 1634 2978 compotationem.

889 2981 1035 3021 Capitone
1063 2982 1222 3012 culinam:
1253 2980 1446 3011 instruxerat
1478 2977 1572 3018 igitur
1603 2989 1636 3010 se

890 3023 1007 3066 Capito
1031 3023 1082 3060 iis,
1110 3022 1195 3055 unde
1220 3023 1337 3054 viveret
1360 3032 1432 3052 cum
1455 3020 1638 3057 comitibus,

1486 2549 1634 2582 Formiis.
