1904 3314
350 177 433 218 532

838 171 1363 215 EPISTOLARUM

468 274 663 316 Grandia
683 288 779 315 cum
798 272 953 328 parviS,
973 285 1060 311 non
1078 268 1306 311 exorabilis
1328 281 1431 308 auro
1447 269 1464 308 ’ἰ

358 340 437 380 180
467 339 685 389 Gemmas,
705 353 900 388 marmor,
921 337 1044 386 ebur,
1065 336 1292 390 Tyrrhena
1311 333 1462 388 sigilla,
1483 332 1674 383 tabellas,

467 405 721 461 Argentum,
741 412 880 447 vestes
903 403 1077 445 Gaetulo
1096 403 1254 444 murice
1275 402 1442 450 tinctas,

467 472 578 513 Sunt
597 473 671 526 qui
690 487 775 514 non
794 471 993 519 habeant,
1014 477 1080 511 est
1100 469 1174 523 qui
1193 483 1278 509 non
1298 473 1418 509 curat
1438 467 1611 508 habere.

469 537 560 578 Cur
579 538 686 579 alter
707 537 884 579 fratrum
904 550 1086 584 cessare,
1109 542 1152 576 et
1170 534 1333 583 ludere,
1355 540 1399 574 et
1418 533 1534 586 ungi,

468 603 676 646 Praeferat
697 604 887 646 Herodis
907 602 1100 658 palmetis
1120 601 1351 655 pinguibus
1369 618 1379 650 ;
1410 599 1531 648 alter,

358 670 436 711 185
468 669 601 711 Dives
621 677 664 712 et
684 671 968 724 importunus,
990 668 1045 709 ad
1066 667 1257 708 umbram
1275 666 1382 707 lucis
1402 666 1456 706 ab
1477 672 1575 706 ortu

466 735 712 778 Silvestrem
730 736 907 777 flammis
928 741 971 776 et
992 733 1105 774 ferro
1125 734 1288 787 mitiget
1308 745 1469 786 agrum,

467 801 558 843 Scit
579 802 759 851 Genius,
781 801 920 843 natale
941 796 1081 841 comes
1101 800 1175 853 qui
1195 805 1402 852 temperat
1421 803 1596 846 astrum,

465 868 648 909 Naturae
669 868 792 909 Deus
812 867 1024 915 humanae,
1046 865 1233 906 mortalis
1254 865 1297 905 in
1317 879 1466 904 unum-

469 933 685 988 Quodque
706 940 848 988 caput,
872 932 991 973 vultu
1011 929 1238 979 mutabilis,
1259 930 1380 971 albus
1401 935 1445 971 et
1469 935 1575 970 ater.

358 999 438 1040 190
468 999 594 1049 Utar,
615 1007 658 1040 et
679 1014 733 1040 ex
754 999 935 1048 modico,
957 1003 1165 1051 quantum
1184 1010 1252 1036 res
1273 1002 1439 1049 poscet,
1459 1009 1612 1036 acervo

357 1152 458 1183 adhuc
497 1153 609 1194 refugit
640 1159 671 1186 et
699 1164 787 1196 porro
825 1154 948 1194 refugit,
981 1153 1085 1184 adhuc

357 1194 475 1225 amovit
502 1201 534 1226 et
561 1206 648 1237 porro
672 1201 804 1227 amovet.
848 1196 963 1236 ,Iurgia
988 1198 1087 1227 vicina

356 1245 422 1282 pro,
438 1237 622 1273 vicinorum,
640 1243 676 1268 ut
691 1249 720 1268 v.
739 1239 798 1268 174
816 1238 999 1277 alterajnra
1021 1247 1087 1278 pro,

354 1287 427 1317 Jura
443 1278 570 1310 alterius
586 1290 592 1308 ε
619 1279 708 1319 Virg.
726 1281 806 1310 AEn.
827 1279 880 1315 xii,
899 1280 973 1314 898,
991 1279 1088 1309 Limes

357 1330 431 1360 agro
444 1323 567 1359 positus,
586 1323 666 1352 litem
681 1328 716 1351 ut
730 1323 910 1352 discerneret
927 1323 1018 1352 arvis.

404 1363 477 1393 172.
503 1363 675 1402 Proprium,
692 1363 825 1397 firmum,
841 1363 963 1399 stabile,
979 1372 1087 1403 perpe-

356 1407 465 1474 ἑιιιῗηε
491 1403 552 1435 vid.
576 1404 728 1435 Lambin:
753 1405 795 1435 cf.
817 1415 888 1446 sup.
909 1404 948 1435 ad
971 1405 1036 1435 Sat.
1053 1404 1087 1440 ii,

380 1466 388 1479 ‚
427 1446 480 1476 29.

403 1487 476 1522 175,
498 1488 567 1518 176.
591 1488 694 1519 Haeres
719 1489 872 1519 Hoeredem
890 1489 1015 1518 alterins
1037 1499 1086 1518 su-

356 1532 492 1566 pervenit
508 1526 630 1571 (trudit,
647 1530 823 1571 propellit),
836 1531 918 1560 vetut
933 1531 1016 1560 unda
1031 1542 1090 1559 un-

358 1571 437 1600 dam.
481 1571 521 1601 In
540 1581 615 1602 voce
636 1573 763 1602 alterius
781 1571 975 1602 offenderunt
993 1572 1089 1602 Bent-

358 1611 438 1642 leius
447 1617 478 1643 et
489 1612 729 1652 Cuninghamus
742 1625 750 1651 3
773 1613 826 1643 ille
842 1612 935 1652 igitur
947 1612 1090 1643 emenda-

355 1652 402 1683 vit
429 1655 565 1690 alternis,
597 1654 647 1685 hic
675 1657 803 1685 ulterior
815 1666 825 1690 ,-
863 1654 916 1685 sed
946 1659 1089 1684 neutrum

359 1703 435 1736 opus
454 1700 521 1726 est:
547 1696 645 1727 haeres
667 1706 685 1726 a
704 1695 897 1737 praecedente
917 1706 1090 1737 possessore

358 1737 475 1778 accipit
489 1737 711 1774 haereditatem‚
726 1748 822 1779 quam
846 1738 899 1768 ille
958 1737 1028 1768 riter
1049 1739 1089 1769 ab

357 1779 454 1809 altera
465 1785 645 1821 acceperat3
667 1791 728 1811 non
741 1790 840 1810 sermo
854 1786 900 1810 est
934 1790 952 1810 e
966 1779 1089 1811 duobus

358 1825 480 1867 tantum
489 1821 675 1858 haeredibus,
687 1823 742 1853 sed
756 1823 795 1852 de
810 1822 904 1862 longa
918 1821 1088 1859 haeredum,

358 1871 493 1893 invicem
507 1873 541 1893 se
554 1863 788 1904 excipientium,
803 1863 891 1894 serie.

406 1904 476 1940 177,
504 1906 574 1936 178.
600 1905 676 1942 Vici,
697 1906 799 1948 plures
820 1905 900 1936 inter
922 1905 1090 1946 sejunctae

358 1944 471 1975 domus
485 1947 649 1978 rusticanae
665 1958 739 1978 cum
753 1947 884 1979 stabulis
897 1959 904 1977 ε
931 1957 997 1982 nos,
1019 1948 1089 1977 Vor-

359 1987 464 2023 werke‚
486 1989 615 2018 einzetne
640 1990 839 2031 Landgmer:
867 1988 1019 2030 ejusmodi
1043 1992 1089 2020 vi-

359 2039 426 2058 cum
441 2039 475 2060 se
497 2029 628 2060 vendere
642 2031 722 2062 velle
742 2033 768 2062 T
770 2030 887 2062 exemia
905 2031 944 2061 ad
965 2031 1090 2062 Cicero-

361 2079 432 2101 nem
447 2070 556 2101 scribit
572 2072 672 2113 Epist.
687 2073 726 2103 ad
743 2073 834 2103 Fam.
849 2072 910 2107 xiv,
930 2074 957 2103 1.
1005 2073 1091 2104 Vicus

360 2120 379 2141 a
392 2122 469 2152 pago
482 2112 585 2144 differt
595 2113 651 2149 sic,
665 2120 700 2144 ut
712 2126 806 2155 pagus
821 2120 940 2145 tautum
956 2114 996 2144 de
1010 2125 1090 2150 rure,

360 2155 445 2184 vicu-³
454 2153 492 2185 de
503 2164 572 2185 rure
582 2160 614 2185 et
622 2155 697 2186 urbe
706 2155 797 2186 simul
811 2157 944 2186 dicatur.
976 2155 1091 2190 Quidve

362 2195 511 2230 Calabris,
527 2201 601 2227 cett.
616 2196 731 2238 quidve
747 2203 875 2238 prosunt
891 2197 1012 2227 Lucani
1026 2197 1089 2228 sal-

360 2241 410 2267 tus
425 2237 464 2268 ad
478 2237 628 2270 Calabros
641 2249 741 2280 usque
755 2239 851 2269 saltus
867 2245 1090 2280 procurrentes.

360 2279 491 2319 AdJ'ecti,
513 2279 543 2310 11.
566 2290 596 2310 e.
617 2282 758 2320 porrecti,
781 2282 961 2315 continuati,
985 2286 1020 2311 ut
1042 2282 1088 2312 lo-

359 2320 466 2361 quitur
484 2321 632 2352 Horatius
651 2332 720 2364 sup.
735 2323 797 2353 Od.
820 2322 865 2359 iii,
884 2323 933 2358 16,
949 2323 1088 2353 40—43.

359 2362 421 2393 Per
441 2364 536 2394 saltus
557 2363 696 2403 intellige
719 2374 857 2405 pascua:
883 2363 945 2394 vid.
967 2364 1090 2396 Ernest.

358 2402 391 2434 in
406 2404 497 2436 Clav.
511 2405 580 2436 Cic.
595 2415 622 2435 s.
641 2416 670 2436 v.
685 2406 797 2437 Saltus.
843 2406 915 2436 Vet.
931 2406 1036 2436 Schol.
1050 2407 1090 2437 ad

360 2444 393 2476 h.
403 2445 435 2483 l.,
449 2447 622 2488 latifundiis
634 2450 775 2487 porrectis
789 2449 994 2488 perplurimos
1004 2459 1087 2479 mon-

359 2493 413 2518 tes.
460 2489 514 2519 Est
527 2495 625 2519 autem
642 2490 785 2520 Calabria
799 2498 905 2529 praeter
920 2496 1029 2520 eeteros
1042 2501 1087 2520 re-

359 2531 443 2560 ditus
453 2532 542 2561 etiam
551 2533 595 2560 rei
604 2533 750 2570 pecuariae
763 2538 790 2562 et
803 2533 942 2562 lanarum
954 2532 1088 2562 mollium

347 2571 454 2612 ferax.
503 2573 612 2603 Mem.-
634 2573 791 2614 eleganter
805 2579 910 2604 metere
926 2573 965 2603 ab
981 2573 1020 2604 iis
1034 2574 1087 2614 qui

358 2618 478 2660 segetes
502 2613 672 2650 demetunt,
697 2615 877 2647 transfertur
899 2615 938 2646 ad
958 2625 1011 2646 eos
1033 2615 1088 2657 qui

357 2665 400 2690 w,
417 2655 468 2686 cui
489 2655 587 2686 resisti
608 2666 669 2686 non
730 2663 800 2692 test,
823 2657 890 2688 sine
911 2657 1088 2689 discrimine

357 2695 466 2728 obvios
479 2707 620 2738 quosque
633 2707 678 2728 cie
702 2704 758 2729 unt
773 2705 866 2740 atque
881 2704 1088 2741 prosternunt,

357 2744 390 2769 et
419 2749 503 2770 nunc
532 2740 572 2770 ad
603 2740 721 2770 Orcum
745 2742 876 2781 grandia
901 2752 968 2772 cum
990 2744 1089 2779 parvis

357 2779 424 2812 sine
438 2781 635 2812 miseratione
653 2782 822 2823 rapientem
837 2788 931 2823 atque
947 2783 1085 2814 auferen-

357 2826 437 2853 tem:
470 2822 512 2854 ef.
534 2833 605 2864 sup.
628 2824 666 2854 ad
691 2825 752 2855 Od.
776 2825 817 2860 iv,
847 2825 896 2860 14,
919 2825 981 2861 31;
1015 2825 1084 2856 Cic.

355 2864 453 2941 'fusa
484 2865 604 2902 Quaest.
634 2864 678 2902 iii,
705 2867 757 2901 25,
788 2869 851 2896 vita
877 2868 1023 2901 metenda,
1052 2874 1086 2897 ut

375 2916 475 2947 'ruge'-

1174 1153 1244 1183 179.
1270 1151 1410 1182 Grandia
1423 1161 1491 1181 cum
1505 1151 1624 1190 parm‘s:
1647 1147 1760 1190 sapius
1775 1148 1857 1180 hanc

1129 1193 1312 1224 sententiam
1327 1192 1457 1223 variavit
1466 1191 1611 1223 Horatius
1625 1203 1632 1221 :
1656 1191 1718 1222 vid.
1731 1201 1801 1238 sup.
1817 1191 1858 1222 ad

1132 1236 1193 1266 Od.
1211 1236 1233 1270 i,
1258 1236 1289 1270 4,
1315 1236 1367 1265 13.
1421 1234 1489 1264 Non
1511 1233 1686 1264 exorabilis:
1717 1232 1858 1264 similiter

1131 1287 1199 1319 sup.
1220 1277 1283 1308 Od.
1306 1277 1338 1313 ii,
1353 1277 1384 1311 3,
1400 1277 1443 1306 24
1460 1277 1555 1307 Oreus
1572 1274 1686 1306 dicitur
1706 1275 1752 1305 m’l
1772 1276 1858 1305 mise—

1129 1330 1211 1355 rans,
1225 1324 1256 1350 et
1268 1318 1362 1349 Pluto
1376 1328 1446 1360 sup.
1459 1318 1521 1349 Od.
1535 1317 1570 1352 ii,
1590 1318 1640 1352 14,
1656 1317 1676 1348 6
1691 1317 1857 1348 illacrima-

1131 1362 1209 1391 bilis.

1143 1438 1151 1443 .
1177 1403 1248 1434 180.
1273 1403 1419 1438 Marmor,
1435 1403 1520 1435 ebur,
1540 1399 1616 1431 artis
1631 1408 1755 1441 operae
1777 1408 1859 1430 mar-

1132 1454 1216 1475 more
1245 1450 1276 1475 et
1300 1444 1392 1474 ebore
1422 1442 1512 1473 facta.
1533 1440 1535 1442 ’
1560 1441 1716 1482 Tyrrhena
1742 1442 1858 1483 sigilla,

1132 1495 1207 1516 vasa
1224 1487 1367 1516 Etrusca.
1414 1484 1562 1519 Tabellas,
1578 1481 1725 1525 picturas.

1177 1529 1248 1558 181.
1284 1528 1464 1568 Argentum,
1493 1535 1566 1557 vasa
1599 1529 1756 1566 argentea,
1784 1528 1860 1556 cett.

1138 1569 1233 1600 Vestes
1253 1569 1373 1599 Gaetulo
1392 1569 1504 1598 murice
1525 1569 1645 1603 tinctas,
1663 1571 1762 1597 vesta
1779 1570 1859 1597 stra-

1135 1611 1234 1650 gulas,
1258 1610 1503 1652 peripetasmata,
1529 1608 1628 1640 tincta
1654 1607 1758 1639 colore
1786 1618 1858 1649 pur-

1133 1663 1239 1694 pureo.
1284 1653 1405 1683 Murice
1429 1652 1558 1689 Goetulo,
1578 1657 1670 1692 capto
1694 1649 1734 1681 ad
1757 1649 1862 1680 littora

1132 1694 1259 1726 Africae.
1305 1695 1449 1730 Goetulia,
1473 1703 1544 1735 pars
1567 1692 1676 1734 Libyae
1697 1690 1860 1727 interioris,

1131 1747 1186 1778 pro
1199 1742 1263 1767 tota
1281 1735 1407 1767 Africa:
1431 1746 1501 1777 sup.
1515 1734 1580 1766 Od.
1598 1734 1632 1770 ii,
1652 1735 1704 1769 16,
1720 1734 1773 1771 35,
1791 1745 1860 1764 mu-

1131 1789 1194 1814 rex,
1217 1789 1234 1810 e
1251 1778 1344 1819 cujus
1365 1787 1460 1809 succo
1480 1776 1664 1808 eliciebatur
1681 1775 1766 1807 color
1784 1786 1859 1817 pur-

1131 1831 1256 1862 pureus.
1275 1819 1389 1851 dicitur
1413 1819 1508 1861 Aser:
1525 1825 1560 1858 ιτε
1577 1820 1620 1850 bis
1641 1818 1719 1860 Afro
1740 1817 1862 1848 Murice

1132 1864 1230 1893 tinette
1251 1863 1386 1893 Vestiam
1402 1862 1490 1892 lame.

1177 1906 1247 1935 182.
1277 1905 1355 1934 Sunt
1383 1905 1436 1944 qui
1465 1914 1523 1933 non
1553 1903 1690 1939 habeant,
1718 1900 1861 1942 quamvis

1132 1945 1244 1978 habere
1272 1945 1415 1988 cupiunt.
1458 1945 1512 1975 Est
1533 1945 1586 1984 qui
1609 1955 1667 1975 non
1689 1950 1779 1975 curat
1805 1943 1861 1973 luz-

1132 1989 1197 2018 bere
1208 2001 1215 2018 :
1234 1988 1274 2019 ad
1287 1987 1446 2029 vulgarem
1456 1984 1603 2028 loquendi
1614 1994 1754 2016 normam
1766 1985 1860 2016 debe-

1134 2030 1187 2060 bat
1205 2035 1274 2072 post
1291 2036 1333 2061 est
1354 2031 1417 2070 qui,
1434 2029 1536 2069 sequi,
1553 2034 1638 2059 curet
1647 2038 1660 2064 ,·
1683 2026 1737 2058 sed
1760 2027 1861 2058 Hora-

1134 2071 1194 2102 tius
1223 2072 1262 2103 ad
1293 2072 1412 2103 Graecae
1434 2071 1551 2111 lingum
1573 2068 1708 2100 indolem
1730 2073 1799 2110 post
1819 2075 1861 2100 est

1133 2117 1185 2154 qui
1200 2115 1250 2145 vel
1264 2121 1333 2144 sunt
1348 2115 1400 2154 qui
1416 2115 1470 2154 (ut
1487 2113 1520 2143 in
1540 2111 1639 2155 primo
1653 2109 1759 2142 statim
1773 2109 1860 2142 Oda-

1134 2166 1201 2186 rum
1225 2155 1372 2188 Carmine
1391 2166 1422 2186 v.
1437 2155 1458 2185 4
1471 2160 1542 2185 sunt
1563 2164 1632 2194 ths
1641 2153 1768 2194 juvat),
1788 2162 1861 2194 pas-

1134 2197 1192 2228 sim
1211 2197 1375 2238 subjungit
1393 2195 1615 2227 indicativum:
1640 2194 1709 2225 vide
1729 2204 1800 2236 quae
1822 2193 1862 2225 de

1133 2238 1192 2269 hoc
1218 2238 1367 2280 loquendi
1387 2248 1446 2269 usu
1469 2237 1610 2279 disputat
1633 2235 1796 2267 Heindorf.
1819 2236 1861 2267 ad

1133 2281 1199 2311 Sat.
1214 2280 1236 2317 i,
1254 2283 1285 2315 4,
1301 2281 1353 2310 24.

1177 2323 1355 2353 183—189.
1395 2321 1460 2352 Cur
1487 2322 1566 2351 alter
1591 2319 1749 2362 fratrum,
1785 2324 1862 2351 cett.

1133 2365 1250 2394 Sensus
1263 2369 1294 2394 et
1315 2374 1431 2394 nexus:
1456 2362 1576 2394 diversa
1597 2361 1692 2409 plane
1710 2366 1784 2392 sunt
1805 2360 1861 2392 ho-

1132 2405 1251 2436 minum
1266 2406 1393 2446 ingenia
1406 2417 1414 2443 ;
1437 2410 1470 2436 et
1486 2404 1554 2436 haec
1577 2403 1739 2435 diversitas
1753 2402 1786 2433 in
1801 2403 1860 2434 fra-

1133 2447 1230 2478 tribus
1247 2448 1324 2478 adeo
1345 2448 1447 2478 locum
1466 2446 1581 2485 habet3
1603 2455 1666 2476 nou
1689 2454 1756 2476 raro
1777 2444 1861 2476 enim

1132 2489 1270 2520 accidere
1287 2489 1375 2524 solet,
1391 2493 1426 2519 ut
1440 2487 1517 2519 alter
1531 2487 1572 2518 sit
1583 2486 1688 2518 mollis
1705 2491 1737 2518 et
1757 2486 1860 2528 prodi-

1132 2540 1200 2571 gus,
1218 2531 1295 2562 alter
1312 2530 1426 2561 laboris
1442 2530 1562 2572 patiens
1578 2534 1611 2561 et
1623 2538 1754 2560 avarus:
1777 2527 1862 2560 unde

1132 2573 1299 2614 repetenda
1326 2572 1366 2603 sit
1395 2572 1460 2603 haec
1490 2577 1670 2602 naturarum
1691 2569 1862 2607 diversitas,

1131 2614 1203 2646 vitae
1219 2621 1327 2646 nostrae
1343 2623 1445 2645 comes
1457 2618 1490 2644 et
1503 2618 1622 2644 nature
1635 2612 1782 2643 humanm
1796 2622 1862 2643 mo-

1132 2656 1254 2688 derator
1269 2661 1463 2699 perspectum
1477 2655 1572 2686 habet
1586 2653 1718 2686 Genius.

1178 2700 1248 2730 183.
1284 2699 1371 2729 Alter
1387 2697 1542 2739 fratrum,
1565 2695 1714 2736 cogitavit
1733 2695 1862 2727 fortasse

1134 2741 1281 2771 Horatius
1293 2741 1332 2771 de
1342 2739 1462 2770 duobus
1474 2738 1539 2769 illis
1550 2737 1707 2774 fratribus.
1719 2737 1861 2769 Micione

1132 2787 1164 2814 et
1179 2783 1311 2818 Demea,
1329 2780 1413 2823 apud
1430 2780 1607 2812 Terentium
1630 2779 1663 2810 in
1687 2779 1862 2821 Adelphis;

1131 2824 1184 2855 sed
1214 2824 1316 2866 accipi
1345 2832 1471 2865 quoque
1501 2827 1602 2864 potest
1628 2821 1667 2853 de
1697 2821 1862 2863 quibusvis

1131 2866 1200 2897 aliis
1237 2865 1392 2896 fratribus.
1451 2865 1516 2895 cur
1548 2874 1670 2899 cessare,
1701 2868 1775 2894 cett.
1806 2873 1862 2894 cur

1130 2908 1231 2944 otiari,
1247 2907 1374 2939 delicias
1387 2906 1499 2943 facere,
1514 2911 1546 2937 et
1560 2904 1727 2947 unguentis
1740 2904 1861 2937 delibui
