<?xml version="1.0" encoding="UTF-8"?>
<!DOCTYPE html PUBLIC "-//W3C//DTD XHTML 1.0 Transitional//EN"
    "http://www.w3.org/TR/xhtml1/DTD/xhtml1-transitional.dtd">
<html xmlns="http://www.w3.org/1999/xhtml" xml:lang="en" lang="en">
 <head>
  <title>
</title>
<meta http-equiv="Content-Type" content="text/html;charset=utf-8" />
  <meta name='ocr-system' content='tesseract 3.04.00' />
  <meta name='ocr-capabilities' content='ocr_page ocr_carea ocr_par ocr_line ocrx_word'/>
</head>
<body>
  <div class='ocr_page' id='page_1' title='image "./operahorac00horauoft_0486.png"; bbox 0 0 1904 3314; ppageno 0'>
   <div class='ocr_carea' id='block_1_1' title="bbox 297 207 381 247">
    <p class='ocr_par' dir='ltr' id='par_1_1' title="bbox 297 207 381 247">
     <span class='ocr_line' id='line_1_1' title="bbox 297 207 381 247; baseline 0 0"><span class='ocrx_word' id='word_1_1' title='bbox 297 207 381 247; x_wconf 68' lang='lat'>446</span> 
     </span>
    </p>
   </div>
   <div class='ocr_carea' id='block_1_2' title="bbox 794 207 1321 251">
    <p class='ocr_par' dir='ltr' id='par_1_2' title="bbox 794 207 1321 251">
     <span class='ocr_line' id='line_1_2' title="bbox 794 207 1321 251; baseline -0.002 -1"><span class='ocrx_word' id='word_1_2' title='bbox 794 207 1321 251; x_wconf 83' lang='lat' dir='ltr'><strong>EPISTOLARUM</strong></span> 
     </span>
    </p>
   </div>
   <div class='ocr_carea' id='block_1_3' title="bbox 326 305 1629 1221">
    <p class='ocr_par' dir='ltr' id='par_1_3' title="bbox 412 305 1540 427">
     <span class='ocr_line' id='line_1_3' title="bbox 412 305 1376 362; baseline 0.001 -15"><span class='ocrx_word' id='word_1_3' title='bbox 412 306 499 348; x_wconf 87' lang='lat' dir='ltr'>Seu</span> <span class='ocrx_word' id='word_1_4' title='bbox 518 305 702 361; x_wconf 85' lang='lat' dir='ltr'>linguam</span> <span class='ocrx_word' id='word_1_5' title='bbox 724 307 862 348; x_wconf 87' lang='lat' dir='ltr'>causis</span> <span class='ocrx_word' id='word_1_6' title='bbox 883 306 1013 357; x_wconf 68' lang='lat' dir='ltr'>acuis,&#39;</span> <span class='ocrx_word' id='word_1_7' title='bbox 1036 323 1111 349; x_wconf 85' lang='lat' dir='ltr'>seu</span> <span class='ocrx_word' id='word_1_8' title='bbox 1131 309 1262 350; x_wconf 90' lang='lat' dir='ltr'>civica</span> <span class='ocrx_word' id='word_1_9' title='bbox 1275 309 1376 362; x_wconf 88' lang='lat' dir='ltr'>jura</span> 
     </span>
     <span class='ocr_line' id='line_1_4' title="bbox 412 372 1540 427; baseline 0.002 -14"><span class='ocrx_word' id='word_1_10' title='bbox 412 372 698 427; x_wconf 85' lang='lat' dir='ltr'>Respondere</span> <span class='ocrx_word' id='word_1_11' title='bbox 718 388 858 427; x_wconf 87' lang='lat' dir='ltr'>paras,</span> <span class='ocrx_word' id='word_1_12' title='bbox 882 389 956 415; x_wconf 89' lang='lat' dir='ltr'>seu</span> <span class='ocrx_word' id='word_1_13' title='bbox 978 375 1126 415; x_wconf 89' lang='lat' dir='ltr'>condis</span> <span class='ocrx_word' id='word_1_14' title='bbox 1149 374 1327 416; x_wconf 87' lang='lat' dir='ltr'><strong>amabile</strong></span> <span class='ocrx_word' id='word_1_15' title='bbox 1349 388 1540 424; x_wconf 72' lang='lat' dir='ltr'>carmem</span> 
     </span>
    </p>

    <p class='ocr_par' dir='ltr' id='par_1_4' title="bbox 327 439 1487 495">
     <span class='ocr_line' id='line_1_5' title="bbox 327 439 1487 495; baseline 0.001 -16"><span class='ocrx_word' id='word_1_16' title='bbox 327 441 383 480; x_wconf 71' lang='lat'>25</span> <span class='ocrx_word' id='word_1_17' title='bbox 413 439 557 480; x_wconf 85' lang='lat' dir='ltr'>Prima</span> <span class='ocrx_word' id='word_1_18' title='bbox 575 439 688 480; x_wconf 86' lang='lat' dir='ltr'>feres</span> <span class='ocrx_word' id='word_1_19' title='bbox 707 440 880 482; x_wconf 88' lang='lat' dir='ltr'>hederae</span> <span class='ocrx_word' id='word_1_20' title='bbox 900 441 1083 482; x_wconf 88' lang='lat' dir='ltr'>victricis</span> <span class='ocrx_word' id='word_1_21' title='bbox 1104 442 1299 495; x_wconf 80' lang='lat' dir='ltr'>praemia:</span> <span class='ocrx_word' id='word_1_22' title='bbox 1331 441 1487 495; x_wconf 89' lang='lat' dir='ltr'>quodsi</span> 
     </span>
    </p>

    <p class='ocr_par' dir='ltr' id='par_1_5' title="bbox 413 505 1459 562">
     <span class='ocr_line' id='line_1_6' title="bbox 413 505 1459 562; baseline 0.001 -17"><span class='ocrx_word' id='word_1_23' title='bbox 413 505 589 559; x_wconf 81' lang='lat' dir='ltr'>Frigida</span> <span class='ocrx_word' id='word_1_24' title='bbox 609 521 807 547; x_wconf 88' lang='lat' dir='ltr'>curarum</span> <span class='ocrx_word' id='word_1_25' title='bbox 826 507 1013 548; x_wconf 83' lang='lat' dir='ltr'>fomenta</span> <span class='ocrx_word' id='word_1_26' title='bbox 1032 507 1272 562; x_wconf 82' lang='lat' dir='ltr'>relinquere</span> <span class='ocrx_word' id='word_1_27' title='bbox 1293 521 1459 561; x_wconf 79' lang='lat' dir='ltr'>posses,</span> 
     </span>
    </p>

    <p class='ocr_par' dir='ltr' id='par_1_6' title="bbox 413 571 1340 627">
     <span class='ocr_line' id='line_1_7' title="bbox 413 571 1340 627; baseline 0.003 -16"><span class='ocrx_word' id='word_1_28' title='bbox 413 571 514 617; x_wconf 86' lang='lat' dir='ltr'>Quo</span> <span class='ocrx_word' id='word_1_29' title='bbox 535 578 576 613; x_wconf 91' lang='lat' dir='ltr'>te</span> <span class='ocrx_word' id='word_1_30' title='bbox 597 571 782 614; x_wconf 86' lang='lat' dir='ltr'>coelestis</span> <span class='ocrx_word' id='word_1_31' title='bbox 804 574 1011 627; x_wconf 84' lang='lat' dir='ltr'>sapientia</span> <span class='ocrx_word' id='word_1_32' title='bbox 1031 574 1221 624; x_wconf 88' lang='lat' dir='ltr'>duceret,</span> <span class='ocrx_word' id='word_1_33' title='bbox 1243 574 1340 615; x_wconf 87' lang='lat' dir='ltr'>ires.</span> 
     </span>
    </p>

    <p class='ocr_par' dir='ltr' id='par_1_7' title="bbox 412 636 1629 756">
     <span class='ocr_line' id='line_1_8' title="bbox 412 636 1629 694; baseline 0.001 -17"><span class='ocrx_word' id='word_1_34' title='bbox 412 637 511 678; x_wconf 91' lang='lat' dir='ltr'>Hoc</span> <span class='ocrx_word' id='word_1_35' title='bbox 533 652 655 691; x_wconf 87' lang='lat' dir='ltr'>opus,</span> <span class='ocrx_word' id='word_1_36' title='bbox 676 638 758 679; x_wconf 88' lang='lat' dir='ltr'>hoc</span> <span class='ocrx_word' id='word_1_37' title='bbox 781 639 967 679; x_wconf 88' lang='lat' dir='ltr'>studium</span> <span class='ocrx_word' id='word_1_38' title='bbox 987 640 1107 692; x_wconf 89' lang='lat' dir='ltr'>parvi</span> <span class='ocrx_word' id='word_1_39' title='bbox 1126 654 1403 694; x_wconf 79' lang='lat' dir='ltr'>properemus</span> <span class='ocrx_word' id='word_1_40' title='bbox 1424 645 1467 679; x_wconf 86' lang='lat' dir='ltr'>et</span> <span class='ocrx_word' id='word_1_41' title='bbox 1486 636 1629 692; x_wconf 87' lang='lat' dir='ltr'><strong>ampli,</strong></span> 
     </span>
     <span class='ocr_line' id='line_1_9' title="bbox 415 703 1342 756; baseline 0.003 -13"><span class='ocrx_word' id='word_1_42' title='bbox 415 703 461 743; x_wconf 87' lang='lat' dir='ltr'>Si</span> <span class='ocrx_word' id='word_1_43' title='bbox 482 703 630 756; x_wconf 82' lang='lat' dir='ltr'>patriae</span> <span class='ocrx_word' id='word_1_44' title='bbox 651 703 858 753; x_wconf 89' lang='lat' dir='ltr'>volumus,</span> <span class='ocrx_word' id='word_1_45' title='bbox 881 706 916 744; x_wconf 89' lang='lat' dir='ltr'>si</span> <span class='ocrx_word' id='word_1_46' title='bbox 937 706 1059 745; x_wconf 92' lang='lat' dir='ltr'>nobis</span> <span class='ocrx_word' id='word_1_47' title='bbox 1081 706 1220 746; x_wconf 90' lang='lat' dir='ltr'>vivere</span> <span class='ocrx_word' id='word_1_48' title='bbox 1241 706 1342 746; x_wconf 84' lang='lat' dir='ltr'>cari.</span> 
     </span>
    </p>

    <p class='ocr_par' dir='ltr' id='par_1_8' title="bbox 326 769 1592 1088">
     <span class='ocr_line' id='line_1_10' title="bbox 326 769 1388 820; baseline 0.002 -10"><span class='ocrx_word' id='word_1_49' title='bbox 326 770 383 810; x_wconf 86' lang='grc'>30</span> <span class='ocrx_word' id='word_1_50' title='bbox 413 769 561 810; x_wconf 87' lang='lat' dir='ltr'>Debes</span> <span class='ocrx_word' id='word_1_51' title='bbox 582 770 664 810; x_wconf 89' lang='lat' dir='ltr'>hoc</span> <span class='ocrx_word' id='word_1_52' title='bbox 685 771 811 810; x_wconf 87' lang='lat' dir='ltr'>etiam</span> <span class='ocrx_word' id='word_1_53' title='bbox 830 771 1082 820; x_wconf 82' lang='lat' dir='ltr'>rescribere,</span> <span class='ocrx_word' id='word_1_54' title='bbox 1106 772 1140 811; x_wconf 88' lang='lat' dir='ltr'>si</span> <span class='ocrx_word' id='word_1_55' title='bbox 1161 772 1238 811; x_wconf 91' lang='lat' dir='ltr'>tibi</span> <span class='ocrx_word' id='word_1_56' title='bbox 1260 786 1388 820; x_wconf 86' lang='lat' dir='ltr'>curae,</span> 
     </span>
     <span class='ocr_line' id='line_1_11' title="bbox 414 835 1473 886; baseline 0.003 -11"><span class='ocrx_word' id='word_1_57' title='bbox 414 835 600 882; x_wconf 84' lang='lat' dir='ltr'>Quantae</span> <span class='ocrx_word' id='word_1_58' title='bbox 621 838 855 886; x_wconf 85' lang='lat' dir='ltr'>conveniat,</span> <span class='ocrx_word' id='word_1_59' title='bbox 878 836 1099 878; x_wconf 86' lang='lat' dir='ltr'>Munatius</span> <span class='ocrx_word' id='word_1_60' title='bbox 1117 853 1125 876; x_wconf 92' lang='lat'>:</span> <span class='ocrx_word' id='word_1_61' title='bbox 1158 852 1211 877; x_wconf 89' lang='lat' dir='ltr'>an</span> <span class='ocrx_word' id='word_1_62' title='bbox 1232 837 1338 878; x_wconf 85' lang='lat' dir='ltr'>male</span> <span class='ocrx_word' id='word_1_63' title='bbox 1359 845 1473 878; x_wconf 84' lang='lat' dir='ltr'>sarta</span> 
     </span>
     <span class='ocr_line' id='line_1_12' title="bbox 414 902 1592 956; baseline 0 -14"><span class='ocrx_word' id='word_1_64' title='bbox 414 902 567 943; x_wconf 80' lang='lat' dir='ltr'>Gratia</span> <span class='ocrx_word' id='word_1_65' title='bbox 587 904 868 956; x_wconf 84' lang='lat' dir='ltr'>nequicquam</span> <span class='ocrx_word' id='word_1_66' title='bbox 889 903 988 951; x_wconf 89' lang='lat' dir='ltr'>coit,</span> <span class='ocrx_word' id='word_1_67' title='bbox 1011 910 1054 944; x_wconf 84' lang='lat' dir='ltr'>et</span> <span class='ocrx_word' id='word_1_68' title='bbox 1075 904 1363 944; x_wconf 78' lang='lat' dir='ltr'>rescinditur?</span> <span class='ocrx_word' id='word_1_69' title='bbox 1421 904 1482 944; x_wconf 91' lang='lat' dir='ltr'>At</span> <span class='ocrx_word' id='word_1_70' title='bbox 1504 917 1592 952; x_wconf 89' lang='lat' dir='ltr'>vos,</span> 
     </span>
     <span class='ocr_line' id='line_1_13' title="bbox 415 967 1493 1023; baseline 0.002 -15"><span class='ocrx_word' id='word_1_71' title='bbox 415 969 502 1009; x_wconf 87' lang='lat' dir='ltr'>Seu</span> <span class='ocrx_word' id='word_1_72' title='bbox 525 967 686 1009; x_wconf 86' lang='lat' dir='ltr'>calidus</span> <span class='ocrx_word' id='word_1_73' title='bbox 709 969 895 1023; x_wconf 89' lang='lat' dir='ltr'>sanguis,</span> <span class='ocrx_word' id='word_1_74' title='bbox 919 983 995 1009; x_wconf 87' lang='lat' dir='ltr'>seu</span> <span class='ocrx_word' id='word_1_75' title='bbox 1015 983 1157 1009; x_wconf 88' lang='lat' dir='ltr'>rerum</span> <span class='ocrx_word' id='word_1_76' title='bbox 1177 970 1346 1010; x_wconf 87' lang='lat' dir='ltr'>inscitia</span> <span class='ocrx_word' id='word_1_77' title='bbox 1366 977 1493 1010; x_wconf 86' lang='lat' dir='ltr'>vexat</span> 
     </span>
     <span class='ocr_line' id='line_1_14' title="bbox 415 1033 1438 1088; baseline 0.003 -15"><span class='ocrx_word' id='word_1_78' title='bbox 415 1033 627 1075; x_wconf 85' lang='lat' dir='ltr'>Indomita</span> <span class='ocrx_word' id='word_1_79' title='bbox 647 1035 810 1075; x_wconf 86' lang='lat' dir='ltr'>cervice</span> <span class='ocrx_word' id='word_1_80' title='bbox 832 1035 961 1082; x_wconf 86' lang='lat' dir='ltr'>feros,</span> <span class='ocrx_word' id='word_1_81' title='bbox 984 1035 1228 1088; x_wconf 90' lang='lat' dir='ltr'>ubicunque</span> <span class='ocrx_word' id='word_1_82' title='bbox 1249 1034 1438 1076; x_wconf 89' lang='lat' dir='ltr'>locorum</span> 
     </span>
    </p>

    <p class='ocr_par' dir='ltr' id='par_1_9' title="bbox 329 1100 1463 1221">
     <span class='ocr_line' id='line_1_15' title="bbox 329 1100 1421 1154; baseline 0.001 -14"><span class='ocrx_word' id='word_1_83' title='bbox 329 1101 384 1140; x_wconf 82' lang='lat'>35</span> <span class='ocrx_word' id='word_1_84' title='bbox 415 1100 584 1149; x_wconf 87' lang='lat' dir='ltr'>Vivitis,</span> <span class='ocrx_word' id='word_1_85' title='bbox 606 1101 770 1154; x_wconf 84' lang='lat' dir='ltr'>indigni</span> <span class='ocrx_word' id='word_1_86' title='bbox 791 1100 1024 1141; x_wconf 86' lang='lat' dir='ltr'>fraternum</span> <span class='ocrx_word' id='word_1_87' title='bbox 1046 1115 1242 1154; x_wconf 84' lang='lat' dir='ltr'>rumpere</span> <span class='ocrx_word' id='word_1_88' title='bbox 1263 1101 1421 1142; x_wconf 88' lang='lat' dir='ltr'>foedus.</span> 
     </span>
     <span class='ocr_line' id='line_1_16' title="bbox 417 1164 1463 1221; baseline 0.004 -17"><span class='ocrx_word' id='word_1_89' title='bbox 417 1164 613 1205; x_wconf 90' lang='lat' dir='ltr'>Pascitur</span> <span class='ocrx_word' id='word_1_90' title='bbox 634 1165 675 1205; x_wconf 90' lang='lat' dir='ltr'>in</span> <span class='ocrx_word' id='word_1_91' title='bbox 696 1171 884 1206; x_wconf 85' lang='lat' dir='ltr'>vestrum</span> <span class='ocrx_word' id='word_1_92' title='bbox 905 1166 1088 1206; x_wconf 84' lang='lat' dir='ltr'>reditum</span> <span class='ocrx_word' id='word_1_93' title='bbox 1110 1167 1250 1207; x_wconf 88' lang='lat' dir='ltr'>votiva</span> <span class='ocrx_word' id='word_1_94' title='bbox 1266 1167 1463 1221; x_wconf 89' lang='lat' dir='ltr'>juvenca.</span> 
     </span>
    </p>
   </div>
   <div class='ocr_carea' id='block_1_4' title="bbox 303 1308 1045 2980">
    <p class='ocr_par' dir='ltr' id='par_1_10' title="bbox 303 1308 1034 1518">
     <span class='ocr_line' id='line_1_17' title="bbox 303 1308 1032 1351; baseline 0.001 -12"><span class='ocrx_word' id='word_1_95' title='bbox 303 1320 382 1351; x_wconf 90' lang='lat' dir='ltr'>quos</span> <span class='ocrx_word' id='word_1_96' title='bbox 398 1309 430 1340; x_wconf 90' lang='lat' dir='ltr'>in</span> <span class='ocrx_word' id='word_1_97' title='bbox 453 1308 534 1339; x_wconf 88' lang='lat' dir='ltr'>hanc</span> <span class='ocrx_word' id='word_1_98' title='bbox 549 1318 612 1339; x_wconf 87' lang='lat' dir='ltr'>rem</span> <span class='ocrx_word' id='word_1_99' title='bbox 636 1308 831 1340; x_wconf 82' lang='lat' dir='ltr'>laudavimus</span> <span class='ocrx_word' id='word_1_100' title='bbox 850 1309 889 1340; x_wconf 87' lang='lat' dir='ltr'>ad</span> <span class='ocrx_word' id='word_1_101' title='bbox 914 1309 1032 1340; x_wconf 86' lang='lat' dir='ltr'>Catull.</span> 
     </span>
     <span class='ocr_line' id='line_1_18' title="bbox 305 1351 1031 1392; baseline 0 -11"><span class='ocrx_word' id='word_1_102' title='bbox 305 1351 389 1387; x_wconf 84' lang='lat' dir='ltr'>xxiv,</span> <span class='ocrx_word' id='word_1_103' title='bbox 407 1353 439 1381; x_wconf 83' lang='lat'>4.</span> <span class='ocrx_word' id='word_1_104' title='bbox 486 1351 597 1387; x_wconf 76' lang='lat' dir='ltr'>Celsus,</span> <span class='ocrx_word' id='word_1_105' title='bbox 613 1356 714 1392; x_wconf 87' lang='lat' dir='ltr'>poeta,</span> <span class='ocrx_word' id='word_1_106' title='bbox 732 1351 785 1392; x_wconf 88' lang='lat' dir='ltr'>qui</span> <span class='ocrx_word' id='word_1_107' title='bbox 803 1353 934 1382; x_wconf 88' lang='lat' dir='ltr'>aliorum</span> <span class='ocrx_word' id='word_1_108' title='bbox 957 1351 1031 1381; x_wconf 85' lang='lat' dir='ltr'>scri-</span> 
     </span>
     <span class='ocr_line' id='line_1_19' title="bbox 305 1391 1032 1433; baseline 0 -10"><span class='ocrx_word' id='word_1_109' title='bbox 305 1393 357 1423; x_wconf 85' lang='lat' dir='ltr'>nia</span> <span class='ocrx_word' id='word_1_110' title='bbox 369 1391 556 1433; x_wconf 85' lang='lat' dir='ltr'>compilabat</span> <span class='ocrx_word' id='word_1_111' title='bbox 568 1404 575 1430; x_wconf 80' lang='lat'><em>3</em></span> <span class='ocrx_word' id='word_1_112' title='bbox 601 1393 727 1424; x_wconf 84' lang='lat' dir='ltr'>fortasse</span> <span class='ocrx_word' id='word_1_113' title='bbox 740 1392 822 1423; x_wconf 87' lang='lat' dir='ltr'>idem</span> <span class='ocrx_word' id='word_1_114' title='bbox 837 1394 938 1424; x_wconf 79' lang='lat' dir='ltr'>Celsus</span> <span class='ocrx_word' id='word_1_115' title='bbox 949 1395 1032 1423; x_wconf 71' lang='lat' dir='ltr'>Albi-</span> 
     </span>
     <span class='ocr_line' id='line_1_20' title="bbox 304 1431 1034 1477; baseline 0.001 -12"><span class='ocrx_word' id='word_1_116' title='bbox 304 1445 450 1469; x_wconf 69' lang='lat' dir='ltr'>novanus,</span> <span class='ocrx_word' id='word_1_117' title='bbox 467 1434 568 1464; x_wconf 87' lang='lat' dir='ltr'>scriba</span> <span class='ocrx_word' id='word_1_118' title='bbox 589 1431 718 1472; x_wconf 86' lang='lat' dir='ltr'>Tiberii,</span> <span class='ocrx_word' id='word_1_119' title='bbox 741 1435 780 1465; x_wconf 86' lang='lat' dir='ltr'>ad</span> <span class='ocrx_word' id='word_1_120' title='bbox 803 1445 896 1476; x_wconf 89' lang='lat' dir='ltr'>quem</span> <span class='ocrx_word' id='word_1_121' title='bbox 919 1435 1034 1477; x_wconf 87' lang='lat' dir='ltr'>scripta</span> 
     </span>
     <span class='ocr_line' id='line_1_21' title="bbox 303 1475 660 1518; baseline -0.003 -11"><span class='ocrx_word' id='word_1_122' title='bbox 303 1481 351 1507; x_wconf 88' lang='lat' dir='ltr'>est</span> <span class='ocrx_word' id='word_1_123' title='bbox 372 1475 512 1518; x_wconf 84' lang='lat' dir='ltr'>Epistola</span> <span class='ocrx_word' id='word_1_124' title='bbox 529 1476 660 1506; x_wconf 84' lang='lat' dir='ltr'>Octava.</span> 
     </span>
    </p>

    <p class='ocr_par' dir='ltr' id='par_1_11' title="bbox 306 1519 1036 1685">
     <span class='ocr_line' id='line_1_22' title="bbox 352 1519 1035 1558; baseline 0 -10"><span class='ocrx_word' id='word_1_125' title='bbox 352 1520 402 1549; x_wconf 82' lang='lat'>16.</span> <span class='ocrx_word' id='word_1_126' title='bbox 436 1519 576 1548; x_wconf 74' lang='lat' dir='ltr'>privatas</span> <span class='ocrx_word' id='word_1_127' title='bbox 601 1524 637 1548; x_wconf 77' lang='lat' dir='ltr'>ut</span> <span class='ocrx_word' id='word_1_128' title='bbox 660 1525 773 1558; x_wconf 66' lang='grc' dir='ltr'>ψειεν-αι</span> <span class='ocrx_word' id='word_1_129' title='bbox 797 1528 873 1556; x_wconf 81' lang='lat' dir='ltr'>opes,</span> <span class='ocrx_word' id='word_1_130' title='bbox 898 1523 970 1548; x_wconf 87' lang='lat' dir='ltr'>cett.</span> <span class='ocrx_word' id='word_1_131' title='bbox 999 1523 1035 1548; x_wconf 85' lang='lat' dir='ltr'>ut</span> 
     </span>
     <span class='ocr_line' id='line_1_23' title="bbox 306 1559 1035 1601; baseline -0.001 -11"><span class='ocrx_word' id='word_1_132' title='bbox 306 1559 456 1591; x_wconf 86' lang='lat' dir='ltr'>doctrinae</span> <span class='ocrx_word' id='word_1_133' title='bbox 472 1559 578 1601; x_wconf 87' lang='lat' dir='ltr'>copias</span> <span class='ocrx_word' id='word_1_134' title='bbox 591 1569 628 1590; x_wconf 90' lang='lat' dir='ltr'>ex</span> <span class='ocrx_word' id='word_1_135' title='bbox 645 1570 677 1590; x_wconf 87' lang='lat' dir='ltr'>se</span> <span class='ocrx_word' id='word_1_136' title='bbox 692 1559 757 1600; x_wconf 90' lang='lat' dir='ltr'>ipso</span> <span class='ocrx_word' id='word_1_137' title='bbox 774 1559 906 1595; x_wconf 82' lang='lat' dir='ltr'>hauriat.</span> <span class='ocrx_word' id='word_1_138' title='bbox 920 1570 981 1589; x_wconf 89' lang='lat' dir='ltr'>non</span> <span class='ocrx_word' id='word_1_139' title='bbox 997 1570 1035 1590; x_wconf 84' lang='lat' dir='ltr'>ex</span> 
     </span>
     <span class='ocr_line' id='line_1_24' title="bbox 306 1600 1036 1642; baseline -0.003 -10"><span class='ocrx_word' id='word_1_140' title='bbox 306 1602 436 1632; x_wconf 83' lang='lat' dir='ltr'>aliorum</span> <span class='ocrx_word' id='word_1_141' title='bbox 453 1601 587 1642; x_wconf 87' lang='lat' dir='ltr'>scriptis,</span> <span class='ocrx_word' id='word_1_142' title='bbox 600 1611 670 1641; x_wconf 85' lang='lat' dir='ltr'>quae</span> <span class='ocrx_word' id='word_1_143' title='bbox 681 1600 712 1631; x_wconf 91' lang='lat' dir='ltr'>in</span> <span class='ocrx_word' id='word_1_144' title='bbox 726 1601 916 1632; x_wconf 86' lang='lat' dir='ltr'>bibliotheca</span> <span class='ocrx_word' id='word_1_145' title='bbox 931 1601 1036 1642; x_wconf 88' lang='lat' dir='ltr'>templi</span> 
     </span>
     <span class='ocr_line' id='line_1_25' title="bbox 307 1642 803 1685; baseline -0.002 -11"><span class='ocrx_word' id='word_1_146' title='bbox 307 1642 466 1685; x_wconf 85' lang='lat' dir='ltr'>Apollinis</span> <span class='ocrx_word' id='word_1_147' title='bbox 482 1642 617 1672; x_wconf 79' lang='lat' dir='ltr'>Palatini</span> <span class='ocrx_word' id='word_1_148' title='bbox 632 1648 803 1673; x_wconf 83' lang='lat' dir='ltr'>servantur.</span> 
     </span>
    </p>

    <p class='ocr_par' dir='ltr' id='par_1_12' title="bbox 307 1684 1042 2353">
     <span class='ocr_line' id='line_1_26' title="bbox 352 1684 1037 1722; baseline -0.001 -7"><span class='ocrx_word' id='word_1_149' title='bbox 352 1685 488 1716; x_wconf 81' lang='lat'>18-21.</span> <span class='ocrx_word' id='word_1_150' title='bbox 513 1684 572 1719; x_wconf 84' lang='lat' dir='ltr'>Ne,</span> <span class='ocrx_word' id='word_1_151' title='bbox 595 1686 618 1714; x_wconf 82' lang='lat' dir='ltr'>si</span> <span class='ocrx_word' id='word_1_152' title='bbox 641 1685 731 1722; x_wconf 76' lang='lat' dir='ltr'>forte,</span> <span class='ocrx_word' id='word_1_153' title='bbox 755 1690 830 1716; x_wconf 88' lang='lat' dir='ltr'>cett.</span> <span class='ocrx_word' id='word_1_154' title='bbox 846 1695 896 1718; x_wconf 90' lang='lat' dir='ltr'>ne.</span> <span class='ocrx_word' id='word_1_155' title='bbox 912 1685 938 1714; x_wconf 87' lang='lat' dir='ltr'>si</span> <span class='ocrx_word' id='word_1_156' title='bbox 962 1684 1037 1715; x_wconf 79' lang='lat' dir='ltr'>forte</span> 
     </span>
     <span class='ocr_line' id='line_1_27' title="bbox 308 1725 1036 1768; baseline -0.001 -11"><span class='ocrx_word' id='word_1_157' title='bbox 308 1727 424 1763; x_wconf 86' lang='lat' dir='ltr'>aliena,</span> <span class='ocrx_word' id='word_1_158' title='bbox 449 1725 565 1766; x_wconf 88' lang='lat' dir='ltr'>quibus</span> <span class='ocrx_word' id='word_1_159' title='bbox 588 1737 621 1757; x_wconf 86' lang='lat' dir='ltr'>se</span> <span class='ocrx_word' id='word_1_160' title='bbox 648 1726 817 1762; x_wconf 83' lang='lat' dir='ltr'>exornavit,</span> <span class='ocrx_word' id='word_1_161' title='bbox 847 1732 1036 1768; x_wconf 76' lang='lat' dir='ltr'>repetantur,</span> 
     </span>
     <span class='ocr_line' id='line_1_28' title="bbox 307 1767 1038 1809; baseline 0 -10"><span class='ocrx_word' id='word_1_162' title='bbox 307 1770 402 1799; x_wconf 88' lang='lat' dir='ltr'>risum</span> <span class='ocrx_word' id='word_1_163' title='bbox 431 1773 565 1803; x_wconf 87' lang='lat' dir='ltr'>moveat.</span> <span class='ocrx_word' id='word_1_164' title='bbox 597 1768 679 1798; x_wconf 85' lang='lat' dir='ltr'>sicut</span> <span class='ocrx_word' id='word_1_165' title='bbox 713 1768 745 1798; x_wconf 90' lang='lat' dir='ltr'>in</span> <span class='ocrx_word' id='word_1_166' title='bbox 783 1769 902 1799; x_wconf 85' lang='lat' dir='ltr'>Fabula</span> <span class='ocrx_word' id='word_1_167' title='bbox 928 1767 1038 1809; x_wconf 87' lang='lat' dir='ltr'>AEsopi</span> 
     </span>
     <span class='ocr_line' id='line_1_29' title="bbox 308 1808 1038 1851; baseline -0.001 -10"><span class='ocrx_word' id='word_1_168' title='bbox 308 1810 454 1851; x_wconf 84' lang='lat' dir='ltr'>(Phaedr.</span> <span class='ocrx_word' id='word_1_169' title='bbox 481 1809 503 1845; x_wconf 83' lang='lat' dir='ltr'>i.</span> <span class='ocrx_word' id='word_1_170' title='bbox 530 1808 581 1849; x_wconf 89' lang='lat'>3),</span> <span class='ocrx_word' id='word_1_171' title='bbox 613 1809 772 1841; x_wconf 88' lang='lat' dir='ltr'>cornicula</span> <span class='ocrx_word' id='word_1_172' title='bbox 802 1810 851 1841; x_wconf 90' lang='lat' dir='ltr'>vel</span> <span class='ocrx_word' id='word_1_173' title='bbox 882 1811 1038 1851; x_wconf 83' lang='lat' dir='ltr'>graculus.</span> 
     </span>
     <span class='ocr_line' id='line_1_30' title="bbox 311 1852 1040 1894; baseline 0.001 -12"><span class='ocrx_word' id='word_1_174' title='bbox 311 1853 487 1886; x_wconf 76' lang='lat' dir='ltr'>Cornicula,</span> <span class='ocrx_word' id='word_1_175' title='bbox 500 1852 581 1882; x_wconf 88' lang='lat' dir='ltr'>sicut</span> <span class='ocrx_word' id='word_1_176' title='bbox 595 1852 754 1883; x_wconf 89' lang='lat' dir='ltr'>cornicula</span> <span class='ocrx_word' id='word_1_177' title='bbox 767 1864 774 1882; x_wconf 92' lang='lat'><strong>:</strong></span> <span class='ocrx_word' id='word_1_178' title='bbox 799 1852 839 1883; x_wconf 88' lang='lat' dir='ltr'>cf.</span> <span class='ocrx_word' id='word_1_179' title='bbox 854 1853 892 1883; x_wconf 91' lang='lat' dir='ltr'>ad</span> <span class='ocrx_word' id='word_1_180' title='bbox 909 1853 1040 1894; x_wconf 85' lang='lat' dir='ltr'>praeced.</span> 
     </span>
     <span class='ocr_line' id='line_1_31' title="bbox 311 1894 1040 1935; baseline -0.001 -10"><span class='ocrx_word' id='word_1_181' title='bbox 311 1894 411 1935; x_wconf 87' lang='lat' dir='ltr'>Epist.</span> <span class='ocrx_word' id='word_1_182' title='bbox 435 1904 463 1924; x_wconf 90' lang='lat' dir='ltr'>v.</span> <span class='ocrx_word' id='word_1_183' title='bbox 487 1895 538 1923; x_wconf 82' lang='lat'>42.</span> <span class='ocrx_word' id='word_1_184' title='bbox 585 1894 720 1924; x_wconf 76' lang='lat' dir='ltr'>Furtivis</span> <span class='ocrx_word' id='word_1_185' title='bbox 744 1896 861 1925; x_wconf 74' lang='lat' dir='ltr'>nudata</span> <span class='ocrx_word' id='word_1_186' title='bbox 886 1896 1040 1932; x_wconf 74' lang='lat' dir='ltr'>coloribus,</span> 
     </span>
     <span class='ocr_line' id='line_1_32' title="bbox 308 1934 1042 1977; baseline 0 -10"><span class='ocrx_word' id='word_1_187' title='bbox 308 1941 403 1967; x_wconf 78' lang='lat' dir='ltr'>exuta</span> <span class='ocrx_word' id='word_1_188' title='bbox 418 1934 557 1976; x_wconf 90' lang='lat' dir='ltr'>pulchris</span> <span class='ocrx_word' id='word_1_189' title='bbox 579 1935 709 1976; x_wconf 87' lang='lat' dir='ltr'>pavonis</span> <span class='ocrx_word' id='word_1_190' title='bbox 724 1936 845 1977; x_wconf 86' lang='lat' dir='ltr'>pennis,</span> <span class='ocrx_word' id='word_1_191' title='bbox 869 1947 947 1977; x_wconf 88' lang='lat' dir='ltr'>quas</span> <span class='ocrx_word' id='word_1_192' title='bbox 970 1947 1042 1967; x_wconf 89' lang='lat' dir='ltr'>suas</span> 
     </span>
     <span class='ocr_line' id='line_1_33' title="bbox 311 1976 1037 2017; baseline 0.001 -10"><span class='ocrx_word' id='word_1_193' title='bbox 311 1978 427 2008; x_wconf 78' lang='lat' dir='ltr'>fecerat</span> <span class='ocrx_word' id='word_1_194' title='bbox 446 1976 619 2007; x_wconf 81' lang='lat' dir='ltr'>cornicula.</span> <span class='ocrx_word' id='word_1_195' title='bbox 665 1978 729 2016; x_wconf 88' lang='lat' dir='ltr'>Ipse</span> <span class='ocrx_word' id='word_1_196' title='bbox 751 1980 823 2017; x_wconf 81' lang='lat' dir='ltr'>quid</span> <span class='ocrx_word' id='word_1_197' title='bbox 848 1980 962 2008; x_wconf 79' lang='lat' dir='ltr'>audes?</span> <span class='ocrx_word' id='word_1_198' title='bbox 984 1978 1037 2008; x_wconf 88' lang='lat' dir='ltr'>tibi</span> 
     </span>
     <span class='ocr_line' id='line_1_34' title="bbox 310 2019 1038 2060; baseline 0.001 -11"><span class='ocrx_word' id='word_1_199' title='bbox 310 2019 505 2049; x_wconf 81' lang='lat' dir='ltr'>tractandum</span> <span class='ocrx_word' id='word_1_200' title='bbox 551 2019 835 2060; x_wconf 87' lang='lat' dir='ltr'>perficiendumque</span> <span class='ocrx_word' id='word_1_201' title='bbox 878 2020 1038 2050; x_wconf 65' lang='lat' dir='ltr'>sumsisti!</span> 
     </span>
     <span class='ocr_line' id='line_1_35' title="bbox 311 2059 1038 2103; baseline 0.001 -12"><span class='ocrx_word' id='word_1_202' title='bbox 311 2062 412 2100; x_wconf 79' lang='lat' dir='ltr'>agilis,</span> <span class='ocrx_word' id='word_1_203' title='bbox 443 2059 524 2090; x_wconf 87' lang='lat' dir='ltr'>sicut</span> <span class='ocrx_word' id='word_1_204' title='bbox 551 2062 639 2101; x_wconf 78' lang='lat' dir='ltr'>agilis</span> <span class='ocrx_word' id='word_1_205' title='bbox 667 2060 718 2101; x_wconf 89' lang='lat' dir='ltr'>(h.</span> <span class='ocrx_word' id='word_1_206' title='bbox 746 2071 774 2091; x_wconf 86' lang='lat' dir='ltr'>e.</span> <span class='ocrx_word' id='word_1_207' title='bbox 803 2061 929 2099; x_wconf 82' lang='lat' dir='ltr'>sedula)</span> <span class='ocrx_word' id='word_1_208' title='bbox 960 2061 1038 2103; x_wconf 86' lang='lat' dir='ltr'>apis.</span> 
     </span>
     <span class='ocr_line' id='line_1_36' title="bbox 313 2101 1037 2144; baseline -0.001 -10"><span class='ocrx_word' id='word_1_209' title='bbox 313 2101 461 2134; x_wconf 84' lang='lat' dir='ltr'>Horatius</span> <span class='ocrx_word' id='word_1_210' title='bbox 488 2111 558 2142; x_wconf 88' lang='lat' dir='ltr'>sup.</span> <span class='ocrx_word' id='word_1_211' title='bbox 581 2103 644 2133; x_wconf 92' lang='lat' dir='ltr'>Od.</span> <span class='ocrx_word' id='word_1_212' title='bbox 666 2101 708 2137; x_wconf 87' lang='lat' dir='ltr'>iv,</span> <span class='ocrx_word' id='word_1_213' title='bbox 731 2104 763 2138; x_wconf 84' lang='lat'>2,</span> <span class='ocrx_word' id='word_1_214' title='bbox 787 2104 826 2134; x_wconf 81' lang='lat'>27</span> <span class='ocrx_word' id='word_1_215' title='bbox 850 2104 934 2134; x_wconf 88' lang='lat' dir='ltr'>dese</span> <span class='ocrx_word' id='word_1_216' title='bbox 957 2103 1037 2144; x_wconf 82' lang='lat' dir='ltr'>ipso,</span> 
     </span>
     <span class='ocr_line' id='line_1_37' title="bbox 311 2144 1038 2185; baseline 0 -11"><span class='ocrx_word' id='word_1_217' title='bbox 311 2155 374 2185; x_wconf 84' lang='lat' dir='ltr'>ego,</span> <span class='ocrx_word' id='word_1_218' title='bbox 400 2146 464 2183; x_wconf 77' lang='lat' dir='ltr'>apis</span> <span class='ocrx_word' id='word_1_219' title='bbox 489 2144 614 2174; x_wconf 60' lang='lat' dir='ltr'>Matinae</span> <span class='ocrx_word' id='word_1_220' title='bbox 649 2144 730 2173; x_wconf 81' lang='lat' dir='ltr'>More</span> <span class='ocrx_word' id='word_1_221' title='bbox 758 2147 906 2185; x_wconf 79' lang='lat' dir='ltr'>modoque,</span> <span class='ocrx_word' id='word_1_222' title='bbox 939 2145 1038 2175; x_wconf 85' lang='lat' dir='ltr'>Grata</span> 
     </span>
     <span class='ocr_line' id='line_1_38' title="bbox 313 2186 1038 2226; baseline 0 -10"><span class='ocrx_word' id='word_1_223' title='bbox 313 2188 461 2226; x_wconf 78' lang='lat' dir='ltr'>carpentis</span> <span class='ocrx_word' id='word_1_224' title='bbox 476 2186 577 2225; x_wconf 82' lang='lat' dir='ltr'>thyma</span> <span class='ocrx_word' id='word_1_225' title='bbox 591 2197 644 2225; x_wconf 83' lang='lat' dir='ltr'>per</span> <span class='ocrx_word' id='word_1_226' title='bbox 661 2187 787 2216; x_wconf 79' lang='lat' dir='ltr'>laborem</span> <span class='ocrx_word' id='word_1_227' title='bbox 814 2187 1038 2222; x_wconf 80' lang='lat' dir='ltr'>Plurimum,—</span> 
     </span>
     <span class='ocr_line' id='line_1_39' title="bbox 315 2226 1038 2269; baseline 0 -11"><span class='ocrx_word' id='word_1_228' title='bbox 315 2228 574 2268; x_wconf 72' lang='lat' dir='ltr'>Carmi&#39;nafingo;</span> <span class='ocrx_word' id='word_1_229' title='bbox 599 2226 652 2258; x_wconf 93' lang='lat' dir='ltr'>ubi</span> <span class='ocrx_word' id='word_1_230' title='bbox 669 2227 738 2258; x_wconf 89' lang='lat' dir='ltr'>vide</span> <span class='ocrx_word' id='word_1_231' title='bbox 761 2239 831 2268; x_wconf 84' lang='lat' dir='ltr'>quae</span> <span class='ocrx_word' id='word_1_232' title='bbox 854 2228 892 2258; x_wconf 87' lang='lat' dir='ltr'>de</span> <span class='ocrx_word' id='word_1_233' title='bbox 914 2238 1038 2269; x_wconf 81' lang='lat' dir='ltr'>compa-</span> 
     </span>
     <span class='ocr_line' id='line_1_40' title="bbox 311 2269 1038 2311; baseline 0 -11"><span class='ocrx_word' id='word_1_234' title='bbox 311 2269 429 2300; x_wconf 81' lang='lat' dir='ltr'>ratione</span> <span class='ocrx_word' id='word_1_235' title='bbox 452 2275 613 2310; x_wconf 86' lang='lat' dir='ltr'>poetarum</span> <span class='ocrx_word' id='word_1_236' title='bbox 637 2279 709 2299; x_wconf 88' lang='lat' dir='ltr'>cum</span> <span class='ocrx_word' id='word_1_237' title='bbox 732 2270 840 2311; x_wconf 83' lang='lat' dir='ltr'>apibus</span> <span class='ocrx_word' id='word_1_238' title='bbox 861 2269 950 2300; x_wconf 84' lang='lat' dir='ltr'>flores</span> <span class='ocrx_word' id='word_1_239' title='bbox 972 2279 1038 2300; x_wconf 88' lang='lat' dir='ltr'>car·</span> 
     </span>
     <span class='ocr_line' id='line_1_41' title="bbox 312 2310 660 2353; baseline -0.003 -11"><span class='ocrx_word' id='word_1_240' title='bbox 312 2311 458 2353; x_wconf 84' lang='lat' dir='ltr'>pentibus</span> <span class='ocrx_word' id='word_1_241' title='bbox 474 2310 660 2341; x_wconf 79' lang='lat' dir='ltr'>notavimus.</span> 
     </span>
    </p>

    <p class='ocr_par' dir='ltr' id='par_1_13' title="bbox 311 2352 1043 2519">
     <span class='ocr_line' id='line_1_42' title="bbox 355 2352 1040 2393; baseline 0 -10"><span class='ocrx_word' id='word_1_242' title='bbox 355 2354 408 2383; x_wconf 81' lang='lat'>22.</span> <span class='ocrx_word' id='word_1_243' title='bbox 445 2352 603 2393; x_wconf 76' lang='lat' dir='ltr'>Ingenium</span> <span class='ocrx_word' id='word_1_244' title='bbox 626 2354 757 2382; x_wconf 74' lang='lat' dir='ltr'>hirtum.-</span> <span class='ocrx_word' id='word_1_245' title='bbox 791 2352 948 2392; x_wconf 84' lang='lat' dir='ltr'>ingenium</span> <span class='ocrx_word' id='word_1_246' title='bbox 979 2363 1040 2383; x_wconf 88' lang='lat' dir='ltr'>non</span> 
     </span>
     <span class='ocr_line' id='line_1_43' title="bbox 311 2394 1041 2436; baseline -0.003 -10"><span class='ocrx_word' id='word_1_247' title='bbox 311 2394 471 2426; x_wconf 82' lang='lat' dir='ltr'>excultum</span> <span class='ocrx_word' id='word_1_248' title='bbox 501 2401 697 2435; x_wconf 78' lang='lat' dir='ltr'>comparatur</span> <span class='ocrx_word' id='word_1_249' title='bbox 719 2405 790 2425; x_wconf 90' lang='lat' dir='ltr'>cum</span> <span class='ocrx_word' id='word_1_250' title='bbox 820 2404 904 2435; x_wconf 87' lang='lat' dir='ltr'>agro,</span> <span class='ocrx_word' id='word_1_251' title='bbox 928 2395 993 2436; x_wconf 81' lang='lat' dir='ltr'>qui,</span> <span class='ocrx_word' id='word_1_252' title='bbox 1016 2395 1041 2424; x_wconf 87' lang='lat' dir='ltr'>si</span> 
     </span>
     <span class='ocr_line' id='line_1_44' title="bbox 312 2435 1043 2478; baseline 0.001 -11"><span class='ocrx_word' id='word_1_253' title='bbox 312 2446 376 2467; x_wconf 82' lang='lat' dir='ltr'>non</span> <span class='ocrx_word' id='word_1_254' title='bbox 399 2435 523 2470; x_wconf 82' lang='lat' dir='ltr'>colitur,</span> <span class='ocrx_word' id='word_1_255' title='bbox 547 2436 690 2478; x_wconf 88' lang='lat' dir='ltr'>vepribus</span> <span class='ocrx_word' id='word_1_256' title='bbox 713 2442 744 2467; x_wconf 88' lang='lat' dir='ltr'>et</span> <span class='ocrx_word' id='word_1_257' title='bbox 767 2435 864 2477; x_wconf 85' lang='lat' dir='ltr'>spinis</span> <span class='ocrx_word' id='word_1_258' title='bbox 889 2437 987 2467; x_wconf 85' lang='lat' dir='ltr'>hirtus</span> <span class='ocrx_word' id='word_1_259' title='bbox 1012 2442 1043 2468; x_wconf 86' lang='lat' dir='ltr'>et</span> 
     </span>
     <span class='ocr_line' id='line_1_45' title="bbox 313 2477 527 2519; baseline -0.005 -11"><span class='ocrx_word' id='word_1_260' title='bbox 313 2477 455 2519; x_wconf 88' lang='lat' dir='ltr'>hispidus</span> <span class='ocrx_word' id='word_1_261' title='bbox 469 2482 527 2508; x_wconf 81' lang='lat' dir='ltr'>est.</span> 
     </span>
    </p>

    <p class='ocr_par' dir='ltr' id='par_1_14' title="bbox 313 2519 1045 2980">
     <span class='ocr_line' id='line_1_46' title="bbox 358 2519 1044 2560; baseline 0.001 -10"><span class='ocrx_word' id='word_1_262' title='bbox 358 2521 412 2556; x_wconf 82' lang='lat'>23,</span> <span class='ocrx_word' id='word_1_263' title='bbox 427 2521 480 2550; x_wconf 84' lang='lat'>24.</span> <span class='ocrx_word' id='word_1_264' title='bbox 503 2519 560 2549; x_wconf 79' lang='lat' dir='ltr'>Seu</span> <span class='ocrx_word' id='word_1_265' title='bbox 585 2520 720 2560; x_wconf 82' lang='lat' dir='ltr'>linguam</span> <span class='ocrx_word' id='word_1_266' title='bbox 745 2521 839 2550; x_wconf 77' lang='lat' dir='ltr'>causis</span> <span class='ocrx_word' id='word_1_267' title='bbox 870 2522 964 2554; x_wconf 78' lang='lat' dir='ltr'>acuis.</span> <span class='ocrx_word' id='word_1_268' title='bbox 991 2530 1044 2551; x_wconf 89' lang='lat' dir='ltr'>seu</span> 
     </span>
     <span class='ocr_line' id='line_1_47' title="bbox 315 2561 1045 2603; baseline -0.001 -11"><span class='ocrx_word' id='word_1_269' title='bbox 315 2567 345 2594; x_wconf 84' lang='lat' dir='ltr'>te</span> <span class='ocrx_word' id='word_1_270' title='bbox 361 2561 400 2592; x_wconf 88' lang='lat' dir='ltr'>ad</span> <span class='ocrx_word' id='word_1_271' title='bbox 415 2571 526 2592; x_wconf 81' lang='lat' dir='ltr'>causas</span> <span class='ocrx_word' id='word_1_272' title='bbox 539 2568 628 2592; x_wconf 84' lang='lat' dir='ltr'>acute</span> <span class='ocrx_word' id='word_1_273' title='bbox 644 2567 675 2592; x_wconf 90' lang='lat' dir='ltr'>et</span> <span class='ocrx_word' id='word_1_274' title='bbox 689 2561 798 2592; x_wconf 87' lang='lat' dir='ltr'>diserte</span> <span class='ocrx_word' id='word_1_275' title='bbox 815 2562 847 2591; x_wconf 89' lang='lat' dir='ltr'>iu</span> <span class='ocrx_word' id='word_1_276' title='bbox 858 2561 986 2603; x_wconf 81' lang='lat' dir='ltr'>judiciis</span> <span class='ocrx_word' id='word_1_277' title='bbox 998 2562 1045 2592; x_wconf 86' lang='lat' dir='ltr'>di-</span> 
     </span>
     <span class='ocr_line' id='line_1_48' title="bbox 313 2603 1044 2645; baseline 0 -11"><span class='ocrx_word' id='word_1_278' title='bbox 313 2603 428 2635; x_wconf 82' lang='lat' dir='ltr'>cendas</span> <span class='ocrx_word' id='word_1_279' title='bbox 453 2608 484 2634; x_wconf 84' lang='lat' dir='ltr'>te</span> <span class='ocrx_word' id='word_1_280' title='bbox 509 2613 682 2644; x_wconf 87' lang='lat' dir='ltr'>praeparas:</span> <span class='ocrx_word' id='word_1_281' title='bbox 707 2613 832 2634; x_wconf 86' lang='lat' dir='ltr'>causam</span> <span class='ocrx_word' id='word_1_282' title='bbox 860 2604 891 2634; x_wconf 91' lang='lat' dir='ltr'>in</span> <span class='ocrx_word' id='word_1_283' title='bbox 915 2603 1044 2645; x_wconf 87' lang='lat' dir='ltr'>judiciis</span> 
     </span>
     <span class='ocr_line' id='line_1_49' title="bbox 313 2645 1042 2686; baseline 0 -10"><span class='ocrx_word' id='word_1_284' title='bbox 313 2645 425 2677; x_wconf 87' lang='lat' dir='ltr'>dicturi</span> <span class='ocrx_word' id='word_1_285' title='bbox 441 2645 523 2686; x_wconf 88' lang='lat' dir='ltr'>apud</span> <span class='ocrx_word' id='word_1_286' title='bbox 547 2645 730 2676; x_wconf 86' lang='lat' dir='ltr'>Ciceronem</span> <span class='ocrx_word' id='word_1_287' title='bbox 746 2655 870 2686; x_wconf 89' lang='lat' dir='ltr'>quoque</span> <span class='ocrx_word' id='word_1_288' title='bbox 894 2646 982 2676; x_wconf 86' lang='lat' dir='ltr'>Orat.</span> <span class='ocrx_word' id='word_1_289' title='bbox 996 2646 1042 2681; x_wconf 83' lang='lat' dir='ltr'>iii,</span> 
     </span>
     <span class='ocr_line' id='line_1_50' title="bbox 315 2687 1045 2728; baseline 0 -10"><span class='ocrx_word' id='word_1_290' title='bbox 315 2689 368 2724; x_wconf 84' lang='lat'>30,</span> <span class='ocrx_word' id='word_1_291' title='bbox 384 2687 540 2726; x_wconf 82' lang='lat' dir='ltr'>eleganter</span> <span class='ocrx_word' id='word_1_292' title='bbox 556 2688 693 2728; x_wconf 81' lang='lat' dir='ltr'>linguam</span> <span class='ocrx_word' id='word_1_293' title='bbox 708 2688 747 2717; x_wconf 81' lang='lat' dir='ltr'>ud</span> <span class='ocrx_word' id='word_1_294' title='bbox 763 2689 919 2718; x_wconf 76' lang='lat' dir='ltr'>dicendum</span> <span class='ocrx_word' id='word_1_295' title='bbox 937 2699 1045 2718; x_wconf 79' lang='lat' dir='ltr'>acuere</span> 
     </span>
     <span class='ocr_line' id='line_1_51' title="bbox 315 2729 1043 2771; baseline 0 -11"><span class='ocrx_word' id='word_1_296' title='bbox 315 2735 343 2760; x_wconf 76' lang='lat' dir='ltr'>et</span> <span class='ocrx_word' id='word_1_297' title='bbox 365 2730 524 2769; x_wconf 73' lang='lat' dir='ltr'>procudere</span> <span class='ocrx_word' id='word_1_298' title='bbox 547 2729 713 2765; x_wconf 59' lang='lat' dir='ltr'>dicuntum</span> <span class='ocrx_word' id='word_1_299' title='bbox 735 2735 766 2759; x_wconf 81' lang='lat' dir='ltr'>et</span> <span class='ocrx_word' id='word_1_300' title='bbox 790 2729 834 2760; x_wconf 89' lang='lat' dir='ltr'>sic</span> <span class='ocrx_word' id='word_1_301' title='bbox 862 2730 943 2771; x_wconf 91' lang='lat' dir='ltr'>apud</span> <span class='ocrx_word' id='word_1_302' title='bbox 967 2741 1043 2760; x_wconf 87' lang='lat' dir='ltr'>eun-</span> 
     </span>
     <span class='ocr_line' id='line_1_52' title="bbox 316 2770 1043 2811; baseline 0 -8"><span class='ocrx_word' id='word_1_303' title='bbox 316 2771 387 2803; x_wconf 80' lang='lat' dir='ltr'>dem</span> <span class='ocrx_word' id='word_1_304' title='bbox 410 2771 449 2802; x_wconf 79' lang='lat' dir='ltr'>ad</span> <span class='ocrx_word' id='word_1_305' title='bbox 467 2771 565 2801; x_wconf 78' lang='lat' dir='ltr'>Attio.</span> <span class='ocrx_word' id='word_1_306' title='bbox 580 2770 613 2806; x_wconf 78' lang='lat' dir='ltr'>ii,</span> <span class='ocrx_word' id='word_1_307' title='bbox 631 2772 662 2806; x_wconf 93' lang='lat'>7,</span> <span class='ocrx_word' id='word_1_308' title='bbox 677 2781 705 2800; x_wconf 81' lang='lat' dir='ltr'>se</span> <span class='ocrx_word' id='word_1_309' title='bbox 727 2781 833 2801; x_wconf 80' lang='lat' dir='ltr'>acuere</span> <span class='ocrx_word' id='word_1_310' title='bbox 855 2773 892 2801; x_wconf 82' lang='lat' dir='ltr'>ad</span> <span class='ocrx_word' id='word_1_311' title='bbox 916 2774 1043 2811; x_wconf 72' lang='lat' dir='ltr'>aliquid.</span> 
     </span>
     <span class='ocr_line' id='line_1_53' title="bbox 317 2811 1044 2854; baseline 0 -9"><span class='ocrx_word' id='word_1_312' title='bbox 317 2813 453 2845; x_wconf 85' lang='lat' dir='ltr'>Pindaro</span> <span class='ocrx_word' id='word_1_313' title='bbox 468 2812 561 2854; x_wconf 85' lang='lat' dir='ltr'>Pyth.</span> <span class='ocrx_word' id='word_1_314' title='bbox 571 2811 594 2848; x_wconf 84' lang='lat' dir='ltr'>i,</span> <span class='ocrx_word' id='word_1_315' title='bbox 605 2814 657 2849; x_wconf 87' lang='lat'>86,</span> <span class='ocrx_word' id='word_1_316' title='bbox 672 2813 730 2843; x_wconf 89' lang='lat' dir='ltr'>hoc</span> <span class='ocrx_word' id='word_1_317' title='bbox 740 2812 854 2843; x_wconf 87' lang='lat' dir='ltr'>dicitur</span> <span class='ocrx_word' id='word_1_318' title='bbox 868 2813 1044 2854; x_wconf 78' lang='grc' dir='ltr'>χαλκεύειν</span> 
     </span>
     <span class='ocr_line' id='line_1_54' title="bbox 317 2853 1045 2898; baseline 0 -12"><span class='ocrx_word' id='word_1_319' title='bbox 317 2857 476 2898; x_wconf 81' lang='grc' dir='ltr'><strong>γλῶσσαν</strong></span> <span class='ocrx_word' id='word_1_320' title='bbox 493 2854 579 2896; x_wconf 81' lang='grc' dir='ltr'><em>πρός</em></span> <span class='ocrx_word' id='word_1_321' title='bbox 590 2864 668 2886; x_wconf 81' lang='grc' dir='ltr'>τινι·</span> <span class='ocrx_word' id='word_1_322' title='bbox 687 2853 751 2884; x_wconf 85' lang='lat' dir='ltr'>vid.</span> <span class='ocrx_word' id='word_1_323' title='bbox 764 2855 914 2885; x_wconf 88' lang='lat' dir='ltr'>eruditam</span> <span class='ocrx_word' id='word_1_324' title='bbox 930 2855 1045 2887; x_wconf 86' lang='lat' dir='ltr'>Boeck-</span> 
     </span>
     <span class='ocr_line' id='line_1_55' title="bbox 318 2896 1044 2938; baseline 0 -10"><span class='ocrx_word' id='word_1_325' title='bbox 318 2897 362 2928; x_wconf 78' lang='lat' dir='ltr'>bii</span> <span class='ocrx_word' id='word_1_326' title='bbox 378 2901 482 2928; x_wconf 70' lang='lat' dir='ltr'>notam</span> <span class='ocrx_word' id='word_1_327' title='bbox 496 2897 534 2928; x_wconf 89' lang='lat' dir='ltr'>T.</span> <span class='ocrx_word' id='word_1_328' title='bbox 547 2896 580 2932; x_wconf 77' lang='lat' dir='ltr'>ii,</span> <span class='ocrx_word' id='word_1_329' title='bbox 598 2908 628 2938; x_wconf 83' lang='lat' dir='ltr'>p.</span> <span class='ocrx_word' id='word_1_330' title='bbox 643 2896 664 2926; x_wconf 79' lang='lat' dir='ltr'>il</span> <span class='ocrx_word' id='word_1_331' title='bbox 689 2908 718 2938; x_wconf 88' lang='lat' dir='ltr'>p.</span> <span class='ocrx_word' id='word_1_332' title='bbox 735 2897 811 2927; x_wconf 83' lang='lat'>238.</span> <span class='ocrx_word' id='word_1_333' title='bbox 858 2898 1044 2936; x_wconf 79' lang='lat' dir='ltr'>Civicajnra</span> 
     </span>
     <span class='ocr_line' id='line_1_56' title="bbox 317 2939 1044 2980; baseline 0.001 -10"><span class='ocrx_word' id='word_1_334' title='bbox 317 2940 513 2979; x_wconf 73' lang='lat' dir='ltr'>Respondere.</span> <span class='ocrx_word' id='word_1_335' title='bbox 556 2939 614 2970; x_wconf 77' lang='lat' dir='ltr'>Jus</span> <span class='ocrx_word' id='word_1_336' title='bbox 631 2940 803 2979; x_wconf 77' lang='lat' dir='ltr'>respondere</span> <span class='ocrx_word' id='word_1_337' title='bbox 826 2949 891 2980; x_wconf 88' lang='lat' dir='ltr'>pro,</span> <span class='ocrx_word' id='word_1_338' title='bbox 915 2939 953 2970; x_wconf 90' lang='lat' dir='ltr'>de</span> <span class='ocrx_word' id='word_1_339' title='bbox 974 2939 1044 2980; x_wconf 91' lang='lat' dir='ltr'>jure</span> 
     </span>
    </p>
   </div>
   <div class='ocr_carea' id='block_1_5' title="bbox 1075 1309 1807 1475">
    <p class='ocr_par' dir='ltr' id='par_1_15' title="bbox 1075 1309 1806 1391">
     <span class='ocr_line' id='line_1_57' title="bbox 1075 1309 1806 1352; baseline 0.003 -12"><span class='ocrx_word' id='word_1_340' title='bbox 1075 1310 1258 1352; x_wconf 86' lang='lat' dir='ltr'>respondere</span> <span class='ocrx_word' id='word_1_341' title='bbox 1270 1323 1276 1341; x_wconf 91' lang='lat'><strong>:</strong></span> <span class='ocrx_word' id='word_1_342' title='bbox 1303 1310 1366 1341; x_wconf 91' lang='lat' dir='ltr'>vid.</span> <span class='ocrx_word' id='word_1_343' title='bbox 1378 1311 1498 1342; x_wconf 81' lang='lat' dir='ltr'>Ernest.</span> <span class='ocrx_word' id='word_1_344' title='bbox 1507 1309 1540 1341; x_wconf 88' lang='lat' dir='ltr'>in</span> <span class='ocrx_word' id='word_1_345' title='bbox 1557 1311 1648 1343; x_wconf 77' lang='lat' dir='ltr'>Clav.</span> <span class='ocrx_word' id='word_1_346' title='bbox 1660 1311 1730 1343; x_wconf 90' lang='lat' dir='ltr'>Cic.</span> <span class='ocrx_word' id='word_1_347' title='bbox 1740 1322 1764 1342; x_wconf 89' lang='lat' dir='ltr'>s.</span> <span class='ocrx_word' id='word_1_348' title='bbox 1775 1322 1806 1342; x_wconf 86' lang='lat' dir='ltr'>v.</span> 
     </span>
     <span class='ocr_line' id='line_1_58' title="bbox 1078 1353 1273 1391; baseline 0.01 -9"><span class='ocrx_word' id='word_1_349' title='bbox 1078 1353 1273 1391; x_wconf 73' lang='lat' dir='ltr'>Respondere.</span> 
     </span>
    </p>

    <p class='ocr_par' dir='ltr' id='par_1_16' title="bbox 1077 1392 1807 1475">
     <span class='ocr_line' id='line_1_59' title="bbox 1119 1392 1804 1434; baseline -0.001 -9"><span class='ocrx_word' id='word_1_350' title='bbox 1119 1395 1172 1425; x_wconf 82' lang='lat'>25.</span> <span class='ocrx_word' id='word_1_351' title='bbox 1198 1395 1318 1425; x_wconf 67' lang='lat' dir='ltr'>Hedera:</span> <span class='ocrx_word' id='word_1_352' title='bbox 1333 1397 1465 1425; x_wconf 76' lang='lat' dir='ltr'>victricis</span> <span class='ocrx_word' id='word_1_353' title='bbox 1487 1395 1628 1434; x_wconf 74' lang='lat' dir='ltr'>prtrmia:</span> <span class='ocrx_word' id='word_1_354' title='bbox 1653 1403 1722 1434; x_wconf 89' lang='lat' dir='ltr'>sup.</span> <span class='ocrx_word' id='word_1_355' title='bbox 1739 1392 1804 1424; x_wconf 90' lang='lat' dir='ltr'>od.</span> 
     </span>
     <span class='ocr_line' id='line_1_60' title="bbox 1077 1435 1807 1475; baseline -0.001 -10"><span class='ocrx_word' id='word_1_356' title='bbox 1077 1435 1098 1473; x_wconf 88' lang='lat' dir='ltr'>i,</span> <span class='ocrx_word' id='word_1_357' title='bbox 1131 1438 1159 1471; x_wconf 87' lang='grc'>1,</span> <span class='ocrx_word' id='word_1_358' title='bbox 1189 1437 1243 1471; x_wconf 77' lang='lat'>29,</span> <span class='ocrx_word' id='word_1_359' title='bbox 1278 1437 1328 1466; x_wconf 88' lang='lat' dir='ltr'>Me</span> <span class='ocrx_word' id='word_1_360' title='bbox 1358 1439 1514 1467; x_wconf 78' lang='lat' dir='ltr'>doctarum</span> <span class='ocrx_word' id='word_1_361' title='bbox 1544 1437 1656 1466; x_wconf 77' lang='lat' dir='ltr'>hederae</span> <span class='ocrx_word' id='word_1_362' title='bbox 1684 1437 1807 1475; x_wconf 74' lang='lat' dir='ltr'>praemia</span> 
     </span>
    </p>
   </div>
   <div class='ocr_carea' id='block_1_6' title="bbox 1067 1478 1486 1518">
    <p class='ocr_par' dir='ltr' id='par_1_17' title="bbox 1067 1478 1486 1518">
     <span class='ocr_line' id='line_1_61' title="bbox 1067 1478 1486 1518; baseline 0.002 -11"><span class='ocrx_word' id='word_1_363' title='bbox 1067 1479 1223 1518; x_wconf 65' lang='grc' dir='ltr'>ι[νυιιῑὶιιτη</span> <span class='ocrx_word' id='word_1_364' title='bbox 1240 1489 1250 1514; x_wconf 86' lang='lat'>,·</span> <span class='ocrx_word' id='word_1_365' title='bbox 1274 1478 1328 1508; x_wconf 86' lang='lat' dir='ltr'>ubi</span> <span class='ocrx_word' id='word_1_366' title='bbox 1341 1478 1405 1508; x_wconf 86' lang='lat' dir='ltr'>vid.</span> <span class='ocrx_word' id='word_1_367' title='bbox 1421 1483 1486 1508; x_wconf 87' lang='lat' dir='ltr'>not.</span> 
     </span>
    </p>
   </div>
   <div class='ocr_carea' id='block_1_7' title="bbox 1079 1518 1818 2978">
    <p class='ocr_par' dir='ltr' id='par_1_18' title="bbox 1079 1518 1810 1859">
     <span class='ocr_line' id='line_1_62' title="bbox 1119 1518 1807 1560; baseline -0.001 -11"><span class='ocrx_word' id='word_1_368' title='bbox 1119 1521 1173 1553; x_wconf 85' lang='lat'>26,</span> <span class='ocrx_word' id='word_1_369' title='bbox 1199 1521 1254 1550; x_wconf 77' lang='lat'>27.</span> <span class='ocrx_word' id='word_1_370' title='bbox 1288 1520 1399 1554; x_wconf 78' lang='lat' dir='ltr'>Quodsi</span> <span class='ocrx_word' id='word_1_371' title='bbox 1430 1520 1560 1560; x_wconf 78' lang='lat' dir='ltr'>Frigida</span> <span class='ocrx_word' id='word_1_372' title='bbox 1587 1529 1730 1548; x_wconf 77' lang='lat' dir='ltr'>curarum</span> <span class='ocrx_word' id='word_1_373' title='bbox 1750 1518 1807 1560; x_wconf 84' lang='lat' dir='ltr'>fo·</span> 
     </span>
     <span class='ocr_line' id='line_1_63' title="bbox 1079 1559 1809 1601; baseline 0 -11"><span class='ocrx_word' id='word_1_374' title='bbox 1079 1568 1177 1591; x_wconf 80' lang='lat' dir='ltr'>menta</span> <span class='ocrx_word' id='word_1_375' title='bbox 1187 1563 1353 1600; x_wconf 82' lang='lat' dir='ltr'>relinquere</span> <span class='ocrx_word' id='word_1_376' title='bbox 1361 1572 1463 1601; x_wconf 77' lang='lat' dir='ltr'>posses.</span> <span class='ocrx_word' id='word_1_377' title='bbox 1472 1566 1546 1592; x_wconf 88' lang='lat' dir='ltr'>cett.</span> <span class='ocrx_word' id='word_1_378' title='bbox 1554 1570 1678 1591; x_wconf 87' lang='lat' dir='ltr'>sensus:</span> <span class='ocrx_word' id='word_1_379' title='bbox 1696 1559 1809 1601; x_wconf 86' lang='lat' dir='ltr'>quodsi</span> 
     </span>
     <span class='ocr_line' id='line_1_64' title="bbox 1079 1602 1808 1644; baseline 0 -12"><span class='ocrx_word' id='word_1_380' title='bbox 1079 1612 1181 1638; x_wconf 87' lang='lat' dir='ltr'>curas,</span> <span class='ocrx_word' id='word_1_381' title='bbox 1197 1613 1273 1644; x_wconf 86' lang='lat' dir='ltr'>quas</span> <span class='ocrx_word' id='word_1_382' title='bbox 1290 1603 1384 1640; x_wconf 77' lang='lat' dir='ltr'>foves,</span> <span class='ocrx_word' id='word_1_383' title='bbox 1399 1602 1510 1644; x_wconf 83' lang='lat' dir='ltr'>ejicere</span> <span class='ocrx_word' id='word_1_384' title='bbox 1524 1611 1631 1644; x_wconf 82' lang='lat' dir='ltr'>posses</span> <span class='ocrx_word' id='word_1_385' title='bbox 1639 1613 1676 1633; x_wconf 85' lang='lat' dir='ltr'>ex</span> <span class='ocrx_word' id='word_1_386' title='bbox 1693 1602 1808 1639; x_wconf 87' lang='lat' dir='ltr'>animo,</span> 
     </span>
     <span class='ocr_line' id='line_1_65' title="bbox 1079 1643 1809 1685; baseline 0 -11"><span class='ocrx_word' id='word_1_387' title='bbox 1079 1645 1117 1674; x_wconf 88' lang='lat' dir='ltr'>ad</span> <span class='ocrx_word' id='word_1_388' title='bbox 1133 1645 1252 1680; x_wconf 82' lang='lat' dir='ltr'>altiora,</span> <span class='ocrx_word' id='word_1_389' title='bbox 1268 1655 1331 1685; x_wconf 90' lang='lat' dir='ltr'>quo</span> <span class='ocrx_word' id='word_1_390' title='bbox 1350 1650 1379 1676; x_wconf 83' lang='lat' dir='ltr'>te</span> <span class='ocrx_word' id='word_1_391' title='bbox 1401 1645 1527 1675; x_wconf 85' lang='lat' dir='ltr'>duceret</span> <span class='ocrx_word' id='word_1_392' title='bbox 1547 1643 1660 1675; x_wconf 81' lang='lat' dir='ltr'>divinae</span> <span class='ocrx_word' id='word_1_393' title='bbox 1682 1643 1809 1684; x_wconf 87' lang='lat' dir='ltr'>originis</span> 
     </span>
     <span class='ocr_line' id='line_1_66' title="bbox 1079 1685 1808 1727; baseline 0.001 -11"><span class='ocrx_word' id='word_1_394' title='bbox 1079 1686 1242 1727; x_wconf 84' lang='lat' dir='ltr'>sapientia,</span> <span class='ocrx_word' id='word_1_395' title='bbox 1257 1687 1439 1722; x_wconf 81' lang='lat' dir='ltr'>evehereris,</span> <span class='ocrx_word' id='word_1_396' title='bbox 1454 1687 1487 1716; x_wconf 90' lang='lat' dir='ltr'>h.</span> <span class='ocrx_word' id='word_1_397' title='bbox 1504 1696 1532 1716; x_wconf 87' lang='lat' dir='ltr'>e.</span> <span class='ocrx_word' id='word_1_398' title='bbox 1547 1685 1668 1716; x_wconf 85' lang='lat' dir='ltr'>virtutis</span> <span class='ocrx_word' id='word_1_399' title='bbox 1689 1690 1720 1717; x_wconf 84' lang='lat' dir='ltr'>et</span> <span class='ocrx_word' id='word_1_400' title='bbox 1734 1686 1808 1717; x_wconf 82' lang='lat' dir='ltr'>doe-</span> 
     </span>
     <span class='ocr_line' id='line_1_67' title="bbox 1081 1727 1808 1770; baseline 0.001 -12"><span class='ocrx_word' id='word_1_401' title='bbox 1081 1729 1170 1759; x_wconf 83' lang='lat' dir='ltr'>trinae</span> <span class='ocrx_word' id='word_1_402' title='bbox 1195 1727 1293 1769; x_wconf 85' lang='lat' dir='ltr'>gloria</span> <span class='ocrx_word' id='word_1_403' title='bbox 1316 1729 1505 1770; x_wconf 87' lang='lat' dir='ltr'>conspicuus</span> <span class='ocrx_word' id='word_1_404' title='bbox 1527 1727 1808 1769; x_wconf 76' lang='lat' dir='ltr'>exsplendesceres.</span> 
     </span>
     <span class='ocr_line' id='line_1_68' title="bbox 1083 1768 1809 1810; baseline -0.001 -10"><span class='ocrx_word' id='word_1_405' title='bbox 1083 1770 1213 1801; x_wconf 87' lang='lat' dir='ltr'>Videtur</span> <span class='ocrx_word' id='word_1_406' title='bbox 1243 1771 1390 1801; x_wconf 86' lang='lat' dir='ltr'>Horatius</span> <span class='ocrx_word' id='word_1_407' title='bbox 1426 1771 1514 1801; x_wconf 86' lang='lat' dir='ltr'>Floro</span> <span class='ocrx_word' id='word_1_408' title='bbox 1546 1768 1672 1800; x_wconf 86' lang='lat' dir='ltr'>mollius</span> <span class='ocrx_word' id='word_1_409' title='bbox 1699 1779 1809 1810; x_wconf 87' lang='lat' dir='ltr'>expro-</span> 
     </span>
     <span class='ocr_line' id='line_1_69' title="bbox 1083 1811 1810 1859; baseline -0.001 -17"><span class='ocrx_word' id='word_1_410' title='bbox 1083 1812 1170 1843; x_wconf 86' lang='lat' dir='ltr'>brare</span> <span class='ocrx_word' id='word_1_411' title='bbox 1186 1812 1362 1843; x_wconf 86' lang='lat' dir='ltr'>divitiarum</span> <span class='ocrx_word' id='word_1_412' title='bbox 1385 1811 1597 1854; x_wconf 82' lang='lat' dir='ltr'>cupiditatem,</span> <span class='ocrx_word' id='word_1_413' title='bbox 1621 1821 1692 1852; x_wconf 79' lang='lat' dir='ltr'>quae</span> <span class='ocrx_word' id='word_1_414' title='bbox 1709 1820 1810 1859; x_wconf 79' lang='lat' dir='ltr'>neque</span> 
     </span>
    </p>

    <p class='ocr_par' dir='ltr' id='par_1_19' title="bbox 1082 1853 1812 2105">
     <span class='ocr_line' id='line_1_70' title="bbox 1106 1853 1810 1895; baseline -0.003 -11"><span class='ocrx_word' id='word_1_415' title='bbox 1106 1860 1230 1885; x_wconf 87' lang='lat' dir='ltr'>arantur</span> <span class='ocrx_word' id='word_1_416' title='bbox 1260 1865 1363 1895; x_wconf 86' lang='lat' dir='ltr'>neque</span> <span class='ocrx_word' id='word_1_417' title='bbox 1393 1853 1586 1895; x_wconf 85' lang='lat' dir='ltr'>possidentur</span> <span class='ocrx_word' id='word_1_418' title='bbox 1613 1853 1680 1884; x_wconf 86' lang='lat' dir='ltr'>sine</span> <span class='ocrx_word' id='word_1_419' title='bbox 1706 1863 1810 1890; x_wconf 66' lang='grc' dir='ltr'><strong>ουτως</strong></span> 
     </span>
     <span class='ocr_line' id='line_1_71' title="bbox 1083 1865 1810 1937; baseline -0.001 -12"><span class='ocrx_word' id='word_1_420' title='bbox 1083 1865 1139 1926; x_wconf 62' lang='lat' dir='ltr'>lias</span> <span class='ocrx_word' id='word_1_421' title='bbox 1155 1896 1248 1937; x_wconf 81' lang='lat' dir='ltr'>igitur</span> <span class='ocrx_word' id='word_1_422' title='bbox 1257 1906 1360 1931; x_wconf 89' lang='lat' dir='ltr'>curas,</span> <span class='ocrx_word' id='word_1_423' title='bbox 1372 1906 1450 1936; x_wconf 87' lang='lat' dir='ltr'>quas</span> <span class='ocrx_word' id='word_1_424' title='bbox 1463 1895 1552 1926; x_wconf 88' lang='lat' dir='ltr'>alunt</span> <span class='ocrx_word' id='word_1_425' title='bbox 1561 1894 1705 1936; x_wconf 80' lang='lat' dir='ltr'>etfovent</span> <span class='ocrx_word' id='word_1_426' title='bbox 1715 1894 1810 1931; x_wconf 86' lang='lat' dir='ltr'>avari,</span> 
     </span>
     <span class='ocr_line' id='line_1_72' title="bbox 1083 1936 1810 1979; baseline -0.003 -11"><span class='ocrx_word' id='word_1_427' title='bbox 1083 1938 1238 1978; x_wconf 84' lang='lat' dir='ltr'>eleganter</span> <span class='ocrx_word' id='word_1_428' title='bbox 1254 1945 1342 1968; x_wconf 84' lang='lat' dir='ltr'>vocat</span> <span class='ocrx_word' id='word_1_429' title='bbox 1356 1949 1501 1968; x_wconf 78' lang='lat' dir='ltr'>curarum</span> <span class='ocrx_word' id='word_1_430' title='bbox 1517 1938 1668 1979; x_wconf 78' lang='lat' dir='ltr'>fomenta,</span> <span class='ocrx_word' id='word_1_431' title='bbox 1690 1942 1721 1968; x_wconf 86' lang='lat' dir='ltr'>et</span> <span class='ocrx_word' id='word_1_432' title='bbox 1739 1936 1810 1978; x_wconf 88' lang='lat' dir='ltr'>qui-</span> 
     </span>
     <span class='ocr_line' id='line_1_73' title="bbox 1082 1978 1811 2021; baseline -0.001 -12"><span class='ocrx_word' id='word_1_433' title='bbox 1082 1979 1149 2010; x_wconf 88' lang='lat' dir='ltr'>dem</span> <span class='ocrx_word' id='word_1_434' title='bbox 1167 1982 1305 2021; x_wconf 55' lang='lat' dir='ltr'>frigida,</span> <span class='ocrx_word' id='word_1_435' title='bbox 1329 1979 1406 2021; x_wconf 85' lang='lat' dir='ltr'>quia</span> <span class='ocrx_word' id='word_1_436' title='bbox 1434 1985 1554 2021; x_wconf 80' lang='lat' dir='ltr'>pectus,</span> <span class='ocrx_word' id='word_1_437' title='bbox 1581 1979 1665 2019; x_wconf 89' lang='lat' dir='ltr'>quod</span> <span class='ocrx_word' id='word_1_438' title='bbox 1690 1978 1811 2008; x_wconf 81' lang='lat' dir='ltr'>virtutis</span> 
     </span>
     <span class='ocr_line' id='line_1_74' title="bbox 1082 2019 1812 2063; baseline -0.001 -12"><span class='ocrx_word' id='word_1_439' title='bbox 1082 2031 1184 2052; x_wconf 88' lang='lat' dir='ltr'>amore</span> <span class='ocrx_word' id='word_1_440' title='bbox 1200 2022 1328 2052; x_wconf 85' lang='lat' dir='ltr'>accendi</span> <span class='ocrx_word' id='word_1_441' title='bbox 1343 2022 1392 2052; x_wconf 89' lang='lat' dir='ltr'>vel</span> <span class='ocrx_word' id='word_1_442' title='bbox 1409 2020 1529 2063; x_wconf 88' lang='lat' dir='ltr'>poetico</span> <span class='ocrx_word' id='word_1_443' title='bbox 1544 2021 1655 2062; x_wconf 84' lang='lat' dir='ltr'>spiritu</span> <span class='ocrx_word' id='word_1_444' title='bbox 1677 2019 1812 2051; x_wconf 88' lang='lat' dir='ltr'>incales-</span> 
     </span>
     <span class='ocr_line' id='line_1_75' title="bbox 1082 2063 1593 2105; baseline -0.002 -11"><span class='ocrx_word' id='word_1_445' title='bbox 1082 2073 1150 2094; x_wconf 85' lang='lat' dir='ltr'>cere</span> <span class='ocrx_word' id='word_1_446' title='bbox 1166 2063 1270 2099; x_wconf 83' lang='lat' dir='ltr'>debet,</span> <span class='ocrx_word' id='word_1_447' title='bbox 1287 2063 1419 2094; x_wconf 89' lang='lat' dir='ltr'>reddunt</span> <span class='ocrx_word' id='word_1_448' title='bbox 1424 2063 1593 2105; x_wconf 78' lang='lat' dir='ltr'>frigidum.</span> 
     </span>
    </p>

    <p class='ocr_par' dir='ltr' id='par_1_20' title="bbox 1082 2106 1812 2344">
     <span class='ocr_line' id='line_1_76' title="bbox 1124 2106 1806 2145; baseline -0.001 -10"><span class='ocrx_word' id='word_1_449' title='bbox 1124 2107 1176 2136; x_wconf 79' lang='lat'>28.</span> <span class='ocrx_word' id='word_1_450' title='bbox 1201 2106 1264 2136; x_wconf 88' lang='lat' dir='ltr'>Hoc</span> <span class='ocrx_word' id='word_1_451' title='bbox 1277 2116 1360 2145; x_wconf 80' lang='lat' dir='ltr'>opus,</span> <span class='ocrx_word' id='word_1_452' title='bbox 1375 2106 1426 2136; x_wconf 83' lang='lat' dir='ltr'>hoc</span> <span class='ocrx_word' id='word_1_453' title='bbox 1435 2107 1579 2139; x_wconf 73' lang='lat' dir='ltr'>studia-m,</span> <span class='ocrx_word' id='word_1_454' title='bbox 1592 2109 1668 2135; x_wconf 76' lang='lat' dir='ltr'>cett.</span> <span class='ocrx_word' id='word_1_455' title='bbox 1678 2113 1787 2134; x_wconf 79' lang='lat' dir='ltr'>seusus</span> <span class='ocrx_word' id='word_1_456' title='bbox 1799 2115 1806 2134; x_wconf 72' lang='grc' dir='ltr'><em>τ</em></span> 
     </span>
     <span class='ocr_line' id='line_1_77' title="bbox 1085 2147 1812 2188; baseline 0 -12"><span class='ocrx_word' id='word_1_457' title='bbox 1085 2148 1147 2177; x_wconf 87' lang='lat' dir='ltr'>Nos</span> <span class='ocrx_word' id='word_1_458' title='bbox 1168 2157 1274 2178; x_wconf 87' lang='lat' dir='ltr'>omnes</span> <span class='ocrx_word' id='word_1_459' title='bbox 1297 2147 1392 2187; x_wconf 85' lang='lat' dir='ltr'>igitur</span> <span class='ocrx_word' id='word_1_460' title='bbox 1414 2147 1586 2188; x_wconf 83' lang='lat' dir='ltr'>superiores</span> <span class='ocrx_word' id='word_1_461' title='bbox 1607 2155 1696 2186; x_wconf 77' lang='lat' dir='ltr'>aeque</span> <span class='ocrx_word' id='word_1_462' title='bbox 1717 2151 1812 2187; x_wconf 81' lang='lat' dir='ltr'>atque</span> 
     </span>
     <span class='ocr_line' id='line_1_78' title="bbox 1082 2187 1809 2228; baseline -0.001 -10"><span class='ocrx_word' id='word_1_463' title='bbox 1082 2189 1179 2218; x_wconf 84' lang='lat' dir='ltr'>infimi</span> <span class='ocrx_word' id='word_1_464' title='bbox 1205 2199 1325 2219; x_wconf 88' lang='lat' dir='ltr'>summo</span> <span class='ocrx_word' id='word_1_465' title='bbox 1354 2188 1456 2219; x_wconf 87' lang='lat' dir='ltr'>studio</span> <span class='ocrx_word' id='word_1_466' title='bbox 1480 2198 1571 2228; x_wconf 83' lang='lat' dir='ltr'>agere</span> <span class='ocrx_word' id='word_1_467' title='bbox 1595 2188 1744 2218; x_wconf 84' lang='lat' dir='ltr'>debemus</span> <span class='ocrx_word' id='word_1_468' title='bbox 1765 2187 1809 2222; x_wconf 86' lang='lat' dir='ltr'>id,</span> 
     </span>
     <span class='ocr_line' id='line_1_79' title="bbox 1083 2229 1810 2271; baseline -0.001 -11"><span class='ocrx_word' id='word_1_469' title='bbox 1083 2235 1128 2265; x_wconf 86' lang='lat' dir='ltr'>ut,</span> <span class='ocrx_word' id='word_1_470' title='bbox 1144 2230 1169 2259; x_wconf 93' lang='lat' dir='ltr'>si</span> <span class='ocrx_word' id='word_1_471' title='bbox 1184 2235 1214 2260; x_wconf 86' lang='lat' dir='ltr'>et</span> <span class='ocrx_word' id='word_1_472' title='bbox 1229 2230 1337 2271; x_wconf 84' lang='lat' dir='ltr'>patriae</span> <span class='ocrx_word' id='word_1_473' title='bbox 1353 2236 1384 2260; x_wconf 90' lang='lat' dir='ltr'>et</span> <span class='ocrx_word' id='word_1_474' title='bbox 1398 2229 1486 2260; x_wconf 87' lang='lat' dir='ltr'>nobis</span> <span class='ocrx_word' id='word_1_475' title='bbox 1500 2229 1564 2260; x_wconf 88' lang='lat' dir='ltr'>cari</span> <span class='ocrx_word' id='word_1_476' title='bbox 1578 2230 1707 2260; x_wconf 82' lang='lat' dir='ltr'>evadere</span> <span class='ocrx_word' id='word_1_477' title='bbox 1722 2229 1810 2260; x_wconf 89' lang='lat' dir='ltr'>volu-</span> 
     </span>
     <span class='ocr_line' id='line_1_80' title="bbox 1083 2270 1812 2312; baseline -0.001 -11"><span class='ocrx_word' id='word_1_478' title='bbox 1083 2281 1164 2306; x_wconf 88' lang='lat' dir='ltr'>mus,</span> <span class='ocrx_word' id='word_1_479' title='bbox 1187 2271 1269 2301; x_wconf 83' lang='lat' dir='ltr'>curis</span> <span class='ocrx_word' id='word_1_480' title='bbox 1291 2281 1328 2301; x_wconf 82' lang='lat' dir='ltr'>ex</span> <span class='ocrx_word' id='word_1_481' title='bbox 1351 2271 1454 2302; x_wconf 84' lang='lat' dir='ltr'>animo</span> <span class='ocrx_word' id='word_1_482' title='bbox 1477 2270 1575 2312; x_wconf 86' lang='lat' dir='ltr'>pulsis</span> <span class='ocrx_word' id='word_1_483' title='bbox 1597 2270 1703 2301; x_wconf 82' lang='lat' dir='ltr'>virtuti</span> <span class='ocrx_word' id='word_1_484' title='bbox 1725 2280 1812 2302; x_wconf 85' lang='lat' dir='ltr'>exer-</span> 
     </span>
     <span class='ocr_line' id='line_1_81' title="bbox 1083 2313 1438 2344; baseline -0.003 0"><span class='ocrx_word' id='word_1_485' title='bbox 1083 2313 1191 2344; x_wconf 81' lang='lat' dir='ltr'>cendae</span> <span class='ocrx_word' id='word_1_486' title='bbox 1206 2313 1438 2343; x_wconf 86' lang='lat' dir='ltr'>adsuescamus.</span> 
     </span>
    </p>

    <p class='ocr_par' dir='ltr' id='par_1_21' title="bbox 1086 2352 1818 2978">
     <span class='ocr_line' id='line_1_82' title="bbox 1126 2352 1811 2394; baseline -0.004 -8"><span class='ocrx_word' id='word_1_487' title='bbox 1126 2356 1264 2386; x_wconf 80' lang='lat'><strong>30-35,</strong></span> <span class='ocrx_word' id='word_1_488' title='bbox 1293 2355 1326 2384; x_wconf 80' lang='lat' dir='ltr'>Si</span> <span class='ocrx_word' id='word_1_489' title='bbox 1353 2356 1408 2385; x_wconf 75' lang='lat' dir='ltr'>tibi</span> <span class='ocrx_word' id='word_1_490' title='bbox 1433 2365 1524 2390; x_wconf 73' lang='lat' dir='ltr'>cum.</span> <span class='ocrx_word' id='word_1_491' title='bbox 1551 2359 1624 2385; x_wconf 85' lang='lat' dir='ltr'>cett.</span> <span class='ocrx_word' id='word_1_492' title='bbox 1647 2355 1673 2384; x_wconf 74' lang='lat' dir='ltr'>si</span> <span class='ocrx_word' id='word_1_493' title='bbox 1698 2352 1811 2394; x_wconf 87' lang='lat' dir='ltr'>(num)</span> 
     </span>
     <span class='ocr_line' id='line_1_83' title="bbox 1087 2395 1814 2436; baseline -0.001 -10"><span class='ocrx_word' id='word_1_494' title='bbox 1087 2397 1247 2428; x_wconf 79' lang='lat' dir='ltr'>Munatius</span> <span class='ocrx_word' id='word_1_495' title='bbox 1262 2398 1314 2426; x_wconf 77' lang='lat' dir='ltr'>tibi</span> <span class='ocrx_word' id='word_1_496' title='bbox 1331 2397 1371 2427; x_wconf 88' lang='lat' dir='ltr'>sit</span> <span class='ocrx_word' id='word_1_497' title='bbox 1385 2403 1479 2427; x_wconf 73' lang='lat' dir='ltr'>tantae</span> <span class='ocrx_word' id='word_1_498' title='bbox 1493 2407 1572 2427; x_wconf 75' lang='lat' dir='ltr'>curer</span> <span class='ocrx_word' id='word_1_499' title='bbox 1585 2402 1703 2436; x_wconf 65' lang='lat' dir='ltr'>quantae</span> <span class='ocrx_word' id='word_1_500' title='bbox 1716 2395 1743 2425; x_wconf 88' lang='lat' dir='ltr'>is</span> <span class='ocrx_word' id='word_1_501' title='bbox 1756 2395 1814 2426; x_wconf 89' lang='lat' dir='ltr'>tibi</span> 
     </span>
     <span class='ocr_line' id='line_1_84' title="bbox 1086 2437 1813 2479; baseline -0.001 -10"><span class='ocrx_word' id='word_1_502' title='bbox 1086 2449 1168 2469; x_wconf 86' lang='lat' dir='ltr'>curae</span> <span class='ocrx_word' id='word_1_503' title='bbox 1191 2449 1256 2469; x_wconf 88' lang='lat' dir='ltr'>esse</span> <span class='ocrx_word' id='word_1_504' title='bbox 1278 2441 1432 2470; x_wconf 80' lang='lat' dir='ltr'>conveniat</span> <span class='ocrx_word' id='word_1_505' title='bbox 1454 2439 1527 2479; x_wconf 89' lang='lat' dir='ltr'>(par</span> <span class='ocrx_word' id='word_1_506' title='bbox 1549 2438 1620 2474; x_wconf 87' lang='lat' dir='ltr'>sit),</span> <span class='ocrx_word' id='word_1_507' title='bbox 1644 2437 1676 2469; x_wconf 83' lang='lat' dir='ltr'>h.</span> <span class='ocrx_word' id='word_1_508' title='bbox 1690 2447 1721 2468; x_wconf 80' lang='lat' dir='ltr'>e.</span> <span class='ocrx_word' id='word_1_509' title='bbox 1739 2447 1813 2468; x_wconf 87' lang='lat' dir='ltr'>num</span> 
     </span>
     <span class='ocr_line' id='line_1_85' title="bbox 1088 2479 1813 2521; baseline -0.001 -11"><span class='ocrx_word' id='word_1_510' title='bbox 1088 2480 1224 2511; x_wconf 86' lang='lat' dir='ltr'>studiose</span> <span class='ocrx_word' id='word_1_511' title='bbox 1237 2481 1282 2511; x_wconf 82' lang='lat' dir='ltr'>ita</span> <span class='ocrx_word' id='word_1_512' title='bbox 1296 2490 1366 2521; x_wconf 85' lang='lat' dir='ltr'>erga</span> <span class='ocrx_word' id='word_1_513' title='bbox 1384 2486 1515 2511; x_wconf 83' lang='lat' dir='ltr'>veterem</span> <span class='ocrx_word' id='word_1_514' title='bbox 1537 2479 1671 2511; x_wconf 88' lang='lat' dir='ltr'>amicum</span> <span class='ocrx_word' id='word_1_515' title='bbox 1694 2479 1813 2510; x_wconf 85' lang='lat' dir='ltr'>Muna-</span> 
     </span>
     <span class='ocr_line' id='line_1_86' title="bbox 1088 2520 1814 2563; baseline -0.001 -11"><span class='ocrx_word' id='word_1_516' title='bbox 1088 2523 1165 2552; x_wconf 86' lang='lat' dir='ltr'>tium</span> <span class='ocrx_word' id='word_1_517' title='bbox 1182 2528 1211 2553; x_wconf 86' lang='lat' dir='ltr'>te</span> <span class='ocrx_word' id='word_1_518' title='bbox 1227 2532 1326 2563; x_wconf 86' lang='lat' dir='ltr'>geras,</span> <span class='ocrx_word' id='word_1_519' title='bbox 1343 2522 1388 2552; x_wconf 89' lang='lat' dir='ltr'>uti</span> <span class='ocrx_word' id='word_1_520' title='bbox 1404 2532 1475 2562; x_wconf 89' lang='lat' dir='ltr'>erga</span> <span class='ocrx_word' id='word_1_521' title='bbox 1490 2521 1578 2552; x_wconf 88' lang='lat' dir='ltr'>illum</span> <span class='ocrx_word' id='word_1_522' title='bbox 1595 2527 1626 2552; x_wconf 82' lang='lat' dir='ltr'>te</span> <span class='ocrx_word' id='word_1_523' title='bbox 1650 2530 1752 2562; x_wconf 86' lang='lat' dir='ltr'>gerere</span> <span class='ocrx_word' id='word_1_524' title='bbox 1767 2520 1814 2551; x_wconf 83' lang='lat' dir='ltr'>fas</span> 
     </span>
     <span class='ocr_line' id='line_1_87' title="bbox 1090 2563 1814 2602; baseline -0.001 -8"><span class='ocrx_word' id='word_1_525' title='bbox 1090 2564 1148 2602; x_wconf 84' lang='lat' dir='ltr'>sit;</span> <span class='ocrx_word' id='word_1_526' title='bbox 1172 2563 1326 2595; x_wconf 86' lang='lat' dir='ltr'>discordia</span> <span class='ocrx_word' id='word_1_527' title='bbox 1342 2563 1548 2595; x_wconf 88' lang='lat' dir='ltr'>scilicetinter</span> <span class='ocrx_word' id='word_1_528' title='bbox 1563 2564 1688 2594; x_wconf 86' lang='lat' dir='ltr'>Florum</span> <span class='ocrx_word' id='word_1_529' title='bbox 1697 2567 1729 2594; x_wconf 82' lang='lat' dir='ltr'>et</span> <span class='ocrx_word' id='word_1_530' title='bbox 1738 2563 1814 2593; x_wconf 90' lang='lat' dir='ltr'>Mu-</span> 
     </span>
     <span class='ocr_line' id='line_1_88' title="bbox 1088 2605 1814 2648; baseline -0.001 -12"><span class='ocrx_word' id='word_1_531' title='bbox 1088 2606 1207 2637; x_wconf 86' lang='lat' dir='ltr'>natium</span> <span class='ocrx_word' id='word_1_532' title='bbox 1224 2606 1354 2648; x_wconf 87' lang='lat' dir='ltr'>gliscere</span> <span class='ocrx_word' id='word_1_533' title='bbox 1370 2611 1519 2647; x_wconf 82' lang='lat' dir='ltr'>coeperat.</span> <span class='ocrx_word' id='word_1_534' title='bbox 1563 2606 1612 2636; x_wconf 82' lang='lat' dir='ltr'>An</span> <span class='ocrx_word' id='word_1_535' title='bbox 1633 2605 1709 2635; x_wconf 75' lang='lat' dir='ltr'>mals</span> <span class='ocrx_word' id='word_1_536' title='bbox 1730 2610 1814 2636; x_wconf 79' lang='lat' dir='ltr'>sarta</span> 
     </span>
     <span class='ocr_line' id='line_1_89' title="bbox 1089 2647 1814 2690; baseline -0.004 -11"><span class='ocrx_word' id='word_1_537' title='bbox 1089 2650 1212 2684; x_wconf 80' lang='lat' dir='ltr'>Gratia,</span> <span class='ocrx_word' id='word_1_538' title='bbox 1239 2653 1312 2679; x_wconf 83' lang='lat' dir='ltr'>cett.</span> <span class='ocrx_word' id='word_1_539' title='bbox 1334 2658 1373 2678; x_wconf 88' lang='lat' dir='ltr'>an</span> <span class='ocrx_word' id='word_1_540' title='bbox 1396 2648 1507 2690; x_wconf 84' lang='lat' dir='ltr'>(male)</span> <span class='ocrx_word' id='word_1_541' title='bbox 1536 2647 1718 2679; x_wconf 80' lang='lat' dir='ltr'>simulanter</span> <span class='ocrx_word' id='word_1_542' title='bbox 1745 2651 1814 2677; x_wconf 81' lang='lat' dir='ltr'>tan-</span> 
     </span>
     <span class='ocr_line' id='line_1_90' title="bbox 1087 2688 1817 2729; baseline -0.004 -8"><span class='ocrx_word' id='word_1_543' title='bbox 1087 2696 1152 2721; x_wconf 85' lang='lat' dir='ltr'>tum</span> <span class='ocrx_word' id='word_1_544' title='bbox 1177 2689 1376 2721; x_wconf 80' lang='lat' dir='ltr'>reconciliata</span> <span class='ocrx_word' id='word_1_545' title='bbox 1398 2690 1479 2720; x_wconf 84' lang='lat' dir='ltr'>inter</span> <span class='ocrx_word' id='word_1_546' title='bbox 1502 2699 1557 2720; x_wconf 83' lang='lat' dir='ltr'>vos</span> <span class='ocrx_word' id='word_1_547' title='bbox 1579 2695 1627 2719; x_wconf 86' lang='lat' dir='ltr'>est</span> <span class='ocrx_word' id='word_1_548' title='bbox 1650 2688 1759 2729; x_wconf 82' lang='lat' dir='ltr'>gratia,</span> <span class='ocrx_word' id='word_1_549' title='bbox 1784 2693 1817 2718; x_wconf 77' lang='lat' dir='ltr'>et</span> 
     </span>
     <span class='ocr_line' id='line_1_91' title="bbox 1087 2730 1814 2771; baseline -0.003 -9"><span class='ocrx_word' id='word_1_550' title='bbox 1087 2739 1266 2763; x_wconf 81' lang='lat' dir='ltr'>renovatum</span> <span class='ocrx_word' id='word_1_551' title='bbox 1283 2731 1426 2763; x_wconf 87' lang='lat' dir='ltr'>amicitiae</span> <span class='ocrx_word' id='word_1_552' title='bbox 1446 2730 1549 2762; x_wconf 84' lang='lat' dir='ltr'>soedus</span> <span class='ocrx_word' id='word_1_553' title='bbox 1564 2730 1603 2761; x_wconf 86' lang='lat' dir='ltr'>de</span> <span class='ocrx_word' id='word_1_554' title='bbox 1625 2730 1744 2771; x_wconf 79' lang='lat' dir='ltr'>integro</span> <span class='ocrx_word' id='word_1_555' title='bbox 1767 2739 1814 2760; x_wconf 87' lang='lat' dir='ltr'>re-</span> 
     </span>
     <span class='ocr_line' id='line_1_92' title="bbox 1086 2773 1814 2808; baseline -0.004 -4"><span class='ocrx_word' id='word_1_556' title='bbox 1086 2774 1237 2805; x_wconf 83' lang='lat' dir='ltr'>scinditur</span> <span class='ocrx_word' id='word_1_557' title='bbox 1246 2775 1258 2803; x_wconf 66' lang='lat'><strong>?</strong></span> <span class='ocrx_word' id='word_1_558' title='bbox 1282 2773 1708 2808; x_wconf 69' lang='lat' dir='ltr'>Serta—coit—rescinditur,</span> <span class='ocrx_word' id='word_1_559' title='bbox 1717 2777 1814 2802; x_wconf 82' lang='lat' dir='ltr'>trans-</span> 
     </span>
     <span class='ocr_line' id='line_1_93' title="bbox 1088 2815 1814 2855; baseline -0.004 -9"><span class='ocrx_word' id='word_1_560' title='bbox 1088 2816 1152 2846; x_wconf 87' lang='lat' dir='ltr'>lata</span> <span class='ocrx_word' id='word_1_561' title='bbox 1167 2816 1233 2847; x_wconf 78' lang='lat' dir='ltr'>haec</span> <span class='ocrx_word' id='word_1_562' title='bbox 1249 2821 1321 2846; x_wconf 87' lang='lat' dir='ltr'>sunt</span> <span class='ocrx_word' id='word_1_563' title='bbox 1333 2825 1350 2846; x_wconf 87' lang='lat' dir='ltr'>a</span> <span class='ocrx_word' id='word_1_564' title='bbox 1362 2815 1552 2851; x_wconf 85' lang='lat' dir='ltr'>vulneribus,</span> <span class='ocrx_word' id='word_1_565' title='bbox 1564 2823 1646 2855; x_wconf 75' lang='lat' dir='ltr'>quae,</span> <span class='ocrx_word' id='word_1_566' title='bbox 1655 2819 1690 2844; x_wconf 85' lang='lat' dir='ltr'>ut</span> <span class='ocrx_word' id='word_1_567' title='bbox 1698 2819 1814 2850; x_wconf 76' lang='lat' dir='ltr'>coeant,</span> 
     </span>
     <span class='ocr_line' id='line_1_94' title="bbox 1088 2857 1815 2899; baseline -0.004 -11"><span class='ocrx_word' id='word_1_568' title='bbox 1088 2863 1280 2889; x_wconf 87' lang='lat' dir='ltr'>consuuntur</span> <span class='ocrx_word' id='word_1_569' title='bbox 1295 2862 1324 2888; x_wconf 81' lang='lat' dir='ltr'>et</span> <span class='ocrx_word' id='word_1_570' title='bbox 1340 2857 1538 2899; x_wconf 80' lang='lat' dir='ltr'>colligantur,</span> <span class='ocrx_word' id='word_1_571' title='bbox 1560 2860 1626 2890; x_wconf 77' lang='lat' dir='ltr'>aut,</span> <span class='ocrx_word' id='word_1_572' title='bbox 1648 2860 1815 2897; x_wconf 79' lang='lat' dir='ltr'>postquam</span> 
     </span>
     <span class='ocr_line' id='line_1_95' title="bbox 1088 2899 1818 2935; baseline -0.005 -5"><span class='ocrx_word' id='word_1_573' title='bbox 1088 2900 1240 2935; x_wconf 88' lang='lat' dir='ltr'>coierunt,</span> <span class='ocrx_word' id='word_1_574' title='bbox 1264 2901 1490 2930; x_wconf 73' lang='lat' dir='ltr'>rescinduntur.</span> <span class='ocrx_word' id='word_1_575' title='bbox 1536 2899 1576 2928; x_wconf 75' lang='lat' dir='ltr'>At</span> <span class='ocrx_word' id='word_1_576' title='bbox 1598 2908 1656 2934; x_wconf 74' lang='lat' dir='ltr'>vos,</span> <span class='ocrx_word' id='word_1_577' title='bbox 1674 2902 1764 2928; x_wconf 67' lang='lat' dir='ltr'>ceth:</span> <span class='ocrx_word' id='word_1_578' title='bbox 1785 2901 1818 2927; x_wconf 81' lang='lat' dir='ltr'>at</span> 
     </span>
     <span class='ocr_line' id='line_1_96' title="bbox 1089 2937 1817 2978; baseline -0.007 -5"><span class='ocrx_word' id='word_1_579' title='bbox 1089 2952 1153 2978; x_wconf 87' lang='lat' dir='ltr'>vos,</span> <span class='ocrx_word' id='word_1_580' title='bbox 1169 2942 1233 2973; x_wconf 87' lang='lat' dir='ltr'>sive</span> <span class='ocrx_word' id='word_1_581' title='bbox 1249 2941 1343 2972; x_wconf 79' lang='lat' dir='ltr'>animi</span> <span class='ocrx_word' id='word_1_582' title='bbox 1366 2941 1474 2977; x_wconf 79' lang='lat' dir='ltr'>fervor,</span> <span class='ocrx_word' id='word_1_583' title='bbox 1489 2949 1544 2971; x_wconf 87' lang='lat' dir='ltr'>seu</span> <span class='ocrx_word' id='word_1_584' title='bbox 1570 2949 1669 2971; x_wconf 84' lang='lat' dir='ltr'>rerum</span> <span class='ocrx_word' id='word_1_585' title='bbox 1693 2937 1817 2970; x_wconf 76' lang='lat' dir='ltr'>inscitia</span> 
     </span>
    </p>
   </div>
  </div>
 </body>
</html>
