1904 3314
694 193 922 240 LlssER
952 197 989 247 1,
1019 196 1062 259 ρ,

1574 193 1661 234 349

230 308 397 352 Aiebas
415 322 594 351 mecum.
658 305 843 348 Memini
861 304 975 345 bene
994 320 1004 354 ;
1038 301 1116 344 sed
1133 299 1310 342 meliore

231 377 452 433 Tempo‘re
472 377 634 418 dicam:
665 374 799 416 hodie
821 372 1036 414 tricesima
1057 369 1265 412 sabbata:
1299 367 1380 409 vin'
1403 374 1451 408 tu

147 443 204 485 70
233 443 382 486 Curtis
402 443 571 485 Judaeis
587 441 840 496 oppedere?
873 438 1010 481 Nulla
1029 437 1149 486 mihi,
1166 437 1358 491 inquam,

235 511 411 567 Religio
431 517 512 553 est.

231 579 497 621 Multorum:
528 577 756 633 ignosces3
780 576 893 618 ,alias
913 575 1081 630 loquar.

574 508 637 551 At
658 508 739 550 mi:
774 523 868 550 sum
888 506 1020 563 paulo
1041 504 1273 553 infirmior,
1295 518 1408 544 unus

1144 572 1374 614 Hunccine
1396 569 1530 612 solem

233 647 345 690 Tam
365 648 538 702 nigrum
559 660 740 687 surrexe
761 644 866 686 mihi
880 637 893 686 ξ’
922 643 1055 699 Fugit
1075 642 1317 697 improbus,
1340 653 1390 681 ac
1411 654 1479 680 me

234 715 328 757 Sub
349 713 489 757 cultro
509 713 677 769 linquit.

741 713 859 754 Casu
879 712 998 754 venit
1020 710 1172 753 obvius
1194 708 1256 750 illi

150 782 208 825 75
235 781 544 832 Adversarius,
566 788 624 832 et,
651 780 747 827 Quo
769 786 827 830 tu,
847 779 1096 835 turpissime
1110 780 1129 818 ?
1159 790 1317 831 magna

233 849 444 893 Inclamat
463 864 592 900 voce3
626 856 684 899 et,
707 849 837 890 Licet
858 847 1104 889 antestari?
1138 845 1262 899 Ergo
1282 858 1386 885 vero

236 917 430 974 Oppono
450 916 700 959 auriculam.
762 916 899 971 Rapit
921 916 964 956 in
980 915 1054 970 jus
1073 931 1081 955 :
1115 913 1275 955 clamor
1297 912 1524 967 utrinque3

235 985 446 1040 Undique
466 999 719 1027 concursus.

121 1106 348 1183 &umet-iecur),
359 1107 467 1140 sedem
479 1117 570 1139 suam
585 1107 619 1138 in
631 1107 739 1149 jecore
752 1106 867 1139 habere

143 1151 251 1183 icitur.

165 1195 220 1233 68,
242 1195 296 1226 69.
320 1194 448 1226 Meliore
463 1193 614 1233 Tempore,
626 1191 848 1235 opportuniore
858 1204 867 1231 ;

121 1247 196 1269 nam
219 1236 313 1268 hodie
329 1242 404 1268 sunt
423 1238 547 1267 sabbata
570 1238 731 1272 tricesima,
754 1234 869 1276 quibus

123 1279 210 1323 apud
223 1280 356 1312 Judaeos
371 1278 453 1310 seria
471 1279 598 1310 tractari
617 1289 681 1309 non
702 1278 799 1316 licet;
820 1278 867 1308 lo-

121 1322 231 1365 quitur
251 1329 358 1354 autem
379 1322 448 1353 haec
472 1322 607 1356 Fuscus,
627 1320 721 1362 quasi
742 1330 779 1351 ea
799 1331 869 1362 quae

119 1364 268 1408 religiosa
276 1370 383 1396 essent
394 1365 415 1397 J
419 1364 531 1399 udaeis,
543 1363 630 1394 haud
639 1369 762 1394 contem
768 1363 871 1394 nenda

120 1419 188 1442 esse
199 1407 404 1441 existimaret.
434 1407 486 1438 De
498 1408 658 1438 trices-imis
670 1407 799 1437 sabbatis
808 1406 831 1436 J
832 1417 868 1436 u·

121 1452 255 1484 daeoritm
267 1450 389 1482 diversa
403 1450 498 1493 plane
518 1450 645 1481 tradunt
666 1455 730 1481 tam
747 1454 869 1481 veteres

123 1494 324 1530 Scholiasta
342 1503 438 1536 quam
461 1493 649 1525 recentiores
670 1492 869 1534 interpreteS.

118 1537 292 1581 Optimum
317 1535 447 1568 fortasse
473 1543 533 1572 est,
560 1541 596 1566 ut
620 1535 664 1566 ait
694 1536 868 1571 Gesnerus,

123 1581 216 1623 aequi
234 1578 430 1620 Scaligerum
447 1578 487 1610 de
503 1578 640 1610 Emend.
658 1579 771 1620 Temp.
791 1579 823 1614 3,
840 1589 870 1620 p.

123 1625 202 1660 309,
220 1629 252 1656 et
268 1622 398 1654 Selden.
417 1622 456 1653 de
475 1622 504 1653 Ι.
521 1622 566 1652 N.
581 1623 614 1656 3,
635 1623 684 1656 15,
702 1627 733 1652 et
752 1621 870 1652 intelli-

123 1677 197 1709 gere
211 1665 405 1698 tricesimum
417 1664 554 1696 Lunaris
570 1663 696 1695 Mensis
717 1663 812 1696 diem.
831 1664 872 1694 ad

147 1715 282 1752 recepta
304 1708 453 1751 quaedam
476 1718 494 1738 a
518 1708 537 1739 J
543 1707 642 1738 udaeis
665 1707 872 1738 celebratum.

123 1721 187 1786 ged
201 1762 405 1795 quaecunque
420 1750 547 1782 tandem
563 1750 633 1781 haec
645 1751 795 1781 tricesima
811 1750 830 1781 J
835 1760 872 1780 u-

124 1797 267 1829 daeorum
281 1796 404 1827 sabbata
414 1793 542 1830 suerint,
552 1799 649 1829 certe,
660 1792 743 1824 diem
757 1792 873 1824 festum

127 1850 183 1883 per
197 1848 237 1870 ea
251 1837 423 1880 designari,
441 1847 506 1878 quo
521 1835 602 1867 nihil
618 1835 661 1867 rei
678 1836 698 1867 J
702 1835 804 1866 udaeis
820 1846 873 1876 ge-

125 1892 194 1915 rere
223 1881 345 1919 liceret,
376 1891 416 1912 ex
443 1880 504 1911 hoc
533 1879 603 1922 ipso
632 1879 703 1910 loco
733 1883 874 1920 apparet.

127 1926 213 1959 Sunt
240 1923 338 1966 igitur
366 1925 517 1955 tricesima
542 1923 664 1953 sabbata
693 1921 776 1953 idem
809 1921 872 1952 fere

126 1967 295 2042 quodddief
311 1966 435 2010 nefasti,
450 1965 566 2008 quibus
586 1964 667 1996 nihil
687 1964 740 2007 agi
757 1963 875 1996 licebat

126 2022 162 2044 ιιι
191 2022 212 2043 u
237 2020 319 2042 rcus.

172 2022 228 2086 210.
249 2053 366 2085 Judoeis
377 2053 536 2093 oppetiere.
553 2060 671 2092 susque
691 2050 796 2091 deque
816 2049 873 2080 ha-

127 2097 202 2130 bere
217 2106 291 2139 que
305 2096 326 2128 J
329 2095 431 2127 udaeis
446 2093 594 2136 religiosa
608 2099 694 2124 sunt.
739 2094 874 2131 Vocem,

127 2139 234 2184 qualis
248 2144 298 2172 est
311 2140 465 2180 oppedam,
481 2136 568 2180 plebi
585 2136 760 2178 relinquere
778 2136 873 2168 debe-

127 2185 186 2216 bat
207 2181 379 2220 Horatius;
405 2179 462 2212 sed
484 2179 586 2212 voluit
607 2179 726 2210 imitari
749 2178 873 2210 Aristo-

128 2225 268 2270 phanem
289 2224 376 2256 Plut.
398 2225 473 2261 618,
486 2229 520 2255 et
536 2223 615 2254 Pac.
632 2223 707 2254 547.
756 2223 874 2259 curtis,

128 2268 280 2314 pellicula
292 2266 479 2304 imminutis,
493 2265 648 2301 recutitis,
664 2265 780 2307 verpis.

175 2312 230 2344 71.
253 2310 355 2343 Nulla
369 2311 444 2342 mihi
454 2310 576 2351 Religio
588 2315 641 2346 est,
653 2308 731 2339 mihi
746 2307 875 2350 quidem

129 2353 288 2388 e'usmodi
317 2363 367 2385 res
398 2351 545 2395 religiosa
575 2351 662 2382 haud
693 2362 778 2383 curae
815 2357 875 2383 est.

161 2399 234 2430 auto
275 2397 440 2438 infir-mim,
483 2395 579 2445 paulo
618 2394 876 2437 superstitiosior,

130 2441 228 2490 quati
242 2440 284 2472 ab
301 2439 424 2472 infirmo
444 2449 550 2471 ammo
567 2437 740 2481 repetenda
759 2437 799 2470 sit
821 2448 875 2469 su-

130 2483 286 2529 perstitio.

782 984 855 1025 Sic
877 997 943 1024 me
967 981 1152 1023 servavit
1174 978 1350 1034 Apollo.

955 1105 1008 1136 73.
1033 1105 1130 1135 Solem
1157 1111 1219 1136 tam
1246 1106 1385 1147 nigrum,
1411 1102 1495 1134 diem
1520 1107 1585 1133 tam
1610 1101 1660 1132 in-

910 1147 1063 1179 faustum.

956 1192 1009 1222 74.
1043 1191 1095 1221 Me
1126 1190 1188 1221 Sub
1219 1193 1320 1223 cultro
1344 1190 1480 1230 Iinqm’t:
1509 1194 1661 1231 tanquam

913 1233 1116 1265 mactandam
1134 1233 1286 1272 hostiam3
1311 1232 1410 1274 inepti
1422 1231 1505 1264 enim
1519 1232 1664 1264 homines

914 1276 1093 1319 importuna
1115 1277 1300 1317 garrulitate
1317 1286 1441 1306 enecare
1463 1275 1513 1307 vel
1530 1277 1664 1307 accidere

915 1319 1055 1361 aliquem
1068 1318 1229 1351 dicuntur.

959 1364 1012 1398 75,
1037 1363 1090 1392 76.
1112 1364 1327 1397 Adversarius,
1342 1359 1467 1403 petitor,
1483 1360 1538 1402 qui
1555 1371 1663 1401 garru-

915 1404 982 1436 lum
995 1405 1130 1436 vadatus
1139 1411 1217 1436 erat.
1256 1405 1345 1435 Licet
1357 1405 1528 1434 antestari?
1550 1404 1665 1435 licetne

912 1454 942 1479 te
957 1454 1065 1480 testem
1083 1447 1209 1479 faceret
1234 1447 1285 1479 his
1297 1446 1399 1479 verbis
1410 1446 1524 1489 petitor
1538 1457 1571 1478 se
1586 1457 1664 1478 con-

911 1491 1005 1522 vertit
1030 1490 1071 1522 ad
1102 1491 1280 1522 Horatium.
1325 1490 1434 1521 schol.
1459 1490 1549 1526 Aer„
1573 1497 1661 1522 ante-

911 1537 1001 1571 stari,
1015 1537 1038 1566 i.
1050 1546 1076 1565 e.
1090 1539 1118 1564 te
1132 1541 1203 1566 teste
1215 1537 1263 1565 uti
1277 1534 1325 1574 (te
1336 1533 1549 1574 testernfacere
1559 1534 1660 1565 schol.

918 1578 1029 1618 Cruq.)
1078 1577 1160 1608 Nam
1181 1579 1241 1608 hoec
1260 1583 1326 1608 erat
1343 1578 1537 1614 consuetudo,
1552 1578 1578 1607 εἰ
1597 1581 1664 1618 quis

915 1622 1027 1651 vadato
1048 1631 1108 1650 non
1130 1623 1293 1660 paruisset,
1317 1620 1510 1650 adversarius
1532 1621 1665 1661 aliquem

915 1664 951 1694 de
968 1663 1164 1702 praeserztibus
1184 1664 1410 1697 antestabatur,
1426 1663 1455 1693 h.
1473 1672 1499 1692 e.
1518 1665 1664 1704 tangebat

916 1708 980 1746 ejus
991 1716 1108 1741 aurem,
1121 1711 1149 1735 et
1161 1707 1292 1741 dicebat,
1307 1705 1432 1735 Licetne
1443 1708 1615 1736 antestari?
1638 1710 1664 1738 si

916 1750 1112 1788 respondisset
1124 1749 1190 1784 ille,
1205 1748 1303 1784 Licet,
1315 1754 1390 1778 tunc
1401 1749 1557 1787 injiciebat
1568 1751 1663 1780 vada.

915 1797 965 1822 ius
987 1802 1109 1821 manum
1134 1792 1166 1821 in
1189 1802 1257 1821 eum
1284 1792 1338 1831 qui
1361 1801 1420 1820 non
1445 1793 1608 1830 paruisset,
1634 1800 1662 1824 et

916 1836 1045 1865 ducebat
1075 1835 1109 1864 in
1126 1835 1311 1874 judicium;
1342 1834 1436 1864 aliter
1461 1835 1487 1864 si
1515 1836 1665 1874 injecisset

917 1889 1051 1914 manum,
1068 1877 1259 1917 injuriarum
1273 1883 1393 1916 poterat
1406 1878 1559 1908 accusari.

959 1920 1012 1951 77.
1044 1920 1167 1959 Oppono
1197 1920 1387 1950 auriculam.
1433 1918 1542 1950 Schol.
1577 1919 1665 1959 Aer..

915 1964 1048 1994 solebant
1080 1962 1154 2004 (qui
1183 1961 1272 1994 litem
1308 1961 1405 1992 alicui
1436 1961 1664 2005 intendebant)

916 2007 1038 2037 testium
1064 2015 1152 2036 aures
1182 2013 1292 2042 tenere,
1319 2011 1348 2035 et
1374 2007 1418 2035 ita
1449 2006 1568 2037 dicere:
1598 2007 1666 2038 Me-

918 2055 1028 2084 mento,
1054 2049 1132 2089 quod
1161 2054 1197 2079 tu
1220 2049 1296 2079 mihi
1326 2049 1358 2078 in
1384 2049 1443 2079 illa
1466 2060 1558 2080 causa
1586 2053 1668 2082 testis

918 2093 977 2123 eris
996 2103 1005 2127 ,-
1027 2093 1105 2132 quod
1119 2098 1161 2122 est
1177 2092 1339 2123 antestari.

961 2135 1015 2166 78.
1038 2135 1158 2174 Apollo,
1176 2140 1214 2165 ut
1231 2134 1312 2166 deus
1330 2143 1534 2171 averruncus,
1553 2135 1666 2173 ἀλεξί-

919 2190 1034 2216 κακος.
1062 2178 1194 2208 Poterat
1209 2183 1314 2209 autem
1331 2177 1492 2213 Horatius,
1509 2184 1545 2210 ut
1561 2186 1666 2221 poeta,

919 2231 937 2252 a
964 2221 1036 2257 deo,
1063 2220 1095 2251 in
1118 2220 1214 2263 cujus
1236 2220 1384 2263 praesidio
1407 2226 1485 2256 erat,
1513 2222 1668 2256 auxilium

919 2270 1096 2306 expectare.
1140 2263 1344 2295 Heindorfius
1360 2271 1523 2305 comparat
1539 2266 1669 2299 Homer.

920 2307 1018 2338 Iliad.
1044 2318 1099 2342 xx,
1124 2308 1200 2344 443,
1227 2308 1290 2339 τὸν
1321 2306 1350 2338 δ’
1376 2307 1566 2349 (Hectorem
1595 2320 1669 2342 cum

922 2349 1051 2382 Achille
1075 2350 1289 2392 pugnantem)
1319 2350 1512 2392 ἐξήρπαξεν
1540 2350 1667 2386 Ἀπόλ-

919 2395 992 2426 λων
1008 2392 1097 2425 ‘Pela
1113 2392 1193 2436 μάλ’
1209 2394 1294 2427 ὥστε
1310 2394 1396 2432 θεὸς,
1410 2393 1558 2438 ἐκάλυψε
1575 2394 1602 2427 δ’
1615 2398 1668 2441 ἄρ’

921 2436 993 2479 ἠέρι
1010 2437 1138 2479 πολλῇ.
