1884 3288
294 187 377 229 194

847 187 1244 237 CARMINUM

495 287 551 328 50
581 288 753 330 Ludum
774 288 1022 330 insolentem
1043 289 1191 330 ludere
1212 288 1424 342 pertinax,

635 355 676 396 T
680 362 916 396 ransmutat
935 356 1119 396 incertos
1146 354 1348 404 honores,

689 423 821 464 Nunc
841 422 956 472 mihi,
979 437 1091 464 nunc
1111 421 1181 462 alii
1200 422 1400 475 benigna.

578 487 733 530 Laudo
754 496 995 530 manentem
1012 505 1021 529 ε

1055 489 1090 528 si
1109 487 1271 528 celeres
1292 487 1430 540 quatit
1648 488 1668 507 ⁹

579 554 765 605 Pennas,
786 556 957 609 resigno
978 568 1074 607 quae
1094 553 1228 602 dedit,
1249 560 1292 594 et
1310 567 1404 593 mea

498 622 554 661 55

639 621 814 663 Virtute
834 636 900 662 me
921 619 1102 669 involvo,
1123 620 1389 672 probamque

691 688 946 741 Pauperiem
968 686 1056 726 sine
1079 686 1180 726 dote
1201 699 1361 738 quaero.

579 755 683 796 Non
703 762 769 795 est
788 768 942 801 meum,
964 753 999 792 si
1019 752 1180 806 mugiat
1202 750 1362 791 Africis

579 820 724 861 Malus
744 818 959 874 procellis,
981 818 1032 858 ad
1054 818 1228 858 miseras
1251 830 1402 870 preces

638 887 899 942 Decurrere,
921 891 964 925 et
985 885 1093 924 votis
1114 884 1285 937 pacisci,

493 954 550 994 60

693 953 763 993 Ne
785 952 955 1006 Cypriae
975 950 1208 1004 Tyriaeque
1229 963 1392 991 merces

579 1018 760 1059 Addant
781 1033 907 1059 avaro
929 1018 1095 1058 divitias
1115 1018 1234 1057 mari.

579 1086 693 1126 Tum
715 1099 796 1134 me,
816 1085 988 1125 biremis
1010 1083 1211 1138 praesidio
1233 1081 1406 1136 scaphae

291 1206 394 1245 polam
421 1206 513 1238 Pater
535 1213 687 1246 occupato,
716 1205 769 1237 Vel
792 1205 849 1236 sole
872 1217 966 1245 puro.-
988 1203 1028 1235 de

295 1249 432 1279 crastino
454 1249 506 1280 die
528 1249 611 1279 haud
638 1249 783 1297 equidem
815 1248 933 1283 laboro,
964 1247 1028 1278 sive

294 1290 378 1320 enim
402 1291 490 1321 illum
514 1291 631 1321 tristem
653 1291 718 1322 sive
743 1291 850 1321 laetum
875 1289 950 1320 mihi
978 1289 1027 1319 in-

295 1332 417 1363 duxerit
433 1333 569 1374 Jupiter,
588 1333 671 1363 haud
686 1338 790 1363 tamen
806 1333 968 1362 immutare
980 1331 1026 1362 vel

295 1373 414 1405 infecta
431 1375 556 1406 reddere
572 1374 689 1405 valebit
703 1385 741 1405 ea
755 1384 826 1414 quae
842 1373 937 1404 semel
961 1384 1028 1414 per-

296 1417 376 1456 cepi.
434 1418 472 1447 In
503 1416 702 1451 sententiam,
733 1426 771 1446 ne
798 1416 901 1462 ipsum
935 1415 1028 1446 deum

296 1459 422 1498 quidem
437 1465 556 1489 mutare
578 1469 668 1506 posse
689 1457 853 1499 praeterita,
871 1457 930 1492 vel,
946 1457 1029 1498 quod

297 1500 442 1532 Plinius'
435 1501 469 1537 ιἰ,
486 1502 516 1536 7,
534 1503 549 1542 §
565 1502 585 1530 5
600 1500 655 1536 ait,
672 1502 757 1530 deum
772 1501 913 1530 nullum'
904 1510 936 1530 m
952 1510 1028 1538 prcc-

298 1545 421 1573 teritum
441 1545 498 1582 jus
523 1544 638 1577 habere,
667 1547 848 1582 comparant
870 1541 1029 1581 Agathou.

298 1585 424 1625 Fragm.
439 1585 522 1626 apud
540 1585 670 1615 Aristot.
691 1583 795 1614 Ethic.
811 1583 850 1619 vi,
872 1584 912 1620 2;
937 1583 1030 1614 Pind.

299 1627 428 1668 Olymp.
440 1627 473 1660 ii.
484 1628 543 1662 293
570 1626 699 1656 lucian.
712 1625 751 1656 de
763 1625 928 1656 Conscrib.
946 1625 1031 1656 Hist.

298 1670 362 1705 38;
386 1671 497 1699 Senec.
514 1668 552 1699 de
570 1668 823 1699 Vit.ssrev.1o.
869 1667 1031 1701 Quodcun-

298 1721 354 1750 que
370 1718 449 1740 retro
469 1717 524 1746 est,
549 1709 751 1760 praeteritum.
797 1710 883 1744 Quod
900 1708 1033 1751 fugiens

299 1754 384 1782 semel
407 1754 479 1783 hora
501 1755 601 1783 vezit:
625 1751 766 1782 imitatus
786 1758 833 1782 est
853 1751 1031 1787 Horatium,

300 1795 483 1826 observante
519 1795 572 1826 Cl.
603 1792 865 1827 Mitscherlichio.
897 1793 1033 1824 incertus

301 1837 401 1867 Poeta
429 1837 460 1867 in
488 1837 618 1867 Anthol.
643 1837 715 1865 Lat.
742 1835 786 1872 iii,
812 1836 864 1869 62.
889 1836 907 1865 7
930 1836 1031 1876 (Bur-

300 1880 439 1916 mann.).
462 1879 592 1914 Pervixi,
609 1888 700 1917 neque
714 1879 790 1907 enim
813 1877 948 1909 Fortuna
970 1889 1032 1908 ma-

302 1921 415 1959 lignior
437 1932 570 1961 unquam
593 1921 712 1959 Eripiet
739 1920 820 1949 nobis
849 1921 923 1959 quod
951 1921 1035 1958 prior

302 1963 374 1992 hora
390 1965 483 1995 dedit.

346 2005 484 2036 49—56.
521 2004 657 2034 Fmtuna
694 2014 765 2034 sa’vo
802 2004 870 2034 la’la
904 2006 1032 2043 negotio,

302 2051 375 2076 cett.
399 2057 529 2089 sensus:
563 2046 700 2076 Fortuna
722 2045 816 2079 enim.
842 2045 1032 2086 voluptatem

303 2088 381 2119 adeo
396 2085 524 2130 capiens
539 2097 556 2118 e
571 2098 652 2118 saevo
669 2087 733 2123 illo,
750 2098 812 2129 quo
829 2086 970 2118 homines
985 2087 1032 2117 lu-

303 2130 360 2165 dit,
387 2131 520 2171 negotio,
549 2139 631 2160 nunc
657 2129 736 2160 alios
759 2128 918 2162 extollere.
949 2139 1033 2160 nuuc

304 2173 383 2203 alios
405 2172 575 2214 deprimere
600 2172 691 2202 solet.
734 2171 817 2202 Mihi
838 2170 961 2218 quidem
987 2171 1032 2202 uti

305 2221 392 2255 grata
414 2221 507 2256 atque
533 2220 663 2260 accepta
683 2213 740 2244 illa
759 2214 828 2250 erit,
854 2212 878 2242 si
900 2213 928 2244 ei
949 2213 1033 2254 apud

305 2267 355 2286 me
368 2267 491 2288 manere
507 2255 670 2303 placuerit,
687 2256 731 2285 ita
746 2266 803 2296 ego
825 2255 925 2286 eidem
949 2261 1033 2295 terga

305 2299 381 2330 mihi
398 2299 475 2330 forte
490 2297 619 2329 vertenti
635 2303 753 2339 promto
775 2303 943 2345 paratoque
966 2298 1033 2328 ani-

305 2350 368 2376 mo,
397 2341 482 2381 quod
507 2340 603 2376 dedit,
634 2339 773 2375 reddam,
805 2339 928 2370 virtutis
957 2350 1035 2371 meae

305 2388 398 2423 atque
426 2383 589 2424 probitatis
618 2382 762 2423 praesidio
792 2381 824 2412 in
855 2387 1037 2423 paupertate

305 2434 430 2472 quoque
445 2434 584 2455 secuiffus
631 2425 724 2459 Laeta,
740 2424 924 2465 gaudensqg
902 2424 1036 2466 χαίρου-

307 2478 370 2504 σα;
394 2466 438 2497 sic
458 2477 527 2508 sup.
548 2466 570 2502 i,
593 2467 647 2501 21,
663 2468 694 2503 5,
718 2466 824 2496 Diana
847 2467 914 2496 hsta
926 2467 1038 2507 fluviis

305 2515 333 2539 et
358 2519 509 2539 nemorum
534 2519 614 2539 coma
644 2507 768 2538 dicitur.
813 2509 863 2539 De
892 2509 1036 2540 Fortunae

306 2555 409 2581 autem
426 2550 622 2592 χαιρεκακίᾳ
637 2550 688 2581 Cl.
700 2550 829 2580 Mitsch.
841 2550 950 2580 laudat
965 2551 1035 2582 Me-

307 2591 402 2623 nand.
435 2594 519 2633 apud
552 2593 638 2622 Stob.
667 2591 814 2632 Florileg.
843 2603 873 2634 p.
904 2593 978 2630 443,
1005 2598 1037 2624 et

308 2634 427 2676 Agath.
443 2634 519 2670 lxvi,
532 2636 563 2670 4,
578 2633 707 2664 Anthol.
721 2634 826 2664 Graec.
837 2635 874 2664 T.
890 2634 929 2669 iv.
940 2645 971 2676 p.
983 2636 1036 2666 26

308 2677 389 2707 Soevo
415 2678 548 2717 negotio:
583 2675 750 2706 Claudian.
761 2676 864 2711 ⁰xviii,
889 2677 943 2711 24,
971 2677 1036 2708 Hoc

305 2720 405 2760 regni,
425 2718 573 2755 Fortuna,
600 2719 698 2748 tenes?
744 2717 886 2751 Quaenam
910 2721 966 2748 isca
983 2722 1035 2757 jo-

307 2762 398 2791 candi
414 2761 553 2791 Saevitia.
546 2761 558 2782 ⁷
583 2760 735 2790 Humanis
750 2767 896 2800 quantum
911 2761 1034 2790 baccha-

307 2804 373 2834 bere
385 2804 493 2833 rebus?
540 2803 656 2832 ludere
669 2803 818 2840 per-tinas,
831 2811 885 2843 pro
901 2802 1035 2842 vulgari,

308 2844 506 2892 pertinaciter
517 2843 640 2875 ludens.
662 2843 839 2874 Pertinacia
853 2848 954 2875 autem
968 2843 1036 2880 ista,

308 2897 370 2928 qua
385 2886 418 2917 in
435 2886 558 2927 negotio
573 2897 629 2917 suo
653 2885 814 2926 persistere
831 2885 944 2916 dicitur
966 2887 1038 2916 For-

309 2936 396 2965 tuna,
414 2930 493 2960 bene
509 2939 589 2964 eam,
610 2935 643 2959 ut
661 2927 762 2964 deam,
779 2938 849 2968 qu‘n
875 2928 958 2958 nulli
983 2927 1036 2957 ho-

1071 1203 1190 1235 minurn
1208 1203 1404 1236 miseratione
1416 1209 1571 1246 tangatur,
1583 1203 1739 1245 designat.
1762 1202 1800 1233 In

1071 1248 1269 1282 sententiam,
1287 1248 1455 1278 Fortunam
1472 1246 1580 1278 ludum
1597 1246 1704 1277 ludere
1727 1255 1800 1276 cum

1073 1289 1261 1325 horninibus,
1277 1290 1338 1326 vel,
1355 1289 1496 1323 homiues
1510 1289 1654 1319 Fortunae
1667 1298 1734 1319 esse
1753 1289 1802 1319 lu-

1071 1330 1182 1366 dibrio,
1206 1337 1317 1372 praeter
1337 1331 1391 1362 Cl.
1415 1331 1546 1362 Mitsch.
1569 1331 1608 1361 ad
1630 1330 1662 1360 h.
1678 1330 1700 1360 l.
1716 1335 1748 1361 et
1761 1330 1802 1362 ad

1072 1371 1094 1409 i,
1110 1374 1160 1407 34.
1179 1374 1230 1410 12,
1243 1373 1305 1403 vid.
1322 1373 1465 1414 inprimis
1480 1374 1596 1404 Muret.
1618 1373 1693 1404 Var.
1710 1373 1802 1404 Lect.

1073 1415 1136 1452 κνί,
1176 1417 1226 1446 15.
1280 1415 1475 1446 Transmutat
1508 1417 1636 1446 incertos
1670 1415 1803 1450 Imm-es.

1075 1457 1166 1487 Nunc
1181 1458 1264 1491 mihi,
1288 1469 1369 1488 nunc
1390 1458 1446 1487 alii
1469 1458 1620 1498 benigmm
1642 1462 1678 1488 ut
1691 1466 1762 1498 sup.
1777 1457 1802 1492 i,

1073 1500 1194 1536 34,14,
1216 1500 1298 1530 Hinc
1322 1502 1434 1539 apicem
1459 1510 1551 1538 rapax
1578 1498 1716 1530 Fortuna
1735 1509 1803 1530 cum

1073 1543 1200 1572 stridore
1215 1547 1303 1571 acuto
1318 1541 1462 1578 Sustulit,
1477 1542 1525 1571 hic
1538 1542 1665 1580 pamiae
1676 1542 1805 1582 gaudet.

1074 1583 1181 1614 Laudo
1202 1590 1380 1619 manentem,
1403 1583 1569 1614 venerabor
1589 1582 1715 1624 quidem
1735 1593 1804 1614 earn

1073 1624 1146 1655 dum
1174 1625 1231 1655 illa
1253 1623 1329 1655 mihi
1350 1624 1485 1666 propitia
1505 1625 1605 1662 adest,
1626 1625 1656 1656 h.
1668 1634 1694 1656 e.
1717 1630 1806 1665 grata

1076 1666 1151 1697 mihi
1164 1666 1290 1708 quidem
1306 1673 1398 1698 erunt
1413 1667 1481 1708 ejus
1495 1677 1634 1698 munera.
1677 1667 1714 1698 ln
1729 1677 1805 1699 ean·

1076 1708 1146 1739 dem
1169 1709 1356 1740 sententiam
1383 1714 1472 1740 vetus
1499 1715 1590 1757 poeta
1611 1708 1696 1751 apud
1726 1710 1804 1741 Plu-

1076 1751 1177 1782 tarch.
1200 1750 1239 1782 de
1261 1750 1438 1803 Tranquill.
1457 1751 1496 1782 T.
1519 1751 1574 1786 vii,
1593 1761 1625 1793 p.
1640 1751 1715 1787 855,
1729 1751 1808 1783 edit.

1078 1793 1204 1829 Reisk..
1222 1792 1304 1824 Ηόὺ
1326 1794 1388 1835 μὲν
1411 1793 1456 1825 ἄν
1478 1805 1510 1825 τι
1525 1793 1634 1841 φέρῃς,
1647 1793 1807 1836 ὀλίγονδ’

1076 1835 1170 1877 ἄχος,
1187 1836 1232 1874 ἣν
1247 1835 1451 1884 ἀπολείπῃς.
1494 1836 1546 1868 Cl.
1568 1835 1698 1867 Mitsch.
1719 1846 1806 1867 com-

1076 1884 1165 1919 parat
1180 1878 1292 1908 Senec.
1309 1877 1348 1908 de
1364 1877 1431 1909 Vit.
1444 1878 1539 1909 Brev.
1550 1889 1582 1913 x,
1594 1878 1637 1908 20
1647 1879 1743 1909 et21.
1773 1879 1807 1910 Si

1076 1921 1183 1950 cele-res
1207 1922 1306 1960 quotzt
1325 1920 1454 1955 Pennas.
1472 1919 1498 1950 si
1521 1919 1624 1951 avolat
1633 1920 1808 1968 (quatiunt

1077 1962 1161 1992 enim
1185 1972 1303 2003 pennas
1319 1961 1509 2000 avolantes),
1527 1963 1555 1992 h.
1570 1971 1599 1993 e.
1615 1961 1675 1993 sia
1694 1972 1806 1994 mere-

1076 2003 1172 2034 cedit.
1217 2005 1267 2034 De
1283 2004 1431 2038 Fortuna.
1447 2004 1507 2035 dea
1521 2004 1615 2039 alata.
1630 2003 1694 2035 vid.
1709 2005 1805 2036 Com-

1077 2051 1174 2076 ment.
1203 2045 1242 2076 de
1271 2045 1488 2085 Alat.1mag.
1525 2045 1670 2094 (Gothae,
1703 2047 1804 2084 1786)

1077 2098 1109 2128 p.
1125 2088 1178 2119 30.
1222 2087 1364 2137 Resigao,
1379 2087 1496 2119 reddo:
1521 2088 1578 2119 inf.
1600 2087 1703 2130 Epist.
1723 2088 1748 2124 i,
1772 2090 1806 2125 7,

1075 2130 1128 2165 34.
1146 2136 1255 2161 cuncto
1271 2131 1398 2178 resigno.
1442 2130 1608 2172 Resignare
1621 2130 1806 2163 translatum

1077 2181 1134 2203 ere
1145 2172 1338 2219 pecuniaria,
1352 2172 1405 2202 ubi
1417 2178 1464 2203 est
1477 2182 1542 2214 pro,
1554 2172 1681 2210 solveoe,
1694 2183 1806 2215 nempe

1077 2224 1130 2255 per
1141 2213 1370 2245 attributionem
1380 2213 1429 2246 vel
1445 2213 1713 2263 perscriptionem‚
1723 2216 1807 2257 quod

1077 2255 1116 2286 ad
1133 2266 1254 2287 mensas
1269 2255 1511 2296 argentariorum
1529 2255 1563 2287 in
1585 2256 1721 2288 tabernis
1742 2257 1807 2289 fieri

1077 2298 1208 2329 solebat.
1241 2297 1293 2328 Ad
1306 2298 1491 2330 sententiam
1507 2303 1688 2341 comparant.
1696 2299 1810 2331 Senec-

1078 2339 1116 2371 de
1130 2340 1305 2387 Tranquill.
1321 2342 1372 2371 ll.
1397 2341 1466 2371 Mea
1485 2339 1604 2372 Virtute
1617 2351 1661 2372 me
1677 2343 1806 2378 involvo,

1078 2381 1213 2413 suaviter
1234 2382 1272 2413 de
1294 2383 1357 2413 viro
1380 2383 1529 2423 sapiente,
1553 2382 1608 2424 qui
1631 2393 1685 2423 pro
1699 2383 1807 2425 pallio,

1078 2434 1140 2465 quo
1156 2424 1331 2466 philosophi
1350 2435 1383 2455 se
1398 2424 1554 2456 involvere
1571 2425 1807 2464 solebant‚v1r-

1079 2471 1144 2497 tute
1161 2477 1216 2497 sua
1231 2476 1264 2497 se
1278 2466 1419 2497 involvit.
1463 2467 1646 2508 Probumque
1664 2467 1810 2516 Paupem'·

1079 2520 1122 2539 em
1136 2510 1198 2539 sinc
1212 2511 1278 2538 dote
1292 2520 1404 2549 quaero:
1427 2508 1585 2550 vulgarem
1607 2509 1808 2547 sententiam,

1079 2551 1287 2605 “paupertati
1322 2561 1372 2582 me
1407 2550 1556 2598 adjungo,
1593 2556 1807 2600 paupertatem

1078 2592 1199 2630 sectorss
1255 2591 1438 2623 suavissima
1474 2591 1610 2633 imagine
1643 2593 1807 2640 expressit.

1078 2635 1183 2676 Fingit
1205 2644 1327 2676 nempe,
1351 2644 1384 2665 se
1408 2639 1511 2676 petere
1532 2641 1564 2665 et
1587 2634 1705 2666 ambire
1725 2637 1807 2668 velle

1079 2677 1268 2718 pauperiem,
1292 2682 1442 2717 tanquam
1464 2675 1615 2718 puellam,
1636 2676 1727 2718 cujus
1749 2677 1807 2709 dos

1080 2719 1144 2758 (uti
1175 2729 1245 2766 sup.
1274 2718 1319 2754 iii.
1344 2719 1398 2752 24,
1425 2719 1479 2756 21,
1504 2718 1588 2760 apud
1619 2719 1806 2760 Scytharum

1079 2760 1297 2808 campestrium
1315 2759 1453 2801 puellas)
1468 2759 1534 2791 sola
1547 2761 1644 2791 virtus
1657 2766 1689 2792 et
1703 2762 1807 2802 probi-

1079 2809 1127 2834 tas
1141 2803 1192 2834 sit.
1234 2803 1326 2834 Cum
1329 2807 1393 2833 toto
1409 2801 1468 2834 hoc
1490 2801 1560 2833 loco
1571 2809 1730 2845 comparat
1753 2804 1806 2836 Cl.

1083 2845 1220 2886 Boettig.
1236 2844 1366 2875 Lucian.
1381 2844 1462 2875 Tim.
1476 2844 1532 2876 36.

1125 2887 1268 2918 57—64.
1292 2886 1360 2916 Ncm
1376 2885 1804 2919 estmeum:d1v1t1arumau

1083 2934 1142 2960 tem
1161 2939 1218 2969 ego
1235 2938 1344 2968 expers
1357 2938 1417 2958 non
1434 2938 1513 2970 opus
1527 2928 1629 2959 habeo
1641 2930 1680 2960 ad
1697 2930 1807 2961 misera
