1904 3314
351 196 438 237 486

843 192 1370 237 EPISTOLARUM

382 294 438 335 45
467 293 538 336 An
559 295 724 349 rapias3
756 296 875 349 atqui
896 311 1035 336 rerum
1057 303 1185 350 caput
1205 296 1286 337 hoc
1307 301 1412 345 erat,
1435 301 1478 336 et
1498 295 1608 336 fons.

468 361 667 402 lndotata
686 361 787 401 mihi
809 375 928 402 soror
947 370 1027 408 est,
1049 361 1311 416 paupercula
1330 368 1480 409 mater,

469 426 530 467 Et
550 427 708 468 fundus
728 441 806 468 nec
827 426 1064 476 vendibilis,
1086 442 1164 467 nec
1187 441 1363 480 pascere
1383 426 1545 475 firmus,

468 493 558 539 Qui
577 493 693 542 dicit,
715 492 881 539 clamat,
903 492 1080 533 Victum
1101 493 1222 533 date:
1257 493 1435 533 succinit
1455 491 1578 541 alter,

468 558 529 599 Et
549 558 652 598 mihi
672 558 844 599 dividuo
865 558 1054 599 findetur
1073 573 1248 599 munere
1269 559 1448 612 quadra.

384 625 439 666 50
469 625 555 666 Sed
577 625 731 666 tacitus
752 626 870 679 pasci
892 626 926 665 si
947 639 1100 665 corvus
1122 632 1282 678 posset,
1305 625 1486 665 haberet

472 691 577 733 Plus
598 692 734 746 dapis,
757 698 801 732 et
821 692 924 732 rixae
945 691 1075 731 multo
1097 691 1233 731 minus
1255 691 1523 744 invidiaeque.

469 759 761 799 Brundusium
783 772 922 798 comes
943 764 1016 798 aut
1038 757 1290 797 Surrentum
1312 757 1467 797 ductus
1489 770 1716 806 amoenum,

471 825 559 871 Qui
580 825 772 877 queritur
793 823 980 864 salebras
1001 830 1044 864 et
1064 824 1263 864 acerbum
1284 823 1419 877 frigus
1441 829 1483 864 et
1504 823 1677 872 imbres,

470 890 562 931 Aut
583 891 730 931 cistam
750 889 983 938 effractam,
1006 897 1078 929 aut
1100 889 1312 931 subducta
1331 889 1482 929 viatica
1501 888 1665 942 plorat3

386 958 441 1008 55
471 957 588 997 Nota
609 956 740 996 refert
759 956 989 996 meretricis
1011 955 1216 1003 acumina,
1240 969 1353 1007 saepe
1374 954 1581 1003 catellam,

472 1024 597 1076 Saepe
617 1021 910 1076 periscelidem
933 1028 1098 1074 raptam
1119 1021 1200 1061 sibi
1221 1020 1385 1069 flentis3
1417 1021 1481 1060 uti
1501 1034 1600 1061 mox

470 1088 602 1128 Nulla
623 1088 730 1128 fides
752 1087 914 1127 damnis
937 1088 1133 1139 verisque
1155 1084 1375 1126 doloribus
1399 1085 1525 1126 adsit.

470 1154 567 1195 Nec
585 1154 713 1194 semel
733 1154 881 1194 irrisus
905 1153 1036 1193 triviis
1059 1151 1253 1192 attollere
1273 1158 1396 1192 curat

471 1221 626 1262 Fracto
646 1236 768 1262 crure
790 1220 983 1275 planum3
1016 1219 1113 1260 licet
1134 1219 1192 1259 illi
1213 1218 1394 1273 plurima
1414 1225 1555 1260 manet

385 1289 441 1328 60
476 1287 688 1328 Lacrima:
720 1302 798 1341 per
820 1294 1010 1327 sanctum
1024 1286 1194 1340 juratus
1216 1286 1328 1325 dicat
1351 1285 1523 1333 Osirim,

473 1354 663 1401 Credite,
686 1368 769 1393 non
790 1352 919 1401 lud03
951 1350 1160 1399 crudeles,
1184 1350 1318 1391 tollite
1339 1350 1561 1391 claudum:

476 1420 634 1466 Quaere
657 1419 941 1473 peregrinum,
963 1417 1113 1458 vicinia
1133 1431 1263 1458 rauca
1283 1415 1495 1458 reclamat.

362 1539 535 1576 studemus,
552 1540 642 1571 unice
657 1540 714 1570 hoc
730 1540 796 1581 ipso
814 1539 940 1570 viriliter
956 1538 1096 1569 tentandi

364 1582 467 1612 omnia
484 1581 596 1617 studio.
608 1587 662 1612 aut
677 1592 843 1622 nusquam,
857 1581 1051 1627 reperiuntur
1066 1586 1097 1610 et

364 1624 587 1664 impetrantur·
609 1625 693 1662 (hic)
709 1624 787 1653 alius
802 1633 834 1652 re
849 1622 983 1663 alicujus
997 1622 1095 1652 susci-

365 1665 488 1707 piendae
502 1665 673 1695 molestiam
686 1665 811 1705 refugit,
824 1670 971 1705 tanquam
984 1664 1011 1694 ei
1028 1674 1094 1710 per-

365 1707 496 1737 serendae
527 1707 648 1747 exiguae
672 1707 766 1737 animi
794 1706 994 1752 corporisque
1018 1705 1097 1736 vires

364 1749 498 1790 impares
535 1750 616 1786 si¹1t;
647 1748 731 1796 (his)
761 1748 841 1779 alius
873 1758 935 1777 rem
972 1753 1097 1779 strenue

365 1790 543 1831 aggreditur
555 1796 585 1821 et
599 1790 728 1831 peragit.
763 1791 820 1820 His
835 1790 979 1820 omnibus
994 1795 1098 1820 autem

367 1833 517 1862 Horatius
532 1834 647 1863 Scaevae
669 1832 866 1863 commendat
881 1842 1015 1871 gnavum
1032 1837 1097 1861 stu-

366 1874 463 1911 dium,
499 1885 561 1915 quo
595 1874 799 1915 potentiorum
841 1873 1017 1914 colligenda
1058 1873 1098 1904 sit

367 1916 477 1956 gratia.

411 1959 462 1988 42.
493 1957 593 1993 Recte,
618 1959 700 1988 bono
729 1969 801 1989 cum
828 1967 988 1992 successu,
1014 1962 1095 1988 recta

369 1999 429 2030 via.
473 1999 634 2039 Esperiens
647 2002 705 2035 vir,
721 2000 774 2040 qui
789 2000 869 2030 vires
886 2009 957 2029 suas
972 1999 1095 2040 pericli-

369 2041 464 2071 tando
479 2041 581 2071 omnia
597 2047 706 2072 tentat.

411 2084 463 2113 43.
497 2084 601 2112 Coram
638 2094 716 2123 rege,
751 2083 922 2124 potentiore
958 2088 1096 2124 patrono

371 2125 518 2156 Horatius
541 2135 611 2165 sup.
636 2125 734 2165 Epist.
760 2126 780 2159 i,
799 2126 830 2161 7,
848 2126 900 2158 37,
917 2125 954 2154 de
979 2126 1095 2155 Maece-

371 2173 575 2207 nate,re1que
586 2173 728 2206 paterque
743 2168 863 2196 Audisti
879 2177 988 2196 caram.

414 2210 465 2239 45.
490 2209 613 2248 Βσρίιιε,
628 2208 717 2238 avide
733 2217 845 2237 manus
860 2207 971 2237 donis
966 2207 1100 2255 injicias.

362 2248 464 2291 'Aequi
479 2261 581 2280 rerum
594 2257 684 2289 caput
700 2251 752 2280 hnc
767 2256 842 2283 erut,
857 2250 986 2296 etsons:
1010 2249 1098 2290 atqui

370 2299 441 2323 ante
457 2292 561 2322 omnia
578 2292 617 2322 ab
634 2302 681 2326 eo,
698 2291 751 2332 qui
776 2290 894 2332 aliquid
910 2296 991 2322 recte
1010 2291 1098 2332 petit,

370 2334 490 2365 ostendi
515 2334 608 2364 debet
626 2333 724 2375 pudor
741 2339 772 2363 et
788 2332 947 2363 modestia.
991 2334 1097 2373 Vulgo

370 2376 452 2407 enim
465 2375 605 2406 homines
617 2385 740 2416 precum
758 2381 787 2405 et
798 2375 1007 2414 querelarum,
1021 2385 1098 2416 quas

369 2418 514 2455 fundunt,
530 2417 668 2447 formulis
688 2416 856 2447 molestiam
882 2416 930 2450 iis.
946 2427 964 2447 a
982 2418 1095 2458 quibus

369 2465 490 2507 petunt,
506 2466 622 2490 creant.
667 2458 830 2500 Ejusmodi
848 2458 990 2494 formula,
1009 2469 1094 2506 egre-

369 2501 419 2542 gie
445 2502 484 2532 ab
509 2500 638 2532 Horatio
660 2501 699 2531 ad
722 2502 879 2541 vulgarem
906 2502 1097 2541 precantium

369 2553 482 2574 morem
499 2543 679 2585 composita,
695 2543 799 2573 statim
817 2542 967 2590 sequitur.

412 2586 464 2616 47.
490 2585 615 2615 Fundus
639 2596 691 2615 nec
714 2586 887 2615 zendibilis:
911 2583 978 2614 sine
1001 2583 1097 2614 dubio

368 2626 442 2669 quia
457 2632 554 2657 emtor
573 2626 667 2667 hujus
685 2626 778 2666 agelli
793 2626 913 2668 reperiri
930 2636 991 2656 non
1010 2631 1096 2667 pote-

367 2675 432 2700 rat:
456 2679 527 2699 nam
546 2668 584 2699 de
597 2670 677 2710 fidei
700 2671 856 2702 commisso,
874 2674 909 2698 ut
928 2669 1096 2715 loquuntur

368 2712 387 2742 J
392 2711 602 2742 urisconsultr
635 2711 777 2751 equidem
812 2709 952 2750 accipere
988 2709 1095 2740 nolim.

371 2753 433 2784 Nec
449 2763 565 2792 pascere
571 2753 684 2793 snmus
700 2751 854 2800 (δεινὸς),
871 2761 928 2782 nec
943 2751 1018 2782 satis
1031 2762 1095 2783 am-

367 2795 438 2837 plus
452 2801 486 2825 ut
500 2805 549 2825 me
564 2795 644 2825 alere
659 2794 766 2835 possit.

410 2839 462 2868 48.
487 2837 617 2870 Clamat,
636 2846 748 2878 nempe
764 2836 954 2866 immodeste.

411 2879 463 2909 49.
490 2879 530 2909 Et
554 2879 637 2912 mihi.
659 2883 732 2909 cett
753 2877 981 2917 elegantissimo
1005 2888 1093 2909 versu

366 2919 517 2964 expressit
538 2919 682 2953 Horatius
702 2920 860 2962 vulgarem
882 2919 1093 2952 mendicorum

1138 1537 1339 1572 cantilenam,
1354 1538 1426 1568 mihi
1438 1537 1696 1578 quoquest-ustum
1706 1538 1868 1577 placentae!

1140 1590 1206 1615 nos,
1221 1582 1279 1609 mir
1293 1581 1370 1610 anch
1381 1581 1429 1609 ein
1444 1580 1554 1610 Stizck.
1550 1579 1559 1601 ¹
1589 1579 1663 1610 Non
1678 1579 1759 1610 male
1775 1580 1866 1610 Lam-

1139 1622 1232 1651 binus
1254 1632 1319 1663 pro,
1331 1622 1474 1662 findetur
1495 1621 1528 1652 iu
1549 1621 1631 1652 notis
1653 1621 1787 1663 scripsit,
1799 1623 1868 1663 fin-

1137 1665 1240 1694 datm.
1267 1664 1406 1698 Quadra
1417 1663 1548 1694 frustum
1558 1662 1648 1705 panis
1657 1663 1704 1694 vel
1715 1663 1868 1705 placentae

1140 1706 1171 1736 'm
1190 1705 1316 1736 formam
1333 1705 1442 1746 quadri
1457 1704 1606 1736 decisum.

1185 1749 1323 1778 50—52.
1351 1748 1407 1778 Sed
1432 1749 1543 1777 tacitus
1565 1749 1659 1786 pasci,
1686 1751 1760 1778 cett.
1788 1746 1868 1779 altos

1141 1789 1292 1820 clamores
1308 1799 1387 1830 quos
1403 1788 1497 1824 corvi,
1512 1788 1627 1834 quibus
1641 1798 1714 1820 esca
1727 1789 1867 1830 contigit,

1142 1831 1292 1866 excitant,
1319 1837 1478 1878 comparat
1502 1841 1574 1861 cum
1601 1830 1777 1879 importuna
1801 1842 1869 1880 pre-

1139 1872 1277 1903 cantium
1299 1872 1537 1907 vociferatione·
1561 1872 1594 1903 id
1614 1872 1697 1903 enim
1721 1873 1814 1904 unice
1835 1873 1869 1905 in.

1139 1914 1197 1945 hac
1213 1914 1443 1956 comparatione
1457 1914 1659 1955 spectandum
1674 1920 1732 1946 est.
1761 1915 1867 1947 Brun-

1139 1959 1271 1992 dasium,
1310 1957 1438 1998 Apuliae
1481 1956 1630 2003 oppidum
1667 1956 1867 1989 maritimum.

1141 1999 1330 2035 Surrentum,
1348 1997 1530 2040 Campaniae
1546 1997 1693 2040 oppidum
1709 1999 1748 2030 ad
1764 1999 1868 2031 sinum

1141 2041 1362 2071 Puteolanum.

1183 2084 1235 2114 55.
1262 2083 1342 2113 Nora
1356 2082 1450 2124 refert
1461 2084 1624 2114 meretricis
1634 2084 1784 2119 acumina,
1795 2082 1870 2114 facit

1141 2123 1221 2154 idem
1237 2124 1321 2164 quod
1341 2124 1514 2155 meretrices
1534 2130 1651 2155 astutas
1671 2124 1770 2156 facere
1792 2134 1868 2155 con-

1142 2171 1214 2196 stat.
1245 2167 1362 2196 Locum
1380 2165 1482 2196 Plauti
1497 2165 1552 2206 qui
1568 2166 1628 2197 huc
1645 2166 1788 2215 pertinet,
1801 2166 1870 2214 jam

1142 2208 1331 2248 comparavit
1343 2213 1430 2237 vetus
1445 2207 1550 2238 Schol.
1565 2219 1574 2245 ;
1596 2208 1688 2238 estin
1703 2209 1831 2240 Trucul.
1845 2208 1868 2247 i,

1145 2250 1173 2283 1,
1202 2250 1242 2279 32
1266 2259 1347 2289 sqq„
1375 2251 1439 2279 Aut
1462 2260 1570 2279 aurum
1593 2252 1695 2288 periit,
1720 2257 1774 2281 aut
1798 2262 1867 2281 con-

1140 2292 1227 2320 scissa
1253 2292 1370 2328 pallula
1395 2297 1448 2326 est,
1471 2291 1535 2320 Au!
1559 2292 1721 2322 armariola
1746 2292 1867 2328 Groeca,

1140 2339 1193 2362 aut
1209 2333 1324 2372 aliquid
1339 2343 1449 2370 semper
1463 2339 1504 2362 est
1523 2333 1608 2366 Quod
1622 2339 1736 2373 pereat,
1751 2335 1868 2365 debeat-

1141 2385 1195 2413 que
1209 2385 1311 2404 amans
1323 2381 1418 2405 scm-to
1431 2384 1493 2404 suo.
1523 2373 1656 2405 Easdem
1673 2380 1753 2406 artes
1769 2386 1867 2408 mere-

1139 2415 1243 2446 tricias
1269 2415 1369 2455 tangit
1395 2415 1490 2446 Ovid.
1521 2415 1552 2447 iu
1577 2416 1649 2448 Art.
1673 2417 1715 2448 A.
1744 2417 1766 2452 i.
1793 2418 1867 2454 431,

1142 2458 1245 2492 Quid?
1262 2469 1327 2488 cum
1343 2459 1477 2488 mendaci
1490 2460 1596 2489 damno
1609 2460 1789 2490 moestiuima
1803 2462 1866 2499 plo-

1139 2506 1200 2535 rat,
1228 2500 1411 2539 Elapsusque
1436 2510 1506 2530 cava
1524 2501 1662 2542 fingitur
1685 2512 1759 2532 aure
1783 2503 1870 2541 lapis.

1143 2542 1300 2577 Catellam‚
1316 2551 1441 2582 parvam
1456 2546 1608 2572 catenam.

1183 2585 1236 2614 56.
1260 2584 1467 2614 Peviszelidem
1495 2583 1753 2625 (περισκελίὸα),
1777 2595 1867 2616 orna-

1140 2631 1279 2656 mentum
1295 2625 1382 2667 pedis
1404 2624 1519 2655 circum
1541 2635 1643 2662 crura,
1658 2626 1866 2658 sandaliorum

1139 2667 1267 2698 fortasse
1282 2667 1417 2699 vincula
1464 2667 1523 2698 Per
1525 2669 1655 2699 iseelicles
1667 2669 1808 2700 resolvere
1822 2674 1870 2701 est

1139 2711 1220 2751 apud
1238 2711 1363 2740 Petron.
1378 2719 1409 2740 c.
1427 2709 1478 2739 67.

1181 2753 1233 2782 58.
1257 2751 1320 2782 Nec
1341 2751 1426 2781 semet
1447 2751 1568 2786 irrisus,
1593 2760 1651 2782 nec
1676 2750 1703 2781 is
1724 2750 1780 2793 qui
1799 2752 1865 2794 jam

1138 2794 1232 2824 semel
1249 2791 1374 2823 babitus
1387 2798 1435 2823 est
1448 2791 1597 2822 ludibrio.

1180 2836 1233 2866 59.
1258 2835 1367 2865 Fracto
1390 2844 1488 2868 crure,
1514 2843 1584 2865 vere
1610 2844 1720 2877 nempe
1745 2835 1863 2875 fract03

1136 2878 1189 2907 sed
1219 2876 1335 2908 homini
1362 2875 1427 2917 jam
1459 2875 1565 2907 fraude
1595 2881 1668 2907 uoto
1700 2887 1761 2908 non
1790 2877 1866 2909 fides

1137 2919 1284 2951 habetur·
1298 2919 1422 2959 planum
1437 2917 1610 2961 (πλάνον)
1621 2917 1868 2962 circumvagum,
