1904 3314
334 191 422 231 414

877 193 1311 236 SATIRARUM

451 290 593 332 Uncta
614 292 716 333 satis
736 292 886 346 pingui
903 300 1116 348 ponentur
1137 293 1326 335 oluscula
1344 292 1496 334 lardo?

364 357 420 398 65
451 357 492 398 O
513 364 659 399 noctes
680 372 899 412 coenaeque
921 359 1075 410 Deum,
1097 361 1253 415 quibus
1274 360 1366 413 ipse
1386 360 1554 413 meique

449 424 564 465 Ante
586 423 740 465 Larem
760 426 979 479 proprium
1001 441 1162 475 vescor,
1184 440 1419 480 vernasque
1440 439 1642 480 procaces

447 490 585 531 Pasco
604 490 746 531 libatis
768 491 965 545 dapibus.

1026 492 1162 533 Prout
1183 493 1335 546 cuique
1354 491 1488 533 libido
1509 499 1591 541 est,

448 555 589 597 Siccat
606 556 836 610 inaequales
858 557 1008 598 calices
1029 559 1204 599 conviva
1225 558 1388 599 solutus

447 621 640 676 Legibus
661 623 832 672 insanis,
854 638 930 664 seu
949 624 1043 677 quis
1066 625 1178 677 capit
1200 625 1312 665 acria
1333 624 1456 665 fortis

361 687 417 728 70
446 687 619 737 Pocula,
643 703 718 730 seu
737 690 913 730 modicis
934 691 1097 731 uvescit
1116 690 1267 731 laetius.

1330 690 1451 744 Ergo

447 754 596 795 Sermo
617 755 752 795 oritur
771 770 855 795 non
877 756 931 796 de
951 755 1058 796 villis
1080 756 1328 798 domibusve
1350 756 1512 805 alienis,

445 819 555 869 Nec,
577 820 683 861 male
704 835 837 861 necne
861 821 1003 875 Lepos
1026 821 1173 872 saltet3
1206 823 1298 872 sed,
1320 824 1441 876 quod
1457 823 1590 877 magis
1612 823 1665 864 ad
1687 838 1765 864 nos

445 886 652 934 Pertinet,
674 893 717 927 et
738 888 901 928 nescire
920 888 1074 929 malum
1095 896 1174 937 est,
1197 890 1430 942 agitamus:
1462 897 1660 931 utrumne

445 952 617 992 Divitiis
638 952 844 1002 homines,
866 969 919 994 an
941 955 1023 994 sint
1045 955 1199 995 virtute
1220 955 1366 996 beati?

359 1019 415 1059 75
445 1018 616 1064 Quidve
639 1019 692 1059 ad
714 1020 931 1069 amicitias,
954 1034 1057 1060 usus
1079 1027 1308 1069 rectumne,
1331 1021 1474 1062 trahat
1493 1023 1598 1062 nos?

443 1084 504 1124 Et
525 1099 621 1138 quae
643 1085 696 1125 sit
717 1092 868 1125 natura
887 1085 1002 1133 boni,
1025 1100 1316 1139 summumque
1339 1087 1443 1140 quid
1464 1087 1590 1141 ejus?

441 1151 619 1192 Cervius
640 1151 732 1192 haec
753 1151 863 1192 inter
883 1152 1044 1192 vicinus
1065 1153 1198 1205 garrit
1218 1152 1350 1193 aniles

442 1217 512 1257 Ex
534 1231 579 1257 re
601 1216 791 1259 fabellas.

853 1217 899 1257 Si
919 1218 1013 1272 quis
1034 1233 1129 1258 nam
1149 1217 1295 1259 laudat
1319 1219 1455 1260 Arelli

440 1282 650 1323 Sollicitas
671 1283 844 1337 ignarus
866 1298 985 1337 opes,
1009 1284 1068 1324 sic
1089 1284 1259 1338 incipit:
1293 1285 1407 1325 Olim

353 1351 409 1392 80
438 1349 646 1391 Rusticus
667 1351 877 1390 urbanum
897 1364 1056 1390 murem
1078 1365 1169 1390 mus
1191 1365 1381 1404 paupere
1403 1350 1539 1393 fertur

437 1415 674 1470 Accepisse
695 1431 813 1464 cavo,
833 1423 1018 1457 veterem
1038 1424 1159 1457 vetus
1181 1416 1336 1471 hospes
1358 1418 1538 1458 amicum
1551 1435 1571 1467 ;-

437 1481 583 1537 Asper
604 1490 647 1523 et
668 1490 856 1524 attentus
877 1483 1082 1536 quaesitis,
1106 1490 1153 1523 ut
1174 1490 1313 1524 tamen
1334 1492 1497 1524 arctum

322 1625 414 1654 livia.-
438 1623 586 1654 Horatius
601 1622 754 1663 cogitasse
767 1622 891 1653 videtur
903 1622 941 1653 de
955 1623 1057 1660 Lethe,

322 1675 339 1695 e
370 1675 434 1706 quo
464 1665 662 1696 advenientes
693 1666 820 1696 Umbrae
849 1664 933 1706 apud
965 1665 1056 1704 Virg.

326 1707 405 1737 AEn.
424 1706 464 1741 vi.
485 1708 558 1742 714,
579 1718 694 1738 securos
717 1708 820 1737 latices
843 1713 871 1736 et
896 1708 984 1747 longa
1007 1709 1055 1736 ob-

326 1749 399 1779 ἰὶιία
421 1755 523 1788 potare
546 1749 710 1779 dicuntur:
735 1759 806 1790 sup.
828 1748 930 1795 Epod.
954 1750 985 1785 2,
1003 1750 1056 1784 38,

323 1797 391 1831 post
414 1797 571 1821 enarratas
593 1791 664 1822 vitae
688 1791 812 1821 rusticae
831 1789 1057 1831 jucunditates,

327 1831 402 1866 Quis
417 1844 475 1862 mm
491 1834 651 1868 malarum,
667 1843 739 1873 quus
754 1843 836 1862 amor
857 1843 946 1862 curas
960 1833 1058 1867 habet,

324 1873 397 1904 Hoec
412 1875 492 1904 inter
508 1876 715 1905 obliviscitur?

366 1917 419 1946 63.
442 1916 524 1946 haba
538 1917 874 1956 Pythagoraecoguata:
890 1915 1056 1946 intercan-

323 1966 384 1992 saS,
410 1967 428 1988 e
450 1957 564 1998 quibus
591 1959 711 1998 Pytha&
703 1969 775 1988 orae
801 1957 977 1998 disciplinae
1000 1958 1054 1988 ad-

321 1997 398 2029 dicti
422 1998 509 2039 fabis
542 2000 696 2030 abstinere
730 2000 899 2034 debebant,
930 1999 1057 2030 affertur

321 2049 446 2087 quoque
472 2041 550 2076 haec,
575 2041 658 2082 quod
685 2041 876 2082 Pythagoras
892 2041 986 2080 fabas
1014 2043 1053 2072 ad

321 2081 493 2112 animarum
516 2090 702 2113 mortuorum
723 2083 920 2124 receptacula
942 2083 1053 2114 retule-

321 2123 372 2154 rit.
407 2124 515 2154 Schol.
544 2125 654 2165 Cruq„
685 2125 851 2154 Dubitabat
880 2126 959 2154 enim
993 2125 1053 2165 Py-

321 2165 470 2215 thqgoras,
499 2177 537 2196 ιιη
561 2168 594 2196 in
617 2178 648 2196 eo
670 2177 788 2204 corpore
813 2165 920 2206 (faba)
948 2167 1054 2196 lateret

320 2209 422 2237 anima
448 2210 545 2246 putris
574 2210 632 2245 sui,
657 2219 696 2238 tm
727 2209 851 2238 alterius
879 2209 1051 2247 propitaqui,

319 2260 377 2288 qua
392 2251 428 2279 de
442 2261 475 2280 re
490 2251 568 2280 ridet
582 2261 647 2279 eum
665 2249 808 2279 Horatius
825 2256 850 2279 et
866 2251 928 2288 ejus
948 2260 1050 2289 sequa-

319 2301 364 2321 ces
389 2290 619 2332 (discipulos);
644 2290 751 2332 jocose
779 2296 860 2322 certe
887 2290 981 2332 hujus
1008 2290 1050 2322 rei

318 2339 458 2373 respectu
479 2333 585 2364 habito
606 2333 755 2364 Horatius
768 2333 863 2375 fabas
878 2338 968 2363 vocat
985 2334 1048 2374 Py-

319 2375 391 2414 thug
374 2386 450 2405 «rorae
465 2381 616 2416 cognatus.

361 2418 414 2447 65.
459 2417 539 2457 Meiq
541 2428 589 2452 ue,
605 2416 784 2451 familiares,
800 2415 905 2451 vicini,
922 2426 1036 2447 vernae.

359 2459 411 2488 66.
457 2459 610 2494 Procaces,
627 2458 836 2492 lascivientes,
853 2457 1008 2488 verniles'
997 2468 1048 2499 Jo-

317 2509 370 2530 cos
399 2499 575 2532 miscentes.
619 2501 718 2541 Supra
740 2510 865 2541 quoque
895 2501 994 2541 Epod.
1018 2503 1048 2538 2,

316 2542 370 2576 66,
393 2541 432 2572 ad
451 2542 610 2584 jucundos
632 2553 664 2572 m
689 2552 760 2583 agro
783 2543 948 2583 adspectus
970 2542 1048 2573 rese-

316 2588 426 2614 runtur
465 2587 554 2624 positi
594 2595 689 2615 vernae
733 2586 843 2615 circum
883 2586 1050 2615 renidentes

316 2626 421 2656 Lares.

357 2668 411 2698 67.
458 2668 572 2698 Libatis
594 2669 731 2707 dapibus,
749 2667 849 2699 adesis
871 2677 888 2698 a
908 2667 1046 2704 domino,

315 2719 444 2751 quarum
469 2709 616 2751 reliquias
639 2720 741 2740 vernae
764 2709 844 2740 inter
869 2720 993 2740 coenam
1017 2715 1049 2740 et

337 2757 385 2782 ost
398 2761 522 2782 coenam
538 2751 752 2782 comedebant.
793 2752 890 2781 Prout
906 2762 967 2781 una
981 2752 1044 2793 syl-

314 2762 387 2824 llzba
401 2793 686 2840 pronunciandum.

355 2836 407 2866 68.
452 2835 625 2876 1naequales,
662 2834 726 2866 sive
761 2833 940 2875 grandiores
981 2835 1044 2867 sive

313 2877 459 2908 minores.

354 2920 406 2950 69.
451 2919 580 2960 Legibus
601 2921 726 2955 insanis,
749 2917 862 2959 quibus
884 2925 1043 2961 compota-

1101 1621 1194 1652 tionis
1210 1634 1260 1654 rex
1277 1623 1340 1655 sive
1357 1623 1621 1666 modimperator
1607 1624 1688 1655 (vid.
1704 1635 1776 1666 sup.
1791 1625 1831 1656 ad

1101 1665 1164 1695 Od.
1194 1665 1273 1702 i,4,
1301 1668 1371 1704 18),
1399 1672 1589 1707 compotores
1616 1667 1831 1708 praescriptum

1100 1689 1281 1747 cyathorum
1298 1718 1456 1738 numerum
1470 1718 1532 1738 uno
1547 1713 1650 1739 tenore
1667 1708 1831 1740 exhaurire

1096 1749 1247 1789 jubebat:
1272 1750 1313 1780 cs.
1329 1760 1388 1790 sup
1392 1750 1448 1780 .ad
1464 1751 1531 1780 Sat.
1547 1749 1580 1784 ii.
1594 1751 1626 1785 2,
1642 1751 1712 1781 123.
1736 1751 1830 1781 Acria

1104 1791 1238 1821 Pocula:
1262 1793 1394 1833 proprie,
1419 1791 1472 1832 qui
1498 1791 1616 1822 fortiter
1637 1797 1756 1840 potam,
1779 1792 1829 1823 di-

1102 1838 1214 1863 cuntur
1228 1844 1310 1864 acres
1325 1842 1449 1873 parm-,es
1466 1839 1500 1864 ut
1515 1833 1572 1864 tuf
1587 1834 1650 1864 Sat.
1671 1833 1705 1870 ii,
1721 1835 1752 1870 8.
1767 1835 1829 1873 36;

1100 1884 1166 1909 nos,
1197 1876 1296 1906 starke
1327 1875 1587 1912 Tr1'11ke1·;idem
1619 1875 1714 1916 igitur
1743 1886 1829 1907 nunc

1096 1918 1222 1955 poculis,
1238 1917 1320 1958 quod
1337 1917 1506 1959 potoribus,
1521 1917 1675 1948 tribuitur.

1142 1959 1194 1989 70.
1221 1959 1350 1993 Πυεεοὶί,
1362 1959 1475 1990 uvidus
1486 1959 1568 2001 (ὑγρ
1571 1959 1693 1999 efflent,
1705 1959 1828 1991 madet·

1099 1999 1140 2030 cf.
1153 2010 1225 2042 sup.
1243 2001 1281 2031 ad
1300 2001 1362 2032 Od.
1378 2001 1411 2038 ii,
1428 2002 1479 2036 19,
1498 2002 1547 2031 18.

1140 2043 1192 2072 72.
1217 2042 1277 2083 Lep
1279 2054 1326 2073 ns:
1347 2043 1440 2073 Schol
1468 2043 1578 2084 Cruq.,
1589 2053 1690 2074 nomen
1702 2054 1830 2084 mstgms

1096 2054 1277 2120 saltatoris‚p
1278 2085 1387 2115 Caesuri
1405 2087 1502 2125 grati.
1519 2085 1705 2121 Archimt'mi,
1719 2087 1771 2125 qui
1785 2087 1828 2117 εἰσ

1094 2127 1263 2163 appellatus
1293 2133 1346 2162 est,
1376 2129 1451 2167 quod
1470 2128 1612 2166 jucunde
1639 2134 1667 2158 et
1697 2128 1829 2158 molliter

1095 2168 1232 2198 saltaret.

1139 2209 1192 2238 75.
1232 2209 1320 2244 Usus,
1338 2209 1477 2247 utilitas3
1499 2215 1627 2246 rectum,
1643 2209 1754 2247 virtus,
1770 2210 1827 2242 ho-

1096 2255 1212 2281 nestas.

1138 2292 1446 2322 77-79.cerv1‘as
1468 2293 1528 2322 haec
1550 2294 1642 2328 inter,
1665 2298 1739 2324 cett.
1783 2294 1826 2325 Et

1092 2333 1165 2362 dum
1189 2333 1256 2363 haec
1279 2332 1318 2364 de
1340 2335 1432 2364 rebus
1454 2333 1494 2364 ad
1517 2342 1572 2364 nos
1598 2333 1825 2381 pertinentibus

1092 2374 1283 2405 familiariter
1305 2374 1513 2417 disputamus»,
1531 2375 1674 2411 Cervius,
1690 2376 1824 2412 vicinus,

1093 2416 1190 2447 aniles
1211 2416 1341 2447 fabellas
1363 2419 1414 2457 (ex
1436 2417 1486 2455 re)
1506 2417 1560 2452 rei,
1576 2417 1615 2447 de
1635 2427 1700 2458 qua
1722 2418 1823 2460 loqui-

1092 2468 1171 2496 mur,
1193 2460 1452 2495 accommodatas,
1478 2458 1641 2490 interserit.
1687 2459 1771 2491 Nam
1797 2461 1823 2491 si

1092 2500 1163 2547 quis
1191 2500 1326 2541 exempli
1356 2511 1451 2532 causa
1475 2499 1578 2531 Arent
1602 2510 1677 2543 opes
1703 2501 1822 2539 laudat,

1092 2542 1383 2589 ignorans,·qua11ta
1405 2553 1476 2573 cum
1499 2541 1676 2573 divitiarum
1699 2553 1822 2585 posses-

1091 2583 1178 2615 sione
1194 2584 1363 2624 conjuncta
1380 2584 1421 2616 sit
1434 2583 1624 2618 sollicitudo.
1639 2591 1821 2632 sequentem

1089 2626 1227 2656 fabulam
1245 2632 1357 2656 narrat.
1401 2627 1523 2657 tirellus
1542 2625 1574 2656 in
1589 2626 1750 2658 vicinitate
1770 2627 1821 2658 fu-

1089 2667 1147 2698 isse
1163 2667 1284 2698 videtur
1306 2668 1396 2699 homo
1414 2667 1511 2706 dives,
1526 2674 1568 2703 et,
1584 2673 1620 2698 ut
1636 2678 1743 2700 omnes
1760 2669 1823 2701 fere

1090 2709 1211 2745 divites,
1233 2711 1271 2740 de
1297 2720 1404 2741 secura
1430 2719 1522 2751 opum
1551 2719 1677 2741 suarum
1702 2721 1822 2758 posses-

1087 2752 1174 2783 sione
1200 2751 1363 2782 admodum
1386 2753 1555 2787 sollicitum
1578 2757 1641 2782 tota
1664 2761 1748 2782 emm
1774 2752 1820 2783 fa-

1088 2794 1163 2824 bula
1183 2793 1341 2824 referenda
1363 2799 1410 2824 est
1429 2793 1467 2824 ad
1490 2775 1736 2825 sollicitudinem
1757 2804 1821 2836 qua

1088 2836 1199 2867 misere
1215 2835 1394 2867 cruciantur
1407 2834 1530 2866 divites.

1130 2879 1182 2908 81.
1230 2878 1366 2917 Pauperc
1391 2889 1480 2908 cavo:
1503 2887 1606 2912 curus,
1627 2877 1678 2909 vel
1699 2889 1818 2914 carum,

1087 2919 1126 2951 de
1150 2919 1281 2951 latibulo
1303 2919 1406 2957 muris,
1421 2925 1456 2950 ut
1478 2918 1534 2950 inf.
1556 2919 1657 2960 Epist.
1681 2919 1704 2956 i,
1721 2921 1752 2957 7,
1766 2921 1821 2958 33,
