1904 3314
665 188 889 232 LIBER
922 188 981 239 II,
1013 189 1054 230 8.

1542 192 1631 234 4529

207 293 497 351 Responsura
516 299 593 336 tuo
612 305 835 347 nunquam
855 298 923 333 est
951 306 1032 346 par
1052 290 1165 332 fama
1184 290 1338 334 labori.

204 361 346 414 Tene,
367 369 417 404 ut
437 376 520 417 ego
540 360 729 415 accipiar
747 358 880 409 laute,
898 359 1147 416 torquerier
1167 360 1282 401 omni

205 429 506 478 Sollicitudine
527 428 801 471 districtum?
833 442 888 469 ne
908 427 1034 483 panis
1055 428 1254 479 adustus,

202 497 277 540 Ne
297 497 407 540 male
428 496 649 540 conditum
664 496 739 551 jus
761 497 1038 551 apponatur?
1070 502 1120 537 ut
1142 510 1289 538 omnes

115 565 173 607 70
204 565 437 608 Praecincti
457 571 575 607 recte
597 564 725 619 pueri
745 564 964 618 comtique
985 563 1260 606 ministrent?

203 633 338 676 Adde
358 634 439 676 hos
459 639 676 689 praeterea
697 647 839 683 casus,
862 631 1000 674 aulaea
1020 639 1150 673 ruant
1172 632 1222 682 si,

203 701 268 744 Ut
287 701 442 753 modo3
475 701 512 742 si
531 702 723 757 patinam
743 701 859 756 pede
879 699 1030 755 lapsus
1052 699 1226 756 frangat
1247 716 1394 756 agaso.

203 769 294 812 Sed
315 770 619 820 convivatoris,
642 770 707 811 uti
728 769 868 819 ducis,
890 769 1110 824 ingenium
1133 784 1202 811 res

201 835 416 880 Adversae
437 839 606 881 nudare
625 837 780 887 solent,
802 835 943 879 celare
966 837 1185 879 secundae.

114 906 172 949 75
200 906 472 948 Nasidienus
494 907 550 948 ad
571 905 691 948 haec:
725 905 831 948 Tibi
853 905 930 957 Di,
953 920 1229 961 quaecunque
1251 908 1460 962 preceris,

204 975 444 1018 Commoda
464 975 594 1027 dent;
626 976 688 1017 ita
709 975 772 1017 vir
792 975 935 1017 bonus
956 989 1003 1017 es
1025 975 1291 1030 convivaque
1311 978 1465 1018 comis:

202 1042 266 1085 Et
287 1042 426 1086 soleas
447 1044 604 1099 poscit.

665 1043 782 1085 Tum
803 1044 847 1085 in
867 1043 982 1086 lecto
1004 1058 1180 1099 quoque
1203 1044 1372 1086 videres

203 1111 402 1154 stridere
424 1119 592 1154 secreta
613 1112 774 1154 divisos
797 1126 900 1153 aure
924 1127 1140 1154 susurros

202 1178 363 1222 Nullos
384 1179 452 1222 his
474 1179 643 1222 mallem
660 1178 788 1222 ludos
813 1186 1061 1235 spectasse3
1096 1179 1172 1221 sed
1195 1179 1266 1221 illa

117 1247 175 1290 80
204 1246 380 1299 Redde,
401 1263 497 1304 age,
520 1264 619 1304 quae
640 1249 848 1303 deinceps
869 1248 1015 1289 risisti.

1077 1247 1284 1290 Vibidius
1307 1248 1412 1290 dum

204 1315 378 1364 Quaerit
399 1317 455 1358 de
475 1316 640 1372 pueris,
661 1331 764 1358 num
786 1317 841 1357 sit
862 1330 1037 1370 quoque
1060 1315 1198 1358 fracta
1218 1315 1386 1371 lagena,

204 1383 340 1443 Quod
363 1384 445 1426 sibi
465 1384 665 1440 poscenti
686 1399 772 1425 non
794 1384 954 1424 dentur
974 1383 1158 1438 pocula3
1192 1384 1383 1439 dumque

202 1450 394 1494 Ridetur
413 1451 528 1494 fictis
549 1466 708 1502 rerum,
731 1450 968 1493 Balatrone
991 1451 1210 1502 secundo3

206 1518 463 1569 Nasidiene,
485 1521 604 1562 redis
624 1526 803 1562 mutatae
824 1519 996 1569 frontis,
1019 1527 1067 1561 ut
1088 1527 1182 1561 arte

118 1588 175 1631 85
206 1587 534 1631 Emendaturus
557 1588 797 1639 fortunam3
831 1587 990 1629 deinde
1014 1589 1152 1630 secuti

133 1711 188 1743 60.
213 1711 340 1751 Sapiens
352 1711 563 1743 Nomentanus
574 1723 582 1741 .-
597 1709 754 1753 sapientia
766 1710 835 1742 No-

87 1754 231 1786 mentani
251 1753 319 1796 jam
342 1754 445 1797 posita
465 1754 526 1786 fuit
550 1755 582 1785 in
608 1753 784 1786 calliditate
805 1758 838 1784 et

88 1796 305 1832 simulatione,
343 1808 407 1840 qua
444 1797 484 1830 de
520 1797 626 1828 subita
661 1797 836 1828 aulaeorum

89 1839 197 1879 ruina,
212 1839 303 1882 quasi
318 1839 358 1871 ad
373 1851 406 1872 se
420 1840 536 1883 ipsum,
552 1847 589 1872 ut
602 1840 727 1874 herum.
743 1839 839 1882 perti-

87 1889 196 1921 nente,
212 1884 361 1914 Fortunae
375 1883 596 1915 crudelitatem
609 1883 747 1915 incusat.

132 1927 186 1959 63.
210 1927 328 1967 Mappa
343 1927 539 1968 (serviem).

133 1970 188 2003 64.
211 1970 400 2010 Smpendens
414 1972 514 2001 omnia
529 1981 612 2006 naso,
630 1969 738 2000 omnia
759 1966 834 2005 tidi-

88 2011 164 2044 cula
185 2012 314 2045 reddere
337 2013 488 2045 studens.-
514 2013 556 2045 cf.
572 2023 642 2055 sup.
663 2012 704 2044 ad
731 2014 797 2044 Sat.
814 2012 837 2048 i,

80 2056 122 2092 ,6,
138 2057 172 2088 5.

134 2099 190 2131 65.
214 2099 288 2130 Haec
303 2105 345 2130 est
367 2100 500 2131 conditio
523 2101 654 2136 vivendi,
670 2099 737 2130 haec
760 2103 836 2129 sunt

88 2141 175 2174 mala
187 2141 306 2184 quibus
325 2141 486 2174 hominum
512 2142 578 2173 vita
598 2148 645 2174 est
669 2141 832 2184 exposita!

89 2183 139 2216 hae
156 2190 232 2216 sunt
251 2185 385 2217 miser-iaz
410 2196 482 2228 quae
503 2191 649 2228 premunt
669 2184 831 2217 homines!

92 2226 206 2270 quue,
219 2227 366 2271 ideoque.

134 2271 190 2303 66.
213 2271 433 2307 Tuo—labori,
458 2270 531 2309 tuis,
560 2270 745 2307 Nasidiene,
769 2276 836 2301 stu-

89 2312 162 2351 diis,
187 2313 283 2351 euris,
308 2319 341 2345 et
364 2313 530 2351 molestiis,
553 2313 671 2356 quibus
693 2315 733 2345 de
755 2314 838 2352 aliis,

90 2356 138 2389 uti
150 2356 218 2400 jam
234 2357 274 2389 de
289 2356 390 2394 nobis,
405 2367 486 2399 quos
501 2357 668 2400 splendido
691 2357 837 2389 convivio

89 2409 167 2432 nece
189 2399 258 2437 isti,
273 2400 354 2433 bene
370 2410 480 2432 mereS.

179 2466 188 2476 .
213 2443 517 2485 Tene—torquerier,
533 2453 606 2474 nam
631 2453 758 2485 aequum
775 2448 835 2480 est,

89 2490 182 2520 ceth:
197 2486 240 2519 cf.
255 2486 296 2519 de
310 2486 371 2518 hac
386 2486 623 2518 constructione
635 2497 706 2529 sup.
717 2486 756 2517 ad
769 2487 836 2518 Sat.

90 2527 115 2567 i,
129 2530 164 2567 9.
180 2530 235 2562 72.

133 2573 187 2605 70.
220 2572 404 2604 precincti.-
437 2582 508 2614 sup.
532 2583 564 2603 v.
591 2572 643 2607 10,
670 2583 748 2612 puer
775 2573 838 2604 alte

90 2616 227 2648 ἀποδω.-
265 2615 330 2648 vid.
362 2615 539 2657 Boettigeri
575 2614 686 2647 Sabin.
725 2615 764 2647 T.
801 2615 836 2651 ii,

89 2669 114 2702 P
135 2701 190 2741 ⁷1,
206 2702 260 2733 72.
282 2703 368 2733 Adde
391 2701 441 2732 hos
460 2706 606 2741 praeterea
630 2711 728 2736 casus,
755 2699 836 2731 adde

90 2754 183 2789 porro
199 2745 286 2788 (hos)
301 2743 458 2787 ejusmodi
472 2753 579 2779 casuS‚
595 2742 651 2784 qui
668 2749 698 2774 te
714 2742 834 2774 solliei-

90 2787 205 2821 hidiae
219 2793 398 2830 torqueant,
416 2787 454 2824 si,
475 2793 512 2818 ut
533 2785 627 2817 modo
641 2786 760 2818 factum
777 2791 835 2824 est,

93 2830 197 2863 aulea
211 2837 316 2862 ruant.
361 2832 461 2873 Agaso
472 2829 528 2872 qui
537 2829 685 2871 jumenta
702 2834 792 2860 curat
807 2835 838 2860 et

41 2886 58 2910 ,ἱ
74 2878 77 2879 ’
92 2874 170 2917 ugit,
192 2883 264 2910 nos,
286 2874 498 2911 Stallknecht5
530 2878 563 2904 et
586 2872 736 2914 quoniam
762 2882 837 2913 aga-

51 2958 60 2962 ·
93 2923 185 2950 sones
199 2917 271 2949 aliis
285 2917 380 2948 rebus
393 2927 469 2949 cum
490 2916 678 2948 dexteritate
701 2915 840 2956 quadam

154 2959 226 2992 udis
239 2959 346 2991 minus
362 2960 428 3003 apti
443 2970 510 2992 esse
521 2959 636 2994 solent,
649 2969 752 3000 agaso,
765 2968 840 2990 con-

45 3003 58 3045 J
95 3001 170 3035 vicii
183 3002 321 3046 quodam
345 3013 459 3045 genere
479 3002 518 3035 de
541 3001 668 3033 homine
692 3001 842 3044 plumbeo

879 1709 930 1742 vel
961 1709 1089 1752 stupido
1118 1710 1207 1753 (nos,
1243 1709 1384 1751 Tb'lpel),
1412 1710 1480 1752 jam
1511 1711 1632 1754 positus

881 1752 1015 1784 videtur.

924 1796 979 1826 74.
1018 1795 1161 1830 Nudare,
1191 1794 1350 1836 detegere,
1381 1795 1517 1838 aperire:
1553 1808 1630 1830 sane

882 1848 930 1870 res
946 1839 1085 1877 adversa,
1098 1840 1130 1870 h.
1145 1848 1174 1869 e.
1192 1838 1293 1869 fracta
1315 1848 1370 1880 per
1382 1839 1483 1871 aulaea
1499 1839 1631 1883 delapsa

877 1881 998 1924 patina,
1012 1881 1136 1924 aperuit
1152 1880 1322 1912 Nasidieni
1335 1882 1546 1914 convivatoris
1559 1884 1629 1915 ani-

878 1935 978 1960 mum,
996 1924 1070 1955 dum
1085 1926 1126 1956 ob
1141 1924 1227 1955 hunc
1244 1934 1355 1955 casum
1377 1925 1410 1956 in
1434 1925 1628 1958 tristissimas

879 1967 1100 1999 effundebatur
1114 1966 1273 1999 lacrimas.

925 2012 978 2043 77.
1004 2011 1046 2042 Et
1061 2012 1151 2042 soleas
1165 2012 1271 2049 poscit,
1287 2015 1318 2041 et
1333 2009 1435 2050 surgit
1449 2009 1488 2041 de
1504 2021 1627 2048 mensa,

879 2064 929 2090 eo,
947 2059 983 2085 ut
1003 2053 1137 2091 videtur,
1158 2053 1307 2090 consilio,
1331 2058 1364 2084 ut
1390 2058 1453 2083 tam
1475 2054 1578 2086 aulaea
1597 2055 1630 2087 in

880 2097 986 2128 locum
1022 2107 1114 2127 suum
1146 2095 1355 2131 restituenda,
1383 2106 1480 2136 quam
1512 2102 1632 2129 ceteras

879 2141 990 2182 epulas
1006 2149 1025 2170 a
1041 2140 1140 2171 servis
1155 2149 1194 2170 ex
1210 2139 1319 2170 ordine
1335 2138 1521 2170 adferendas
1537 2151 1628 2172 cura-

879 2188 926 2214 ret
940 2195 948 2218 2
972 2182 1047 2214 binc
1056 2182 1152 2225 paulo
1164 2187 1236 2224 post
1251 2182 1435 2213 redeuntem
1451 2183 1490 2213 ad
1503 2192 1629 2215 coenam

882 2226 991 2257 herum
1007 2225 1089 2256 servi
1104 2224 1205 2256 secuti
1220 2235 1288 2257 esse
1301 2224 1463 2256 dicuntur.
1508 2226 1628 2258 Soleus.-

881 2268 1090 2300 calceamenti
1115 2278 1227 2310 genus,
1258 2278 1323 2310 quo
1355 2267 1472 2309 plantae
1506 2274 1630 2301 tantum

881 2313 997 2354 pedum
1016 2312 1216 2353 tegebantur,
1231 2316 1296 2342 tam
1313 2310 1439 2342 feminae
1452 2321 1548 2353 quam
1561 2312 1630 2350 viri,

882 2354 1040 2398 praecipue
1063 2354 1149 2386 dorni
1176 2360 1209 2386 et
1234 2354 1267 2385 in
1303 2353 1458 2385 conviviis
1494 2360 1630 2395 gestare,

880 2408 999 2430 mensae
1024 2404 1130 2429 autem
1154 2397 1345 2434 accubituri,
1371 2407 1412 2428 ne
1435 2403 1534 2429 strata
1555 2399 1631 2430 lecti

881 2441 1163 2476 commacularent,
1194 2440 1363 2483 deponere,
1392 2446 1425 2472 et
1455 2451 1509 2471 eas
1533 2442 1632 2473 servis

881 2484 1106 2516 custodiendas
1115 2482 1237 2515 tradere
1248 2484 1404 2515 solebant:
1422 2483 1631 2517 vid.Ma1-tial.

883 2527 951 2563 lxii,
969 2529 1024 2559 98.
1070 2527 1156 2558 Hinc
1172 2528 1265 2558 soleas
1278 2538 1395 2567 poscere
1418 2537 1485 2569 pru,
1502 2537 1521 2558 a
1535 2538 1630 2560 coena

882 2581 1008 2612 surgere
1023 2570 1145 2601 dictum
1162 2575 1222 2601 est.
1272 2571 1404 2605 Videres,
1423 2570 1530 2602 videre
1553 2571 1629 2603 lice-

882 2613 956 2645 bat:
981 2613 1023 2645 cf.
1039 2624 1109 2655 sup.
1126 2612 1165 2644 ad
1182 2614 1250 2644 Sat.
1266 2612 1289 2650 i,
1306 2615 1338 2649 8,
1355 2614 1411 2644 50.

925 2657 980 2688 78.
1007 2657 1144 2687 Stridere
1159 2663 1273 2688 secreta
1293 2658 1403 2688 divisos
1424 2668 1501 2687 aure
1521 2667 1628 2688 susur-

880 2711 946 2730 ros:
970 2710 1079 2731 versus
1105 2698 1322 2730 ornatissimus
1349 2709 1416 2741 pro,
1444 2699 1577 2731 alterurn
1598 2701 1630 2732 in

880 2743 1008 2774 alterius
1023 2753 1131 2774 aurern
1150 2747 1270 2774 secreto
1287 2741 1409 2784 aliquid
1422 2742 1628 2775 insusurrare.

881 2787 976 2817 Auris
990 2785 1152 2826 eleganter
1173 2785 1292 2816 dicitur
1311 2792 1436 2823 secreta,
1452 2785 1484 2815 in
1504 2796 1566 2827 qua
1583 2797 1631 2817 res

881 2828 1028 2871 quaedam
1040 2834 1160 2860 secreta
1172 2828 1221 2859 vel
1234 2828 1436 2860 clandestina
1444 2828 1630 2870 deponitur3

882 2874 1003 2904 susurri
1027 2878 1133 2903 autem
1159 2871 1309 2903 dicuntur
1331 2873 1432 2906 divisi,
1456 2871 1512 2912 qui
1538 2872 1631 2903 modo

886 2915 961 2947 huic
976 2915 1070 2947 modo
1085 2914 1142 2946 alii
1157 2914 1237 2953 auri,
1260 2914 1326 2946 sive
1349 2914 1481 2946 diversis
1503 2914 1631 2946 auribus

886 2958 1148 2996 committuntur3
1192 2957 1432 2989 similitudinem
1470 2956 1631 2998 quandam

886 3001 982 3034 habet
1006 3001 1126 3034 locutio
1152 3011 1225 3043 sup.
1253 3000 1318 3032 Od.
1345 3000 1367 3037 i,
1393 3001 1446 3037 36,
1473 3001 1505 3036 6,
1529 3001 1631 3030 oscula
