1904 3314
340 193 422 233 538

656 190 1018 232 EPISTOLA
1057 191 1152 232 AD
1194 170 1512 233 PlsoNEs.

453 292 655 346 Denique
677 292 730 332 sit
750 291 946 345 quodvis,
969 291 1148 345 simplex
1169 292 1378 332 duntaxat
1398 298 1441 331 et
1461 305 1605 332 unum.

508 358 698 399 Maxima
717 372 817 411 pars
838 365 993 407 vatum,
1014 365 1137 411 pater
1157 366 1200 399 et
1214 359 1393 412 juvenes
1414 364 1535 411 patre
1557 356 1690 410 digni,

364 425 421 465 25
452 425 702 478 Decipimur
722 425 863 478 specie
885 425 1003 464 recti.

1065 424 1214 465 Brevis
1235 439 1328 465 esse
1346 423 1510 472 laboro,

451 491 676 532 Obscurus
696 491 777 540 fio3
810 497 1043 531 sectantem
1061 489 1169 531 levia
1189 491 1306 531 nervi

450 557 672 597 Deficiunt
692 556 926 610 animique;
956 555 1178 609 professus
1199 556 1378 610 grandia
1398 562 1564 609 turget;

449 623 593 677 Serpit
612 622 730 662 humi
750 628 868 662 tutus
888 622 1061 662 nimium
1082 622 1340 675 timidusque
1363 621 1571 676 procellae.

450 688 539 734 Qui
558 688 720 729 variare
740 689 858 742 cupit
877 702 965 728 rem
986 687 1278 741 prodigialiter
1299 703 1439 736 unam,

364 756 420 796 30
451 755 713 811 Delphinum
735 755 847 795 silvis
868 754 1076 807 appingit,
1098 754 1299 794 fluctibus
1321 769 1483 808 aprum.

450 822 501 862 In
520 823 667 862 vitium
688 822 806 863 ducit
825 820 963 874 culpae
983 820 1100 874 fuga,
1121 821 1157 860 si
1176 827 1292 861 caret
1313 827 1416 860 arte.

449 887 669 928 AEmilium
691 888 802 928 circa
820 886 967 927 ludum
987 886 1108 926 faber
1129 900 1238 925 unus
1259 892 1303 926 et
1322 899 1487 938 ungues

451 953 680 1007 Exprimet
699 960 742 993 et
762 952 907 993 molles
930 951 1162 992 imitabitur
1182 965 1266 991 aere
1286 949 1476 1004 capillos,

450 1019 606 1060 Infelix
627 1019 768 1072 operis
790 1031 964 1066 summa,
986 1017 1086 1070 quia
1106 1031 1264 1070 ponere
1286 1023 1423 1056 totum

365 1086 421 1126 35
450 1084 643 1124 Nesciet.

703 1083 834 1123 Hunc
854 1097 935 1135 ego
955 1096 1036 1130 me,
1059 1082 1093 1121 si
1113 1082 1218 1135 quid
1238 1095 1492 1135 componere
1512 1095 1669 1130 curem,

452 1149 554 1190 Non
574 1149 708 1203 magis
729 1163 823 1189 esse
844 1147 979 1197 velim,
1002 1162 1130 1200 quam
1150 1162 1253 1188 naso
1273 1148 1414 1188 vivere
1434 1162 1581 1201 pravo,

337 1290 475 1331 effingit3
495 1296 604 1332 peccat
624 1295 725 1332 poeta,
742 1289 808 1331 qui,
825 1289 864 1320 ad
886 1289 1066 1320 sublimiora

337 1343 518 1373 exsurgens,
540 1332 580 1363 ad
599 1332 764 1362 humiliora
785 1342 818 1362 se
839 1331 967 1373 deprimi
987 1331 1064 1372 pati-

338 1380 398 1404 tur.
438 1375 532 1414 Coepit
547 1377 666 1404 institui
681 1384 746 1415 pro,
762 1379 867 1414 coepta
878 1373 1064 1408 estinstitui,

339 1416 386 1447 vel
402 1427 467 1458 pro,
479 1416 622 1447 instituta
637 1416 686 1456 (h.
701 1427 729 1446 e.
745 1414 884 1456 incepta)
897 1420 944 1446 est
959 1427 966 1444 :
990 1416 1063 1446 Jus-

339 1457 397 1489 tin.
419 1459 481 1495 xiv,
496 1461 526 1494 5,
543 1469 610 1488 cum
626 1459 775 1497 prohiberi
785 1458 905 1498 finibus
923 1459 1064 1496 caepisset.

337 1510 404 1541 pro,
428 1500 650 1541 prohiberetur.
697 1500 845 1530 Cat-rente
866 1505 943 1534 rota,
965 1509 1008 1529 sc.
1031 1499 1065 1528 fi-

339 1542 417 1582 guli.
464 1542 546 1578 Exit,
571 1541 685 1577 evadit,
712 1541 824 1583 prodit,
853 1541 907 1579 fit3
933 1546 969 1571 ut
996 1551 1065 1582 sup.

339 1583 440 1624 Epist.
455 1583 487 1620 ii,
503 1584 534 1621 2,
550 1585 602 1614 83.

383 1626 436 1656 23.
461 1625 602 1661 Quodvis,
623 1624 832 1665 quodcunque
854 1624 910 1655 tibi
933 1628 1068 1654 tractan-

339 1667 415 1697 dum
430 1666 579 1702 sumsisti,
595 1666 678 1707 quod
690 1676 754 1697 esse
769 1672 800 1697 et
814 1666 878 1696 fieri
893 1666 991 1707 cupis.

380 1709 519 1740 24-37.
543 1709 684 1739 Tertium
709 1709 929 1749 Praeceptum:
959 1708 1069 1744 Poetae,

339 1761 386 1788 ne,
401 1753 474 1781 dum
493 1752 600 1781 vitium
620 1751 739 1790 aliquod
757 1752 852 1780 vitare
867 1751 998 1784 student,
1015 1753 1066 1781 de·

339 1795 416 1832 cepti
430 1795 523 1832 specie
541 1795 616 1823 ‘recti
634 1795 666 1823 in
685 1793 772 1823 aliud
793 1793 901 1822 vitium
921 1793 1067 1828 incidant,

338 1837 500 1867 virtutum.
510 1845 582 1874 quas
595 1841 769 1875 sequantur.
780 1840 920 1864 naturam
931 1844 1064 1874 perspec-

339 1883 401 1907 tam
430 1877 533 1907 habere
561 1877 678 1907 debent.
722 1876 792 1906 Huc
812 1877 934 1914 accedat
956 1887 1067 1907 necesse

339 1924 380 1949 est
392 1919 539 1953 studium,
551 1930 608 1948 non
619 1920 650 1948 in
660 1920 789 1959 singulis
800 1919 930 1958 alicuj-us
940 1920 1063 1958 reipar-

337 1961 427 1995 tibns,
442 1962 490 1990 sed
506 1962 538 1989 in
554 1966 613 1990 tota
628 1971 660 1989 re
672 1961 852 1999 ponendum.

379 2003 432 2032 25.
453 2003 564 2040 Specie,
578 2001 734 2043 opinione.

380 2044 433 2078 26,
450 2044 502 2073 27.
526 2044 691 2074 Sectantem
711 2045 786 2074 levia
802 2045 886 2073 nervi
909 2044 1064 2083 Deficiunt

337 2087 500 2125 animique,
518 2091 688 2116 sectantem
706 2095 756 2115 me
775 2091 916 2115 ornatum
937 2092 969 2116 et
991 2096 1063 2116 ora-

336 2127 431 2158 tionis
448 2132 639 2158 venustatem
656 2127 735 2158 vires
754 2125 915 2157 deficiunt.
959 2127 1063 2164 Levia,

336 2168 483 2209 levigata,
501 2168 649 2210 expolita,
667 2168 793 2199 limata:
817 2179 887 2208 sup.
907 2168 1007 2209 Epist.
1026 2169 1061 2205 ii,

336 2211 368 2246 2.
394 2212 465 2246 123,
487 2212 574 2241 nimis
594 2221 697 2250 aspera
720 2221 790 2241 sano
814 2210 937 2240 Levabit
962 2213 1062 2242 cultu.

337 2253 433 2284 Nervi
462 2259 491 2284 et
520 2255 625 2287 animi,
650 2263 717 2294 pro,
743 2251 822 2282 vires
845 2251 953 2282 animi.
1000 2253 1062 2283 Pro

337 2296 412 2325 levia
427 2305 466 2325 ex
485 2294 587 2325 Codd.
609 2294 729 2326 Achill.
748 2295 827 2324 Stat.
848 2294 1011 2324 Bentleius
1029 2294 1062 2324 in

334 2341 454 2367 textum
474 2335 591 2378 recepit
607 2338 698 2372 lenia,
717 2336 756 2367 de
773 2335 910 2367 oratione
928 2336 1062 2367 molliter

335 2383 366 2409 et
391 2378 502 2410 leniter
529 2379 663 2416 fluente3
692 2390 760 2408 nam
785 2379 928 2409 motionis
956 2379 1062 2408 lenitas

335 2430 459 2461 quoque
482 2430 544 2450 non
567 2420 725 2460 languere,
745 2419 798 2450 sed
821 2419 849 2449 vi
874 2420 1008 2460 quadam
1031 2425 1062 2450 et

334 2461 445 2504 spiritu
464 2462 580 2503 agitata
599 2461 742 2493 incedere
760 2461 872 2499 debet3
895 2462 966 2492 hinc
983 2462 1062 2493 bene

333 2503 402 2535 voci
416 2505 495 2535 lenia
509 2503 694 2545 respondent
709 2506 793 2535 nervi
811 2510 839 2534 et
854 2506 966 2546 annai.-
990 2515 1060 2545 sup.

335 2546 403 2577 Sat.
424 2545 459 2583 ii,
479 2548 507 2583 l,
524 2548 556 2583 2,
571 2548 633 2577 sine
653 2549 761 2583 nervis,
775 2546 840 2576 sine
859 2546 890 2576 vi
910 2551 942 2576 et
961 2546 1060 2587 gravi-

332 2593 408 2620 tate.

377 2631 431 2661 28.
454 2629 554 2669 Serpit
569 2630 650 2660 humi
666 2636 761 2665 tutus,
773 2635 847 2661 cett..
863 2629 916 2671 qui
929 2630 981 2670 (ut
994 2631 1060 2661 Ho-

335 2671 432 2703 ratius
444 2670 581 2712 loquitur
593 2682 662 2712 sup.
680 2673 743 2702 Od.
758 2672 792 2706 ii.
811 2674 861 2707 10,
877 2671 914 2711 3)
931 2671 1061 2702 nimium

334 2713 421 2744 littus
432 2713 597 2755 premendo
608 2719 720 2744 cautus
733 2714 763 2744 in
778 2714 842 2745 alto
855 2713 930 2744 mari
941 2714 1060 2756 procel-

334 2755 382 2786 las
397 2755 558 2792 horrescit,
570 2755 601 2786 h.
617 2765 644 2786 e.
659 2755 713 2797 qui
730 2766 792 2786 non
805 2756 898 2786 audet
912 2755 1020 2786 altiora
1031 2761 1062 2786 et

335 2797 518 2828 sublimiora
541 2802 677 2838 tangere,
702 2798 796 2828 humo
821 2798 870 2828 vel
894 2798 1059 2828 humilitati

335 2839 446 2870 affixus
461 2844 564 2870 manet
580 2851 587 2869 z
610 2849 680 2881 sup.
698 2839 799 2881 Epist.
815 2839 849 2876 ii,
863 2841 892 2875 1,
909 2841 983 2876 250,
999 2852 1059 2871 ser·-

336 2892 432 2912 mnnes
447 2875 529 2911 hinni
544 2889 701 2921 serpentes.
754 2883 757 2886 ’

377 2924 517 2955 29—31.
541 2924 602 2959 Qui
617 2926 738 2955 variare
755 2926 852 2964 cupit,
869 2929 942 2956 cett.
984 2925 1060 2955 Sen-

1108 1300 1182 1320 sus:
1208 1289 1263 1330 qui
1285 1299 1377 1320 unam
1393 1289 1586 1330 eandemque
1606 1298 1681 1324 rem,
1703 1286 1834 1318 admira-

1109 1331 1201 1362 tionis
1223 1332 1379 1362 movendae
1399 1342 1506 1366 causa,
1526 1329 1708 1372 prodigiosis
1725 1329 1835 1369 imagi-

1109 1373 1199 1404 nibus
1219 1374 1334 1404 variare
1350 1378 1382 1403 et
1401 1373 1591 1414 distinguere
1607 1371 1837 1413 cupit,'praeter

1109 1422 1250 1446 naturam
1280 1414 1464 1456 delphinum
1491 1425 1508 1445 e
1533 1413 1611 1444 mari
1631 1413 1664 1444 in
1686 1413 1781 1444 silvas
1804 1417 1836 1443 et

1109 1467 1217 1498 aprum
1232 1467 1249 1487 e
1270 1457 1357 1487 silvis
1372 1457 1403 1486 in
1419 1466 1502 1486 mare
1524 1454 1714 1495 transponit;
1735 1460 1767 1485 et
1780 1453 1838 1490 sic,
1874 1472 1877 1474 -

1109 1499 1184 1529 dum
1220 1498 1328 1529 vitium
1363 1497 1545 1528 humilitatis
1575 1496 1667 1536 sugit,
1702 1495 1834 1527 absurda

1108 1546 1212 1581 captat
1228 1550 1282 1582 pro
1296 1539 1493 1570 sublimibus.
1536 1538 1610 1570 Sine
1624 1537 1719 1568 dubio
1735 1538 1836 1568 Hora-

1109 1581 1172 1612 tius
1189 1582 1238 1612 hic
1253 1591 1377 1623 quoque
1390 1587 1523 1623 poetam,
1537 1579 1691 1622 ejusmodi
1703 1579 1838 1610 absurda

1112 1630 1293 1661 sectantem,
1309 1623 1452 1664 respexit.
1496 1623 1535 1654 In
1550 1625 1657 1654 vitium
1671 1623 1758 1652 ducit
1770 1623 1834 1652 cul-

1109 1677 1154 1706 pae
1165 1666 1270 1708 suga:
1295 1676 1364 1707 sup.
1383 1667 1449 1700 Sat,
1468 1665 1490 1701 i,
1509 1666 1541 1702 2,
1560 1666 1615 1701 24,
1635 1664 1716 1694 Dum
1738 1666 1836 1695 ritant

1112 1710 1200 1739 stulti
1215 1710 1302 1744 vitia.
1320 1710 1353 1738 in
1371 1709 1525 1738 contraria
1542 1712 1674 1738 currunt
1683 1717 1695 1743 ,-
1719 1706 1787 1736 Sat.
1801 1705 1835 1742 ii,

1110 1751 1143 1785 2,
1171 1752 1224 1786 54,
1250 1751 1304 1786 55,
1329 1761 1399 1780 uam
1413 1749 1541 1790 smstra
1564 1750 1673 1779 vitium
1696 1749 1837 1778 vitaveris

1110 1793 1202 1828 illud,
1233 1793 1265 1823 Si
1294 1798 1321 1822 te
1350 1793 1410 1822 alio
1435 1802 1562 1831 pravum
1591 1791 1759 1821 detorseris.
1803 1791 1836 1820 Si

1107 1841 1189 1865 caret
1219 1842 1295 1870 arte,
1324 1833 1350 1864 si
1378 1839 1426 1864 est
1451 1833 1534 1864 iners
1561 1837 1594 1863 et
1614 1831 1747 1867 btultus,
1779 1832 1835 1872 qui

1108 1876 1165 1906 sibi
1199 1886 1218 1906 a
1255 1875 1330 1907 vitio
1362 1875 1515 1906 contrario
1549 1883 1658 1906 cavere
1688 1882 1752 1904 non
1787 1873 1836 1904 di-

1106 1917 1194 1949 dicit.

1153 1961 1290 1991 32—37.
1319 1960 1477 1990 AEmilium
1505 1961 1586 1991 cirea
1615 1959 1733 1993 ludum,
1761 1962 1836 1989 cett.

1109 2002 1196 2035 Inter
1219 2002 1332 2037 fabros,
1356 2001 1411 2042 qui
1433 2002 1515 2032 circa
1536 2001 1644 2032 ludum
1669 1999 1837 2031 AEmilium

1108 2043 1261 2080 habitant,
1282 2044 1340 2075 erit
1350 2044 1484 2074 tortasse
1499 2042 1624 2084 aliquis.
1645 2041 1701 2083 qui
1719 2041 1835 2082 (uvam)

1107 2096 1169 2126 prae
1184 2086 1294 2117 ceteris
1310 2085 1457 2117 omnibus
1478 2094 1598 2126 ungues
1610 2089 1643 2116 et
1656 2084 1766 2115 molles
1779 2093 1835 2115 ca·

1107 2127 1199 2169 pillos
1214 2129 1293 2158 mira
1310 2134 1375 2159 arte
1390 2128 1422 2158 in
1440 2133 1544 2158 statua
1558 2126 1664 2167 aliqua
1683 2125 1837 2167 exprimat

1105 2175 1137 2200 et
1151 2169 1306 2208 imitetur;
1330 2169 1492 2204 sedidem,
1507 2169 1581 2210 quia
1597 2179 1657 2199 non
1678 2167 1783 2198 omnia
1797 2177 1835 2199 ae

1106 2211 1230 2250 singula
1257 2211 1296 2242 nd
1327 2217 1422 2242 artem
1450 2211 1618 2252 exprimere
1644 2209 1765 2247 didicit,
1794 2209 1835 2240 de

1104 2253 1204 2294 operis
1229 2262 1351 2283 summa
1378 2252 1463 2283 haud
1491 2252 1731 2294 approbabitur:
1763 2251 1834 2282 huic

1105 2294 1230 2335 quidem
1253 2295 1349 2332 fabro,
1369 2294 1488 2324 fabrilis
1509 2294 1582 2324 artis
1603 2299 1690 2335 parte
1711 2298 1833 2323 tantum

1105 2336 1285 2378 conspicuo,
1302 2346 1363 2367 non
1381 2335 1481 2376 magis
1495 2335 1586 2366 velim
1601 2345 1651 2366 me
1663 2344 1728 2366 esse
1747 2335 1833 2365 simi-

1105 2378 1178 2413 lem,
1195 2388 1289 2419 quam
1311 2388 1361 2408 me
1381 2388 1450 2408 esse
1466 2377 1634 2412 hominem,
1650 2375 1746 2417 nigris
1762 2376 1834 2418 qui..

1104 2420 1174 2451 dem
1185 2420 1286 2451 oculis
1293 2419 1441 2461 nigroque
1449 2419 1566 2461 capillo
1574 2417 1835 2461 exsplendescen-

1105 2467 1178 2498 tem,
1194 2462 1248 2493 sed
1268 2472 1379 2503 nasum
1397 2462 1597 2503 depravatum
1618 2466 1652 2492 et.
1668 2459 1832 2491 distortum

1102 2515 1165 2546 prae
1181 2514 1214 2535 se
1230 2501 1390 2535 ferentem.

1145 2547 1198 2583 32,
1221 2547 1273 2577 33.
1297 2547 1454 2576 AEniilium
1477 2547 1593 2582 ludum,
1617 2543 1832 2586 gladiatorium

1104 2587 1237 2624 scilicet,
1253 2593 1289 2619 ut
1303 2588 1446 2619 observat
1461 2589 1534 2619 Vet.
1549 2587 1655 2619 Schol.
1668 2587 1709 2617 ab
1725 2587 1831 2618 AEmi-

1104 2630 1146 2661 lio
1176 2630 1295 2672 Lepido
1322 2630 1364 2660 ita
1389 2630 1520 2661 dictum.
1567 2629 1664 2664 Unus,
1690 2638 1736 2660 sc.
1765 2638 1829 2670 prae

1104 2671 1250 2703 omnibus
1275 2672 1357 2707 aliis,
1385 2683 1447 2714 prae
1472 2670 1602 2702 ceteris:
1634 2681 1704 2712 sup.
1729 2670 1831 2712 Epod.

1108 2716 1156 2751 12,
1173 2715 1205 2750 4,
1228 2715 1363 2754 Namque
1380 2715 1518 2755 sagacius
1536 2724 1616 2744 unus
1635 2714 1759 2749 adaram
1782 2713 1828 2743 sic

1104 2758 1284 2795 unusjudez
1303 2755 1387 2798 apud
1407 2755 1476 2788 Cic.
1491 2765 1546 2797 pro
1565 2755 1664 2786 Raso.
1683 2754 1829 2786 Comoed.

1104 2808 1132 2829 c.
1150 2800 1190 2835 5;
1214 2797 1296 2840 apud
1317 2797 1450 2829 eundem
1471 2807 1527 2840 pro
1546 2797 1651 2828 Flacc.
1672 2797 1726 2832 37.
1748 2796 1829 2826 Nam

1104 2842 1159 2870 iste
1173 2851 1252 2871 unus
1266 2846 1356 2870 totam
1371 2842 1472 2871 Asiam
1485 2841 1696 2880 magnitudine
1708 2839 1828 2878 poculo-

1105 2894 1173 2912 rum
1189 2884 1365 2922 bibendoque
1380 2883 1542 2922 superavit.
1586 2881 1649 2918 Qui
1669 2880 1703 2911 in
1721 2891 1753 2912 re
1769 2880 1828 2911 ali-

1106 2934 1168 2965 qua
1188 2934 1294 2956 omnes
1310 2923 1388 2955 alios
1404 2929 1540 2966 superat,
1555 2922 1588 2954 in
1605 2932 1642 2955 ea
1654 2927 1702 2954 est
1723 2933 1827 2959 unus,-
